3806 6208
96 299 242 353 1077

94 508 378 578 recipere,
409 523 478 563 ex
512 508 618 562 hoc
651 508 838 578 itaque
869 507 1204 576 testimonio,
1235 507 1291 562 in
1341 523 1452 563 uno
1480 505 1683 576 Spiritu

99 606 372 668 poterunt
405 599 571 654 simul
602 597 779 654 Patris
810 605 866 653 et
890 595 1012 652 Filii
1050 597 1314 652 unitatem
1345 595 1684 652 condiscere.

100 688 333 745 Patrem
371 690 558 761 igitur,
595 698 658 744 ut
686 689 941 760 superius
985 690 1443 758 comprehensum
1485 697 1591 754 est,
1626 687 1680 741 in

101 783 320 839 divinis
372 783 589 849 litteris,
640 783 962 854 ingenitum,
1011 781 1232 854 proprie
1275 781 1535 852 positum,
1586 796 1688 836 nec

100 875 296 946 legere
325 883 559 947 possunt
586 875 824 946 penitus,
857 890 958 930 nec
995 875 1248 945 probare.
1301 871 1408 928 Sed
1436 873 1564 945 quia
1595 873 1680 928 id-

98 976 296 1046 ipsum
324 974 460 1031 ﬁdes
485 973 655 1046 exigit
677 972 1014 1038 Christiana,
1062 970 1270 1040 absque
1317 969 1428 1025 ulla
1465 967 1684 1023 dubita-

100 1067 266 1124 tione
308 1066 582 1139 ingeuitus
618 1064 882 1128 caeditur,
913 1063 1008 1134 qui
1041 1071 1221 1118 tamen
1261 1061 1560 1118 secundum
1601 1075 1686 1115 se-

99 1161 252 1216 riem
283 1158 696 1230 Scripturarum
721 1199 736 1225 ,
766 1159 822 1213 in
851 1156 992 1214 Filio
1019 1173 1051 1212 a
1077 1171 1137 1212 se
1172 1155 1353 1227 genito
1378 1155 1534 1210 visus
1565 1167 1686 1210 esse

97 1261 474 1308 monstratur.
509 1251 590 1306 De
617 1257 813 1307 cetero
842 1250 1065 1321 placuit,
1099 1250 1142 1282 ⁶¹
1168 1256 1391 1320 propter
1416 1247 1683 1302 malorum

96 1346 400 1401 hominum
446 1345 850 1410 infestationes,
897 1353 960 1398 ut
998 1343 1055 1398 in
1099 1341 1446 1399 accusatione
1467 1340 1685 1396 Domini

93 1439 512 1506 ministrorum,
539 1439 717 1510 primo
743 1447 1001 1508 persona,
1028 1436 1184 1503 ﬁdes,
1211 1436 1344 1500 vita,
1373 1443 1427 1492 et
1458 1449 1686 1490 conver-

94 1533 252 1588 satio
320 1532 818 1603 blaspbcmantium
881 1530 1211 1588 enucleatim
1284 1538 1678 1601 perscrutetur.

91 1622 239 1679 Nam
274 1625 414 1680 Ides
436 1626 480 1658 ⁸³
505 1637 698 1681 omnes
724 1633 880 1680 actus
904 1624 1145 1682 hominis
1168 1624 1472 1696 pracedere
1499 1624 1680 1690 debet;

89 1716 229 1786 quia
273 1716 477 1774 dubius
511 1717 567 1772 in
609 1717 736 1784 ﬁde,
763 1702 1004 1774 inﬁdelis
1035 1725 1154 1774 εει..
1197 1715 1311 1773 Nec
1348 1717 1429 1772 eis
1455 1715 1681 1771 omnino

90 1809 462 1876 credendum,
496 1811 590 1880 qui
615 1811 865 1870 veritatis
893 1810 1056 1866 ﬁdem
1088 1810 1363 1882 ignorant,
1391 1823 1490 1864 nec
1517 1816 1680 1864 rectae

89 1904 542 1959 conversationis
583 1903 754 1959 vitam
791 1904 1027 1969 ducunt;
1065 1902 1325 1974 quoniam
1353 1902 1491 1957 tales
1519 1900 1679 1956 facile

88 2004 149 2048 et
179 1995 556 2052 indiﬂ‘erenter
583 1996 830 2052 lacerant
864 2005 922 2052 et
947 1994 1308 2051 criminantur
1338 2002 1485 2050 recte
1511 2002 1564 2049 et
1590 1993 1680 2064 pie

88 2088 370 2144 viventes.
421 2087 627 2144 Idcirco
675 2089 919 2160 suspicio
962 2101 1155 2144 eorum
1205 2086 1545 2144 discutienda
1593 2095 1679 2143 est

89 2180 364 2248 primum,
394 2189 450 2236 et
473 2179 816 2249 corrigenda,
843 2195 1021 2254 neque
1049 2176 1461 2236 accusatoribus
1490 2195 1680 2251 suspe-

87 2267 226 2331 ctis,
268 2267 352 2321 vel
398 2267 466 2324 de
509 2268 859 2324 inimicorum
903 2269 1069 2324 domo
1108 2268 1538 2340 prodeuntibus,
1587 2279 1674 2326 est

85 2358 462 2414 credendum.
514 2357 686 2414 Erant
725 2359 872 2415 enim
921 2359 1168 2430 quidam,
1196 2361 1290 2430 qui
1339 2360 1493 2431 prius
1523 2361 1678 2416 vide-

88 2451 310 2505 bantur
344 2465 467 2506 esse
503 2464 567 2504 ex
603 2450 785 2517 nobis,
837 2469 858 2502 ς
889 2449 986 2505 sed
1035 2465 1146 2506 non
1189 2460 1346 2507 erant
1381 2466 1448 2507 ex
1495 2451 1675 2508 nobis.

90 2541 156 2597 Si
177 2557 325 2596 vero
354 2541 588 2599 fuissent
611 2557 679 2598 ex
704 2543 884 2609 nobis,
915 2543 1249 2599 mansissent
1278 2543 1467 2614 utique
1489 2543 1679 2600 nobis-

86 2648 228 2688 cum
259 2632 362 2698 “,i
395 2641 572 2688 etnon
602 2633 1024 2689 conturbassent
1039 2633 1254 2689 fratres.
1288 2653 1306 2686 ι
1332 2632 1681 2690 Exacuerunt

87 2725 272 2789 enim,
305 2733 367 2780 ut
399 2725 476 2788 ait
491 2724 1020 2795 Propheta,linguas
1043 2741 1172 2781 suas
1193 2726 1336 2781 sicut
1371 2736 1670 2797 serpentes,

88 2832 376 2872 venenum
410 2817 663 2887 aspidum
695 2817 801 2873 sub
826 2817 987 2874 labiis
1031 2832 1222 2874 eorum
1248 2818 1313 2872 “.
1345 2837 1364 2871 ι
1415 2818 1668 2891 Quapro-

88 2918 224 2979 pter
269 2909 324 2963 hi
356 2910 648 2980 respuendi
679 2918 834 2977 sunt,
875 2909 923 2966 si
966 2909 1366 2979 incorrigibiles
1403 2923 1676 2982 apparue-

87 3001 244 3065 rint,
279 3009 335 3055 et
364 3000 603 3068 vitandi,
653 3013 724 3056 ne
753 2999 986 3058 Domino
1011 3001 1340 3057 famulantes
1375 3002 1674 3072 decipiant.

1560 293 1942 351 EPISTOLE.

97 416 388 485 sapientes
442 415 704 470 unitatem
756 412 880 468 ﬁdei
926 415 1197 470 voluerint
1245 414 1478 486 simplici
1524 414 1685 469 corde
1713 420 1761 476 Α

3221 298 3360 356 1078

2561 418 2602 473 I.

2351 507 2421 563 De
2446 511 2616 565 sacris
2639 513 2799 566 vasis.

1799 671 1803 690 υ
1859 601 1904 634 ⁸⁸
1935 599 2242 672 Cognoseat
2267 610 2453 658 vestra.
2475 603 2764 674 sapientia,
2801 591 3112 670 charissimi
3139 602 3357 672 fratres,

1787 694 1918 763 quia
1948 694 2004 749 in
2037 694 2140 749 hac
2175 703 2362 751 sancta
2398 695 2526 753 sede
2557 697 2856 767 apostolica
2886 713 2917 753 a
2955 697 3116 753 nobis
3143 705 3198 754 ct
3225 697 3356 753 reli-

1788 787 1915 858 quis
1970 786 2276 859 episcopis,
2334 789 2656 860 czeterisque
2707 789 2927 845 Domini
2977 787 3358 846 sacerdotibus

1788 888 2050 936 statutum
2077 890 2190 947 est,
2219 889 2282 936 ut
2321 897 2481 938 sacra
2524 897 2655 938 vasa
2698 899 2807 938 non
2842 883 2910 938 ab
2956 883 3099 948 aliis,
3131 897 3297 953 quam
3325 898 3357 937 a

1787 973 2016 1029 sacratis
2057 972 2400 1045 Dominoque
2441 975 2637 1031 dicatis
2675 984 3086 1034 contrectentur
3115 976 3358 1032 homini-

1787 1064 1912 1121 bus.
1961 1063 2246 1138 Indignutn
2289 1066 2438 1123 enim
2485 1068 2644 1123 valde
2689 1078 2804 1139 est,
2834 1077 2893 1124 ut
2935 1083 3090 1124 sacra
3139 1067 3354 1124 Domini

1786 1172 1938 1224 vasa,
1964 1173 2302 1230 quaecunque
2325 1161 2454 1225 sint,
2474 1159 2732 1216 humanis
2760 1160 2952 1216 usibus
2974 1159 3236 1230 serviant,
3265 1169 3360 1215 aut

1786 1247 1856 1302 ab
1886 1247 2008 1302 aliis
2040 1264 2202 1318 quam
2233 1249 2526 1305 aDomino
2553 1248 2946 1306 famulantibus
2974 1250 3134 1320 eique
3160 1249 3358 1305 dicatis

1788 1347 2087 1394 tractentur
2131 1340 2286 1408 viris,
2328 1357 2396 1397 ne
2442 1357 2543 1412 pro
2590 1343 2791 1398 talibus
2835 1341 3356 1422 praesumptionibus

1786 1431 1959 1487 iratus
1999 1431 2286 1502 Dominus,
2314 1434 2529 1506 plagam
2561 1437 2606 1469 “
2639 1435 2887 1506 imponat
2916 1436 3120 1507 populo
3152 1450 3275 1503 suo,
3305 1447 3360 1491 et

1785 1523 1842 1578 hi
1871 1525 2055 1593 etiam,
2088 1526 2181 1596 qui
2212 1542 2320 1582 non
2344 1537 2729 1598 peccaverunt,
2762 1529 2905 1584 mala
2930 1527 3230 1599 patiantur,
3263 1539 3359 1582 aut

1784 1627 2042 1686 pereant,
2075 1620 2206 1689 quia
2251 1621 2393 1689 perit
2436 1620 2620 1691 justus
2671 1621 2972 1692 saepissime
3020 1636 3120 1691 pro
3165 1621 3355 1691 impio.

1784 1709 2082 1778 Attendite,
2110 1709 2334 1780 fratres,
2359 1725 2430 1767 ne
2462 1711 2589 1767 talia
2616 1712 2811 1768 vestris
2849 1712 2905 1766 in
2943 1710 3205 1768 Ecclesiis
3236 1727 3359 1782 per-

1709 1778 1752 1835 Β
1781 1800 2010 1858 mittatis
2061 1778 2320 1874 deinceps
2367 1805 2523 1871 tleri,
2571 1819 2641 1861 ne
2690 1820 2821 1876 grex
2866 1803 3106 1874 pretioso
3154 1778 3358 1859 Christi

1779 1894 2048 1966 sanguine
2089 1896 2429 1966 redemptus,
2466 1899 2521 1953 in
2549 1898 2932 1968 praecipitium,
2975 1897 3124 1968 quod
3175 1896 3354 1953 absit!

1778 1996 1922 2043 ruat.
1954 1987 2182 2059 Propter
2214 1989 2362 2060 quod
2405 2007 2422 2040 ι
2445 1990 2711 2046 assumite
2741 1998 3079 2044 armaturam
3112 1987 3231 2054 Dei,
3251 2004 3272 2042 ι
3302 1998 3362 2044 ut

1779 2081 2005 2154 poesitis
2049 2083 2307 2138 resistere
2337 2082 2424 2139 his
2469 2083 2562 2154 qui
2598 2083 2986 2138 contradicunt
3014 2081 3275 2138 veritati:
3306 2092 3361 2136 et

1785 2192 1805 2225 ι
1831 2175 2038 2230 induite
2087 2189 2184 2230 vos
2231 2175 2461 2229 loricam
2501 2175 2764 2244 iustitiae,
2816 2174 3048 2232 calceati
3091 2174 3258 2247 pedes
3303 2175 3360 2231 in

1779 2269 2179 2340 praeparatione
2209 2267 2490 2340 Evangelii
2519 2269 2669 2339 pacis
2694 2270 2762 2324 "°.
2785 2287 2806 2322 ι

2537 2359 2604 2415 ll.

2098 2452 2174 2506 De
2209 2452 2531 2522 appellanda
2570 2453 2690 2507 sede
2725 2452 3034 2524 apostolica.

1849 2547 1894 2579 "
1931 2547 1989 2603 Si
2020 2548 2146 2619 quis
2173 2563 2302 2603 vero
2332 2557 2578 2604 vestrum
2609 2547 2862 2617 pulsatus
2894 2545 3059 2604 fuerit
3085 2547 3141 2602 in
3175 2546 3360 2618 aliqua

1779 2637 2130 2706 adversitate,
2161 2635 2408 2704 licenter,
2443 2637 2587 2694 hanc
2622 2647 2867 2694 sanctam
2912 2645 2968 2693 et
2999 2638 3358 2709 apostolicam

1780 2731 2010 2801 appellet
2053 2731 2258 2796 sedem,
2299 2738 2355 2786 et
2383 2729 2451 2785 ad
2482 2745 2624 2796 eam,
2654 2730 2812 2800 quasi
2858 2729 2927 2786 ad
2963 2738 3148 2801 caput,
3189 2731 3363 2786 suﬂ‘u-

1779 2823 1930 2896 gium
1969 2823 2186 2888 habeat,
2221 2838 2292 2878 ne
2323 2823 2590 2879 innocens
2640 2822 2950 2890 damnetur,
2989 2832 3086 2880 aut
3117 2823 3363 2881 Ecclesia

1781 2931 1880 2973 sua
1911 2917 2297 2972 detrimentum
2323 2915 2578 2985 patiatur.
2619 2914 2677 2970 Si
2701 2923 2886 2972 autem
2910 2916 2960 2972 ei
2984 2925 3210 2974 necesse
3239 2917 3361 2974 fue-

1779 3008 1852 3063 rit
1874 3008 2176 3078 "eamque
2204 3007 2479 3078 appellare
2514 3007 2740 3064 minime
2763 3024 2934 3066 ausus
2963 3008 3147 3076 fuerit,
3177 3019 3232 3066 et
3260 3025 3361 3066 vo-

95 3110 120 3145 ι
171 3091 325 3165 State
354 3107 508 3164 ergo,
567 3093 912 3150 dilectissimi
939 3133 954 3161 ,
989 3109 1154 3165 super
1182 3094 1321 3162 vias,
1354 3095 1676 3164 aspicientes
1705 3116 1752 3177 α
1783 3107 1939 3156 catus
1967 3107 2150 3156 tamen
2180 3099 2249 3155 ab
2279 3100 2382 3155 hac
2421 3108 2611 3156 sancta
2644 3103 2773 3156 sede
2803 3101 2988 3168 fuerit,
3023 3117 3133 3156 non
3168 3112 3364 3158 renuat

89 3197 155 3263 et
183 3187 590 3258 interrogantes
614 3186 684 3242 de
706 3187 918 3244 semitis
941 3187 1158 3244 Domini
1212 3187 1480 3258 antiquis,
1513 3199 1570 3243 et
1593 3189 1679 3242 vi-

90 3283 227 3338 dete
258 3298 384 3353 quae
414 3293 499 3339 est
525 3283 612 3338 via
631 3283 847 3338 Domini
868 3283 1015 3339 bona
1047 3293 1102 3338 et
1125 3292 1298 3350 recta,
1330 3291 1384 3339 et
1409 3283 1684 3339 ambulate

94 3375 161 3429 in
191 3390 282 3440 ea,
313 3385 368 3430 et
400 3375 689 3432 invenietis
722 3375 968 3446 requiem
1013 3376 1302 3432 animabus
1330 3377 1528 3434 vestris
1553 3377 1620 3432 ".
1655 3393 1676 3430 ι

89 3468 234 3524 Data
264 3483 354 3522 XVI
381 3469 425 3500 “
447 3467 673 3524 Kalend.
704 3468 852 3534 Maii,
881 3468 985 3524 sub
1003 3467 1246 3524 Adriano
1269 3477 1324 3524 et
1346 3468 1488 3526 Vero
1509 3470 1574 3526 ⁸⁷.

671 3558 1006 3618 EPISTULA
1043 3560 1108 3616 ll.

583 3668 652 3708 AD
692 3667 864 3708 OINES
895 3668 1196 3709 BCCLESIAS.

171 3746 386 3811 Sixtus,
418 3744 746 3802 universalis
780 3745 1098 3815 apostolicae
1127 3745 1240 3816 (15)
1271 3745 1530 3802 Ecclesia:
1556 3747 1687 3818 epi-.

94 3854 327 3910 scopus,
350 3837 608 3894 omnibus
632 3836 905 3908 episcopis
934 3835 990 3890 in
1015 3836 1268 3902 Domino,
1296 3837 1554 3893 salutem.

1783 3190 1999 3258 venire;
2034 3191 2130 3247 sed
2171 3189 2458 3248 confestim
2479 3231 2496 3258 ,
2522 3197 2582 3245 ut
2609 3190 2660 3246 ei
2695 3191 3006 3247 nuntiatum
3048 3190 3234 3260 fuerit,
3263 3201 3361 3248 ve-

1786 3285 1907 3340 nire
1953 3284 2193 3352 festinet,
2230 3293 2284 3340 et
2329 3299 2546 3351 causas,
2580 3299 2682 3355 pro
2729 3284 2932 3354 quibus
2973 3294 3201 3342 vocatus
3255 3293 3361 3351 est,

1784 3375 2081 3446 prudenter
2107 3375 2383 3446 disponat,
2413 3385 2577 3447 atque
2603 3375 2650 3432 si
2679 3391 2908 3432 necesse
2943 3375 3151 3446 aliquid
3187 3376 3364 3432 corri-

1786 3483 1911 3541 gere
1939 3467 2126 3533 fuerit,
2149 3483 2274 3523 cum
2305 3467 2392 3524 his
2417 3482 2556 3538 quos
2581 3467 2670 3523 hic
2689 3467 2897 3538 primos
2925 3467 3213 3532 invenerit,
3243 3482 3364 3524 cor-

1789 3559 1947 3630 rigat.
1979 3558 2029 3590 ⁷³
2056 3555 2136 3614 Ad
2158 3557 2460 3614 Ecclesiam
2490 3569 2673 3613 tamen
2706 3574 2861 3614 suam
2895 3557 3011 3629 (16)
3066 3571 3177 3612 non
3207 3557 3363 3628 prius

1787 3658 2126 3716 revertatur,
2173 3665 2337 3720 quam
2381 3649 2576 3706 litteris
2614 3650 2931 3720 apostolicis
2975 3648 3062 3704 vel
3113 3647 3364 3704 formatis

1785 3741 2018 3813 pleniter
2068 3741 2371 3799 instructus
2421 3750 2584 3813 atque
2628 3751 2893 3813 purgatus
2938 3741 3042 3808 sit,
3099 3741 3146 3796 si
3197 3739 3364 3798 inerit

1785 3834 1950 3902 unde,
1986 3842 2047 3889 ut
2087 3843 2372 3905 postquam
2403 3833 2626 3890 domum
2659 3849 2912 3890 reversus
2941 3832 3128 3898 fuerit,
3157 3847 3362 3904 cegnop

172 3981 217 4013 “
251 3979 396 4034 Idem
426 3978 564 4033 infra
596 3977 650 4031 in
682 3977 842 4048 epist.
892 3973 1022 4030 Julii
1057 3958 1208 4044 papae
1239 3974 1304 4041 ll,
1341 3944 1466 4098 cap,
1512 3977 1686 4043 Il,ad
1705 3975 2029 4036 Hadr._coll.
2065 3994 2187 4049 cap.
2220 3981 2274 4034 4.
2349 3979 2394 4010 ⁸⁸
2426 3993 2492 4032 ex
2529 3977 2834 4033 Enchiridio
2859 3977 3016 4048 Xysti
3053 3976 3362 4046 philosophi

172 4059 388 4098 summa
416 4049 685 4098 sententia
735 4056 820 4098 est
857 4046 981 4098 156.
1012 4061 1076 4098 ex
1103 4046 1358 4098 versione
1423 4046 1603 4098 iuﬂini
1633 4049 1727 4098 oui
1763 4049 1888 4098 260
1912 4059 2033 4098 post
2073 4049 2285 4098 Sixtum
2315 4049 2337 4098 I
2372 4064 2564 4098 uanam
2615 4051 2774 4098 annis
2806 4049 2957 4098 vixit.
3066 4047 3110 4079 ⁸³
3143 4048 3160 4098 1
3199 4046 3357 4098 Joan.

95 4053 388 4119 desumpta
416 4049 685 4103 sententia
717 4046 820 4101 Vest
857 4046 981 4119 156,
1012 4061 1077 4119 es
1103 4046 1358 4119 versione

95 4140 162 4185 ii,
195 4114 316 4177 19f
395 4119 443 4151 “
463 4119 606 4174 Psal.
640 4117 936 4182 cxxxnx,4.
1034 4117 1078 4148 ⁸⁸
1104 4114 1213 4170 Jer.
1246 4132 1322 4181 vi,
1362 4117 1448 4171 16.

1457 4046 1603 4101 ullini
1633 4049 1728 4118 qui
1763 4049 1888 4104 260
1912 4059 2033 4117 post
2073 4046 2285 4104 Siitum
2315 4049 2337 4102 I
2372 4064 2564 4117 papam
2615 4051 2774 4102 annis
2806 4046 2957 4102 vixit.

1547 4119 1593 4150 “
1619 4133 1754 4172 xvn.
1848 4121 1890 4152 ⁸⁷
1923 4120 2058 4172 falsa
2092 4121 2410 4172 consulatus
2437 4127 2584 4171 nota.
2663 4119 2706 4148 ⁸⁸
2757 4116 2832 4172 De
2861 4133 2957 4171 can

1848 4051 1888 4103 D~
1912 4059 2033 4117 post
2073 4046 2285 4104 Siitum
2315 4049 2337 4102 I
2372 4064 2564 4117 papam
2615 4051 2774 4102 annis
2806 4046 2957 4102 vixit.
3066 4047 3110 4079 ⁸³
3143 4048 3160 4100 1
3199 4046 3357 4101 Joan.

1848 4121 1890 4152 ⁸⁷
1923 4120 2058 4176 falsa
2092 4121 2410 4174 consulatus
2437 4127 2584 4171 nota.
2663 4119 2706 4148 ⁸⁸
2757 4116 2832 4172 De
2861 4133 3090 4174 cmtsecr.
3136 4118 3262 4171 dist.
3295 4118 3316 4171 1
3345 4137 3357 4172 :

99 4192 168 4246 In
215 4201 400 4248 sancta
429 4186 913 4260 apostolice._lde_m
941 4186 1087 4260 infra
1123 4187 1425 4260 in_decret._
1452 4185 1710 4260 Stephani
1743 4190 1786 4250 I,
1827 4191 1990 4260 gilius
2031 4190 2245 4260 initium
2281 4199 2362 4260 est
2389 4207 2401 4242 :
2432 4186 2998 4260 Quenquanihsperem.
3040 4258 3053 4260 _
3076 4189 3120 4224 "
3146 4189 3358 4260 plagas.

96 4265 146 4296 "°
178 4263 382 4332 Ephes.
427 4252 504 4326 vi,
540 4259 655 4332 All,
701 4258 788 4332 14,
823 4257 914 4332 15.
953 4288 1024 4297 —
1072 4257 1127 4332 in
1181 4256 1316 4332 L_uc.
1362 4252 1612 4313 additur;
1649 4252 1786 4332 Item
1818 4252 2001 4314 Simius
2027 4259 2083 4313 in
2106 4256 2601 4332 secuitdeepistolq.

2738 4258 2780 4288 ’τ’
2815 4257 2870 4317 2,
2919 4273 2974 4328 q.
3027 4258 3092 4312 6:
3131 4257 3190 4313 Si
3242 4261 3362 4328 quis

98 4326 356 4388 oestrum.
430 4332 477 4363 "
502 4330 553 4384 ei
584 4329 830 4384 evenerit.
863 4326 1281 4386 Luc.:eivcnire
1319 4337 1474 4398 atque
1507 4329 1773 4397 appellare
1809 4333 2022 4385 minime
2055 4333 2237 4400 fuerit.
2312 4329 2358 4360 ⁷³
2387 4331 2442 4397 8,
2472 4346 2530 4400 q.
2557 4331 2591 4385 5
2626 4349 2640 4385 :
2674 4326 2905 4394 Quilibet
2929 4327 3182 4396 fratrum.

171 4452 292 4520 (13)
333 4449 658 4504 Universalis
677 4447 1024 4520 iapostolicaz.
1057 4443 1115 4499 In
1146 4445 1311 4520 huius
1338 4445 1578 4515 epistolae
1607 4446 1677 4499 ti-

97 4503 466 4578 tulo-[Status
509 4503 784 4588 pontifei't,
823 4532 954 4588 non.
1002 4524 1062 4569 ut
1115 4503 1341 4588 quidam
1369 4503 1680 4588 lnovatores
1712 4503 1755 4562 D

96 4593 280 4649 nostri
307 4586 573 4660 temporis
594 4595 878 4651 notarunt,
905 4586 1050 4642 fastu
1077 4587 1365 4660 superbiai,
1397 4594 1493 4660 aut
1521 4586 1680 4660 t_itu_lo

99 4655 558 4720 inconvenienter
608 4669 874 4728 usurpato
935 4673 994 4711 se
1047 4657 1372 4728 universalis
1423 4655 1683 4728 Ecclesiae

99 4736 426 4804 episc0pnm
458 4731 722 4804 nominat,
747 4726 839 4783 Sed
858 4727 1065 4804 j_ure_ac
1087 4726 1243 4804 iitulo
1265 4727 1684 4804 successoribus

101 4796 253 4860 Petri
274 4796 543 4872 ,'pr0pter
586 4801 756 4872 legem
788 4807 843 4872 et
873 4797 1270 4872 institutionem
1311 4796 1536 4872 Christi,
1559 4797 1682 4872 j_us-_

102 4865 554 4931 tissinie'debito.
592 4865 692 4925 Cui
733 4869 878 4924 enim
909 4867 1148 4936 universi
1180 4868 1356 4936 gregis
1386 4865 1684 4922 Christiani

100 4944 401 5028 pastoralis
427 4956 557 5028 euro
588 4940 910 5028 demandata
939 4935 1262 5028 est,l.l.oann.
1287 4935 1411 5004 cap.
1439 4953 1550 5018 xiii,
1576 4953 1686 4990 non

103 5007 303 5085 inique
336 5013 575 5085 ῑὶιῃΙιιιιιΔ
610 5011 832 5085 sibi_d_e
877 5009 1006 5085 jure
1043 5007 1229 5085 divino
1276 5007 1686 5085 convenientem

104 5076 364 5154 usurpat.
390 5081 580 5154 Quid?
604 5080 747 5150 quod
779 5078 1122 5154 Ter-tulliano
1154 5077 1295 5131 libro
1330 5076 1402 5129 De
1428 5078 1689 5154 pudicitia

105 5147 289 5224 capite
318 5147 830 5224 priinoiatte‘stante,
856 5147 1041 5224 Victor
1067 5159 1092 5186 ι
1123 5162 1259 5216 papa
1289 5162 1349 5202 se
1377 5148 1686 5224 pontificem

107 5217 418 5280 maximum
468 5221 522 5276 et
573 5223 888 5289 episcopum
954 5220 1336 5289 episcoporum
1407 5217 1688 5271 nominet?

114 5317 132 5346 1
160 5293 365 5356 Audio,
391 5291 568 5362 inquit
599 5287 1003 5362 Tertullianus,
1018 5290 1183 5344 etiam
1210 5287 1448 5362 edieium
1481 5301 1685 5362 propo-

106 5367 302 5429 situm,
344 5373 397 5418 et
427 5357 642 5432 quidem
669 5361 1092 5432 peremptorium
1121 5376 1136 5411 :
1175 5357 1442 5432 pontifex,
1481 5359 1688 5432 s_cilicet

114 5425 413 5498 maximus,
441 5425 494 5488 et
537 5425 829 5502 episcopus
858 5425 1249 5502 episcoporum
1287 5428 1420 5502 dicit
1449 5445 1462 5481 :
1488 5425 1600 5497 Ego
1622 5436 1688 5502 _et

113 5506 348 5561 moechis
381 5497 436 5557 et
478 5497 858 5558 fornicationis
899 5497 1117 5562 delicta,
1149 5519 1166 5550 ι
1198 5507 1303 5553 etc.
1351 5497 1485 5563 Quae
1525 5499 1687 5551 verba

119 5577 232 5631 sive
271 5573 618 5641 Tertulliani,
663 5573 797 5638 sive,
827 5570 975 5641 quod
1011 5568 1361 5641 probabilius
1387 5577 1491 5641 est,
1527 5569 1688 5641 edicti

1784 4459 1948 4502 malm
2003 4448 2245 4506 pontifici
2300 4448 2401 4503 soli
2458 4447 2751 4503 convenire
2802 4445 3079 4500 evidenter
3137 4444 3364 4500 convin-

1784 4528 1936 4574 cunt.
1975 4515 2046 4574 Ut
2093 4519 2320 4588 reliquis
2367 4515 3018 4588 Christianaareligionis
3061 4515 3362 4588 episcopis.

1827 4589 1883 4644 ui
1907 4605 2103 4644 omnes
2130 4585 2284 4658 teque
2312 4589 2514 4644 summi
2545 4585 2855 4642 sacerdotes
2887 4595 3050 4658 atque
3079 4585 3365 4658 pontifices

1827 4605 1883 4644 ut
1907 4605 2103 4644 omnes
2130 4605 2284 4658 teque
2312 4605 2514 4644 summi
2545 4605 2855 4642 sacerames
2887 4605 3050 4655 atque
3080 4605 3363 4654 ponunces

1787 4605 2107 4714 ﬂicehantur
2145 4660 2228 4728 (ut
2261 4658 2458 4714 Baron.
2496 4658 2683 4712 multis
2723 4657 2990 4728 exemplis
3031 4655 3261 4728 in_notis
3295 4653 3363 4708 ad

1790 4728 1951 4783 Rom.
2000 4725 2228 4800 martyr.
2278 4729 2366 4784 die
2407 4728 2676 4800 9iAprilis
2723 4727 3038 4800 declarat),
3086 4725 3368 4800 Romanus

1791 4799 2030 4869 pontifex
2055 4839 2072 4864 ,
2107 4795 2260 4854 urbis
2299 4809 2355 4854 et
2389 4795 2541 4852 orbis
2575 4798 2744 4852 totius
2776 4797 3088 4869 episcopus,
3125 4795 3270 4849 Petri
3309 4795 3362 4846 in

1790 4867 1988 4924 ciliciis
2017 4880 2071 4924 et
2103 4870 2397 4939 privilegiis
2441 4883 2750 4932 successor,
2783 4867 3204 4939 discerneretur,
3228 4881 3365 4939 inie-

1792 4942 1928 5006 rito,
1965 4937 2184 5009 propter
2218 4937 2604 5009 praerogativae
2654 4938 3028 5007 apostolorum
3067 4937 3296 5009 principi
3334 4950 3364 4989 a

1789 5007 2012 5064 Christo
2064 5007 2378 5073 concessas,
2403 5007 3020 5078 'pontifethaximus,
3075 5007 3366 5078 episcopus

1790 5081 2173 5150 episcoporum
2210 5075 2512 5149 appellatus
2544 5089 2648 5133 est.
2689 5077 2783 5132 llis
2819 5078 2990 5150 titulis
3038 5075 3368 5150 non_omni-

1791 5147 1895 5204 bus
1939 5147 1995 5203 in
2030 5152 2193 5206 rebus
2229 5147 2305 5204 liti
2342 5159 2782 5212 consueverunt,
2831 5149 2927 5202 sed
2983 5157 3096 5200 tum
3145 5147 3364 5200 demum

1790 5232 1916 5274 cum
1951 5221 2082 5289 quid
2118 5220 2331 5289 publice
2365 5221 2418 5273 in
2448 5219 2740 5289 universali
2778 5217 3022 5289 Ecclesia
3044 5215 3365 5289 edicendum
3441 5233 3449 5256 ι

1789 5285 2048 5372 esset,'u_t
2094 5285 2291 5372 accidit
2343 5286 3068 5372 tempore"Tertidlianiiu
3118 5285 3363 5372 promqu

1791 5361 1970 5429 gando
2004 5362 2222 5414 decreto
2255 5361 2322 5414 de
2357 5359 2678 5428 recipiendis
2713 5360 2766 5411 in
2795 5357 3090 5412 Ecclesiani
3124 5357 3366 5408 fornica-

1790 5431 2331 5510 riis_pmn_it_e_ntibus.
2363 5428 2494 5510 \fide
2525 5429 2815 5482 Baronium
2839 5424 3206 5510 antio_(‘ihi:isti
3239 5425 3364 5510 iii,

1793 5515 1849 5554 n.
1876 5493 2004 5576 {et
2034 5502 2176 5576 216,
2197 5517 2343 5576 mini.
2375 5501 2408 5552 4
2434 5509 2487 5552 et
2517 5515 2669 5568 seqq.
2700 5514 2872 5566 usque
2887 5498 2953 5576 ad
2973 5497 3058 5576 12.
3098 5496 3221 5576 ξόιει(ἷ
3248 5493 3361 5576 lim.

1866 5570 1979 5640 (16)
2016 5572 2096 5628 Ad
2131 5571 2420 5625 Ecclesium
2456 5566 2646 5622 tamen
2674 5585 2845 5623 suam.
2895 5566 3025 5640 Vide
3053 5583 3174 5640 qua;
3205 5566 3368 5640 habet

112 5648 262 5713 sint,
304 5646 574 5700 universae
606 5635 889 5698 'Ecclcsiie
926 5635 1170 5710 regimen
1223 5653 1288 5694 ac
1327 5638 1543 5696 titulum
1591 5637 1692 5693 lto-
1797 5635 2050 5700 Bellartn.
2089 5644 2182 5700 lib.
2220 5658 2236 5698 ι
2273 5642 2348 5698 De
2387 5641 2536 5698 Rom.
2580 5650 2752 5710 pont.,
2777 5655 2897 5712 cap.
2945 5635 3185 5708 24.,ubi
3221 5637 3364 5696 inter

196 5795 226 5826 ι
253 5784 618 5858 Zephyrinum
653 5784 836 5859 potius
869 5784 1136 5857 intelligit.
