3806 6208
319 221 460 279 1083

1688 210 2120 269 τειιῑδιιιιυιιι
2160 210 2368 268 ΡΑΡΑΞ

3432 204 3459 257 1
3469 202 3580 258 031

317 353 442 395 cum
476 335 532 391 in
568 333 649 391 eis
689 333 801 405 (2i)
835 331 1154 389 solemniter
1179 331 1498 396 decantent,
1525 331 1786 403 quoniam
1833 341 1890 388 et
1916 339 1963 394 Α
1989 329 2265 387 centium:
2297 330 2486 386 Gloria
2529 328 2584 384 in
2618 325 2902 384 altissimis
2937 323 3080 391 Deo,
3113 331 3168 379 et
3193 323 3249 378 in
3285 332 3437 376 terra
3475 336 3584 390 pax

316 427 507 482 eadem
557 433 723 479 nocte
771 424 840 478 ab
869 423 1062 494 angelo
1108 423 1420 492 pastoribus
1472 423 1755 479 nuntiatus
1785 432 1891 489 est,

315 519 462 574 sicut
487 515 606 586 ipsa
635 513 852 569 Veritas
880 522 1132 580 testatur,
1150 513 1372 568 dicens:
1411 531 1430 565 ι
1465 511 1718 569 Pastores
1738 522 1896 568 erant

315 608 372 662 in
403 607 625 677 regione
653 604 844 661 eadem
868 605 1176 675 vigilantes,
1204 613 1258 658 et
1283 604 1650 661 custodientes
1679 605 1896 676 vigilias

314 699 497 755 noctis
521 713 686 768 supra
713 712 929 769 gregem
957 712 1141 752 suum.
1167 695 1235 751 Et
1262 711 1391 753 ecce
1410 697 1636 769 angelus
1679 696 1898 752 Domini

309 790 464 846 stetit
505 788 662 859 juxta
707 789 851 855 illos,
901 799 956 842 et
1003 787 1305 842 timuerunt
1348 787 1546 843 timore
1583 804 1804 859 magno,
1843 798 1900 844 et

308 881 452 937 dixit
485 879 594 936 illis
643 880 898 951 angelus:
933 877 1112 935 Nolite
1145 880 1370 945 timere;
1399 895 1527 935 ecce
1546 881 1690 935 enim
1723 896 1893 936 evan-

309 973 486 1045 gelizo
509 971 666 1028 vobis
704 971 963 1042 gaudium
998 986 1280 1041 magnum,
1310 972 1458 1041 quod
1484 972 1592 1027 erit
1621 973 1769 1028 omni
1797 988 1896 1044 po-

309 1065 462 1134 pulo,
485 1064 614 1135 quia
654 1072 818 1119 natus
859 1074 943 1120 est
975 1064 1131 1119 vobis
1173 1062 1338 1120 hodie
1374 1061 1645 1132 Salvator,
1676 1066 1771 1136 qui
1809 1074 1892 1125 est

305 1156 565 1212 Christus
595 1155 886 1223 Dominus,
921 1155 976 1211 in
1011 1156 1234 1212 civitate
1266 1155 1458 1212 David.
1492 1154 1562 1212 Et
1595 1158 1698 1214 hoc
1733 1159 1890 1216 vobis

310 1248 529 1318 signum
560 1266 574 1302 :
611 1247 900 1304 invenietis
944 1247 1208 1303 infantem
1239 1247 1438 1318 pannis
1475 1247 1802 1316 involutum,
1835 1259 1893 1306 et

307 1338 547 1409 positum
576 1337 631 1392 in
662 1339 947 1410 praesepio.
971 1338 1037 1394 Et
1058 1339 1240 1394 subito
1262 1338 1405 1394 facta
1435 1347 1522 1396 est
1543 1353 1667 1394 cum
1693 1343 1887 1413 angelo

311 1429 603 1487 multitudo
627 1430 834 1485 militiae
864 1431 1125 1499 caelestis,
1158 1431 1498 1492 laudantium
1527 1431 1696 1490 Deum
1722 1446 1776 1490 et
1802 1435 1888 1494 di-

372 1611 418 1644 ⁸⁵
446 1608 580 1664 Luc.
614 1625 688 1674 ιι,
724 1608 879 1663 8-H.

1997 424 2314 478 hominibus
2359 423 2515 477 bona:
2560 419 2860 476 voluntatis
2900 417 3014 474 ".s
3058 418 3104 448 ⁹⁶
3128 415 3376 486 Reliquis
3428 416 3586 468 enim

1997 516 2351 586 temporibus,
2372 515 2665 571 missarum
2690 509 3084 568 celebrationes
3104 518 3232 563 ante
3253 509 3456 563 horam
3470 505 3585 560 diei

1999 609 2216 664 tertiam
2242 607 2463 662 minime
2484 615 2612 661 sunt
2632 603 2966 662 celebrandae
2987 601 3124 673 (2‘2),
3145 600 3272 672 quia
3301 608 3360 654 et
3381 598 3585 654 eadem

2003 700 2138 754 hora
2172 699 2440 755 Dominus
2488 696 2785 753 cruciﬁxus
2836 703 2942 762 est,
2986 701 3043 748 ct
3084 707 3247 763 super
3288 689 3584 762 apostolos

2005 790 2241 862 Spiritus
2263 797 2486 846 sanctus
2511 788 2862 845 descendisse
2892 785 3110 856 legitur.

2734 878 2822 934 ill.

2133 973 2211 1030 De
2236 974 2494 1046 episcopis
2521 971 2849 1028 honorandis
2877 978 2928 1028 et
2962 987 3066 1026 non
3086 969 3450 1025 detrahendis.

2063 1069 2108 1102 "
2132 1067 2215 1123 Ab
2234 1067 2504 1138 episcopis
2528 1075 2710 1122 autem
2732 1063 3171 1135 idemangelicus
3194 1063 3438 1134 hymnus
3454 1049 3593 1129 (25)-

1990 1172 2093 1230 pro
2119 1170 2362 1230 tempore
2399 1168 2456 1214 et
2496 1158 2622 1214 loco
2645 1158 2940 1213 missarum
2970 1154 3251 1212 solea-niis
3279 1153 3584 1210 celebran-

1989 1251 2095 1308 dus
2125 1261 2210 1307 est
2240 1261 2405 1323 atque
2439 1252 2756 1308 solemniter
2783 1251 3115 1307 reoitandus.
3148 1247 3254 1319 Ipsi
3283 1249 3438 1304 enim
3479 1247 3580 1318 qui

1989 1344 2214 1414 proprio
2244 1359 2340 1401 ore
2365 1359 2563 1414 corpus
2588 1343 2803 1400 Domini
2825 1342 2940 1413 (24)
2959 1341 3271 1408 coniiciunt,
3297 1341 3370 1394 ab
3387 1339 3580 1394 omni-

1991 1437 2098 1496 bus
2122 1447 2251 1495 sunt
2274 1438 2552 1506 audiendi,
2575 1435 2884 1502 obediendi,
2917 1443 3082 1506 atque
3114 1431 3345 1489 timendi
3374 1442 3434 1487 et
3463 1446 3578 1485 non

978 1609 1025 1682 ’ξ
1053 1608 1105 1664 in
1130 1624 1233 1666 ms.
1267 1608 1600 1682 Just..qu_em
1624 1612 1872 1682 sequitur
1902 1612 2069 1668 editio
2095 1613 2326 1680 Merlini,
2352 1611 2668 1682 inseruntur
2689 1609 2856 1682 multa
2885 1625 2952 1663 ex
2984 1609 3196 1682 psalmo
3221 1623 3383 1682 xiiva
3404 1615 3479 1682 _e_t_
3499 1622 3576 1667 ιι,

348 1695 432 1736 nae
448 1661 702 1736 cassi;
728 1661 783 1733 et
800 1661 902 1734 ‘a‘m
931 1661 1404 1735 sumsisse.“
1421 1661 1471 1713 ii
1485 1661 2079 1740 ὗῖὶᾶιῖἶὶἐὲῗάίέἶῖἐ
2095 1661 2486 1739 ’Νόέὶῖἑᾰῆἑῑζ
2508 1661 2663 1737 Eii—ii
2690 1661 2856 1737 Βέὲιέῖ
2874 1661 2952 1735 iv:
2987 1661 3194 1747 Ἑὖῖιῄ
3232 1661 3324 1733 ubi
3351 1661 3580 1732 additur

359 1754 546 1822 scepta
573 1760 721 1805 nocte
747 1748 975 1805 Nativit.
1011 1751 1066 1816 6,
1099 1761 1293 1823 quaest.
1328 1752 1351 1806 1
1379 1770 1393 1807 :
1424 1749 1734 1808 Sacerdotes
1773 1754 1886 1824 qui.

307 1905 430 1973 ejus
473 1903 580 1960 diei
623 1899 994 1959 sacratissima
1040 1913 1166 1958 ante
1197 1919 1451 1960 auroram
1483 1901 1709 1960 missam
1755 1906 1897 1961 cele-
1926 1910 1969 1966 Β
1997 1921 2116 1961 com

311 1974 473 2030 hrare
522 1973 828 2046 liceat,_it_a
880 1973 1045 2046 eiiam
1091 1973 1267 2029 eidem
1316 1973 1424 2030 diei
1459 1974 1753 2046 singularis
1791 1977 1895 2032 ista

309 2047 668 2114 praerogativa
713 2041 1033 2114 Telesphori
1075 2045 1348 2114 pontiﬁcis
1394 2041 1718 2102 auctoritate
1760 2063 1898 2102 con-

310 2113 466 2171 oessa
498 2113 602 2188 est,
638 2113 784 2188 quod
819 2114 1008 2188 iiceat,
1023 2113 1129 2169 non
1156 2115 1628 2188 unamiduntaxat,
1656 2124 1750 2172 sed
1777 2119 1898 2188 plu-

273 2227 279 2234 .
311 2201 406 2240 res
441 2182 770 2258 missasiillo
802 2183 898 2258 die
928 2183 1147 2258 oﬂ'erre:
1195 2183 1396 2258 Scribit
1428 2187 1666 2258 enimiin
1699 2182 1895 2258 plurali

311 2271 568 2322 numero,
595 2256 788 2310 missas
820 2251 1096 2309 celebrent.
1117 2255 1296 2320 Quare
1318 2256 1532 2310 etiamsi
1563 2256 1629 2310 de
1654 2251 1896 2313 ternario

310 2340 545 2381 numero
581 2339 867 2382 sacrorum
910 2325 964 2378 in
999 2326 1088 2380 die
1121 2325 1330 2382 Natalis
1363 2325 1579 2381 Domini
1617 2325 1897 2383 faciendo-

311 2413 433 2450 rum
462 2412 720 2466 expresse
743 2395 878 2468 nibil
900 2394 1180 2468 decretum
1204 2412 1327 2468 esse
1349 2398 1754 2468 reperiatur,ab
1778 2399 1897 2468 ipso

310 2475 492 2521 tamen
522 2465 744 2522 auclore
779 2465 950 2535 legem
983 2465 1123 2522 hanc
1146 2465 1423 2521 conditam
1453 2481 1597 2531 esse,
1629 2467 1753 2522 inde
1785 2465 1894 2524 non

310 2537 800 2607 maleicolligitur,
843 2535 991 2605 quod
1036 2536 1094 2607 S_.
1128 2536 1424 2602 Gregorius
1457 2537 1512 2590 in
1565 2537 1785 2592 homilia
1819 2537 1896 2593 De

312 2605 504 2661 Natali
538 2605 751 2660 Domini
777 2605 1195 2676 consuetudinis
1225 2607 1310 2662 vel
1340 2607 1477 2676 legis
1512 2607 1678 2675 hujus
1700 2609 1894 2662 memi-

312 2677 476 2743 nerit,
526 2677 821 2746 nullusque
874 2675 1017 2730 alius
1065 2686 1275 2746 auctor,
1308 2675 1572 2736 hactenus
1622 2679 1895 2746 nominari

309 2748 573 2815 potuerit.
603 2747 706 2813 Qui
732 2745 870 2815 ergo
898 2747 1086 2800 eodem
1116 2747 1205 2801 die
1233 2745 1440 2802 Natalis
1468 2745 1687 2804 Domini
1721 2749 1896 2803 sacri-

308 2817 417 2871 ﬁcii
445 2817 786 2871 iterationem
807 2815 910 2870 hac
929 2815 1159 2887 epistola
1180 2832 1436 2887 expresse
1455 2833 1564 2872 non
1588 2818 1707 2873 sine
1727 2833 1895 2875 causa

308 2888 539 2958 mystica
574 2887 848 2957 precepit,
881 2886 948 2960 ad
991 2895 1199 2941 certum
1248 2886 1571 2960 mysterium
1604 2897 1754 2960 certo
1787 2904 1895 2943 nu-

308 2957 465 3012 mero
497 2957 1022 3028 repraesentandum,
1058 2957 1358 3013 ternarium
1402 2958 1746 3028 rdeiinivisse,
1784 2975 1894 3014 non

310 3043 539 3100 possum
564 3027 567 3028 ⁷
594 3045 704 3100 noti
748 3027 984 3100 sentire
1012 3044 1076 3082 ac
1122 3028 1365 3100 credere.
1400 3027 1656 3100 Mysticas
1696 3043 1894 3084 causas

307 3097 476 3151 trium
530 3097 926 3153 sacrificiorum
973 3098 1078 3152 hoc
1134 3098 1221 3152 die
1270 3097 1707 3165 oli'erendorum,
1757 3100 1895 3155 alias

307 3166 370 3221 ~S.
404 3167 646 3224 Thomas
684 3183 745 3223 ιιι
793 3175 960 3236 part.,
994 3177 1188 3237 quaest.
1232 3170 1322 3230 83.
1351 3177 1456 3224 art.
1501 3169 1537 3232 2
1568 3168 1636 3222 ad
1664 3168 1720 3235 9,
1756 3170 1894 3224 alias

308 3237 501 3294 Glossa
523 3240 576 3292 in
599 3251 718 3307 cap.
742 3237 911 3292 Nocte
933 3247 1138 3304 sancta,
1166 3239 1241 3293 De
1262 3248 1552 3294 consecrat.
1576 3239 1818 3294 distinct.
1841 3240 1896 3307 1,

308 3317 578 3364 recenset.
629 3307 811 3363 Prima
847 3309 1014 3364 missa
1045 3310 1343 3365 secundum
1376 3309 1642 3364 Thomam
1683 3309 1895 3379 signiﬁ-

305 3388 399 3433 cat
431 3388 688 3434 aeternam
718 3379 864 3432 illam
889 3395 954 3435 ac
977 3379 1217 3435 divinam
1249 3381 1676 3450 generationem,
1701 3381 1768 3435 de
1787 3395 1893 3450 qua

314 3449 532 3519 psalmo
564 3465 600 3503 ιι
624 3467 638 3503 :
663 3467 681 3500 ι
710 3450 950 3521 Dixit_ad
980 3466 1066 3505 me
1089 3469 1102 3505 :
1123 3449 1457 3521 Filiu'smetis
1483 3465 1544 3504 es
1567 3459 1648 3516 tu,
1669 3465 1772 3521 ego
1805 3449 1898 3506 ho-

310 3518 398 3574 die
431 3520 592 3600 genui
630 3528 700 3584 te,
723 3539 755 3600 ι
781 3530 834 3574 et
859 3519 1158 3600 Joa_nn.___c.
1194 3535 1373 3600 t,_qua
1405 3518 1573 3600 Pater
1601 3518 1756 3600 suain
1809 3535 1896 3576 es-

309 3587 540 3645 sentiam
573 3605 652 3661 agi
669 3599 920 3644 naturam
953 3587 1300 3661 intelligendo
1331 3589 1587 3661 producii
1629 3587 1892 3661 Verbum,

308 3661 454 3729 quod
487 3670 571 3715 est
612 3657 787 3716 Filius
815 3673 870 3715 et
901 3657 1299 3730 perfectissima
1334 3657 1522 3730 imago
1558 3657 1756 3715 Patris.
1794 3657 1896 3715 Seé

306 3730 487 3784 cunda
535 3731 700 3786 missa
745 3732 1144 3800 generationem
1175 3732 1381 3787 Christi
1415 3731 1562 3784 illam
1597 3745 1900 3798 repraesen-

309 3810 408 3865 tat,
431 3815 538 3870 qua
571 3801 624 3854 in
652 3813 806 3856 utero
836 3801 899 3856 Β.
928 3801 1111 3856 Maria
1140 3801 1401 3871 Virginis,
1424 3801 1625 3856 virtute
1660 3800 1898 3869 Spiritus

310 3871 486 3926 sancti
515 3884 845 3941 conceptus,
881 3888 1047 3927 carne
1081 3873 1322 3927 humana
1364 3872 1620 3941 indutus,
1660 3872 1714 3925 iu
1751 3871 1900 3930 hunc

311 3941 577 4012 mundum
609 3940 770 3997 verus
801 3941 967 4012 homo
1001 3952 1160 3998 natus
1189 3952 1305 4009 est;
1331 3943 1398 4012 de
1432 3957 1540 4012 qua
1563 3940 1739 4001 Lucas
1763 3957 1811 3994 c.
1833 3957 1895 4008 ιι,

308 4009 506 4080 Joann.
561 4026 682 4080 cap.
729 4027 766 4076 ι,
818 4031 838 4063 ι
884 4011 1120 4068 Verbum
1155 4029 1284 4068 caro
1339 4009 1538 4068 factum
1575 4021 1693 4076 est,
1729 4030 1748 4063 ι
1787 4021 1896 4066 etc.

309 4079 496 4136 Tertia
528 4079 697 4135 missa
730 4083 1006 4152 signiﬁcat
1035 4084 1372 4152 spiritualem
1410 4083 1559 4138 illam
1594 4083 1900 4152 generatio-

309 4167 458 4216 nem,
487 4168 592 4220 qua
624 4153 773 4206 velut
801 4151 1021 4208 Lucifer
1053 4151 1274 4220 quidam
1316 4155 1368 4207 in
1403 4151 1661 4208 cordibhs
1692 4152 1898 4207 nostris

309 4221 509 4294 oritur,
537 4223 605 4277 de
619 4239 733 4294 qua
759 4223 962 4292 passim
992 4225 1044 4277 in
1071 4221 1581 4294 Scriptura.Glossa
1603 4238 1731 4278 vero
1761 4237 1901 4292 prae-

313 4291 462 4346 dicto
509 4291 690 4362 capite
740 4291 904 4348 etiam
941 4309 1050 4348 non
1094 4291 1542 4350 inconvenienter
1587 4291 1900 4357 dicit,’tres

312 4371 492 4435 status
524 4363 810 4418 hominum
858 4379 954 4433 per
1002 4374 1112 4422 tres
1159 4366 1360 4421 missas
1392 4363 1800 4435 repraesentari,
1835 4377 1900 4421 ac

314 4433 615 4507 signiiicari
666 4443 871 4507 statum
913 4445 1123 4507 naturae
1151 4433 1495 4507 antelegem,
1530 4436 1636 4491 sub
1673 4436 1811 4507 lege,
1844 4442 1902 4489 et

311 4505 658 4575 postlegem,
687 4505 769 4560 vel
792 4505 894 4575 sub
922 4505 1039 4575 lege
1059 4507 1266 4574 gratiae.
1288 4505 1423 4561 Vide
1447 4507 1696 4575 Glossam
1723 4505 1900 4574 ipsam

310 4574 579 4646 praedicto
608 4576 748 4640 loco,
795 4574 956 4632 Suar.
983 4574 1022 4633 t.
1067 4578 1157 4642 ill,
1181 4577 1323 4646 disp.
1338 4578 1427 4642 80,
1454 4594 1500 4633 s.
1527 4578 1579 4631 5.
1616 4574 1742 4632 Sev.
1779 4575 1899 4630 Bm.

384 4644 498 4714 (21)
528 4643 798 4719 [igninum
819 4647 1114 4719 angelicum
1140 4648 1195 4701 in
1231 4643 1328 4704 eis.
1364 4647 1637 4719 Hymuum
1671 4652 1894 4719 angelo-

313 4730 460 4779 rum,
489 4716 582 4790 qui
614 4717 796 4790 verbis
832 4717 1030 4790 partim
1070 4717 1206 4790 Luc.
1245 4735 1306 4784 ll,
1338 4716 1644 4790 ab'angelis
1673 4717 1894 4790 Christo

315 4794 458 4858 nato
485 4785 812 4852 decantatis,
834 4785 1050 4858 partim
1109 4789 1180 4843 ab
1238 4790 1479 4845 Ecclesia
1514 4785 1893 4858 'superadditis

315 4855 625 4910 continetur
662 4858 797 4912 his:
853 4855 872 4908 ἆ
929 4857 1113 4914 Gloria
1168 4861 1222 4915 in
1266 4861 1497 4916 excelsis
1542 4855 1676 4919 Deo.
1724 4868 1778 4913 et
1837 4859 1893 4914 in

316 4937 458 4982 terra
502 4941 608 4995 pax
656 4927 971 4984 hominibus
1021 4930 1180 4986 bona;
1235 4932 1572 4986 voluntatis:
1607 4929 1896 4986 laudamus

315 5005 369 5072 te
395 5014 409 5050 :
433 4995 831 5072 _benedicimns
865 5008 938 5072 te,
977 5019 996 5053 ι
1024 5011 1155 5066 etc.,
1185 5003 1364 5072 angeli
1398 5003 1750 5072 inchoarunt,
1789 4998 1895 5072 Ec-

315 5066 482 5145 clesia
541 5071 964 5145 consummavit,
1015 5066 1406 5145 totusque'cst
1454 5072 1651 5145 plenus
1693 5070 1894 5145 divinis

313 5137 590 5213 laudibus,
632 5139 945 5213 graiiarum
962 5137 1262 5198 actione-et
1285 5137 1687 5213 deprecatione.
1710 5140 1892 5210 Ange-

315 5209 420 5280 lica
446 5216 576 5264 sunt
605 5227 619 5265 :
663 5229 682 5262 ι
715 5211 902 5266 Gloria
935 5211 991 5266 iu
1020 5214 1253 5270 excelsis
1290 5209 1421 5274 Deo.
1445 5226 1500 5268 et
1530 5213 1584 5266 in
1611 5221 1751 5266 terra
1791 5209 1897 5280 pax.

315 5279 632 5336 hominibus
653 5281 810 5338 bonae
836 5283 1166 5354 voluntatis;
1198 5304 1217 5337 ι
1249 5285 1458 5354 reliqua
1502 5297 1624 5352 quae
1649 5279 1896 5354 sequun-

317 5359 408 5406 tur
439 5366 469 5404 a
485 5365 605 5423 quo
633 5353 985 5422 superaddita
1013 5357 1148 5419 sint,
1180 5371 1290 5409 non
1335 5353 1471 5411 satis
1521 5353 1724 5423 liquide
1759 5368 1898 5408 cons

317 5427 445 5483 stat.
483 5420 563 5473 Ex
609 5423 678 5478 iis
705 5420 838 5492 quae
879 5425 975 5480 lib.
1004 5441 1080 5481 vu
1124 5425 1357 5482 Constit.
1385 5443 1436 5482 c.
1461 5426 1527 5480 57
1558 5420 1613 5479 et
1651 5424 1742 5488 58,
1774 5423 1900 5478 Gle-

316 5506 476 5552 mens
499 5492 781 5548 Romanus
807 5495 1018 5561 scribit,
1064 5497 1111 5552 si
1142 5498 1251 5552 illis
1277 5498 1458 5553 debita
1485 5498 1620 5552 ildes
1642 5494 1902 5550 adhibea—

318 5570 435 5637 tur,
465 5563 536 5617 ab
561 5565 825 5637 apostolis
853 5565 967 5637 fere
995 5577 1168 5622 totum
1199 5569 1563 5637 compositum
1589 5579 1713 5621 esse
1739 5563 1901 5620 colli-

322 5633 490 5708 gitur,
536 5634 891 5708 totus_e_nim_
912 5636 1026 5692 fcre
1053 5638 1291 5708 hymnus
1326 5633 1528 5692 ibidem
1563 5655 1594 5692 a
1621 5637 1903 5708 Clemente

327 5700 604 5766 i‘ccilatur.
626 5707 670 5756 A
684 5700 1014 5778 Telesphore
1031 5700 1212 5765 autem
1234 5717 1408 5767 totum
1431 5711 1692 5784 hymnum
1719 5707 1892 5765 fuisse

2157 1906 2324 1962 letum
2351 1921 2460 1962 una
2491 1921 2617 1961 cum
2655 1905 2950 1976 pontificali
2981 1915 3205 1961 auctore
3231 1907 3285 1960 in
3313 1903 3436 1976 Vita
3468 1902 3579 1957 Tc-

1997 1922 2324 2031 comilnetum
2351 1922 2460 1962 una
2491 1922 2617 1961 cum
2655 1922 2950 1976 ponuucan
2981 1922 3205 1961 anetore
3231 1922 3285 1960 in
3323 1922 3436 1959 vna
3480 1922 3575 1957 ic-

1997 1977 2112 2047 lesp
2153 1979 2260 2042 ori,
2307 1977 2537 2047 ejusque
2567 1977 2794 2047 epistola
2838 1977 3115 2042 decretali,
3160 1975 3359 2031 asserit
3401 1976 3575 2047 etiam

1998 1993 2260 2046 Iespnort,
2307 1993 2428 2046 ejus
2470 1993 2537 2032 ue
2567 1993 2794 2047 epis'tom
2838 1993 3115 2042 uecretau,
3160 1993 3359 2031 assem
3401 1993 3575 2027 etiam

1997 2046 2345 2104 Innocentius
2386 1993 2488 2113 ll‘li,
2530 2047 2625 2103 lib.
2658 2063 2696 2102 ιι
2741 2047 2817 2101 De
2854 2049 3030 2102 missae
3056 2047 3243 2115 sacrif.
3269 2086 3284 2110 ,
3321 2061 3372 2101 c.
3397 2045 3493 2100 ΞΟ.
3530 2043 3577 2096 Α

1999 2118 2329 2188 Symmacho
2373 2133 2511 2188 papa
2568 2117 3098 2188 composiiumesse
3158 2117 3325 2188 sentit
3366 2115 3574 2188 Berno,

1998 2185 2077 2258 De
2099 2189 2264 2258 ofﬁcio
2287 2185 2462 2243 missa}
2490 2203 2539 2242 c.
2564 2189 2655 2243 25.
2688 2185 2770 2242 Ab
2790 2185 3198 2258 Hilarioiautem
3235 2186 3572 2240 Pictaviensi

1999 2257 2114 2328 haec
2135 2260 2298 2314 verba
2314 2258 2573 2328 angelicis
2590 2259 2769 2312 verbis
2786 2257 3132 2328 superaddita
3151 2271 3273 2313 esse
3287 2262 3573 2328 asserunt,

1997 2325 2490 2384 AlcuinuslihCDe
2533 2329 2728 2383 divinis
2775 2327 2978 2397 ofﬁciis,
3018 2342 3067 2381 c.
3099 2325 3174 2381 De
3220 2326 3575 2397 celebratione

1998 2399 2204 2468 missis;
2253 2399 2407 2468 llugo
2447 2397 2791 2462 Victorinus,
2823 2396 2932 2454 lib.
2993 2413 3032 2451 ιι
3070 2398 3144 2453 De
3193 2396 3568 2468 sacramentis.

1998 2465 2287 2540 Utcunque
2314 2465 2441 2523 vero
2469 2469 2575 2540 sit,
2593 2479 2808 2523 constat
2833 2483 2972 2540 eum_
2987 2482 3193 2540 morem
3223 2475 3276 2521 et
3299 2465 3577 2534 antiquis-

1997 2536 2281 2594 simum'et
2328 2539 2735 2594 sanctissimum
2773 2552 2914 2592 esse.
2941 2536 3239 2593 Dissidium
3274 2545 3576 2592 auctorum

1997 2610 2078 2664 sic
2101 2609 2382 2688 conciliari
2394 2624 2560 2688 posse
2581 2609 3236 2688 exist_imo,ﬂut_hy~mnuni
3259 2605 3578 2688 angeiicuin

1995 2679 2228 2749 apostoli
2259 2680 2325 2734 ad
2358 2675 2588 2749 gloriam
2635 2679 2802 2733 totius
2849 2677 2909 2732 S.
2941 2675 3228 2749 Tfinitatis
3266 2675 3578 2746 praedican-

1995 2745 2119 2804 dam
2153 2745 2638 2820 augere'coeperint
2685 2749 2926 2820 quidem,
2980 2745 3350 2820 Telesphorus
3386 2755 3575 2820 autem

1995 2835 2134 2896 eum_
2153 2815 2295 2875 sicut
2317 2815 3058 2896 nunc—exstatc‘ompleverit,
3085 2815 3379 2896 et'demtii‘n

1997 2891 2226 2946 machus
2267 2905 2426 2960 papa,
2473 2897 2531 2944 ut
2572 2890 2620 2944 is
2664 2890 2720 2944 in
2771 2885 2861 2944 die
2899 2887 3184 2960 Dominieo
3217 2885 3582 2960 etNatalitiis

1996 2955 2295 3031 martyrum
2330 2955 2734 3031 decantaretur,
2783 2959 3119 3028 praeceperit.
3147 2957 3225 3031 lita
3261 2957 3372 3012 fere
3404 2955 3577 3031 Inno-

1995 3026 2207 3086 centius
2239 3028 2498 3099 praedicto
2521 3030 2642 3083 loco
2671 3026 2811 3084 hanc
2840 3026 3126 3099 auctorum
3150 3026 3572 3099 discrepantiam

1993 3095 2270 3156 conciliai.
2295 3098 2430 3154 Vide
2459 3100 2662 3154 Suarez
2687 3109 2822 3154 tom.
2847 3097 2931 3162 lll,
2957 3098 3033 3152 De
3057 3107 3397 3161 sacrament.,
3423 3095 3572 3164 disp.

1995 3172 2086 3251 83,
2135 3179 2266 3251 seet.
2291 3171 2371 3251 .1.
2418 3169 2530 3251 _Cur
2582 3168 2818 3251 hymnus
2847 3169 3142 3251 .angelicus
3187 3181 3475 3249 nunquam
3519 3165 3578 3219 in

1924 3245 1971 3310 ο
2001 3242 2186 3298 missis
2218 3238 2635 3305 defunctorum,
2656 3241 2710 3294 in
2758 3238 2958 3296 diebus
2984 3238 3576 3310 luctusljejuniorum,

2001 3328 2064 3368 ac
2087 3311 2356 3366 ferialium
2385 3310 2662 3365 ordinarie
2685 3311 3023 3372 decantetur,
3057 3307 3121 3364 D.
3160 3307 3359 3362 Thom.
3389 3306 3424 3361 4
3449 3321 3576 3360 sen-

1996 3392 2157 3448 tent.,
2185 3381 2314 3437 dist.
2348 3380 2442 3447 25,
2473 3381 2614 3435 hanc
2643 3382 2906 3436 rationem
2931 3380 3107 3434 reddit
3138 3377 3322 3448 :quod
3356 3389 3486 3448 cum
3520 3377 3578 3429 in

1996 3453 2200 3524 hymno
2229 3454 2346 3524 hoc
2391 3459 2852 3524 commemoretur
2877 3451 3116 3524 caelestis
3141 3447 3336 3524 gloria,
3374 3447 3431 3500 in
3457 3460 3580 3524 _so-

1997 3516 2504 3578 lemnioribusnon
2541 3521 2928 3576 communibus
2964 3516 3231 3587 l'eriisfad
3279 3516 3582 3572 ostendent-

1997 3595 2122 3648 dam
2171 3591 2528 3646 differentiam
2584 3592 2762 3646 cultus
2818 3591 3010 3655 divini,
3050 3598 3319 3654 cantetur,
3349 3595 3403 3641 et
3442 3588 3578 3640 dum

1996 3663 2274 3734 propriam
2315 3664 2616 3716 amicorum
2657 3662 2933 3718 miseriam
2963 3661 3232 3731 lugemus,
3263 3657 3464 3712 merito
3493 3657 3581 3710 in-

1999 3733 2348 3792 termittatur.
2372 3734 2452 3787 In.

2070 3803 2185 3874 (22)
2224 3801 2457 3872 Reliquis
2482 3802 2620 3856 enim
2641 3802 2982 3874 temporibus,
3011 3803 3298 3874 missarum
3335 3793 3588 3874 celebri».

2001 3864 2178 3931 tiones
2208 3884 2330 3927 ante
2353 3864 2558 3926 'horam
2601 3873 2707 3928 diei
2745 3864 2978 3926 'tertiam'
3010 3873 3223 3925 minime
3275 3877 3399 3921 sunt
3449 3864 3587 3919 cele—

2000 3944 2236 4016 brande.
2268 3939 2470 4000 Totum
2508 3943 2615 4016 hoc
2643 3945 2922 4016 decreium
2961 3950 3138 3998 exstat
3167 3955 3219 3994 c.
3250 3936 3420 4016 Nocte
3451 3953 3579 4016 san-.-

2000 4025 2106 4081 cta,
2134 4014 2210 4070 De
2247 4022 2539 4068 consecrat.
2568 4015 2695 4069 dist.
2723 4014 2774 4067 1.
2813 4014 2939 4068 Haec
2968 4023 3151 4067 autem
3175 4007 3340 4081 verba
3371 4007 3584 4081 decreti

1997 4077 2428 4166 vel'exponenda
2457 4085 2714 4166 sunt_s_ic,
2751 4092 2810 4166 ut
2830 4085 2897 4166 de
2931 4079 3266 4166 missisndiei
3298 4077 3576 4166 solemni.-

1998 4157 2122 4222 bus,
2148 4146 2263 4210 sive
2287 4146 2740 4209 conventualibus
2768 4163 2979 4209 tantum
3017 4151 3423 4222 intelligantur;
3467 4146 3574 4222 vel,

2000 4227 2046 4282 si
2077 4215 2376 4296 generatim
2421 4224 2853 4299 intelligi__velis,
2890 4215 3323 4299 dicendum—est,
3347 4216 3453 4299 hoc
3483 4215 3580 4299 de:

2000 4285 2208 4352 cretum
2254 4309 2420 4361 nunc,
2453 4302 2514 4348 ut
2554 4285 2623 4349 ei
2651 4294 2718 4349 iis
2747 4285 2870 4363 qua:
2898 4308 3064 4363 supra
3092 4292 3193 4344 hac
3239 4286 3475 4357 epistola
3511 4285 3578 4339 ad

1999 4368 2248 4432 verbum,
2311 4364 2502 4428 Nocte,
2553 4365 2953 4429 adnotavimus,
2993 4371 3176 4430 aperte
3205 4364 3445 4420 constat,
3479 4371 3579 4480 Fer

1999 4437 2334 4480 nnntmrinm
2367 4435 2821 4480 consuetudinem
2879 4441 3192 4480 revocatum
3237 4442 3382 4480 esse.
3425 4423 3572 4480 01m

1999 4423 2822 4508 contrariam,consuetudinem
2858 4423 3192 4508 revocatum
3237 4442 3382 4508 esse.
3425 4423 3572 4506 Qiim

2001 4507 2234 4564 fortasse
2280 4507 2462 4561 missa:
2509 4506 2718 4561 tardius
2765 4504 3183 4562 iuchoahautur,
3220 4504 3355 4568 quia
3394 4504 3576 4568 minor

1933 4585 1978 4642 D
2006 4591 2125 4638 erat
2153 4576 2496 4633 sacerdotum
2531 4590 2815 4639 numerus,
2859 4573 3033 4643 major
3063 4565 3300 4643 ﬁdelium
3328 4565 3578 4628 devotio,

1997 4662 2077 4717 ut,
2110 4648 2324 4705 etiamsi
2367 4646 2576 4718 tardius
2619 4641 3032 4718 inchoarentur,
3063 4641 3165 4710 ipsi
3199 4649 3380 4718 tamen
3415 4645 3575 4718 post-

1995 4707 2468 4800 positisprivatis
2506 4716 2792 4800 laboribus
2835 4715 2904 4800 ad
2962 4707 3570 4800 missamuaudieiidain

1995 4783 2370 4853 convenirent.
2413 4785 2571 4842 Nunc
2613 4797 2795 4842 autem
2838 4794 2892 4841 et
2930 4783 3277 4838 sacerdotum
3306 4791 3574 4832 numerus

1996 4867 2188 4936 major_
2223 4869 2328 4924 est,
2377 4866 2432 4912 et
2459 4857 2594 4936 aliae
2619 4856 3045 4936 circumstantia:
3077 4866 3291 4936 magna
3315 4855 3574 4936 exparte

1995 4927 2128 4993 sunt
2175 4933 2496 4993 immutatae,
2545 4927 2776 4996 ideoque
2816 4928 3019 4996 mirum
3061 4927 3320 4996 non__s_i_t,
3359 4927 3575 4996 tempus

1996 4985 2210 5062 dicendi
2263 4985 2494 5053 missam'
2536 4985 2894 5066 anticipatum
2942 4995 3133 5050 fuisse.
3185 4989 3324 5046 Vide
3371 4985 3575 5042 Suares

1998 5087 2132 5134 tom.
2163 5069 2252 5135 ιιι,
2284 5069 2427 5138 disp.
2463 5068 2556 5128 80.
2588 5077 2722 5123 sect.
2749 5069 2801 5124 Il.
2830 5067 2906 5122 lo.

2067 5129 2181 5217 (Q3)
2225 5129 2298 5193 Ᾱὸ
2323 5129 2579 5208 ερἱεορίε
2617 5138 2792 5217 autern
2830 5138 2968 5217 idem
3009 5133 3279 5217 angelicas
3329 5129 3570 5217 hymnus.

1999 5199 2120 5270 Hoc
2140 5199 2266 5270 loco
2302 5199 2410 5263 non
2435 5199 2645 5264 tantum
2677 5209 2972 5278 episcopis,
3001 5199 3102 5261 sed
3128 5199 3572 5278 etiam_s_acerdo-

2003 5289 2150 5346 libus
2197 5279 2508 5352 praecipitur
2555 5289 2614 5352 ut
2667 5271 2912 5352 solemne
2946 5271 3178 5352 sacrum
3224 5271 3571 5333 celebraturi,

2000 5360 2164 5411 etiam
2197 5346 2526 5407 extra'diem
2562 5348 2774 5422 Natalis
2805 5346 3076 5422 Dominici
3119 5347 3384 5422 hymnum
3415 5355 3572 5409 auge

1998 5429 2166 5482 licum
2196 5423 2252 5476 in
2290 5422 2562 5477 sacriﬁcio
2596 5421 2842 5490 recitent.
2874 5419 3038 5474 Solus
3068 5427 3259 5490 autem
3289 5419 3573 5490 episcopus

2001 5498 2094 5553 hic
2116 5494 2450 5564 nominatur,
2480 5491 2608 5564 quia
2643 5491 2710 5564 ad
2753 5489 2907 5546 illum
2938 5489 3187 5564 maxime
3217 5491 3427 5564 spectat
3454 5489 3569 5564 iiiis-

2005 5583 2098 5622 sas
2142 5552 2448 5620 celebrare.
2494 5552 2626 5618 Vide
2672 5560 2876 5618 Suarez
2923 5570 3062 5616 tom.
3125 5555 3193 5611 lll
3217 5552 3424 5624 ,‘disp.
3471 5552 3574 5617 83,

2005 5634 2342 5780 ωῗὲλῒιιιῗέὶ
2387 5705 2527 5762 enim
2573 5706 2667 5775 qui
2721 5705 2934 5776 proprio
2980 5717 3069 5758 ore
3111 5713 3300 5756 corvus
3342 5693 3576 5752 Domini.
