3806 6208
249 272 393 358 mss
955 331 962 336 ι
1451 297 1787 354 EPISTOLA
1833 298 1925 353 an
1950 298 2184 355 omnes
2210 298 2521 355 FlDELES.
3372 295 3510 353 tces

242 410 581 472 dilacerandi
603 419 699 467 aut
729 398 1084 471 detrahendi:
1129 409 1258 478 quia
1287 407 1491 480 quibus
1523 426 1584 466 se
1614 409 1828 465 Domini
1861 414 1906 470 Δ
1930 411 2306 482 recipiantur;
2335 411 2467 484 quia
2519 425 2712 467 eorum
2767 410 3048 467 remulstio
3080 400 3295 468 lacerat
3342 411 3510 466 etiam

240 504 481 577 populus
525 501 798 568 benedici,
829 499 1030 556 salvari
1079 507 1132 554 et
1170 497 1368 554 instrui
1398 500 1568 572 cupit,
1592 501 1826 555 uullate-
1929 503 2266 559 innocentes.
2300 502 2458 560 Hunc
2488 517 2708 558 murum
2741 502 3120 559 firmissimum
3149 502 3172 534 ⁵
3200 509 3514 560 statuerunt

241 610 350 650 nus
387 594 545 649 debet
587 604 683 646 eos
718 604 966 661 arguere,
995 603 1096 644 nec
1131 589 1326 658 vulgus
1353 589 1412 643 in
1439 603 1630 644 eorum
1657 603 1825 644 accu-

238 685 455 742 satione
480 684 711 754 suscipi.
742 681 985 753 Populus
1015 681 1164 736 enim
1199 681 1269 736 ab
1295 681 1377 736 eis
1401 681 1682 737 docendus
1715 691 1822 749 est,

235 785 292 831 et
326 774 729 844 corripiendus,
757 787 863 830 non
902 773 1007 843 ipsi
1041 773 1111 827 ab
1131 787 1222 841 eo,
1257 773 1389 842 quia
1433 789 1453 824 ε
1482 787 1590 827 non
1619 782 1704 828 est
1735 773 1823 829 di-

235 867 486 937 scipulus
525 881 692 936 super
734 867 1059 938 magistrum
1083 867 1155 920 ”.
1182 885 1202 919 ι
1253 861 1416 922 Nullo
1455 867 1620 921 modo
1657 866 1824 938 igitur

236 958 452 1013 Domini
485 958 774 1028 pontifices
802 965 856 1012 et
886 958 1084 1028 reliqui
1131 959 1460 1025 sacerdotes,
1487 959 1686 1023 quibus
1715 957 1824 1014 Do-

145 1092 155 1102 .
233 1052 374 1107 mini
405 1050 702 1107 commissa
723 1056 807 1106 est
834 1050 1008 1120 plebs,
1027 1048 1131 1106 rite
1148 1051 1411 1121 populum
1443 1060 1672 1120 possunt
1695 1064 1821 1105 cor-

234 1146 436 1215 rigcre,
465 1143 511 1198 si
543 1143 880 1212 deceptionis
933 1156 993 1198 se
1042 1143 1404 1213 cognoverint
1432 1141 1634 1212 laqueo
1676 1140 1821 1197 infe-

230 1236 390 1292 stari.
423 1234 580 1290 Unde
613 1235 827 1306 justum
870 1243 959 1290 est
995 1247 1186 1290 omnes
1234 1234 1290 1288 in
1333 1233 1591 1290 universo
1620 1235 1666 1266 ⁸³
1691 1235 1824 1290 orbe

223 1328 488 1383 doctorcs
529 1325 700 1396 legis,
743 1339 808 1380 ea
850 1339 974 1395 qua:
1004 1323 1141 1396 legis
1187 1332 1317 1379 sunt
1366 1337 1580 1394 sapere,
1621 1333 1677 1380 et
1707 1339 1821 1380 non

220 1419 540 1475 sacerdotes
568 1417 786 1475 Domini
810 1416 971 1472 labiis
994 1416 1110 1471 suis
1136 1423 1232 1470 aut
1250 1415 1587 1486 quibuslibet
1614 1415 1822 1472 machi-

211 1497 546 1564 nationibus
598 1506 898 1562 maculare.
951 1503 1094 1559 Dum
1147 1503 1293 1559 enim
1325 1504 1478 1574 ipsos
1518 1503 1821 1573 disponunt

207 1579 323 1652 ἶειη,
355 1598 586 1669 cupiunt
609 1597 922 1663 maculare,
966 1595 1150 1666 potius
1195 1595 1409 1665 seipsos
1442 1595 1722 1650 maculant
1764 1603 1819 1650 et

205 1671 535 1746 lvulnerant.
566 1689 661 1745 Dei
685 1704 816 1758 ergo
850 1698 1074 1744 accusat
1117 1686 1545 1753 ordinationem,
1579 1687 1672 1756 qui
1701 1701 1816 1754 eos,

1925 606 2109 664 patres
2151 594 2346 662 nostri,
2375 603 2430 651 et
2472 610 2574 651 nos
2607 609 2732 651 cum
2775 595 2876 662 eis,
2908 604 3103 650 contra
3131 604 3510 666 persecutores

1924 694 2146 742 nostros
2161 686 2205 752 ⁵,
2231 695 2291 741 ιιι
2313 687 2418 742 hoc
2445 687 2690 742 remedio
2711 701 2904 742 eorum
2923 685 3199 756 pellantur
3225 683 3510 740 machina-

1923 787 2130 845 menta,
2182 786 2238 833 et
2286 793 2386 834 vos
2435 779 2744 834 securiores
2790 785 2846 833 et
2895 777 3199 834 sanctiores
3253 773 3507 829 famulari

1922 867 2242 922 mereamini
2269 874 2453 923 vestro
2482 866 2772 923 Salvatori.
2809 865 3102 932 Caeterum,
3135 882 3154 916 ι
3185 862 3505 919 considerat

1923 957 2124 1027 impius
2151 957 2383 1027 justum,
2419 966 2474 1013 et
2501 959 2700 1028 quaerit
2732 965 2794 1012 ut
2819 954 3034 1012 occidat
3059 968 3208 1009 eum.
3239 950 3507 1007 Dominus

1921 1063 2032 1103 non
2065 1048 2408 1118 derelinquet
2453 1063 2578 1104 eum
2613 1049 2668 1102 in
2702 1061 2900 1103 manus
2936 1045 3090 1116 ejus,
3124 1052 3180 1100 et
3211 1058 3321 1097 non
3371 1056 3505 1097 con-

1921 1137 2203 1195 demnabit
2226 1154 2375 1203 eum,
2407 1152 2534 1193 cum
2580 1137 2918 1209 iudicabitur
2951 1135 3050 1190 illi.
3091 1133 3359 1204 Exspecta
3395 1130 3504 1187 Do-

1921 1230 2132 1286 minum
2167 1241 2223 1287 et
2252 1230 2467 1289 custodi
2491 1230 2636 1286 viam
2668 1229 2820 1300 ejus:
2847 1235 2904 1284 et
2929 1226 3192 1282 exaltabit
3222 1233 3276 1280 te
3297 1233 3358 1279 ut
3377 1238 3506 1294 pos-

1920 1323 2100 1379 sideas
2127 1333 2361 1379 terram:
2389 1337 2516 1379 cum
2557 1320 2859 1378 interibunt
2892 1318 3078 1390 impii,
3113 1316 3342 1372 videbis.
3383 1313 3504 1370 Vidi

1919 1411 2147 1481 impium
2179 1412 2467 1468 robustum
2509 1419 2565 1467 et
2595 1409 2978 1476 fortissimum,
3011 1407 3158 1463 sicut
3190 1404 3504 1476 indigenam

1918 1504 2206 1559 virentem.
2241 1503 2309 1559 Et
2337 1503 2590 1570 transivi,
2613 1510 2669 1559 et
2696 1516 2824 1558 ecce
2857 1515 2969 1556 non
2999 1508 3150 1567 erat;
3182 1507 3238 1554 et
3269 1496 3502 1568 (ιιιωείςὶ

1917 1609 2068 1663 eum,
2101 1604 2157 1650 et
2187 1609 2297 1650 non
2322 1604 2406 1651 est
2440 1595 2714 1650 inventus.
2750 1589 2979 1648 Custodi
3010 1588 3422 1659 simplicitatem
3447 1595 3504 1643 ct

1919 1691 2043 1747 vide
2066 1703 2302 1757 rectum,
2337 1691 2470 1763 quia
2497 1691 2602 1746 erit
2631 1691 2688 1745 in
2717 1695 3024 1746 extremum
3047 1687 3170 1742 viro
3208 1700 3335 1756 pax.
3356 1682 3504 1739 Prae-

214 1782 320 1852 qui
362 1781 434 1836 ab
473 1797 540 1838 eo
587 1782 1023 1847 constituuntur,
1070 1777 1384 1835 sacerdotes
1433 1787 1677 1847 accusat,
1726 1779 1808 1835 vel
1841 1761 1886 1820 Β
1913 1783 2246 1839 varicatores
2281 1761 2462 1838 autem
2497 1782 2803 1837 interibunt
2846 1781 3082 1851 pariter,
3115 1787 3171 1834 et
3203 1778 3226 1810 ⁸
3258 1774 3502 1832 novissi~

213 1873 479 1928 damnari
504 1873 550 1907 “
576 1873 750 1944 cupit;
782 1873 830 1929 Α
861 1873 1063 1944 quibus
1095 1887 1153 1927 se
1179 1887 1374 1926 omnes
1399 1871 1586 1928 fideles
1617 1887 1811 1929 cavere

211 1965 443 2032 debent,
478 1966 606 2036 quia
635 1980 750 2021 non
785 1965 961 2020 solum
993 1966 1088 2035 qui
1126 1963 1357 2030 faciunt,
1387 1963 1485 2020 sed
1517 1965 1681 2020 etiam
1712 1962 1806 2034 qui

211 2057 576 2112 consentiunt
606 2054 959 2120 facientibus,
985 2054 1066 2109 rei
1092 2063 1239 2109 sunt.
1263 2053 1517 2109 Christus
1540 2055 1685 2110 enim
1711 2053 1808 2109 Dei

208 2146 416 2214 Filius,
457 2146 725 2204 Dominus
758 2157 944 2203 noster
973 2146 1044 2215 ",
1077 2146 1318 2201 humano
1349 2147 1535 2216 generi
1575 2146 1804 2202 salutem

207 2239 542 2296 condonans
574 2239 814 2310 plenam,
853 2241 922 2295 de
955 2239 1115 2294 nobis
1142 2239 1247 2294 ait:
1300 2238 1444 2306 «Qui
1483 2253 1584 2296 vos
1611 2239 1808 2310 recipit

206 2345 306 2390 me
351 2330 576 2400 recipit;
603 2340 658 2384 et
699 2330 794 2400 qui
836 2344 933 2385 vos
965 2328 1196 2398 spernit,
1226 2341 1317 2382 me
1349 2327 1559 2396 spernit
1585 2328 1652 2381 ’°.
1686 2347 1704 2380 ι
1745 2327 1803 2382 Si

203 2437 346 2492 ergo
392 2420 659 2477 Dominus
692 2420 747 2475 in
792 2421 874 2476 eis
924 2419 1186 2490 recipitur
1217 2428 1272 2474 et
1301 2418 1573 2488 rejicitur,
1609 2417 1801 2486 procul

203 2512 383 2568 dubio
406 2512 579 2583 ipsius
603 2520 752 2577 sunt,
779 2511 874 2582 qui
906 2510 961 2568 in
987 2511 1070 2566 eis
1091 2511 1340 2582 rejicitur
1372 2510 1456 2564 vcl
1477 2510 1795 2579 suscipitur.

210 2621 232 2654 ι
259 2601 330 2657 Et
358 2614 418 2657 tu
434 2603 559 2672 quis
578 2618 660 2668 es,
678 2603 770 2673 qui
783 2602 1000 2673 judicas
1025 2617 1244 2657 servum
1267 2601 1506 2662 alienum
1524 2602 1605 2656 '7?
1627 2621 1646 2654 ι
1666 2597 1803 2656 Pro-

205 2694 304 2750 cul
328 2694 498 2750 dubio
534 2704 909 2766 transgressor
956 2710 1016 2751 es
1048 2695 1185 2766 legis
1213 2693 1308 2748 Dei
1337 2703 1391 2749 et
1423 2694 1799 2764 apostolorum

201 2797 378 2857 atque
398 2786 826 2856 prophetarum:
856 2796 908 2842 et
931 2802 1040 2840 non
1066 2787 1243 2842 solum
1269 2787 1486 2852 harum,
1513 2786 1606 2841 sed
1635 2786 1799 2841 etiam

199 2876 393 2947 legum
429 2876 819 2932 humanarum.
855 2875 1060 2933 Omnes
1107 2878 1252 2932 enim
1286 2877 1432 2948 leges
1461 2887 1570 2932 tam
1602 2875 1800 2932 divinae

199 2983 376 3039 quam
409 2976 466 3022 et
497 2969 790 3035 humanm,
826 2967 1066 3024 alienum
1115 2982 1334 3034 servum
1379 2969 1630 3039 judicare
1666 2983 1800 3039 pro--

198 3061 418 3116 bibent.
454 3059 596 3127 Quid
625 3069 786 3131 putas
830 3060 935 3116 erit
981 3062 1050 3116 de
1083 3067 1158 3126 te,
1197 3075 1322 3116 cum
1358 3070 1795 3132 transgressores

197 3161 258 3208 et
287 3153 706 3209 conculcatores
749 3151 886 3222 legis
921 3150 1017 3211 Dei
1059 3152 1502 3208 damnabuntur?
1539 3150 1794 3209 Profecto

195 3255 256 3302 et
283 3254 340 3300 tu
373 3244 745 3312 damnaberis,
782 3243 911 3315 quia
939 3245 1294 3316 postposuisti
1322 3244 1640 3302 mandatum
1676 3245 1794 3314 Dei,

195 3346 254 3393 et
288 3349 440 3393 tuam
479 3337 788 3407 adimplesti
835 3341 1191 3396 voluntatem.
1225 3337 1492 3406 Quoniam
1530 3340 1671 3395 sicut
1714 3339 1797 3394 di-

197 3426 291 3497 gni
338 3435 471 3482 sunt
518 3427 781 3499 vita,qui
811 3430 1130 3488 mandatum
1173 3428 1266 3484 Dei
1309 3430 1795 3501 adimplentatque

195 3518 542 3583 custodiunt,
586 3517 665 3572 ita
708 3518 790 3574 rei
821 3527 880 3574 et
919 3517 1170 3588 perdigni
1212 3526 1342 3572 sunt
1373 3526 1569 3584 morte,
1602 3517 1696 3587 qui
1727 3532 1791 3571 ea

193 3615 562 3678 postponunt,
591 3617 646 3663 et
675 3609 731 3663 in
764 3623 968 3662 vanum
997 3609 1228 3664 ducunt.
1268 3607 1364 3664 Est
1389 3609 1536 3662 enim
1571 3610 1628 3663 in
1654 3623 1792 3680 apo-

195 3699 412 3756 stolicis
436 3700 700 3770 scriptum
727 3686 994 3758 institutis
1022 3719 1036 3756 :
1067 3701 1113 3733 ⁸⁸
1144 3719 1162 3752 ι
1184 3700 1424 3758 Alterius
1448 3701 1610 3757 vitam
1629 3717 1789 3760 nemo

192 3787 433 3854 laceret,
471 3795 528 3843 et
563 3788 633 3844 de
683 3790 831 3844 malo
885 3789 1064 3845 alieno
1094 3805 1158 3846 os
1200 3807 1358 3846 suum
1393 3808 1502 3846 non
1537 3794 1789 3863 coinqui-

192 3888 346 3934 net.»
399 3881 766 3937 Accusatores
790 3897 924 3937 vero
952 3894 1007 3937 et
1037 3884 1436 3950 accusationes,
1469 3901 1608 3955 quas
1637 3886 1784 3958 leges

192 3972 389 4029 saeculi
429 3989 540 4029 non
564 3974 886 4042 admittunt,
921 3982 976 4030 et
1011 3990 1113 4031 nos
1143 3976 1558 4039 submovemus.

949 4063 1042 4121 IV.

493 4155 568 4213 De
588 4157 985 4213 accusatoribus
1020 4173 1128 4212 non
1163 4159 1497 4227 recipiendis.

264 4248 314 4282 ”
349 4246 417 4302 Et
459 4249 765 4305 accusatori
808 4250 1034 4305 omnino
1070 4264 1181 4304 non
1212 4251 1358 4316 credi
1406 4251 1774 4320 decernimus,

1911 1891 2063 1930 mum
2118 1875 2411 1946 impiorum
2471 1874 2689 1946 peribit.
2725 1872 2886 1929 Salus
2928 1879 3112 1928 autem
3154 1869 3429 1941 justorutu
3465 1884 3498 1926 a

1909 1964 2165 2034 Domino,
2193 1967 2462 2024 fortitudo
2494 1981 2687 2024 eorum
2723 1974 2964 2036 tempore
2994 1959 3390 2019 tribulationis.
3424 1959 3496 2020 Et

1907 2059 2269 2117 auxiliabitur
2301 2061 2382 2116 eis
2405 2059 2674 2115 Dominus
2703 2069 2759 2114 et
2787 2057 3042 2114 liberabit
3072 2071 3169 2112 eos
3194 2057 3264 2111 ab
3289 2055 3494 2125 impiis,

1906 2159 1960 2204 et
1986 2151 2179 2220 eripiet
2207 2164 2303 2206 eos
2339 2150 2408 2205 ab
2437 2151 2640 2220 impiis,
2673 2157 2729 2205 et
2756 2149 2992 2204 salvabit
3023 2148 3276 2219 cos,quia
3302 2162 3495 2217 spera-

1904 2249 2103 2295 verunt
2127 2241 2182 2296 in
2206 2255 2270 2296 eo
2288 2241 2330 2296 ".
2365 2260 2384 2294 ι
2417 2239 2484 2295 Ει
2514 2240 2678 2296 alibi:
2718 2259 2737 2292 ι
2762 2239 2904 2306 Quid
2930 2239 3181 2310 gloriaris
3204 2239 3258 2294 in
3282 2237 3493 2294 malitia

1903 2330 2137 2401 potens?
2169 2330 2547 2387 Misericordia
2580 2330 2675 2386 Dei
2701 2339 2816 2386 tota
2841 2338 2928 2386 est
2951 2329 3058 2384 die.
3087 2327 3320 2384 Insidias
3341 2328 3494 2400 cogi-

1903 2423 2039 2478 tavit
2071 2423 2254 2494 lingua
2299 2433 2416 2489 tua,
2457 2423 2617 2494 quasi
2651 2422 2920 2477 novacula
2953 2430 3045 2477 tua
3081 2429 3240 2476 acuta
3283 2418 3493 2476 faciens

1902 2517 2112 2573 dolum.
2139 2515 2386 2572 Dilexisti
2410 2515 2674 2570 malitiam
2694 2513 2869 2584 magis
2891 2529 3056 2583 quam
3082 2513 3312 2578 bonum,
3337 2525 3493 2566 men-

1901 2609 2121 2665 dacium
2144 2609 2318 2680 magis
2345 2623 2511 2678 quam
2541 2607 2691 2676 loqui
2719 2605 3011 2675 justitiam.
3032 2603 3276 2660 Dilexisti
3304 2602 3488 2657 omnia

1901 2704 2064 2758 verba
2101 2703 2167 2758 ad
2203 2700 2600 2766 devorandum,
2636 2699 2821 2768 lingua
2853 2697 3060 2752 dolosa.
3088 2695 3195 2752 Sed
3224 2695 3369 2750 Deus
3396 2694 3492 2749 de-

1899 2801 2074 2848 struet
2122 2801 2174 2848 te
2205 2793 2258 2847 in
2295 2792 2711 2862 sempiternum,
2742 2789 2968 2844 terrebit
2999 2798 3052 2844 te
3072 2829 3087 2852 ,
3123 2795 3178 2844 et
3210 2787 3404 2843 evellet
3436 2795 3490 2841 te

1898 2883 1967 2940 de
1994 2884 2345 2941 tabernaculo
2374 2894 2487 2950 tuo,
2515 2893 2570 2940 et
2596 2883 2900 2941 eradicabit
2933 2889 2984 2936 te
3016 2880 3085 2936 de
3112 2889 3256 2936 terra
3296 2879 3487 2934 viven-

1901 2973 2064 3029 tium.
2095 2973 2370 3030 Videbunt
2392 2973 2527 3046 justi
2559 2983 2615 3029 et
2645 2973 2936 3036 timebunt,
2965 2977 3022 3026 et
3047 2984 3212 3039 super
3249 2983 3374 3024 eum
3407 2967 3486 3022 ri-

1896 3067 2120 3123 debunt.
2157 3065 2296 3123 Ecce
2324 3065 2407 3122 vir
2433 3067 2528 3137 qui
2555 3080 2665 3121 non
2699 3065 2886 3136 posuit
2919 3062 3293 3118 fortitudinem
3328 3073 3485 3114 suam

1899 3160 1955 3214 in
2009 3158 2204 3224 Deum,
2257 3158 2351 3213 sed
2411 3158 2655 3229 speravit
2680 3158 2737 3212 in
2781 3155 3132 3212 multitudine
3168 3154 3484 3214 divitiarum

1897 3267 2144 3316 suarum,
2181 3250 2521 3307 confortatus
2546 3262 2631 3307 est
2663 3252 2718 3305 in
2752 3249 2965 3306 insidiis
2991 3249 3126 3306 suis.
3154 3246 3267 3319 Ego
3299 3255 3482 3305 autem

1897 3346 2042 3401 sicut
2076 3346 2223 3401 oliva
2258 3345 2442 3401 virens
2477 3345 2534 3400 in
2566 3345 2731 3400 domo
2762 3343 2892 3411 Dei,
2925 3341 3138 3413 Speravi
3173 3342 3228 3396 in
3259 3339 3482 3396 miseri-

1893 3439 2079 3494 cordia
2107 3437 2202 3494 Dei
2238 3440 2293 3494 in
2322 3439 2583 3496 saeculum
2617 3446 2672 3494 et
2704 3437 2761 3492 in
2796 3445 3060 3492 aeternum
3081 3435 3123 3490 ⁸.
3169 3433 3480 3490 Confitebor

1893 3530 1992 3586 tibi
2023 3530 2079 3585 in
2109 3531 2392 3597 saeculum,
2420 3531 2684 3600 quoniam
2721 3527 2898 3584 fecisti
2932 3537 2987 3582 et
3015 3525 3344 3596 exspectabo
3373 3538 3479 3578 no.

1891 3637 2016 3676 men
2055 3629 2238 3687 tuum,
2276 3622 2540 3692 quoniam
2588 3621 2793 3676 bonum
2829 3619 2885 3674 in
2919 3627 3215 3688 conspectu
3252 3625 3475 3672 sancto-

1888 3725 2014 3764 rum
2047 3711 2068 3742 ⁹
2103 3717 2323 3766 tuorum
2359 3711 2422 3765 ¹⁰.
2461 3705 2537 3765 De
2566 3710 2766 3765 talibus
2794 3709 2938 3765 enim
2969 3706 3382 3763 insidiatoribus
3421 3713 3478 3762 et

1888 3802 2307 3858 accusatoribus
2339 3817 2624 3858 servorum
2655 3816 2882 3858 suorum
2925 3799 3171 3869 loquitur
3205 3797 3477 3857 Dominus

1886 3910 1983 3970 per
2005 3895 2331 3964 Prophetam
2364 3895 2588 3950 dicens:
2629 3911 2648 3946 ι
2678 3893 2752 3949 Os
2787 3901 2943 3948 tuum
2971 3891 3231 3948 dimisisti
3263 3890 3330 3945 ad
3356 3903 3482 3944 ma-z

1884 3985 2079 4053 litiam,
2105 3995 2160 4042 et
2183 3986 2370 4058 lingua
2396 3997 2490 4042 tua
2519 3987 2872 4042 concinnavit
2899 3986 3108 4041 dolum.
3147 3982 3355 4039 Sedens
3375 3981 3474 4037 ad-

1881 4091 2074 4133 versus
2109 4076 2336 4133 fratrem
2360 4087 2516 4135 tuum
2540 4077 2876 4150 loquebaris,
2906 4086 2962 4132 et
2986 4077 3038 4130 in
3071 4076 3245 4130 filium
3280 4075 3472 4136 matris

1880 4175 1989 4221 tuae
2025 4166 2384 4225 fabricabaris
2413 4171 2790 4241 opprobrium.
2827 4168 2954 4226 Haec
2981 4168 3181 4236 fecisti,
3217 4176 3271 4224 et
3299 4169 3502 4229 tacui..

1879 4257 2223 4317 Existimasti
2259 4262 2499 4319 similem
2550 4265 2627 4319 tui
2669 4278 2758 4318 me
2789 4262 3075 4318 futurum?
3121 4277 3345 4333 arguam
3391 4271 3467 4329 te,

188 4340 315 4411 qui,
343 4341 916 4409 absenteadversario,
932 4357 1154 4397 causam
1173 4343 1556 4414 suggeritante
1573 4346 1776 4402 ntrius-
1876 4359 1933 4405 et
1979 4367 2287 4422 proponam
2328 4363 2380 4410 te
2414 4367 2540 4412 ante
2584 4356 2778 4411 oculos
2812 4362 2958 4411 tuos.
3007 4353 3292 4426 Intelligite
3326 4353 3466 4419 haec,

186 4445 304 4499 que
349 4429 520 4502 partis
562 4430 769 4501 justam
811 4430 1236 4492 discussionem.
1279 4433 1392 4490 Nec
1427 4435 1507 4503 hi,
1541 4439 1689 4506 quin

1966 4444 1976 4497 i
2007 4445 2394 4502 obliviscimini
2424 4446 2596 4502 Deum
2615 4489 2631 4514 ,
2667 4463 2736 4504 ne
2762 4443 2904 4502 forte
2938 4447 3136 4516 rapiat,
3164 4456 3219 4502 et
3250 4461 3359 4500 non
3395 4445 3469 4502 sit

187 4529 327 4576 sunt
351 4521 555 4589 idonei,
580 4523 952 4594 suscipiantur
972 4525 1041 4580 ad
1073 4525 1501 4594 accusationem,
1517 4536 1571 4581 et
1590 4543 1690 4582 orm

1967 4535 1976 4588 i
2009 4535 2202 4593 liberet
2229 4538 2294 4592 “.
2319 4558 2337 4590 ι
2367 4537 2712 4611 Languentes
2747 4547 2928 4594 autem
2965 4538 3018 4592 in
3046 4538 3152 4593 isto
3176 4537 3470 4593 conamine

185 4612 286 4684 qui
322 4613 586 4670 adversus
615 4624 799 4684 patres
832 4625 1142 4682 armantur,
1171 4615 1405 4684 infames
1438 4634 1561 4674 esse
1593 4595 1788 4676 cense:
1877 4628 2108 4683 notandi
2160 4640 2308 4696 sunt,
2357 4640 2414 4686 et
2448 4595 2517 4686 av
2533 4632 2731 4687 talibus
2764 4630 3080 4701 repellendi.
3126 4627 3288 4684 Tales
3317 4628 3470 4690 enim

185 4717 338 4758 mus.
367 4701 556 4794 Patres
598 4705 746 4760 enim
779 4720 971 4760 omnes
1022 4708 1315 4762 venerandi
1350 4718 1501 4776 sunt,
1531 4723 1642 4765 non
1687 4725 1780 4765 re-
1880 4719 2131 4774 membra
2163 4732 2294 4776 sunt
2323 4723 2550 4788 diaboli,
2578 4723 2670 4794 qui
2698 4725 2741 4755 ι’
2765 4736 2986 4778 sursum
3013 4729 3178 4791 atque
3201 4720 3464 4776 deorsum

185 4793 422 4887 spuendi
470 4803 566 4850 aut
605 4798 623 4828 ⁸
654 4797 952 4852 insidiandi
983 4799 1024 4852 ².
1065 4799 1087 4830 ³
1117 4796 1182 4851 Hi
1224 4813 1357 4853 vero
1390 4801 1486 4871 qui
1520 4815 1645 4856 cum
1673 4801 1782 4856 ini-
1879 4811 2191 4880 pervolans,
2216 4815 2414 4885 quaerit
2437 4793 2788 4887 quosipossit
2815 4814 3087 4877 occidere,
3113 4827 3254 4883 quos
3285 4810 3464 4883 possit

185 4886 352 4944 micis
384 4897 689 4960 morantur,
718 4900 814 4946 aut
843 4891 938 4962 qui
965 4892 1201 4963 suspecti
1227 4891 1519 4959 habentur,
1545 4894 1776 4952 minime
1879 4915 2158 4972 separare,
2195 4921 2336 4976 quos
2369 4909 2547 4978 possit
2566 4886 2854 4964 devorare.
2882 4905 3112 4976 Propter
3143 4911 3310 4975 quam
3341 4917 3461 4963 rem

257 5029 716 5120 :tgbuclvrgnio.‘
758 5032 804 5120 ’ξ
832 5030 1401 5120 Da_masl'is_citata_ep.
1419 5033 1489 5120 ac!
1517 5031 1976 5120 Iligrfgosinserit
2006 5042 2577 5120 verb._Romanorum_.
2604 5047 2658 5112 6,
2683 5055 2877 5120 quaest.
2911 5047 2934 5101 1
2958 5066 2970 5101 :
2995 5044 3313 5120 §a_cerdotes
3341 5046 3459 5120 qui,

181 5102 232 5184 ξξ
259 5101 390 5184 Isid:
425 5116 509 5184 Ill,
539 5100 628 5169 '59,
665 5110 720 5157 et
776 5118 843 5156 ex
895 5117 962 5156 eo
998 5101 1180 5184 μεως..
1204 5100 1357 5184 ’ροιιῖ
1379 5119 1430 5184 (δ’ζ
1456 5101 1508 5157 i.
1537 5173 1548 5184 Α
1574 5105 1621 5136 ³⁸
1655 5104 1684 5157 Β

1948 5112 1981 5164 5.
2057 5115 2104 5184 οὲ
2135 5114 2326 5170 Matth.
2365 5100 2418 5181 x,
2450 5100 2519 5183 ξιξ
2549 5100 2884 5184 Laetus.
2915 5100 2930 5101 ίί
2960 5100 2964 5101 ί
2989 5119 3033 5148 ’τ
3067 5115 3223 5170 Rom.
3252 5100 3366 5181 xiv;
3396 5100 3451 5175 4.

182 5172 233 5257 ’ς
272 5169 860 5257 Isid._Sgnonyrnorunt
907 5188 969 5257 rt,
990 5171 1048 5254 .9.
1126 5174 1172 5206 ”
1204 5174 1258 5240 5,
1308 5189 1364 5257 q.
1384 5173 1430 5257 A8
1451 5169 1894 5257 :Jdcfgsatqres,‘
1943 5191 2049 5257 etc.
2087 5183 2239 5257 E_tiin
2271 5169 2419 5241 decr:
2449 5169 2895 5257 Stephani—papa:
2925 5201 2989 5242 ac
3020 5169 3170 5251 Julii,
3200 5169 3253 5257 Ξ,

183 5243 504 5321 {tunsam-ri
528 5243 771 5321 q_m_nino._
843 5243 860 5273 ¹
899 5243 1147 5321 Atrianus
1177 5254 1354 5321 co_nst.
1383 5243 1674 5321 9,_tit.‘59,
1716 5247 1811 5302 lib.
1840 5243 1918 5314 xit,
1951 5254 2073 5308 cod.
2116 5253 2325 5310 Theod.
2403 5258 2424 5287 ²
2456 5243 2762 5312 ἱηεὶιδηηάίῖ
2818 5243 2856 5288 ’³
2885 5259 2957 5311 ita
2990 5258 3044 5310 in
3083 5243 3184 5311 ms.
3214 5243 3355 5312 J'us't.
3386 5266 3445 5313 et

183 5311 631 5394 in'edit..Merlini
653 5330 667 5380 ;
691 5313 900 5394 primus
919 5313 1426 5394 Crabbusalteram
1453 5314 1740 5394 iectienem
1766 5329 1862 5373 aut
1885 5311 2283 5380 correctionem
2306 5311 2633 5382 substituit.
2687 5329 2710 5360 ⁸
2733 5329 3108 5394 fortissimum.
3187 5326 3208 5359 ⁸
3232 5311 3455 5390 vestros.

181 5383 205 5414 ⁸
240 5380 424 5462 Iniqui
481 5392 660 5462 autem
691 5380 1043 5462 'delebunlur‘
1066 5385 1287 5462 pariter,
1334 5393 1404 5438 et.
1517 5385 1536 5416 "
1564 5384 1710 5442 Psal.
1743 5404 1930 5458 XXXVI,
1959 5395 2050 5460 52,
2085 5396 2177 5460 49,
2206 5412 2271 5452 ex
2304 5380 2458 5454 ceris—,7
2481 5380 2629 5452 Hdie},
2733 5380 3180 5462 [sempiternam
3285 5397 3306 5429 ο
3341 5380 3453 5462 ms:

183 5453 935 5535 ξτεέέίῗνίςοτάίιιηιηιξιιξναηξο,
997 5453 1046 5535 ξθ
1070 5452 1217 5509 Ρεειο
1252 5470 1330 5520 ιιι,
1366 5470 1462 5525 per
1487 5462 1666 5510 totum
1717 5474 1806 5516 ex.
1847 5452 1992 5520 vers.
2030 5452 2179 5521 l'lier;
2291 5452 2521 5524 "’Psal.
2553 5485 2696 5535 χιιι,
2739 5452 2934 5535 19-2έ,
2979 5485 3048 5525 ex
3100 5483 3246 5524 vers.
3291 5452 3446 5524 Hier:

183 5523 227 5552 "
248 5521 566 5588 Flavianus,
596 5519 770 5587 Epist.
793 5523 863 5575 ad
894 5520 952 5578 S.
986 5519 1232 5577 ιεοηεηι,
1314 5510 1327 5520 '
1366 5510 1385 5525 ‘
1724 5510 1806 5516 ἠ
1860 5510 1992 5520 ·ν-ν-
2375 5510 2398 5522 -
2419 5510 2521 5524 υ-υ
2553 5510 2696 5537 ...ι-,η

179 5635 329 5690 Nihil
355 5636 446 5712 hic
474 5639 749 5712 concludit
782 5647 842 5712 ut
863 5637 1282 5712 calumniantur
1322 5637 1753 5712 Magdeburgen-

181 5723 295 5771 ses,
327 5709 420 5786 sed
452 5709 715 5762 rationem
745 5709 925 5792 reddit
951 5725 1051 5762 cur
1088 5709 1403 5792 sacerdotes
1428 5719 1488 5792 et
1512 5709 1753 5792 episcopi

182 5793 295 5832 non
342 5779 453 5834 sint
488 5788 692 5836 temere
727 5796 758 5835 a
796 5779 962 5852 laicis
1007 5780 1335 5851 accusandi;
1364 5781 1598 5852 scilicet,
1633 5779 1761 5861 quia

1862 5655 2026 5702 tanta:
2055 5649 2332 5720 dignitatis
2362 5660 2496 5728 sint,
2531 5662 2592 5706 ut
2621 5666 2826 5728 corpus
2855 5650 3068 5728 Domini
3098 5648 3321 5728 proprio
3347 5664 3455 5726 ραι

1865 5730 2189 5777 consecrent
2226 5732 2280 5780 et
2311 5723 2654 5780 confirment.
2691 5720 2816 5784 sev.
2857 5720 2975 5781 Bm.
