3806 6208
378 347 510 408 1091
1555 336 1809 433 ΗῘΕΙΝΠ
1844 331 1942 394 PA]

2122 331 2466 396 iPlSTOLxE.
3509 340 3652 397 1099..

378 472 514 534 acia.
550 460 789 525 vindicta
815 462 1017 539 dignus
1054 468 1176 532 est,
1215 465 1312 532 qui
1355 462 1480 519 aliis
1521 464 1739 520 exsistit
1785 477 1955 520 causa
1982 468 2030 528 Α
2058 464 2155 536 qui
2177 463 2344 533 impie
2379 463 2556 520 acturi
2589 469 2740 527 sunt,
2775 477 3022 534 ponens;
3055 461 3211 533 quid,
3253 461 3466 533 putatis
3488 501 3507 527 ,
3547 463 3653 516 ini-

378 560 629 634 periculi.
656 559 759 627 Qui
793 573 921 614 vero
947 559 1319 622 innocentem,
1339 556 1421 612 vel
1450 555 1673 611 fratrem
1701 571 1956 626 quocun-
2055 559 2183 630 quis
2219 569 2275 614 et
2316 558 2500 628 impiis
2539 555 3020 628 perseverantibus
3067 555 3124 610 in
3160 555 3407 626 nequitia
3447 570 3651 611 eorum

376 670 489 725 que
525 652 744 724 ingenio
777 650 1145 722 persequitur,
1165 651 1282 721 ipse
1310 651 1364 705 in
1397 665 1456 706 se
1474 649 1725 720 jugulum
1758 649 1954 705 mortis
2055 651 2191 707 erit?
2213 649 2431 706 iustum
2455 665 2586 708 vero
2611 645 2712 704 Lot
2731 661 3075 718 oppressum,
3105 663 3136 703 a
3163 646 3536 703 nefandorum
3564 648 3652 701 in-

377 746 651 818 impingit,
682 751 743 798 ut
772 743 849 798 ait
879 743 1098 797 divinus
1123 752 1177 796 et
1204 741 1393 795 beatus
1423 754 1602 810 praeco
1627 753 1642 790 :
1672 758 1690 791 ι
1714 737 1834 793 Noli
1860 739 1955 794 de-

376 839 620 900 trahere,
645 851 715 891 ne
743 833 1074 899 eradiceris;
1100 832 1211 887 noli
1239 847 1522 898 accusare,
1550 847 1616 886 ne
1640 831 1950 898 accuseris;

376 931 489 987 noli
508 929 777 1000 judicare,
800 942 868 981 ne
886 925 1150 995 judiceris
1173 943 1185 980 :
1211 925 1340 995 quia
1366 925 1419 978 in
1443 940 1553 994 quo
1575 924 1784 994 judicio
1801 923 1952 994 judio

374 1021 606 1085 caveris,
627 1019 968 1091 iudicabitur
999 1017 1068 1073 de
1107 1025 1158 1072 te
1179 1017 1243 1070 ⁵⁸.
1273 1036 1292 1069 ι
1326 1015 1498 1071 Nemo
1529 1015 1826 1072 "creditur
1851 1031 1952 1072 nos

373 1117 577 1181 odisse,
604 1128 841 1184 quorum
860 1111 1124 1167 relatione
1142 1125 1250 1166 non
1277 1109 1510 1165 laeditur.
1534 1109 1672 1164 Dicit
1689 1109 1832 1164 enim
1848 1109 1954 1163 Do-

375 1203 578 1264 minus:
607 1225 627 1259 (
655 1203 831 1260 Omne
848 1219 1075 1274 regnum
1095 1205 1149 1259 in
1173 1218 1232 1258 se
1247 1203 1502 1268 divisum,
1526 1217 1634 1257 non
1653 1203 1895 1268 stabit“;
1925 1219 1946 1254 ι

371 1293 555 1357 omnis
579 1299 808 1356 scientia
833 1306 930 1352 aut
958 1298 1145 1369 regula
1174 1297 1464 1352 adversum
1494 1311 1552 1350 se
1593 1295 1768 1350 divisa
1789 1337 1802 1359 ,
1840 1310 1950 1350 non

372 1393 559 1448 stabit.
585 1390 821 1460 Ideoque
840 1404 1067 1445 necesse
1088 1397 1192 1456 est,
1221 1397 1281 1444 ut
1309 1387 1657 1444 concorditer
1700 1386 1950 1442 salubres

371 1483 689 1555 suscipiatis
705 1484 746 1516 ⁸⁸
773 1486 1045 1549 hortatus,
1063 1483 1203 1538 nihil
1231 1493 1329 1552 per
1358 1481 1766 1537 contentionem
1784 1495 1952 1551 agen-

369 1587 474 1644 tes,
510 1577 606 1634 sed
635 1576 704 1631 ad
729 1591 893 1632 omne
923 1575 1168 1632 studium
1191 1574 1500 1630 devotionis
1533 1573 1842 1637 unanimes,
1873 1570 1951 1627 di-

369 1671 514 1727 vinis
547 1679 601 1725 et
628 1670 945 1740 apostolicis
974 1667 1466 1724 constitutionibus
1507 1665 1776 1736 parcatis:

439 1763 572 1819 Data
597 1780 710 1818 xvu
740 1763 1012 1820 Kalendas
1037 1759 1313 1827 Octobris,
1337 1758 1536 1831 Magno
1565 1769 1621 1816 et
1655 1759 1948 1816 Camerino

369 1857 690 1913 consulibus
713 1857 758 1890 "

935 1968 1272 2024 EPISTOLA
1321 1968 1382 2024 11.

836 2099 916 2138 ΑΒ
971 2095 1477 2136 ATHENIENSED.

433 2199 766 2258 'ﬂdltortalur
790 2217 877 2254 eos
899 2215 962 2253 ne
987 2199 1149 2254 vitam
1177 2211 1298 2251 cum
1319 2194 1621 2266 inﬁdelibus
1658 2194 1874 2250 ductant.

440 2338 708 2412 Hyginius
737 2337 786 2370 “
810 2351 970 2406 papa,
999 2331 1449 2396 Atheniensibus,
1481 2329 1734 2386 salutem.

443 2452 463 2485 ι
497 2431 662 2487 Multa
710 2429 847 2484 mihi
888 2427 1089 2483 llducia
1135 2433 1222 2481 est
1259 2423 1404 2494 apud
1451 2438 1586 2489 vos,
1632 2421 1852 2486 fratres,
1894 2429 1948 2475 et

363 2525 538 2594 multa
579 2523 833 2596 gloriatio
859 2536 960 2592 pro
1007 2519 1188 2578 vobis.
1237 2517 1498 2586 Repletus
1537 2529 1658 2569 sum
1697 2513 1950 2568 consola-

363 2620 537 2685 tione,
563 2613 953 2686 superabundo
984 2610 1187 2682 gaudio
1218 2610 1273 2665 in
1305 2609 1456 2665 omni
1478 2606 1832 2664 tribulatione
1854 2619 1949 2658 ve-

364 2719 480 2766 stra
512 2709 578 2764 “.
619 2725 638 2758 ι
685 2705 952 2760 Tribulor
1006 2702 1154 2757 enim
1203 2699 1428 2771 quando
1471 2697 1539 2754 de
1588 2697 1746 2752 vobis
1785 2695 1950 2750 audio

363 2800 512 2872 quod
562 2814 673 2855 non
719 2805 970 2868 oportet;
1002 2792 1260 2849 consolor
1312 2805 1443 2846 vero
1464 2828 1479 2856 ,
1517 2787 1738 2859 quoties
1767 2801 1831 2841 ea
1863 2785 1951 2840 in-

362 2903 445 2948 ter
466 2906 566 2946 vos
591 2889 708 2946 fieri
729 2901 1062 2959 cognovero,
1085 2899 1208 2955 qua:
1228 2884 1404 2939 bonos
1423 2881 1770 2936 Christianos
1794 2878 1950 2934 decet

362 2983 611 3054 implere.
664 3001 686 3032 ‹
714 2979 914 3045 Nolite,
942 2977 1166 3042 fratres,
1193 2976 1388 3048 jugum
1429 2975 1629 3029 ducere
1658 2987 1783 3027 cum
1820 2970 1947 3024 inti-

362 3079 579 3134 delibus
607 3076 674 3130 ⁸⁵.
705 3094 724 3128 ι
748 3072 906 3129 Unde
935 3071 1140 3126 Doctor
1169 3068 1416 3140 gentium
1440 3064 1707 3136 loquitur,
1732 3062 1946 3118 dicens:

368 3189 389 3224 ς
425 3169 559 3237 Quae
603 3165 956 3240 participatio
993 3162 1222 3234 iustitia:
1269 3175 1394 3216 cum
1430 3155 1757 3228 iniquitate?
1806 3152 1944 3220 Quis
1971 3179 2013 3238 ο

361 3270 547 3318 autem
577 3273 884 3316 consensus
906 3255 1108 3325 templo
1137 3253 1229 3309 Dei
1261 3268 1388 3308 cum
1415 3247 1613 3306 idolis?
1648 3245 1761 3302 Vos
1796 3246 1944 3302 enim

359 3355 496 3411 estis
519 3351 781 3423 templum
813 3349 911 3408 Dei
946 3350 1078 3416 vivi,
1105 3349 1251 3406 sicut
1278 3345 1414 3402 dicit
1449 3341 1752 3398 Dominus:
1796 3338 1947 3406 Quo-

360 3450 512 3506 niam
545 3445 864 3502 inbabitabo
892 3445 947 3498 in
977 3442 1105 3505 illis,
1131 3452 1185 3496 et
1207 3437 1584 3503 inambulabo,
1615 3446 1670 3491 et
1695 3449 1792 3489 ero
1822 3432 1946 3486 illo-

359 3560 482 3600 rum
514 3543 695 3609 Deus,
740 3549 795 3596 et
836 3540 938 3610 ipsi
984 3545 1149 3594 erunt
1193 3535 1330 3596 mihi
1380 3532 1620 3606 populus
1657 3531 1724 3588 “.
1759 3549 1780 3595 ρ
1815 3530 1858 3561 ⁸⁷
1887 3526 1947 3582 Si

360 3636 506 3694 enim
538 3634 684 3690 Deus
723 3632 935 3705 angelis
980 3629 1334 3701 peccantibus
1365 3641 1478 3686 non
1524 3622 1765 3695 pepercit
1789 3660 1806 3686 ,
1851 3619 1948 3675 sed

359 3727 689 3784 rudentibus
718 3723 922 3779 inferni
951 3723 1252 3788 detractos,
1297 3719 1354 3774 in
1391 3725 1658 3774 tartarum
1697 3712 1944 3775 tradidit,

359 3819 415 3874 in
436 3817 707 3890 judicium
729 3815 1059 3873 cruciandos
1081 3811 1445 3878 reservari,et
1461 3806 1716 3879 originali
1738 3804 1944 3860 mundo

358 3928 471 3968 non
501 3911 779 3983 pepercit,
813 3908 908 3965 sed
934 3916 1187 3963 octavum
1213 3903 1330 3960 Noe
1371 3902 1598 3974 iustitiae
1634 3911 1943 3970 praeconem

359 4003 679 4069 custodivit,
701 4002 972 4058 diluvium
1006 4000 1214 4055 mundo
1243 3999 1540 4070 impiorum
1573 3993 1864 4056 inducens,
1892 3998 1948 4044 ct

359 4099 610 4155 civitates
634 4095 1003 4152 Sodomorum
1027 4102 1082 4148 et
1113 4091 1599 4148 Gomorrbaiorum
1626 4087 1682 4140 in
1704 4085 1945 4141 cinerem

358 4193 651 4265 redigcns,
692 4188 977 4246 eversione
1006 4186 1331 4250 damnavit,
1371 4181 1683 4253 exemplum
1723 4191 1940 4244 eorum,

2051 744 2196 815 juria
2224 753 2280 799 et
2301 741 2715 799 conversatione
2745 743 2790 775 ⁸⁸
2819 741 2996 808 eruit;
3019 751 3244 811 aspectu
3273 741 3422 796 enim
3462 747 3522 796 et
3543 756 3647 795 au-

2055 835 2172 893 ditu
2213 837 2396 908 justus
2429 845 2568 902 erat,
2602 835 2862 892 habitans
2888 836 3029 906 apud
3055 847 3174 900 eos,
3208 834 3301 906 qui
3337 835 3408 889 de
3455 835 3549 889 die
3588 835 3646 888 in

2055 931 2198 986 diem
2243 929 2484 984 animam
2521 929 2729 1001 justam
2768 929 2976 999 iniquis
3003 927 3260 998 operibus
3288 927 3643 983 cruciabam.

2053 1008 2219 1077 Novit
2244 1021 2511 1077 Dominus
2534 1022 2655 1092 pios
2687 1021 2755 1077 de
2783 1021 3087 1076 tentatione
3115 1020 3327 1090 eripere
3352 1060 3368 1086 ,
3417 1019 3642 1090 iniquos

2055 1129 2186 1169 vero
2213 1114 2267 1169 in
2304 1115 2447 1170 diem
2485 1113 2681 1185 judieii
2717 1113 3048 1170 cruciandos
3098 1128 3417 1181 reservare;
3464 1115 3641 1186 magis

2053 1217 2236 1262 autem
2281 1222 2379 1264 eos
2416 1207 2510 1279 qui
2541 1216 2667 1278 post
2704 1223 2927 1263 carnem
2973 1208 3027 1262 in
3055 1207 3508 1278 concupiscentia
3539 1207 3643 1261 im-

2053 1301 2338 1355 munditiaa
2360 1301 2668 1365 ambulant,
2693 1299 3640 1369 dominationcmquc‘contemnunt,

2052 1393 2311 1459 audaces,
2343 1392 2449 1447 sibi
2478 1393 2757 1463 placentes
2795 1401 2975 1447 sectas
3006 1405 3114 1446 non
3159 1400 3410 1446 metuunt
3438 1389 3640 1454 facere,

2051 1483 2518 1553 blasphemantcs.
2545 1479 2701 1537 Unde
2717 1481 2881 1537 alieni
2905 1485 3114 1536 erroris
3139 1481 3351 1537 socium
3371 1483 3413 1514 θ’
3438 1497 3470 1536 a
3491 1482 3577 1536 sui
3596 1482 3644 1513 τ’

2050 1576 2320 1647 propositi
2352 1575 2573 1631 tramite
2603 1575 2974 1640 recedentem,
3007 1585 3102 1632 aut
3136 1576 3455 1646 apostolicae
3495 1575 3645 1631 sedis

2047 1666 2392 1738 jussionibus
2417 1666 2846 1730 inobedientem,
2872 1665 3153 1736 suscipere
3183 1681 3291 1720 non
3315 1681 3643 1736 possumus;

2051 1775 2148 1813 nec
2171 1760 2432 1828 impetere
2446 1757 2490 1790 '“
2507 1763 2652 1813 recte
2667 1758 2972 1823 credentes,
2983 1759 3068 1813 vel
3087 1768 3401 1813 sanctorum
3415 1758 3647 1814 Patrum

2047 1850 2393 1922 jussionibus
2409 1850 2845 1920 obtemperantes
2868 1850 3260 1920 permittimur,
3279 1851 3408 1922 quia
3424 1851 3573 1906 inter
3585 1851 3649 1906 ﬁ-

2050 1942 2200 1998 deles
2220 1950 2275 1996 et
2289 1941 2536 1996 infideles
2556 1956 2755 2012 magna
2777 1940 2940 1996 debet
2954 1956 3077 1996 esse
3093 1941 3372 1996 discretio.
3394 1939 3454 1995 Si
3473 1941 3648 2010 Deus,

2051 2031 2268 2099 fratres,
2289 2032 2456 2103 justis
2481 2035 2527 2064 τ’
2555 2048 2662 2086 non
2694 2032 2958 2103 pepercit,
2976 2033 3107 2103 quid
3121 2032 3187 2088 de
3210 2034 3371 2088 nobis
3397 2044 3650 2104 peceato-

2049 2127 2202 2182 ribus
2222 2125 2338 2181 licri
2365 2125 2570 2195 putatis
2591 2125 2618 2179 ‘I
2639 2143 2658 2177 ι
2686 2124 2968 2180 Custodite
2988 2140 3087 2179 vos
3118 2125 3186 2180 ab
3202 2124 3354 2180 omni
3383 2125 3648 2195 inquina-

2049 2227 2235 2272 mento
2251 2217 2433 2272 carnis
2457 2225 2512 2270 et
2527 2215 2796 2284 corporis,
2810 2224 2872 2270 ut
2898 2215 3033 2270 salvi
3056 2215 3176 2270 sitis
3193 2216 3248 2269 in
3265 2215 3355 2271 die
3375 2216 3650 2273 adventus

2049 2309 2274 2366 Domini
2302 2310 2371 2366 ⁷⁸.
2410 2308 2592 2364 Unum
2625 2317 2810 2364 autem
2838 2308 2947 2364 hoc
2995 2324 3104 2364 non
3135 2310 3301 2364 lateat
3329 2326 3448 2372 vos,
3469 2311 3652 2366 putait

2039 2401 2381 2472 Apostolus,¢
2405 2400 2742 2464 charissimi,
2776 2399 2908 2471 quia
2939 2416 3083 2456 unus
3105 2401 3223 2456 dies
3267 2401 3408 2470 apud
3455 2400 3650 2456 Domi-

2050 2507 2202 2558 num,
2233 2491 2379 2548 sicut
2418 2491 2568 2546 mille
2610 2491 2767 2555 anni,
2803 2500 2860 2546 et
2888 2491 3036 2546 mille
3075 2492 3248 2556 anni,
3296 2492 3444 2546 sicut
3498 2508 3650 2546 unus

2047 2584 2186 2641 dies.
2211 2583 2331 2638 Non
2366 2585 2548 2646 tardat
2573 2583 2842 2639 Dominus
2873 2585 3295 2655 promissionem
3335 2600 3520 2652 suam,
3546 2588 3648 2642 sed

2049 2678 2322 2748 patienter
2341 2686 2625 2748 exspectat
2655 2687 2877 2748 pr0pter
2902 2694 3023 2745 vos,
3048 2679 3241 2734 nolens
3266 2678 3482 2749 aliquos
3512 2696 3650 2750 per-

2050 2769 2162 2835 ire,
2187 2768 2285 2824 sed
2314 2783 2510 2824 omnes
2551 2769 2620 2825 ad
2645 2769 3026 2840 paenitentiam
3055 2770 3257 2825 reverti
3279 2769 3347 2823 ".
3373 2769 3653 2828 Adveniet

2047 2873 2231 2920 autem
2261 2864 2382 2920 dies
2408 2862 2626 2918 Domini
2659 2871 2720 2917 ut
2751 2861 2876 2929 fur,
2905 2863 2962 2917 in
2987 2877 3098 2932 quo
3123 2861 3250 2917 caeli
3289 2877 3492 2932 magno
3535 2865 3652 2918 im-

2048 2966 2173 3027 petu
2200 2957 2498 3022 transient;
2535 2955 2806 3010 elementa
2855 2968 2988 3010 vero
3035 2954 3220 3009 calore
3261 2955 3545 3010 solventur
3569 2957 3651 3012 ⁷⁵.

2047 3048 2186 3104 Cum
2219 3049 2336 3104 hate
2361 3062 2495 3118 ergo
2521 3048 2708 3103 omnia
2733 3046 3082 3104 dissolvenda
3107 3047 3240 3115 sint,
3265 3047 3457 3118 quales
3478 3061 3656 3118 oporo

2051 3150 2126 3196 tet
2147 3156 2247 3197 vos
2277 3155 2400 3197 esse
2431 3141 2487 3194 in
2524 3141 2734 3196 sanctis
2755 3140 3278 3196 conversationibus
3316 3150 3374 3196 et
3415 3141 3654 3211 pictati—

2048 3235 2174 3303 bus,
2204 3243 2586 3304 exspectantes
2620 3243 2676 3290 et
2712 3244 3072 3305 properantes
3108 3235 3168 3289 in
3201 3234 3501 3290 adventum
3531 3235 3652 3292 diei

2049 3326 2168 3395 Dei,
2201 3343 2300 3398 per
2326 3342 2490 3398 quem
2525 3326 2650 3383 coeli
2671 3327 2931 3382 ardentes
2955 3326 3259 3393 solventur,
3287 3336 3345 3382 et
3367 3327 3654 3385 elementa

2047 3421 2190 3492 ignis
2234 3421 2418 3477 calore
2464 3421 2787 3477 tabescent?
2815 3418 2928 3476 Nos
2956 3435 3087 3476 vero
3117 3421 3292 3477 ctelos
3325 3435 3504 3476 novos
3528 3461 3546 3486 ,
3590 3433 3654 3478 et

2047 3524 2254 3570 terram
2278 3529 2499 3581 novam,
2533 3522 2588 3570 et
2622 3514 2894 3585 promissa
2926 3514 3100 3585 ipsius
3136 3525 3555 3584 exspectamus,
3590 3517 3652 3571 in

2047 3607 2250 3679 quibus
2266 3608 2483 3678 justitia
2513 3608 2788 3664 inhabitat
2815 3609 2885 3663 ⁷⁸.
2909 3607 3056 3665 Deus
3087 3616 3273 3664 autem
3307 3609 3500 3665 omnis
3525 3627 3654 3682 ςγδι

2045 3701 2158 3767 tim,
2181 3700 2277 3770 qui
2299 3700 2516 3756 vocavit
2558 3713 2659 3755 vos
2707 3699 2766 3753 in
2811 3707 3073 3754 aeternam
3103 3714 3264 3754 suam
3297 3699 3565 3770 gloriam,
3594 3701 3652 3756 in

2047 3793 2269 3850 Christo
2292 3791 2420 3849 Iesu
2458 3793 2736 3848 modicum
2761 3807 2982 3863 passos,
3007 3792 3125 3863 ipse
3145 3794 3408 3863 perﬁciet,
3437 3797 3652 3850 confir-

2049 3887 2223 3944 mabit
2245 3895 2301 3942 et
2322 3885 2601 3943 solidabit.
2629 3883 2739 3956 Ipsi
2762 3886 2934 3957 gloria
2960 3887 3323 3958 etimpcrium
3352 3888 3406 3942 in
3439 3890 3652 3945 secula

2051 3981 2404 4039 saeculorum.
2436 3979 2612 4033 Amen
2641 3979 2710 4034 ⁷⁷.
2751 3997 2772 4030 ι

2122 4076 2258 4130 Data
2287 4089 2322 4127 ι
2352 4065 2624 4127 Kalendas
2647 4069 2853 4139 Martii,
2882 4070 3078 4142 Magno
3101 4081 3155 4128 et
3184 4071 3489 4128 Camerino
3517 4090 3654 4130 con-

2049 4168 2264 4224 sulibus
2294 4168 2362 4221 ⁷⁸.

872 4422 991 4484 sx
1053 4415 1441 4480 DECRETlS
1477 4411 1796 4476 nvem"
1853 4408 2082 4472 PAPE
2143 4365 2570 4468 SECUNDUM
2605 4395 3114 4460 GRATIANUM.

786 4571 1002 4629 Soboles
1030 4585 1095 4626 ea:
1119 4568 1363 4625 secundis
1391 4566 1594 4637 nuptiis
1624 4563 1824 4624 aenita,
1854 4555 2260 4628 consanguineis
2291 4552 2483 4624 prioris
2503 4551 2603 4604 viri
2639 4544 2881 4612 copulari
2906 4559 3008 4597 non
3040 4541 3210 4596 debet.

426 4703 471 4734 ⁷⁸
505 4699 564 4753 Si
601 4713 709 4769 qua
739 4697 937 4752 mulier
973 4694 1254 4750 transierit
1276 4691 1347 4748 ad
1376 4687 1652 4747 secundas
1674 4686 1918 4756 nuptias,
1951 4693 2006 4738 et
2029 4698 2097 4747 ex
2132 4680 2212 4736 eis
2244 4676 2456 4748 prolem
2501 4669 2778 4733 habuerit,
2822 4668 2942 4738 ipsa
2970 4662 3152 4735 proles
3197 4675 3306 4716 non
3351 4668 3542 4731 potest
3593 4676 3649 4716 se

357 4797 620 4867 copulare
656 4787 978 4866 Cogitationi
1009 4790 1216 4862 prioris
1245 4789 1348 4844 viri
1371 4801 1548 4858 usque
1574 4785 1642 4840 ad
1671 4791 1923 4848 quartam
1952 4775 2385 4849 generationem.

1691 4923 1759 4961 EX
1787 4919 1982 4961 EISDEI
2013 4913 2294 4956 DECRETIS.

1187 5026 1552 5080 Ecclesiarum
1579 5019 1906 5076 consecratio
1930 5018 2125 5086 absque
2150 5013 2314 5067 missa
2334 5008 2451 5080 ﬁeri
2477 5021 2583 5060 non
2612 5003 2780 5057 debet.

442 5152 487 5187 ⁸ο
511 5149 716 5206 Omnes
746 5149 988 5204 basilicas
1009 5163 1135 5203 cum
1161 5147 1332 5202 missa
1365 5144 1568 5199 debent
1587 5156 1804 5212 semper
1836 5133 2171 5200 consecrari,
2213 5139 2268 5186 et
2298 5125 2550 5185 ecclesiae
2581 5123 2898 5178 destructaa.
2928 5115 3032 5172 Ubi
3066 5121 3248 5170 autem
3273 5110 3470 5183 plures
3493 5124 3638 5172 sunt,

412 5331 464 5392 \”
494 5329 626 5384 Luc.
650 5344 723 5390 vn,
741 5325 839 5390 37;
869 5325 1060 5380 Maltn.
1079 5341 1176 5392 vu,
1199 5325 1224 5380 1
1250 5343 1264 5392 ;
1288 5325 1448 5380 Rom.
1475 5339 1536 5377 ll.
1613 5319 1659 5352 ⁸⁸
1688 5307 2313 5392 Ιάίρῐη-Εηηοόἰυξέίρθζε
2341 5302 2777 5392 ρῖοηδυπδηιαξζιρ
2798 5295 3636 5392 extremis‘verbiSLRfS'iEi‘tubi

362 5374 769 5467 nem—legitur:
790 5374 800 5377 ⁷
1246 5374 1559 5467 Eia-rc.
1583 5391 1795 5467 111,31;
1815 5388 1942 5467 _Luc

2122 5374 2212 5464 1⁷(
2235 5374 2423 5467 ..ίῖξξκ
2441 5380 2566 5467 ιεῖίῗ.
2581 5374 2790 5467 €92.83;

2909 5373 2953 5403 θ’
2984 5369 3125 5425 falsa
3151 5369 3450 5426 consulum
3487 5378 3631 5422 nota.

365 5440 820 5541 ῗῖἱὶἷεῖἼϊῷὶιὶι.
856 5440 1085 5521 "ISK"
1107 5440 1215 5520 δῖ’
1231 5440 1374 5541 (ἷόᾖ
1390 5440 1497 5530 ἓῖῖξ
1515 5440 1942 5541 ϊξξῖείῑίᾱιιζ

2234 5456 2279 5536 ⁶ῗ
2309 5452 2589 5541 ιδίά;;-¹ἑ·
2617 5440 3063 5541 ’,Ϊῖἐίεξῖἳιξεωξξν
3083 5440 3452 5541 BP}???
3470 5440 3637 5541 iiii?

403 5543 584 5597 olatis.
649 5539 661 5541 ⁷
696 5539 740 5572 ⁸⁸
775 5539 1055 5592 luxuriosa
1082 5539 1496 5593 conversatione.

399 5613 517 5666 ulii.

1611 5534 1655 5568 ον
1687 5510 2074 5600 Sisines-3i
2104 5526 2277 5600 Αιίεηί
2299 5541 2410 5579 εττ-
2438 5510 2587 5600 Exin
2621 5519 2772 5600 de?“
2803 5511 3369 5600 Di°"Y.S“,.P?PaEz._°}_
3391 5510 3631 5600 3'19???

624 5611 670 5644 το
698 5581 1471 5673 ms'."IJé.-X¢;ie?£f;éi"i
1483 5581 1660 5660 limo.
1730 5581 2085 5673 1"‘1impedire,
2111 5599 2393 5673 itactnls.
2472 5595 2518 5626 ⁷³
2541 5609 2627 5673 eos
2648 5581 3371 5673 μιίᾳεεεπρξζίευξριιιειξκέξίε
3387 5583 3631 5673 Ρξπξςξξς

364 5650 641 5736 minii-or.
673 5650 1259 5745 νῖἶῖ’1ἶ”’ἶί”ῐῖ’ὗὲι”ιῖ’
1271 5650 1326 5734 ιῖι
1336 5650 1429 5745 δεῖ
1442 5650 1634 5733 iw"?
1647 5650 1676 5727 ἰ
1705 5650 1941 5745 mea?

2140 5650 2292 5721 "un
2315 5665 2465 5745 13w.
2491 5680 2576 5730 ιιι,
2606 5650 2813 5745 (1.,ςῂ
2837 5650 3114 5745 {rein}:
3137 5653 3225 5714 (υ,
3256 5652 3344 5745 ιιι.
3380 5651 3471 5745 Ὶῖε
3504 5650 3631 5745 (ηιξ

370 5751 554 5804 itidcm
588 5750 848 5817 temporis
873 5750 1170 5808 adnotatio.

369 5821 428 5876 in
456 5819 608 5873 Decr.
641 5821 790 5874 lvon.
825 5819 919 5873 lib.
948 5834 1008 5873 ll.

1278 5741 1436 5816 "'35-,
1468 5766 1524 5828 (ι.
1557 5747 1657 5802 i0:
1690 5744 1750 5800 Si
1777 5761 1880 5815 qua
1907 5741 2120 5797 mulier.

2232 5718 2292 5772 δῖ
2310 5718 2649 5792 Βὲκὲὸηεέσν.
2681 5726 2925 5784 distinct.
2955 5724 3017 5780 ιι
3049 5725 3244 5780 Omnes
3272 5720 3544 5778 basilice.
3572 5718 3634 5771 ΕΙ
