3758 6216
52 281 194 338 “2|
1567 294 1958 352 EPISTOLA‘I.
3281 295 3304 348 ‘l
3324 296 3420 352 122

51 406 326 474 aliquam
365 408 774 482 astrologiam
806 410 889 464 vel
925 410 1332 482 philosophiam
1377 412 1490 483 (59.)
1530 422 1584 466 ct
1612 412 1730 466 ina-
1763 403 1810 475 Α
1840 412 1986 466 malo
2030 411 2291 467 thesauro
2321 413 2506 469 cordis
2558 412 2644 468 sui
2676 411 2886 483 profert
2917 412 3081 468 mala.
3133 416 3209 473 Ex
3241 417 3417 472 abun-

54 517 191 556 nem
249 503 613 572 fallaciam,
651 505 958 560 secundum
1010 507 1366 561 traditionem
1421 507 1730 573 hominum,
1834 503 2018 558 dantia
2045 505 2191 559 enim
2219 505 2404 561 cordis
2427 521 2490 561 os
2523 505 2769 576 loquitur
2799 507 2842 560 ³.
2886 524 2906 558 ›
2945 505 3072 559 Ideo
3111 521 3341 576 persona
3369 517 3424 563 et

50 595 405 650 secundum
438 597 744 652 elementa
772 599 983 664 mutuli,
1013 609 1066 653 et
1095 614 1206 653 non
1233 599 1535 655 secundum
1570 599 1733 654 Chri—
1832 596 2020 666 opinio
2045 612 2111 652 ac
2136 597 2247 652 vita
2290 595 2730 667 uniuscujusque
2753 596 2808 650 in
2848 595 3007 650 initio
3033 596 3284 652 rimanda
3313 607 3422 664 est,

51 697 211 742 stum
251 708 273 739 ι
317 697 382 743 et
434 691 828 745 traditionem
867 699 1109 757 rectam;
1149 709 1166 741 ‹
1215 691 1268 744 in
1317 689 1541 746 Christo
1573 690 1722 745 enim
1829 687 1961 760 quia
1992 689 2119 742 boni
2168 703 2387 758 semper
2433 687 2762 744 infestantur
2792 705 2823 743 a
2852 688 3035 744 malis.
3089 688 3224 743 Boni
3265 691 3416 745 enim

53 780 292 835 habitat
330 783 556 838 omnis
596 784 885 855 plenitudo
913 783 1221 839 divinitatis
1249 784 1643 854 corporaliter,
1671 791 1729 838 ut
1829 796 1956 836 cum
1978 781 2164 846 malis,
2192 781 2320 835 licet
2343 780 2493 836 misti
2525 781 2640 836 sint
2678 781 2732 834 in
2766 779 3032 848 Ecclesia,
3068 781 3158 836 vix
3185 797 3421 838 concor-

53 875 186 930 sitis
221 876 283 929 in
322 875 433 930 illo
461 880 706 948 repleti,
730 880 824 949 qui
864 889 948 935 est
978 889 1144 948 caput
1174 879 1358 931 omnis
1384 877 1728 947 principatus
1827 875 2348 941 dareinveuiuntur,
2367 874 2630 944 quoniam
2653 873 2939 932 dissimilis
2957 884 3246 931 esteorum
3266 878 3412 948 cogi-

53 978 110 1022 et
135 970 475 1038 potestatis
501 971 589 1036 ’°,
638 991 655 1023 ι
690 972 783 1042 qui
812 982 868 1026 et
924 973 1066 1028 hanc
1098 981 1348 1026 sanctam
1378 971 1560 1026 sedem
1593 985 1727 1041 apo-
1827 967 1980 1033 tatio,
2013 968 2266 1023 voluntas
2282 978 2335 1023 et
2367 976 2540 1022 actus.
2567 968 2588 998 ³
2615 965 2762 1021 Nihil
2786 969 2934 1022 enim
2957 967 3182 1038 prodest
3204 969 3417 1026 homini

58 1062 338 1116 stolicam
377 1063 672 1117 omnium
703 1062 1079 1119 Ecclesiarum
1109 1071 1276 1133 caput
1299 1078 1419 1118 esse
1443 1062 1722 1132 praecepit,
1821 1058 2093 1130 jejunare,
2111 1071 2166 1115 et
2183 1075 2366 1125 orare,
2397 1069 2453 1114 ct
2482 1060 2589 1115 alia
2610 1060 2892 1132 religionis
2916 1061 3060 1116 bona
3093 1077 3276 1133 agere,
3309 1063 3416 1119 nisi

55 1155 185 1224 ipso
221 1153 479 1210 dicente
517 1157 767 1228 principi
803 1157 1179 1228 apostolorum
1213 1173 1226 1204 ε
1255 1154 1378 1210 «Tu
1411 1173 1472 1212 es
1503 1157 1721 1223 Petrus,
1825 1167 1982 1208 mens
2025 1153 2094 1207 ab
2133 1154 2423 1223 iniquitate
2470 1165 2781 1220 revocetur,
2819 1163 2874 1208 et
2900 1155 2970 1208 ah
2996 1155 3414 1212 obtrectationi-

58 1259 115 1302 e'.
150 1262 338 1317 super
400 1248 576 1304 hanc
620 1260 830 1320 petram
861 1250 1147 1305 mdilicabo
1184 1250 1486 1306 Ecclesiam
1518 1266 1720 1317 meam,
1823 1244 1928 1301 bus
1963 1245 2149 1316 lingua
2179 1247 2526 1302 cohibeatur.
2559 1245 2715 1302 Unde
2746 1247 2822 1302 ait
2843 1247 3176 1318 Prophetazc
3202 1249 3413 1306 Cohibe

57 1350 117 1396 et
153 1349 354 1408 porta:
395 1339 594 1396 interi
629 1360 736 1397 non
769 1342 1149 1412 prmvalehunt
1191 1343 1456 1398 adversus
1485 1350 1723 1409 eam;et
1823 1333 2065 1405 linguam
2105 1345 2257 1390 tuam
2302 1352 2334 1390 a
2371 1337 2539 1401 malo,
2585 1346 2640 1392 et
2681 1338 2822 1392 labia
2865 1348 2957 1393 tua
3003 1355 3070 1394 ne
3115 1341 3412 1411 loquantur

62 1435 166 1490 tibi
199 1435 360 1491 dabo
426 1437 642 1494 claves
697 1438 846 1508 regni
899 1437 1165 1492 cmlorum
1191 1455 1206 1502 ;
1253 1446 1307 1493 et
1353 1436 1722 1507 quodcunque
1821 1422 2030 1478 dolum.
2053 1423 2267 1480 Diverte
2296 1441 2325 1479 a
2349 1427 2516 1490 malo,
2546 1435 2600 1481 et
2629 1425 2718 1482 fac
2746 1428 2952 1483 bonum
2972 1429 3046 1482 ⁸.)
3076 1428 3247 1485 Nemo
3263 1433 3409 1488 enim

61 1527 347 1597 ligaveris
383 1543 590 1598 super
621 1540 847 1595 terram,
874 1529 982 1584 erit
1030 1530 1256 1599 ligatum
1294 1540 1349 1584 et
1376 1530 1431 1583 in
1459 1529 1637 1595 caelo;
1667 1535 1721 1584 ct
1821 1516 2030 1572 bonum
2064 1517 2294 1583 ίειοίθηεν
2330 1519 2486 1574 alteri
2519 1520 2690 1574 verbo
2713 1531 2806 1582 al."
2838 1519 2984 1575 Γθειο
3014 1538 3212 1577 ηοοθτθ
3243 1525 3360 1578 νυιι
3390 1542 3406 1591 ;

65 1620 481 1690 quodcunque
520 1621 768 1676 solveris
798 1636 964 1691 super
999 1631 1224 1685 terram,
1255 1621 1361 1675 erit
1397 1622 1683 1676 solutumt

1870 1610 2220 1665 nantominus
2250 1611 2304 1664 in
2331 1611 2352 1642 ⁸
2385 1612 2754 1681 suspicionem
2798 1613 2959 1668 debet
2999 1615 3186 1671 venire
3230 1616 3408 1672 ﬁdelis

66 1713 122 1767 in
149 1712 307 1769 cmlo
345 1714 429 1767 9’.
472 1733 495 1766 ι
531 1712 674 1769 Sine
713 1713 885 1768 dubio
932 1714 1027 1784 qui
1078 1723 1269 1768 contra
1309 1714 1570 1768 mandata
1615 1713 1710 1768 Dei
1820 1702 2007 1770 homo.
2041 1715 2100 1759 ιιι
2136 1704 2284 1759 ἀίοδῑ
2323 1713 2420 1759 θυι
2458 1703 2625 1761 “om
2665 1721 2728 1762 ea
2769 1722 2893 1777 qua”
2937 1707 3050 1777 Pati
3091 1725 3200 1764 "0n
3237 1709 3404 1764 VU“?

69 1806 208 1876 agit,
263 1817 513 1876 peccat,
571 1791 631 1862 et
667 1807 759 1877 qui
805 1822 1143 1862 consensum
1203 1816 1429 1876 priestat
1479 1807 1683 1860 erranti

1870 1793 2007 1861 Quia
2039 1796 2218 1852 omnis
2246 1797 2492 1868 suspicio
2519 1799 2700 1869 potius
2737 1800 3046 1870 repellenda
3086 1811 3198 1869 est,
3235 1819 3403 1873 quam

69 1898 115 1928 ει
144 1893 299 1962 ρυίι]
328 1895 503 1950 enim
538 1897 768 1966 prodest
795 1895 892 1959 illi,
922 1911 1023 1950 suo
1051 1911 1239 1951 (πνοι-ε
1268 1911 1375 1952 non
1401 1897 1592 1968 pollui,
1618 1898 1714 1968 qui
1817 1889 2166 1957 approbanda
2218 1890 2301 1944 vel
2350 1890 2684 1960 recipienda.
2729 1911 2749 1945 ι
2783 1891 3040 1949 Charitas
3088 1896 3236 1950 enim
3289 1913 3402 1953 non

74 2002 436 2044 consensum
471 1997 714 2059 praestat
741 1990 946 2044 erranti
979 1989 1064 2043 93?
1814 1980 2012 2050 quaerit
2057 1996 2184 2051 quae
2228 1997 2326 2037 sua
2369 1985 2566 2051 sunt",
2601 2001 2622 2035 ι
2649 1984 2744 2040 sed
2785 2001 2908 2056 quae
2955 1986 3230 2056 aliorum;
3269 1992 3400 2059 quia

888 2087 957 2140 IL
1813 2072 1980 2128 unius
2016 2088 2205 2142 causa,
2237 2075 2535 2130 multorum
2571 2092 2679 2132 non
2711 2086 2796 2133 est
2834 2077 3169 2148 praeferenda
3204 2102 3216 2137 :
3247 2101 3265 2133 ι
3298 2082 3400 2138 Se-

77 2179 117 2232 A
165 2178 372 2250 quibus
405 2194 531 2234 non
573 2187 816 2248 oporteat
845 2180 1115 2250 episcopos
1143 2181 1422 2248 accusari,
1457 2191 1504 2236 et
1532 2181 1598 2236 de
1626 2182 1710 2236 his

218 2252 318 2320 qui
359 2251 852 2321 transgrediuntur
868 2251 1028 2320 jussu
1069 2253 1375 2320 apostolica?
1402 2253 1564 2306 sedis.

145 2342 195 2372 ³⁸
227 2341 386 2398 Oves
418 2344 588 2398 enim
617 2351 896 2412 pastorem
925 2358 1088 2398 suum
1127 2358 1236 2397 nou
1279 2344 1704 2413 reprehendant,

82 2437 239 2508 plebs
265 2451 409 2492 vero
439 2437 777 2508 episcopum
804 2451 916 2491 non
947 2449 1192 2505 accuset,
1221 2453 1321 2494 nec
1348 2439 1543 2511 vulgus
1575 2454 1704 2494 eum

83 2543 304 2602 arguat,
337 2535 633 2602 quoniam
664 2552 682 2586 ι
717 2545 825 2586 non
855 2541 942 2588 est
979 2532 1286 2603 discipulus
1323 2549 1492 2600 super
1533 2535 1710 2607 magia

87 2635 290 2691 strum,
311 2643 512 2698 neque
543 2643 740 2683 servus
764 2642 932 2698 supra
961 2627 1250 2682 dominum
1281 2628 1352 2682 ".
1387 2648 1406 2682 ι
1449 2627 1703 2700 Episcopi

87 2727 270 2773 autem
307 2735 341 2774 a
394 2719 526 2775 Deo
582 2729 715 2775 sunt
754 2719 1062 2790 iudicandi,
1103 2720 1199 2790 qui
1245 2734 1342 2775 eos
1372 2720 1476 2775 sibi
1511 2720 1704 2776 oculos

91 2813 270 2883 elegit.
325 2811 480 2869 Nam
537 2829 569 2869 a
617 2813 856 2870 subditis
911 2823 1007 2868 aut
1053 2829 1234 2884 pravas
1280 2815 1406 2870 vitae
1458 2815 1702 2870 homini-

92 2904 191 2959 bus
241 2921 359 2960 non
415 2917 562 2962 sunt
603 2907 890 2977 arguendi,
923 2908 1009 2962 vel
1043 2907 1361 2975 accusandi,
1415 2917 1509 2963 aut
1557 2909 1702 2965 lace-

97 2997 284 3064 randi,
355 2997 490 3068 ipso
557 2997 792 3054 Domino
857 3001 1171 3071 exemplum
1216 3000 1420 3068 dante,
1478 3002 1701 3072 quando

95 3101 187 3155 per
208 3088 466 3157 seipsum
495 3099 554 3144 et
581 3104 690 3144 non
710 3105 808 3157 per
839 3091 1030 3157 alium,
1064 3091 1362 3146 vendentes
1383 3092 1698 3148 sacerdotes

1810 2164 2040 2220 ctamini
2067 2166 2414 2234 charitatem,
2444 2169 2781 2224 aemulamini
2818 2171 3127 2241 spiritualia
3157 2173 3200 2228 ⁸.
3251 2175 3398 2230 Cha-
3432 2225 3437 2230 .

1814 2258 1948 2314 ritas
1974 2260 2120 2315 enim
2164 2261 2378 2329 patiens
2408 2270 2512 2325 est,
2558 2262 2792 2331 benigna
2833 2273 2938 2318 est.
2983 2263 3236 2320 Charitas
3284 2281 3397 2322 non

1809 2352 2120 2419 aamulatur,
2155 2368 2264 2418 non
2294 2355 2406 2424 agit
2429 2369 2738 2424 perperam,
2764 2369 2874 2410 non
2905 2354 3146 2424 inﬂatur,
3181 2371 3289 2411 non
3313 2367 3399 2414 est

1809 2445 2120 2511 ambitiosa,
2149 2461 2258 2500 non
2292 2448 2491 2516 quaerit
2515 2462 2640 2518 quae
2661 2463 2761 2503 sua
2796 2457 2946 2514 sunt,
2981 2463 3087 2503 non
3117 2449 3394 2516 irritatur,

1810 2554 1918 2593 non
1949 2540 2157 2610 cogitat
2192 2541 2422 2607 malum,
2459 2555 2570 2596 non
2613 2542 2814 2612 gaudet
2865 2556 3034 2610 super
3081 2542 3394 2613 iniquitate,

1807 2633 2112 2702 congaudet
2131 2642 2314 2688 autem
2339 2633 2553 2688 veritati
2581 2652 2596 2700 ;
2622 2633 2806 2688 omnia
2834 2635 3028 2701 credit,
3058 2635 3240 2690 omnia
3272 2651 3396 2705 spe-

1808 2733 1913 2785 rat,
1942 2725 2127 2780 omnia
2163 2725 2418 2781 sustinct.
2447 2723 2705 2780 Charitas
2733 2741 3016 2795 nunquam
3052 2727 3248 2782 excidi.
3273 2729 3318 2782 °.
3367 2746 3388 2780 ι

1807 2817 2036 2886 Semper
2063 2831 2198 2887 rogo
2228 2832 2350 2884 vos,
2383 2827 2442 2873 ut
2470 2817 2741 2873 deteriora
2777 2817 3062 2886 rejiciatis,
3088 2828 3143 2872 et
3164 2819 3392 2873 meliora

1804 2909 2131 2979 perﬁciatis;
2169 2909 2300 2980 quia
2336 2925 2438 2963 nos
2476 2923 2587 2962 non
2640 2908 2898 2977 spiritum
2937 2908 3129 2962 mundi
3173 2910 3390 2979 accepi-

1803 3015 1947 3066 mus,
2000 3002 2094 3056 sed
2120 3001 2373 3068 spiritum
2418 3001 2513 3070 qui
2545 3015 2612 3055 ex
2642 2998 2754 3055 Deo
2775 3010 2878 3066 est,
2912 3009 2970 3054 ut
2997 2998 3238 3055 sciamus
3267 3016 3392 3070 quae

1802 3109 1832 3148 a
1868 3093 1982 3148 Deo
2015 3093 2216 3149 donata
2260 3101 2388 3149 sunt
2417 3094 2598 3161 nobis,
2627 3102 2682 3149 et
2719 3107 2787 3148 ea
2831 3092 3124 3149 sectamini
3173 3093 3389 3149 indill‘e-

100 3190 148 3233 et
173 3191 427 3236 ementes
459 3182 636 3253 ejecit
666 3183 737 3238 de
771 3183 997 3253 templo,
1035 3191 1090 3238 et
1119 3198 1342 3239 mensas
1376 3185 1695 3241 nummula-
1723 3165 1765 3222 δ
1800 3197 2002 3240 renter.

99 3273 304 3329 riorum
335 3275 576 3346 preprio
605 3275 800 3331 evertit
827 3274 876 3306 ⁹⁶
907 3275 1141 3346 ﬂagello,
1171 3285 1226 3331 et
1256 3275 1417 3346 ejecit
1448 3277 1516 3332 de
1561 3285 1698 3333 tem-

103 3364 272 3432 plo".
322 3367 392 3422 Et
426 3370 581 3425 sicut
623 3368 753 3424 alibi
799 3384 895 3439 per
941 3367 1273 3440 Prophetam
1309 3370 1576 3440 loquitur,
1609 3371 1697 3426 di-

103 3471 226 3514 cens
259 3475 272 3512 :
309 3478 327 3511 ι
351 3459 508 3516 Deus
542 3461 691 3515 stetit
726 3461 781 3515 in
817 3460 1104 3532 Synagoga
1136 3461 1387 3529 deorum,
1422 3462 1477 3516 in
1517 3463 1700 3518 medio

108 3558 278 3606 autem
293 3553 432 3609 deos
447 3553 716 3609 discernit
728 3554 793 3606 ⁸³.
809 3555 882 3604 »9³
902 3551 958 3608 Si
975 3554 1100 3624 quis
1118 3568 1249 3609 vero
1263 3570 1293 3608 a
1307 3570 1410 3610 suo
1423 3555 1702 3626 proposito

107 3651 405 3702 retrorsum
437 3647 853 3711 exorbitaverit,
886 3657 939 3703 et
963 3648 1180 3718 jussum
1217 3647 1529 3717 aposmlicze
1551 3647 1697 3703 sedis

109 3733 329 3794 [uenter
386 3750 778 3812 transgressus
808 3740 1005 3809 fuerit,
1047 3739 1271 3796 infamis
1302 3740 1553 3794 ellicitur.
1589 3737 1695 3794 lle-

111 3830 316 3896 probari
359 3848 499 3906 ergo
536 3845 751 3904 oportet
779 3849 971 3888 eorum
1017 3833 1456 3904 redargutiones,
1497 3832 1591 3902 qui
1639 3831 1693 3886 in

113 3931 249 3977 recta
279 3924 386 3982 lide
410 3929 658 3998 suspecti
685 3937 834 3982 sunt.
870 3927 887 3958 ¹
916 3926 1078 3983 Fides
1110 3937 1293 3983 autem
1320 3937 1374 3982 et
1400 3941 1695 3981 conserva-

116 4012 185 4068 tio
203 4016 442 4084 primum
471 4022 767 4077 scrutanda
784 4031 888 4089 est,
913 4030 968 4075 et
991 4021 1193 4087 denuo,
1219 4021 1312 4092 qui
1347 4019 1692 4090 irreprehen-

119 4106 292 4166 sihiles
330 4115 714 4184 apparuerint,
750 4123 882 4169 sunt
923 4114 1324 4184 recipiendi,et
1351 4129 1456 4168 non
1489 4114 1684 4184 prius;

120 4196 233 4262 Quia
251 4217 268 4249 ι
292 4201 473 4260 bonus
495 4203 682 4272 homo,
711 4214 946 4282 testante
975 4203 1236 4260 Veritatis
1264 4220 1418 4272 voce,
1449 4222 1517 4261 ex
1544 4205 1689 4262 hono

121 4285 360 4348 thesauro
387 4295 570 4351 cordis
603 4296 687 4351 sui
718 4293 926 4366 profert
947 4294 1112 4362 bona,
1150 4303 1205 4348 et
1229 4295 1408 4349 malus
1437 4293 1600 4349 homo
1621 4311 1688 4350 ex

1870 3271 2004 3324 Data
2054 3271 2289 3341 septimo
2342 3270 2469 3326 ldus
2502 3271 2705 3341 Aprilis
2736 3273 2804 3335 ιο,
2861 3274 3026 3331 Claro
3081 3282 3137 3330 et
3182 3273 3386 3332 Severo

1799 3363 1934 3418 viris
1960 3364 2284 3421 clarissimis
2315 3365 2636 3422 consulibus
2666 3367 2732 3421 ¹¹.

2292 3498 2633 3576 EPISTOLA
2671 3503 2887 3574 11(55}.

2319 3630 2554 3670 lTALlClS
2591 3630 2848 3670 DIRECTA.

1800 3724 1932 3790 Qua:
1964 3725 2156 3780 divinis
2179 3737 2301 3780 sunt
2330 3729 2607 3798 assignato
2628 3729 2834 3794 usibus,
2867 3729 2936 3781 ad
2963 3728 3226 3782 humanos
3251 3745 3380 3785 usus

2043 3798 2156 3851 sine
2177 3799 2457 3870 sacrilegio
2496 3816 2600 3854 non
2622 3815 2772 3870 posse
2800 3801 3108 3868 transferri.

1866 3907 1996 3965 Pius
2028 3908 2290 3966 Romanae
2323 3913 2479 3968 urbis
2508 3913 2982 3984 archiepisc0pus,
3023 3913 3224 3971 Italicis
3269 3915 3383 3971 fra-

1796 4001 1972 4056 tribus
2001 4004 2228 4058 salutem
2254 4005 2307 4059 in
2336 4005 2593 4061 Domino.

1874 4091 2059 4161 Scitis,
2083 4094 2302 4162 fratres,
2328 4097 2457 4166 quia
2488 4115 2507 4148 ε
2545 4095 2641 4152 Dei
2676 4097 3007 4167 agricultura
3034 4115 3228 4155 sumus
3258 4099 3322 4164 “;
3351 4117 3370 4150 ι

1796 4183 1919 4239 ideo
1951 4185 2072 4256 ejus
2112 4186 2392 4257 adjutores
2429 4204 2552 4244 esse
2601 4189 2866 4244 debemus
2906 4193 3207 4245 secundum
3255 4207 3381 4262 gra-

1798 4275 1952 4341 tiam,
1978 4294 2141 4348 quam
2172 4281 2287 4350 ipse
2326 4280 2476 4336 dedit
2501 4281 2680 4338 nobis.
2719 4283 2777 4337 Si
2805 4293 2987 4338 autem
3016 4284 3119 4339 hoc
3141 4300 3265 4340 esse
3283 4299 3378 4340 ne-

182 4421 447 4503 ”_Euseh,
476 4432 531 4503 ip
559 4428 757 4484 Chron.
799 4429 876 4503 ad
901 4444 991 4484 an.
1023 4428 1153 4503 _lzl_5.
1249 4428 1295 4503 το
1322 4427 1507 4503 Cplos.
1541 4445 1600 4494 ιι,
1633 4428 1686 4493 8,
1715 4431 1765 4486 9.
1825 4433 1904 4503 j‘
1936 4431 2126 4489 Matth.
2167 4450 2278 4501 va,
2305 4434 2391 4502 l8,
2424 4435 2510 4491 l9.
2587 4437 2633 4470 θ’
2667 4439 2720 4503 5,
2745 4437 2988 4493 distinct.
3022 4454 3035 4488 :
3067 4438 3208 4503 Quid
3233 4439 3376 4494 enim

123 4495 362 4574 prodest:
403 4502 453 4574 ξ’
479 4499 666 4574 Herm.
691 4517 775 4570 ep.
799 4501 899 4574 25.
969 4500 1126 4574 Ῠξδ-ϐ,
1157 4516 1212 4571 q.
1246 4501 1268 4553 1
1297 4515 1313 4554 :
1347 4499 1477 4574 Ores
1504 4513 1788 4574 pastorem.
1825 4501 1889 4557 Et
1912 4505 1965 4558 in
1993 4495 2300 4561 Dechvon.
2334 4495 2427 4560 lih.
2461 4523 2534 4562 tv.
2615 4507 2660 4540 9'
2689 4495 2877 4562 Matth.
2905 4526 2959 4568 κ.
3131 4507 3265 4564 Luc.
3295 4526 3372 4573 vr.

271 4569 472 4647 f‘_lsid_.
508 4572 601 4637 lll,
627 4561 768 4647 se_n't.
798 4572 886 4647 $9.
964 4573 1009 4604 ⁸⁷
1041 4561 1199 4647 Joatf.
1229 4587 1320 4647 ll.”
1367 4571 1413 4602 ⁹⁸
1446 4561 1590 4647 Psal.
1616 4588 1680 4626 Lx

1870 4614 1879 4627 .
1971 4577 2016 4607 9"
2049 4577 2102 4642 '5,
2135 4593 2191 4645 q.
2231 4577 2294 4630 4:
2329 4576 2386 4632 Si
2417 4561 2532 4647 quis
2563 4561 2813 4633 veroid.”
2841 4580 2855 4610 ¹
2888 4561 3054 4633 Hadr.
3083 4561 3289 4644 colldd,

269 4641 291 4672 '
317 4633 636 4720 Ma_tth.__s_tl_,_
669 4643 765 4720 δὸς
798 4642 930 4696 Luc.
965 4658 1039 4720 γι,
1173 4712 1204 4720 _
1231 4643 1252 4674 ³
1279 4642 1481 4720 Caesar.
1509 4643 1657 4720 hom.
1688 4633 2101 4720 Ξρςρεῌρωῃὶιξ
2120 4633 2362 4720 distinct.
2391 4633 2457 4720 5':
2495 4648 2650 4704 Nihil
2681 4651 2929 4720 prodest;
2961 4662 3013 4706 et
3037 4649 3113 4704 De
3135 4633 3370 4706 consecr:

129 4703 353 4792 distinct:
379 4703 636 4792 SLNihil
673 4703 814 4792 enim
852 4703 1084 4792 prodest.
1121 4712 1144 4744 ⁵
1168 4712 1316 4792 ΡείιιΖ
1351 4729 1562 4792 nuru,
1580 4715 1678 4778 14,

1882 4703 2018 4792 Sixti
2046 4719 2177 4792 phil.
2207 4729 2348 4773 sent.
2374 4719 2475 4773 168
2490 4703 2565 4792 et
2589 4703 2709 4776 169'.
2746 4703 2835 4784 ‘6,
2855 4703 3009 4792 (ιζιῖ
3039 4703 3372 4792 οῡεέράέιοζ

129 4789 240 4864 ξένῃ.
286 4783 353 4864 ﬂ"
379 4790 398 4839 l
427 4785 556 4839 Cor.
587 4800 708 4864 Xlll,
891 4784 913 4815 ⁸
939 4785 958 4837 l
984 4785 1109 4864 Conr.
1149 4801 1262 4864 351v,
1283 4785 1377 4864 _l_.h
1422 4786 1496 4864 ξι
1526 4785 1807 4864 Cor._snt,
1836 4787 1890 4851 4,
1925 4787 2005 4864 8.⁸
2046 4783 2102 4820 ἰο
2151 4789 2205 4843 in
2239 4805 2342 4844 ms.
2377 4806 2429 4844 Ix
2477 4790 2606 4848 Kal.
2637 4783 3073 4864 Aprilis-Hann.
3154 4783 3200 4825 ’ί
3227 4794 3373 4850 Con-

130 4847 257 4907 SUIes
285 4853 334 4908 hi
365 4867 621 4910 notantur
650 4847 704 4908 in
738 4855 895 4910 fastis
921 4872 1012 4910 an.
1042 4854 1247 4910 Christi
1276 4855 1398 4910 146.
1431 4855 1507 4909 In.
1588 4857 1676 4910 ¹²Ι

1870 4847 1949 4925 tu,
1978 4859 2031 4914 9.

173 4964 470 5054 cavete
484 4973 862 5054 diligenterme
873 4974 990 5054 quis
1004 4990 1090 5027 vos
1104 4973 1335 5054 decipiat
1351 4990 1444 5054 per
1458 4973 1694 5054 aliquam
1729 4978 1773 5033 D
1801 4979 2132 5054 astrologiae,
2155 4995 2317 5054 quam
2356 4991 2545 5038 exacte
2575 4985 2802 5039 edoctus
2822 4995 2941 5039 erat
2961 5003 2974 5050 ;
3001 4986 3094 5042 sed
3125 4986 3370 5054 quotidie

133 5041 444 5128 astrplogiain
493 5041 1049 5128 aut"p.liilosophiam.
1098 5041 1359 5126 Aquilam
1394 5041 1683 5128 Ponticum
1791 5041 2126 5128 positiouern'
2150 5041 2451 5128 nativitatis
2485 5070 2597 5108 suae
2617 5066 2909 5128 spectaret,
2935 5041 3370 5128 redargutusque

136 5111 404 5194 fffidooqui
426 5118 530 5172 sub
551 5111 798 5194 Adriano
821 5111 1329 5194 imperatorevixit,
1354 5131 1419 5170 ex
1445 5116 1684 5194 judicia-
1790 5111 1820 5178 Ξι
1857 5122 2263 5194 doctoribuset
2287 5124 2600 5193 increpatus
2627 5111 2690 5179 ea
2722 5111 2917 5194 gratia"
2955 5143 3015 5180 se
3052 5111 3158 5180 ηδ..
3187 5111 3368 5184 car-ri;

138 5189 209 5265 [to
251 5189 512 5265 astrologo
559 5187 945 5265 Christianus,
983 5202 1048 5240 ex
1085 5187 1401 5265 Christiano
1436 5188 1681 5242 vicissim
1786 5201 1958 5265 geret.
1979 5192 2072 5265 sed
2092 5193 2273 5265 potius
2296 5187 2635 5250 contentinse
2659 5187 2979 5264 opponeret,
3013 5206 3068 5251 et
3104 5212 3209 5250 non
3237 5214 3371 5253 con-

139 5254 410 5330 15179'9803
448 5254 523 5330 vel
550 5267 797 5327 θροειειιει
843 5256 1088 5323 Ῑυάαέυεν
1136 5274 1206 5330 ac
1239 5258 1463 5312 demum
1509 5273 1691 5313 sacrae
1786 5254 2034 5319 sistentur
2054 5254 2425 5330 conﬁrmaret,
2452 5266 2624 5320 l'atum
2663 5254 2916 5321 videlicet
2937 5254 2992 5321 et
3021 5268 3370 5325 narrationes

144 5313 361 5403 Ecclesia:
389 5313 561 5403 hostis
585 5313 642 5383 et
680 5330 972 5403 inimicus_
995 5313 1087 5381 est,
1128 5328 1329 5403 lactus,
1379 5331 1679 5403 notandum
1784 5313 2018 5403 {:é'iiiéo
2040 5376 2053 5399 ,
2083 5335 2347 5403 expulsus
2381 5313 2466 5390 est
2500 5353 2693 5392 rursus
2748 5313 3132 5402 avacclesia,
3181 5313 3352 5394 velu‘t’i

142 5396 279 5478 ﬁntque
303 5395 917 5478 fugiendumadtnonet;
942 5398 1010 5453 de
1038 5415 1150 5478 quo
1178 5400 1676 5478 Epiphaniuslibro
1781 5395 2009 5478 inutilis
2040 5395 2106 5458 ad
2142 5395 2394 5478 salutem.
2441 5406 2520 5460 Ex
2569 5424 2681 5478 quo
2732 5408 2876 5462 facto
2916 5395 3362 5474 amarulentiam,

150 5455 385 5548 99;?“er
403 5482 448 5524 et
492 5471 818 5548 pond.__hwc
847 5455 923 5548 ait
959 5487 990 5548 :_
1014 5489 1033 5520 ι
1058 5455 1261 5548 Ἀίιυὶιὶι
1280 5455 1454 5540 igitur
1488 5480 1670 5548 mente
1778 5455 3363 5548 'v'éiliii'ig'nbih‘ihiﬁneﬁﬁsf

146 5541 456 5619 fgtttpunctus
496 5542 884 5619 (_i_ntellige__ob
920 5541 1184 5619 miracula
1217 5558 1343 5619 qua}
1371 5557 1480 5619 per
1503 5541 1672 5594 (111Γί-
1774 5541 2178 5619 inmolationem
2195 5549 2370 5603 elatus
2389 5557 2509 5616 est;
2540 5541 2593 5604 et
2624 5550 2892 5619 abnegato
2913 5541 3362 5619 Christianismo,

147 5606 445 5692 Elisosﬁeri
466 5606 731 5679 Videbat):
751 5613 1175 5692 Christiatlismo
1200 5606 1524 5692 credi-diqet
1540 5627 1668 5691 cum
1772 5618 2056 5689 ipsiusque
2068 5617 2198 5686 vita,
2215 5606 3359 5692 prosclj'tusﬁt,etciféumcidituriudieiis;

148 5680 347 5764 mutsset
367 5699 654 5754 pregressu
685 5685 946 5764 temporis
969 5683 1310 5752 signaculum
1337 5683 1391 5764 in
1414 5681 1664 5764 Christo,
1792 5680 1812 5689 ’
1965 5680 1983 5688 ’
2182 5680 2194 5686 ⁷
2215 5680 2233 5688 ’
2400 5680 2418 5692 ⁷
2598 5680 2611 5690 ’
3198 5680 3363 5764 atque

152 5739 342 5822 ξάίρβιιηι
367 5739 664 5810 ’δεδὲωιυε
691 5739 810 5808 est...
827 5755 965 5808 Cum
1007 5739 1188 5808 autem
1219 5770 1249 5807 a
1288 5754 1526 5822 pristino
1560 5739 1662 5807 suo

151 5808 300 5874 habitu
330 5808 431 5882 non
453 5808 800 5895 discederet,
845 5841 877 5880 a
919 5825 1189 5882 credendo
1228 5808 1478 5881 videlicet
1510 5840 1664 5880 vana:
1840 5824 1956 5898 (55)
1996 5824 2206 5882 Pariter
2230 5833 2506 5898 suspecta.
