3808 6206
397 313 542 371 "9.5

1835 310 1924 366 ΡΠ
1964 310 1981 364 Ι
2014 310 2217 366 {’AP/E

3532 313 3670 368 1124

397 430 753 502 glexerimus,
787 429 925 484 nulli
966 429 1194 485 dubium
1238 437 1344 496 est,
1378 426 1524 498 quod
1563 426 1971 482 damnabimur.
2005 433 2050 487 Α
2077 429 2248 485 nostri
2298 427 2428 485 Jesu
2460 428 2690 494 Christi,
2732 429 3053 499 hujusmodi
3089 437 3301 486 traoere
3344 429 3567 486 Satanae
3609 436 3670 488 in

398 521 456 576 Si
483 536 613 576 vero
642 520 697 575 in
727 520 847 590 ejus
878 521 1101 575 servitio
1142 535 1242 589 pro
1265 519 1474 573 viribus
1525 519 1979 585 laboraverimus,

395 613 621 683 verique
667 612 787 681 ejus
814 613 1097 682 adjutores
1140 611 1432 677 fuerimus,
1455 610 1686 681 ejusque
1721 612 1980 666 volunta-

396 716 506 762 tem
558 707 784 776 implere
819 706 1216 770 studuerimus,
1253 704 1498 775 profecto
1534 704 1604 759 ab
1645 705 1740 760 illo
1782 705 1983 761 ditabi-

398 815 542 864 mur,
571 799 698 869 quia
727 816 746 850 σ
784 798 1220 868 uniuscujusque
1257 812 1398 867 opus
1425 839 1438 863 ,
1473 797 1634 868 quale
1665 798 1766 860 sit,
1806 808 1867 853 ut
1907 800 1985 854 ait

396 893 716 962 Apostolus,
772 892 892 948 dies
939 891 1154 946 Domini
1196 892 1500 948 declarabit
1545 899 1602 946 et
1656 891 1800 962 ignis
1853 907 1983 962 pro-

395 984 550 1038 habit
579 984 642 1037 ¹³.
685 1001 705 1034 ι

463 1074 543 1128 Ad
581 1075 766 1130 sedem
803 1084 984 1131 antem
1019 1077 1374 1147 apostolicam
1400 1078 1667 1148 perlatum
1702 1088 1808 1142 est,
1831 1077 1981 1148 quod

395 1171 512 1227 sint
557 1171 697 1225 inter
735 1185 834 1226 vos
882 1172 1264 1226 contentiones
1308 1181 1363 1227 et
1393 1173 1775 1228 aemulationes
1808 1191 1820 1226 :
1852 1182 1908 1227 et
1938 1171 1982 1204 “

393 1263 593 1334 praedia
625 1262 829 1318 divinis
865 1263 1060 1318 usibus
1103 1261 1328 1326 tradita,
1375 1263 1599 1333 quidam
1643 1264 1901 1320 humanis
1936 1265 1980 1296 "

393 1355 670 1426 applicant
701 1353 915 1420 usibus,
957 1362 1012 1408 et
1049 1353 1273 1408 domino
1310 1353 1422 1409 Deo
1461 1355 1574 1419 (cui
1603 1357 1800 1411 tradita
1829 1356 1980 1426 sunt)

391 1465 457 1505 ea
481 1448 836 1514 subtrahunt,
862 1455 924 1502 ut
946 1445 1062 1502 suis
1088 1447 1282 1503 usibus
1298 1447 1616 1504 inserviant.
1637 1449 1982 1521 Quapropter

393 1542 464 1598 ab
497 1543 754 1597 omnibus
802 1542 952 1598 illius
993 1543 1038 1573 ¹⁶
1085 1541 1462 1611 usurpationis
1515 1543 1845 1598 contumelia
1881 1545 1980 1599 de-

391 1635 637 1706 pellenda
653 1642 760 1701 est,
776 1651 843 1690 ne
862 1634 1062 1705 praedia
1092 1633 1287 1688 usibus
1305 1643 1642 1688 secretorum
1671 1634 1979 1690 caelestium

391 1729 574 1784 dicata
622 1729 760 1795 (54),
815 1743 847 1783 a
901 1727 1234 1797 quibusdam
1293 1727 1633 1783 irruentibus
1688 1737 1975 1784 vexentur.

391 1820 547 1889 Quod
589 1822 633 1876 si
666 1821 957 1890 quisquam
984 1820 1414 1889 praesumpserit,
1450 1819 1751 1891 sacrilegus
1775 1821 1978 1876 habea-

392 1923 503 1977 tur,
534 1922 590 1968 et
621 1913 763 1967 sicut
791 1912 1093 1983 sacrilegus
1130 1912 1428 1982 judicetur.
1475 1915 1626 1983 Ipsos
1664 1923 1846 1968 autem
1881 1915 1977 1984 qui

393 2006 498 2060 hoc
540 2014 732 2076 agunt,
782 2006 1011 2060 clericos
1037 2013 1093 2059 et
1122 2003 1340 2059 Domini
1373 2007 1692 2061 sacerdotes
1723 2005 1976 2076 persequi

391 2113 598 2168 eosque
629 2097 898 2153 infamare
944 2099 1280 2164 audivimus,
1323 2107 1385 2153 ut
1426 2099 1632 2153 malum
1661 2114 1828 2167 super
1860 2114 1978 2153 ma-

392 2189 504 2243 lum
547 2189 770 2253 addant,
821 2198 876 2244 et
909 2190 1210 2244 deteriores
1255 2191 1408 2255 fiant,
1459 2203 1568 2244 non
1615 2187 1978 2258 intelligentes

389 2281 538 2352 quod
575 2279 817 2334 Ecclesia
851 2269 1064 2335 Domini
1106 2281 1160 2334 in
1213 2279 1594 2335 sacerdotibus
1627 2279 1899 2344 consistit,
1923 2287 1978 2332 et

391 2372 592 2428 crescit
625 2372 679 2425 in
713 2372 977 2441 templum
1028 2371 1144 2426 Dei.
1174 2373 1216 2403 "
1243 2371 1309 2426 Et
1336 2373 1481 2428 sicut
1524 2373 1619 2442 qui
1671 2370 1977 2427 Ecclesium

392 2461 485 2515 Dei
520 2470 717 2529 vastat,
754 2471 810 2517 et
850 2464 973 2533 ejus
1017 2463 1219 2533 praedia
1251 2473 1306 2518 et
1343 2463 1574 2518 donaria
1609 2463 1883 2533 exspoliat
1924 2469 1981 2518 et

392 2553 620 2620 invadit,
642 2553 702 2608 fit
724 2556 1026 2624 sacrilegus
1055 2572 1067 2607 :
1101 2557 1180 2611 sic
1201 2565 1254 2611 et
1277 2557 1368 2610 ille
1393 2555 1487 2626 qui
1516 2557 1636 2626 ejus
1665 2555 1980 2612 sacerdotes

391 2648 720 2717 insequitur,
759 2648 1033 2719 sacrilegii
1078 2663 1205 2704 reus
1235 2650 1440 2716 existit,
1476 2657 1531 2704 et
1559 2650 1862 2720 sacrilegus
1885 2649 1978 2719 ju-

389 2739 644 2795 dicatur:
679 2759 699 2792 ‹
737 2740 1126 2807 1Emulamini,
1178 2741 1397 2809 fratres,
1459 2743 1801 2797 charismata
1863 2757 1982 2795 nte--

391 2829 530 2884 liora
561 2830 625 2896 ‘8,
657 2848 676 2881 ι
727 2839 782 2884 et
814 2830 979 2884 nolite
1006 2831 1134 2885 talia
1168 2847 1352 2902 agere,
1386 2847 1486 2887 nec
1516 2833 1598 2887 eis
1627 2832 1980 2887 commisceri

390 2929 488 2974 aut
527 2922 859 2987 consentire,
892 2922 986 2992 qui
1032 2923 1162 2976 talia
1210 2931 1410 2993 agunt;
1454 2923 1719 2993 quoniam
1753 2939 1861 2978 non
1891 2939 1980 2978 so—

391 3007 527 3074 lum,
559 3011 654 3079 qui
685 3010 814 3064 talia
843 3021 1033 3080 agunt,
1065 3020 1195 3067 sunt
1225 3012 1392 3080 hujus
1436 3014 1689 3068 criminis
1734 3014 1836 3076 rei,
1883 3013 1981 3069 sed

389 3099 484 3169 qui
515 3100 841 3156 facientibus
868 3102 1217 3156 consentiunt
1248 3104 1311 3156 ¹⁹.
1349 3122 1367 3154 ι
1396 3104 1441 3135 ²⁰
1466 3101 1585 3157 Non
1607 3119 1738 3174 ergo
1761 3105 1980 3175 gravius

2085 521 2366 576 interitum
2407 523 2612 589 carnis,
2652 534 2714 578 ut
2752 523 2984 592 spiritus
3020 523 3205 578 salvus
3235 523 3306 578 sit
3336 524 3392 578 in
3433 525 3529 580 die
3561 525 3672 579 Do-

2085 613 2218 667 mini
2263 613 2436 669 nostri
2478 613 2607 670 Jesu
2643 615 2873 670 Christi.
2922 613 3041 668 Non
3091 625 3178 669 est
3223 615 3368 670 bona
3415 617 3672 686 gloriatio

2082 715 2286 760 vestra.
2331 703 2584 773 Nescitis,
2619 707 2748 776 quia
2799 707 3076 762 modicum
3116 706 3444 762 fermentum
3496 718 3671 764 totam

2083 810 2323 850 massam
2355 797 2696 866 corrumpit?
2727 795 3064 866 Expurgate,
3120 797 3300 867 inquit
3347 799 3670 868 Apostolus,

2083 897 2242 942 vetus
2289 886 2645 953 fermentum,
2692 898 2745 942 ul
2790 888 2911 943 sitis
2961 903 3100 942 nova
3135 891 3477 958 conspersio,
3533 891 3675 945 sicut

2082 978 2217 1032 estis
2245 977 2447 1048 azymi.
2479 975 2690 1032 Etenim
2720 978 2922 1048 pascha
2950 987 3202 1032 nostrum
3239 979 3566 1035 immolatus
3589 990 3675 1034 est

2083 1069 2356 1124 Christus.
2383 1067 2573 1139 Itaque
2600 1070 2910 1139 epulemur,
2940 1085 3050 1124 non
3081 1070 3134 1123 in
3172 1069 3444 1126 fermento
3475 1074 3672 1135 veteri,

2083 1176 2262 1230 neque
2306 1161 2363 1215 in
2418 1159 2690 1215 fermento
2740 1161 2963 1215 malitiae
3012 1170 3068 1214 et
3127 1161 3408 1230 nequitiae,
3466 1162 3568 1217 sed
3618 1163 3677 1216 in

2083 1254 2292 1326 azymis
2314 1254 2648 1310 sinceritatis
2676 1262 2734 1310 et
2765 1253 3032 1308 veritatis.
3066 1253 3275 1323 Scripsi
3298 1254 3458 1310 vobis
3485 1256 3543 1308 in
3566 1256 3680 1322 epi-

2083 1345 2247 1410 stola,
2279 1346 2358 1400 ait
2387 1345 2533 1400 idem
2577 1346 2694 1415 ipse
2729 1344 3059 1414 Apostolus,
3094 1361 3164 1400 ne
3195 1346 3677 1400 commisceamini

2082 1433 2556 1501 fornicariis,.non
2583 1437 2774 1507 utique
2801 1435 3118 1492 fornicariis
3146 1436 3310 1507 hujus
3339 1438 3679 1505 mundi,aut

2081 1529 2284 1593 avaris,
2318 1538 2415 1584 aut
2438 1529 2755 1599 rapacibus,
2791 1538 2886 1584 aut
2916 1529 3078 1584 idolis
3107 1529 3521 1596 servientibus;
3543 1531 3681 1585 alio-

2081 1622 2215 1692 quin
2238 1621 2554 1676 debueratis
2589 1621 2656 1676 de
2677 1621 2784 1676 hoc
2815 1621 3023 1676 mundo
3049 1621 3274 1677 exiisse.
3298 1619 3462 1678 Nune
3482 1633 3674 1678 autem

2083 1713 2280 1784 scripsi
2305 1712 2484 1779 vobis,
2513 1727 2622 1767 non
2654 1713 3020 1769 commisceri.
3054 1713 3109 1767 Si
3141 1714 3266 1782 quis
3293 1713 3467 1769 frater
3490 1716 3679 1769 nomi-

2009 1780 2052 1836 Β
2081 1816 2243 1863 natus
2263 1816 2347 1862 est
2372 1806 2696 1870 fornicator,
2726 1815 2822 1860 aut
2848 1818 3181 1874 avarus,aut
3209 1806 3374 1861 idolis
3397 1808 3674 1872 serviens,

2078 1908 2175 1955 aut
2201 1899 2525 1964 maledicus,
2561 1907 2657 1953 aut
2677 1899 2952 1964 ebriosus,
2979 1908 3075 1954 aut
3099 1915 3287 1970 rapax,
3316 1915 3443 1954 cum
3477 1899 3682 1970 hujus-

2078 1991 2227 2046 modi
2263 2005 2366 2046 nec
2403 1991 2589 2046 cibum
2635 2006 2873 2046 sumere.
2909 1991 3053 2058 Quid
3096 1992 3243 2047 enim
3287 1992 3426 2047 mihi
3455 1992 3531 2047 de
3566 1994 3673 2058 his,

2078 2085 2174 2154 qui
2212 2082 2350 2139 foris
2381 2093 2526 2150 sunt,
2555 2083 2846 2154 judicare?
2891 2082 3084 2139 Nonne
3125 2085 3193 2140 de
3221 2084 3333 2146 his,
3378 2085 3478 2155 qui
3525 2086 3677 2141 intus

2081 2184 2230 2242 sunt,
2262 2191 2362 2231 vos
2389 2175 2687 2246 judicatis?
2719 2175 2854 2231 Nam
2892 2191 2987 2233 eos
3028 2177 3127 2247 qui
3178 2177 3312 2233 foris
3343 2187 3501 2242 sunt,
3531 2178 3676 2234 Deus

2076 2267 2366 2340 judicabit.
2399 2268 2624 2324 Auferte
2655 2271 2859 2325 malum
2896 2286 2963 2326 ex
2991 2271 3306 2340 vobisipsis.
3346 2271 3538 2325 Audet
3577 2273 3681 2326 alio

2080 2359 2207 2428 quis
2241 2369 2506 2422 vestrum,
2543 2360 2753 2416 habens
2783 2362 3062 2431 negotium
3112 2362 3381 2417 adversus
3409 2363 3676 2429 alterum,

2076 2448 2316 2518 jndicari
2340 2449 2485 2519 apud
2512 2451 2756 2520 iniquos,
2779 2463 2834 2506 et
2866 2467 2974 2507 non
3010 2455 3154 2522 apud
3183 2456 3444 2510 sanctos?
3467 2457 3560 2510 An
3590 2474 3680 2512 ne-

2081 2541 2237 2595 scitis
2263 2541 2528 2612 quoniam
2554 2544 2732 2598 sancti
2758 2542 2855 2597 Dei
2889 2545 2956 2599 de
2980 2547 3188 2600 mundo
3215 2547 3592 2615 judicabunt?
3614 2549 3679 2604 Et

2082 2633 2131 2688 si
2160 2632 2216 2686 in
2241 2633 2399 2688 vobis
2425 2632 2770 2702 judicabitur
2804 2634 3066 2700 mundus,
3116 2635 3331 2706 indigni
3374 2639 3541 2702 estis,
3581 2639 3678 2708 qui

2080 2723 2149 2778 de
2178 2725 2423 2781 minimis
2453 2724 2749 2795 iudicetis?
2774 2724 3004 2781 Nescitis
3040 2728 3300 2796 quoniam
3331 2731 3568 2799 angelos
3591 2730 3681 2800 ju—

2081 2816 2425 2872 dicabimus?
2477 2825 2685 2889 quanto
2746 2819 2923 2890 magis
2982 2820 3309 2876 saecularia?
3371 2822 3680 2877 Sazcularia

2083 2907 2249 2978 igitur
2261 2907 2466 2978 judicia
2493 2909 2538 2963 si
2563 2909 2890 2973 habueritis,
2921 2912 3390 2981 contemptibiles,
3422 2896 3526 2980 qui
3553 2923 3682 2970 sunt

2082 3001 2140 3055 in
2178 3001 2441 3069 Ecclesia,
2496 3004 2620 3059 illos
2670 3006 2991 3062 constituite
3040 3009 3109 3062 ad
3162 3009 3556 3078 judicandum.
3602 3010 3680 3063 Ad

2087 3094 2472 3149 verecundiam
2506 3103 2744 3150 vestram
2780 3096 2929 3152 dico.
2980 3098 3075 3152 Sic
3117 3114 3228 3153 non
3265 3109 3351 3154 est
3398 3101 3554 3155 inter
3584 3118 3680 3156 vos

393 3200 677 3260 peccatum
722 3201 809 3247 est
858 3192 1172 3258 fornicatio,
1232 3211 1397 3264 quam
1446 3161 1832 3266 sacrilegium;
1882 3197 1976 3251 sed
2009 3161 2051 3219 α
2086 3187 2307 3256 sapiens
2361 3188 2696 3258 quisquam.
2751 3190 2846 3259 qui
2904 3191 3080 3260 possit
3133 3191 3387 3261 judicare
3440 3191 3675 3248 fratrem

396 3281 540 3336 sicut
572 3282 752 3352 majus
781 3291 866 3337 est
899 3293 1182 3352 peccatum
1219 3285 1362 3354 quod
1393 3286 1445 3338 in
1484 3284 1652 3340 Deum
1685 3286 1978 3341 committi-

397 3383 508 3442 tur,
537 3392 702 3446 quam
727 3379 875 3448 quod
906 3379 959 3431 in
994 3379 1295 3444 hominem,
1334 3379 1414 3432 sic
1449 3379 1670 3448 gravius
1691 3388 1775 3433 est
1799 3382 1972 3435 sacri-

396 3468 595 3538 legium
631 3484 811 3539 agere,
838 3485 1003 3539 quam
1044 3468 1332 3525 fornicari.
1390 3469 1466 3523 De
1496 3469 1694 3524 talibus
1719 3471 1863 3524 eniin
1895 3472 1974 3524 ait

389 3560 682 3629 Apostolus
717 3577 730 3612 :
775 3580 793 3612 ι
828 3561 891 3616 Ει
927 3577 1022 3616 vos
1051 3561 1222 3616 inflati
1261 3561 1417 3627 estis,
1451 3570 1506 3615 ct
1539 3577 1647 3614 non
1695 3563 1867 3631 magis
1895 3563 1973 3616 lu-

389 3660 539 3706 ctum
578 3650 870 3718 habuistis,
907 3662 963 3706 ut
1004 3653 1226 3707 tollatur
1263 3654 1330 3707 de
1378 3653 1560 3706 medio
1585 3663 1847 3720 vestrum,
1875 3655 1971 3724 qui

391 3743 497 3798 hoc
519 3758 658 3812 Opus
689 3743 835 3799 fecit.
855 3743 966 3812 Ego
992 3745 1214 3815 quidem
1238 3745 1438 3799 absens
1457 3760 1708 3816 corpore,
1732 3761 1973 3816 praesens

391 3842 572 3887 autem
603 3833 817 3903 spiritu,
847 3835 959 3904 jam
984 3833 1222 3903 judicavi
1261 3843 1320 3888 ut
1346 3851 1589 3904 prmsens
1619 3852 1742 3889 cum
1771 3835 1863 3905 qui
1893 3835 1972 3890 sic

389 3934 648 3996 Operatns
671 3935 775 3990 est,
805 3927 858 3979 in
887 3927 1110 3980 nomine
1134 3924 1348 3980 Domini
1382 3928 1554 3985 nostri
1589 3926 1717 3982 Jcsn
1743 3927 1948 3981 Christi

388 4017 734 4087 congregatis
769 4017 924 4071 vobis
947 4027 1002 4071 et
1026 4032 1148 4071 meo
1180 4017 1400 4086 spiritu,
1434 4016 1489 4069 in
1522 4015 1723 4070 virtute
1755 4015 1974 4070 Domini

464 4197 508 4229 ¹³
533 4196 550 4250 1
575 4198 702 4252 Cor.
739 4197 934 4257 111,15.
1009 4197 1054 4228 “‘
1086 4196 1173 4262 12,

390 4269 472 4324 tit.
494 4268 548 4333 2,
571 4277 748 4324 const.
774 4267 863 4320 40.
944 4269 984 4298 ¹⁷
1013 4267 1099 4332 17,
1127 4283 1182 4336 q.
1212 4270 1275 4320 ιε
1303 4267 1451 4322 Sicut
1475 4271 1564 4339 qui
1599 4266 1914 4323 Ecclesium.

387 4435 550 4494 atque
582 4435 710 4481 tunc
755 4425 1031 4481 laborioso
1097 4425 1282 4481 studio
1340 4425 1559 4479 tradidit
1596 4425 1852 4494 ,seipsnm
1904 4425 1973 4479 ad

385 4499 705 4551 discendum
789 4496 1142 4550 Hebraeorum
1226 4496 1515 4565 linguam,

384 4568 676 4622 elementa.
731 4566 828 4621 Ubi
863 4583 992 4621 vero
1024 4568 1166 4622 hanc
1197 4581 1414 4621 sumine
1448 4565 1754 4632 didicisset,
1793 4569 1965 4620 inter-

387 4646 632 4706 pretatus
656 4647 760 4703 est,
793 4652 899 4691 non
931 4649 1077 4692 recta
1105 4638 1314 4692 ratione
1339 4652 1494 4701 usus,
1519 4637 1611 4689 sed
1635 4653 1746 4705 qno
1783 4637 1967 4705 aliqua

389 4725 459 4762 ex
483 4711 716 4778 receptis
743 4707 896 4761 libris
919 4717 1267 4776 perverteret,
1291 4709 1505 4762 irruens
1533 4709 1586 4760 in
1614 4706 1967 4776 Septuaginta

385 4779 619 4831 duorum
653 4779 1183 4846 interpretationem,
1212 4787 1272 4832 ut
1307 4778 1621 4832 testimonia
1647 4778 1714 4832 de
1739 4778 1964 4831 Christo

386 4848 441 4902 in
475 4847 772 4918 Scriptnris
807 4851 1036 4918 probata
1063 4849 1220 4903 aliter
1257 4850 1464 4903 ederet.
1506 4867 1524 4899 ι
1561 4846 1688 4903 llzec
1729 4848 1969 4918 Epipha-

384 4920 512 4972 nius
560 4919 628 4972 de
660 4917 856 4987 Aquila
905 4919 1163 4987 praedicto
1201 4919 1345 4974 loco.
1399 4918 1600 4973 Barun.
1653 4935 1802 4972 anno
1836 4917 1962 4983 157,

383 5005 537 5044 num.
568 4988 602 5042 8
631 4998 687 5043 et
707 4991 760 5044 9.
795 4992 922 5044 Ssv.
955 4989 1071 5044 Bm.

453 5058 694 5129 (SQANe
725 5059 929 5129 prcedia
960 5059 1142 5113 usibus
1194 5071 1513 5113 secretorum
1557 5058 1849 5112 caelestium
1881 5059 1970 5112 di-

383 5142 528 5185 cata.
551 5127 678 5185 Hoc
711 5127 831 5185 loco
855 5131 1161 5199 sacrilegia,
1186 5146 1309 5200 qua:
1338 5140 1468 5185 sunt
1489 5130 1632 5183 furta
1652 5138 1747 5182 aut
1764 5129 1968 5196 rapina!

385 5217 570 5255 rerum
605 5201 858 5256 Ecclesia:
892 5201 1310 5269 acquisitarum,
1345 5200 1726 5270 prohibentur,
1756 5209 1810 5252 et
1828 5214 1969 5270 _pos-

387 5272 566 5326 sessio
582 5271 849 5341 bonorum
874 5266 1256 5341 temporalium
1273 5266 1447 5325 eidem
1466 5270 1809 5325 conceditur.
1827 5266 1964 5324 Nam

389 5342 533 5396 sicut
568 5343 701 5397 olim
742 5340 1314 5411 Levitis,'quanquam
1348 5341 1578 5396 decimis
1623 5341 1961 5411 ditarentnr,

387 5426 500 5466 non
532 5421 649 5466 erat
679 5413 904 5467 omnino
933 5410 1218 5467 interdicta
1240 5428 1420 5466 rerum
1452 5410 1967 5480 possessio,quippe

389 5481 485 5551 qui
514 5497 580 5536 ex
615 5483 875 5537 mandato
901 5481 1018 5546 Dei,
1053 5481 1217 5538 Num.
1249 5499 1415 5548 xxxv,
1450 5485 1504 5536 in
1531 5483 1764 5550 singulis
1796 5482 1966 5535 tribu-

389 5551 494 5605 bus
519 5553 682 5608 urbes
703 5553 1067 5608 sacerdotales
1095 5555 1363 5608 habebant
1393 5555 1459 5608 ad
1488 5553 1869 5616 habitandum,
1891 5552 1965 5606 ita

389 5622 556 5695 etiam
595 5637 698 5677 nec
723 5623 1050 5695 Christianae
1077 5625 1211 5695 legis
1235 5625 1614 5679 sacerdotibus
1637 5625 1963 5695 eorumdem

391 5689 663 5766 bonorum
685 5694 969 5766 possessio
1014 5689 1302 5749 inteFdicta
1355 5695 1636 5764 probatur.
1685 5691 1963 5766 Ercclcsias

391 5759 539 5834 enim
568 5759 1032 5834 ChriStianorum,
1068 5759 1446 5830 possessiones
1478 5766 1606 5818 olim
1652 5765 1756 5834 sub
1787 5764 1962 5832 genti-

389 5825 531 5881 libus
566 5827 987 5897 imperatoribus
1013 5825 1322 5902 possedisse
1341 5851 1446 5890 non
1467 5845 1677 5890 tantum
1705 5825 1964 5904 Piivpapai

2085 3280 2290 3333 suum?
2315 3280 2407 3334 sed
2458 3280 2626 3335 frater
2663 3297 2788 3336 cum
2820 3282 2986 3336 fratre
3026 3282 3237 3352 judicio
3272 3285 3596 3352 contendit,
3629 3295 3680 3340 et

2082 3369 2186 3426 hoc
2214 3371 2357 3440 apud
2381 3371 2624 3427 infideles
2640 3371 2793 3426 ?Jam
2818 3373 3036 3442 quidem
3058 3374 3283 3429 omnino
3307 3374 3584 3432 delictum
3602 3387 3678 3432 est

2080 3462 2136 3516 in
2167 3462 2344 3528 vobis,
2381 3465 2528 3533 quod
2552 3465 2759 3534 judicia
2797 3464 3012 3520 habetis
3037 3465 3176 3520 inter
3201 3483 3320 3523 vos.
3353 3469 3549 3534 Quare
3574 3487 3679 3524 non

2079 3556 2256 3625 magis
2290 3556 2552 3626 injuriam
2593 3559 2884 3627 accipitis?
2931 3560 3112 3626 Quare
3142 3577 3251 3616 non
3290 3562 3472 3632 magis
3525 3563 3676 3618 fran-

2075 3647 2198 3701 dem
2231 3649 2529 3717 patimini?
2553 3649 2659 3705 Sed
2699 3667 2799 3706 vos
2824 3652 3084 3721 injuriam
3126 3653 3340 3718 facitis,
3371 3666 3426 3708 et
3449 3653 3679 3709 frauda-

2081 3739 2174 3804 tis,
2206 3739 2395 3795 ethoc
2436 3740 2718 3798 fratribus.
2768 3744 2850 3798 An
2894 3745 3142 3811 nescitis,
3190 3747 3319 3816 quia
3358 3747 3547 3815 iniqni
3598 3764 3676 3801 re-

2084 3847 2252 3902 gnum
2291 3831 2388 3886 Dei
2432 3849 2544 3888 non
2589 3837 2991 3904 possidebunt?
3022 3837 3199 3893 Nolite
3232 3855 3443 3895 errare.
3489 3840 3678 3911 Neque

2087 3924 2589 3998 fornicarii,nequc
2617 3929 2779 3985 idolis
2825 3931 3148 3999 servientes,
3187 3949 3370 4002 neque
3412 3935 3674 3998 adulteri,

2078 4033 2260 4087 neque
2314 4019 2530 4086 molles,
2583 4037 2760 4090 neque
2822 4023 3196 4078 masculorum
3255 4025 3672 4090 concubitores,

1202 4213 1256 4266 q.
1281 4196 1352 4250 ἓξ
1394 4195 1610 4250 Ρνιετιία
1637 4197 1850 4251 divinis.
1899 4198 1941 4230 “'
1968 4196 2250 4254 Hincmar.
2291 4198 2368 4252 De
2402 4209 2550 4253 statu
2590 4197 2862 4254 Ecclesiw.
2933 4201 2976 4233 ¹⁶
3006 4201 3142 4256 Cod.
3176 4201 3386 4256 Thcod.
3418 4203 3523 4257 lib.
3567 4219 3670 4268 xvi,

1212 4270 1275 4320 ιε
1303 4267 1451 4322 Sicut
1475 4271 1564 4324 aui
1599 4266 1914 4323 Ecclesium.
1997 4270 2040 4301 ¹⁸
2067 4271 2086 4321 Ι
2111 4269 2239 4324 Cor.
2264 4285 2365 4324 χιι.
2393 4270 2484 4324 51.
2566 4270 2608 4300 ¹⁹
2633 4269 2792 4324 Rom.
2825 4287 2865 4324 ι.
2888 4272 2978 4324 '52.
3057 4274 3100 4304 ¹⁰
3129 4271 3413 4324 Hincmar.
3448 4275 3665 4324 ibidem.

2226 4313 2239 4324 ο
2265 4310 2365 4336 IIII,
2393 4310 2484 4324 ν..

2566 4270 2608 4300 ¹⁹
2633 4269 2792 4325 Rom.
2825 4287 2865 4338 ι,
2888 4272 2978 4326 “5‘2.
3057 4274 3100 4304 ¹⁰
3129 4271 3413 4329 Hincmar.
3448 4275 3665 4329 ibidem.

2086 4438 2141 4504 et
2183 4425 2405 4504 _Urbani
2441 4425 2461 4479 Ι
2493 4431 2739 4504 epistolae
2765 4429 2837 4504 _ad
2881 4443 3075 4504 omnes
3116 4429 3408 4502 episcopos
3451 4435 3669 4504 scriptae

1597 4505 1652 4574 et
1712 4498 1964 4574 ipsorum
2001 4505 2046 4560 υ
2074 4498 2671 4574 declarant,_sediipsa
2705 4500 3288 4574 etiamimperatorum
3307 4498 3523 4570 edicta,
3555 4498 3668 4574 qui-

2074 4569 2177 4622 bus
2210 4583 2306 4622 eas
2341 4569 2448 4623 illis
2482 4569 2695 4626 ablatas
2731 4571 2884 4624 reddi
2920 4574 3345 4638 mandaverunt,
3383 4569 3667 4629 evidenter

2071 4641 2470 4715 demonstrant.
2509 4641 2564 4697 In
2598 4644 2778 4697 edicto
2813 4641 2958 4694 enim
2987 4641 3349 4715 _Constantini
3383 4658 3556 4715 atque
3587 4646 3663 4698 Li-

2071 4710 2200 4785 cinii
2225 4710 2342 4785 lucc
2362 4711 2563 4785 scripta
2603 4716 2856 4785 leguntur
2880 4727 2896 4785 _:
2921 4729 2940 4761 ‹
2971 4711 3042 4764 At
3068 4715 3329 4781 quoniam
3369 4710 3478 4785 ipsi
3507 4717 3662 4768 Chri-

2075 4780 2239 4833 stiani
2264 4797 2373 4834 non
2408 4780 2586 4837 solum
2622 4780 2686 4837 ea
2724 4784 2843 4836 loca
2878 4782 2932 4834 in
2969 4780 3101 4851 quai
3126 4780 3424 4840 convenire
3460 4787 3657 4849 solent,

2070 4853 2164 4926 sed
2211 4852 2375 4926 etiam
2423 4854 2534 4926 alia
2585 4855 2849 4926 habuisse
2891 4865 3336 4926 cognoscuntur,
3385 4874 3513 4926 qua:
3558 4873 3657 4910 non

2071 4921 2439 4994 privatim_ad
2488 4925 2762 4993 singulos,
2811 4923 2904 4976 sed
2954 4921 3022 4977 ad
3053 4925 3147 4994 jus
3195 4927 3364 4981 totius
3403 4921 3654 4994 ipsorum

2069 4992 2520 5065 communitatis,
2572 4992 2627 5048 id
2673 5004 2760 5048 est
2804 4992 3269 5057 Christianorum,
3301 4992 3654 5065 spectabant;

2070 5063 2302 5134 singulis
2335 5065 2428 5130 qui
2463 5079 2528 5118 ea
2560 5065 2865 5134 possident,
2901 5065 3129 5120 mandes
3167 5063 3348 5129 velim,
3385 5080 3446 5122 ut
3479 5070 3656 5123 omnia

2070 5146 2165 5199 per
2199 5133 2598 5207 legem,_quam
2622 5150 2792 5207 supra
2821 5136 3129 5207 posuimus,
3167 5137 3380 5207 absque
3402 5139 3515 5193 ulla
3535 5156 3657 5194 cono

2071 5204 2709 5277 troversia‘llhristianis
2730 5205 2833 5277 ,_id
2867 5214 2951 5259 est
3001 5207 3252 5260 societati
3286 5204 3562 5277 'ipsorum
3610 5217 3656 5262 et

2067 5274 2361 5351 c‘oiiventui
2397 5277 2643 5330 reddant.
2682 5295 2702 5327 ι
2740 5274 2913 5351 Porro
2946 5291 3009 5329 ea
3033 5279 3234 5351 omnia
3270 5274 3417 5345 loca,
3451 5297 3576 5351 quae
3595 5278 3652 5333 ad

2067 5342 2412 5399 Christianos
2462 5357 2709 5415 spectare
2741 5346 2896 5409 dicit,
2932 5349 3306 5402 ecclesiastica
3341 5342 3544 5417 fuisse,
3579 5367 3654 5406 se-

2069 5427 2245 5491 quens
2266 5418 2852 5491 eorumdemedictum
2875 5417 2941 5470 ad
2955 5418 3259 5491 Anulinum
3281 5425 3650 5491 conscriptum

2067 5485 2331 5550 declarat,
2371 5486 2457 5540 his
2491 5489 2673 5542 verbis
2699 5505 2714 5540 :
2740 5505 2760 5537 ι
2792 5487 2974 5552 Quare
3007 5490 3266 5543 volumus
3306 5502 3368 5545 ut
3404 5485 3572 5547 simul
3599 5507 3653 5544 ac

2067 5553 2233 5633 hasce
2261 5556 2467 5633 litteras
2501 5574 2531 5611 a
2567 5559 2728 5633 nobis
2764 5560 3149 5633 acceperis,_si
3173 5576 3296 5628 quae
3322 5579 3393 5616 ex
3420 5565 3508 5618 bis
3537 5581 3651 5633 pos-

2067 5625 2431 5697 sessionibus,
2467 5644 2591 5697 quae
2615 5629 2681 5683 ad
2705 5625 3041 5683 catholicam
3071 5625 3651 5687 Clu-istianornm'Ec-

2065 5695 2288 5774 clesialn
2310 5698 2362 5750 in
2388 5695 2707 5774 quibusque
2726 5701 3046 5755 civitatibus
3080 5712 3175 5774 aut
3207 5704 3331 5758 aliis
3370 5706 3512 5758 locis
3545 5721 3650 5774 per-

2067 5769 2269 5892 tsinentf3
2304 5787 2322 5818 ι
2359 5780 2464 5825 etc.
2509 5769 2539 5825 κ·
2554 5773 2640 5828 ide
2672 5770 2871 5828 Barun.
2911 5787 3058 5828 anno
3095 5772 3300 5832 Christi
3324 5776 3418 5843 57,
3458 5792 3518 5831 ιι.
3545 5769 3644 5830 ΒΞ.

2109 5853 2192 5892 cv.
2273 5855 2344 5892 IN.

2109 5853 2192 5894 CV.
2227 5853 2344 5894 DIN.
