3808 6206
122 318 279 375 1125

1564 329 1946 387 EPISTOLE.
1962 338 1973 345 '

3285 336 3421 393 1ης

124 430 321 505 neque
363 434 536 504 fures,
593 452 771 509 neque
814 438 989 507 avari,
1038 455 1217 511 neque
1264 442 1490 508 ebriosi,
1554 461 1730 515 neque
1758 448 1804 504 Α
1833 461 1955 500 men
1989 444 2346 503 transierunt.
2383 444 2552 513 Vide,
2589 446 2780 515 frater,
2815 456 2876 503 ut
2908 447 3034 506 illos
3067 447 3301 508 imiteris
3333 467 3424 507 se-

122 528 430 597 maledici,
452 544 634 599 neque
661 546 890 600 rapaces
928 547 1160 604 regnum
1199 531 1294 589 Dei
1339 536 1719 604 possidebunt.

128 618 207 675 Et
242 621 362 677 haec
383 621 605 690 quidem
628 620 833 689 fuistis,
865 622 957 677 sed
994 623 1167 679 abluti
1206 626 1362 693 estis,
1401 627 1495 683 sed
1520 629 1726 685 sancti-

127 713 291 769 ﬂcati
316 714 451 770 estis
474 715 530 768 in
554 716 779 771 nomine
799 715 1017 773 Domini
1039 719 1212 774 nostri
1247 718 1378 774 Jesu
1411 719 1640 785 Christi,
1671 730 1759 778 et-

127 805 192 861 in
233 807 445 877 Spiritu
478 806 575 863 Dei
605 808 867 864 nostri“.
909 828 928 861 ι
963 809 1041 865 De
1075 819 1298 877 caetero,
1334 812 1486 867 salva
1510 813 1567 868 in
1599 827 1727 868 om-

127 900 308 958 nibus
339 900 642 971 apostolica
695 902 1044 969 auctoritate,
1089 918 1431 975 quaecunque
1483 917 1615 962 sunt
1658 907 1728 962 ad

129 995 428 1067 religionis
455 1000 500 1030 ²²
529 997 947 1053 observantiam
973 999 1331 1068 pertinentia,
1355 1002 1494 1057 locis
1517 1002 1656 1067 suis,
1673 1012 1730 1059 et

128 1104 164 1144 a
197 1104 318 1145 suae
348 1089 655 1146 dimceseos
680 1089 909 1161 synodis
937 1095 1259 1149 audiantur.
1292 1092 1361 1147 Et
1397 1096 1445 1150 si
1485 1096 1613 1165 quis
1638 1111 1728 1152 sa-

128 1184 425 1239 cerdotum
447 1183 529 1239 vel
578 1184 921 1254 reliquorum
966 1184 1316 1252 clericorum,
1342 1202 1444 1242 suo
1467 1188 1729 1261 episcopo

129 1273 465 1332 inobediens
493 1274 677 1343 fuerit,
708 1277 1055 1333 autinsidias
1087 1278 1137 1333 ei
1161 1280 1456 1348 paraverit,
1480 1289 1729 1338 autcon-

130 1369 449 1435 tumeliam,
500 1378 597 1424 aut
646 1370 1007 1434 calumniam,
1061 1378 1116 1425 et
1160 1372 1417 1429 convinci
1463 1376 1724 1445 potuerit,

131 1478 268 1518 mox
303 1463 473 1518 curiae
517 1464 785 1519 tradatur.
829 1483 849 1516 ι
894 1464 999 1532 Qui
1033 1475 1217 1522 autem
1263 1463 1399 1522 facit
1442 1468 1726 1538 injuriam,

129 1555 374 1624 recipiat
397 1554 502 1611 hoc
529 1557 675 1626 quod
692 1557 885 1627 inique
907 1557 1078 1628 gessit
1095 1558 1162 1613 ’³.
1181 1557 1559 1630 Corrumpunt
1577 1560 1727 1616 enim

129 1663 325 1703 mores
358 1648 537 1705 bonos
567 1649 843 1721 colloquia
874 1650 1017 1705 mala
1039 1650 1108 1705 “.
1131 1668 1150 1703 ι
1178 1649 1465 1723 Evigilate,
1493 1651 1650 1722 justi,
1673 1660 1729 1707 et

128 1738 313 1794 nolite
335 1754 592 1810 peccare.

207 1808 353 1887 Data
382 1831 570 1888 Idibus
599 1831 801 1900 Martii,
837 1831 1000 1889 Claro
1027 1841 1086 1889 et
1119 1831 1323 1890 Severo
1358 1833 1500 1891 viris
1528 1834 1724 1892 claris-
1757 1808 1801 1868 Β

128 1923 298 1981 simis
326 1925 650 1983 consulibus
671 1928 740 1984 ".

624 2017 963 2087 EPISTOLA
1000 2019 1067 2075 Ill
1107 2020 1246 2089 (36).

316 2126 552 2167 manu
588 2127 758 2168 ws'ro
795 2128 1052 2169 srrscoro
1089 2130 1370 2171 vmuususr
1411 2113 1548 2186 (57).

205 2204 520 2275 Antequam
560 2204 736 2261 Roma
780 2206 1048 2271 exiisses,
1092 2223 1252 2263 soror
1291 2217 1481 2263 nostra
1523 2206 1731 2279 Eupre-

126 2299 248 2368 pia,
278 2298 423 2354 sicut
447 2298 587 2354 bene
610 2299 940 2365 recordaris,
992 2299 1210 2355 titulum
1246 2301 1445 2357 domus
1474 2316 1588 2357 suae
1615 2299 1729 2369 (58)

128 2388 482 2458 pauperibus
526 2388 861 2460 assignavit,
901 2389 995 2445 ubi
1036 2406 1184 2446 nunc
1231 2406 1358 2446 cum
1393 2392 1730 2462 pauperibus

139 2481 360 2536 nostris
399 2490 809 2538 commorantes
834 2524 850 2549 ,
892 2483 1094 2539 missas
1138 2483 1373 2553 agimus.
1414 2482 1491 2540 De
1535 2493 1589 2540 te
1630 2500 1731 2539 au—

127 2584 270 2642 tem,
320 2574 660 2645 superbeate,
693 2581 985 2646 postquam
1034 2575 1101 2630 ad
1151 2576 1485 2632 senatoriam
1537 2577 1728 2632 urbem

132 2668 508 2723 Viennensem
536 2650 845 2738 peri-existi,
872 2668 1008 2738 quid
1056 2667 1262 2725 factum
1295 2668 1390 2733 sit,
1423 2684 1588 2725 nosse
1633 2685 1732 2724 cn-

128 2760 354 2831 pimus,
396 2769 451 2816 et
501 2769 563 2815 ut
613 2770 912 2816 sementem
946 2760 1227 2833 Evangelii
1270 2761 1387 2831 jam
1435 2761 1726 2831 sparseris,

128 2852 332 2909 audire
364 2852 600 2908 multum
634 2853 1040 2909 desideramus.
1075 2853 1382 2925 Presbyteri
1417 2853 1495 2907 illi
1531 2854 1625 2923 qui
1658 2853 1728 2917 ab

129 2945 409 3017 apostolis
452 2945 669 3000 educati
714 2960 891 3016 usque
923 2946 991 3001 ad
1028 2961 1130 3001 nos
1162 2955 1569 3016 pervenerunt,
1604 2961 1728 3001 cum

128 3041 342 3112 quibus
376 3040 541 3097 simul
564 3041 792 3096 verbum
821 3040 948 3096 fidei
982 3041 1167 3112 partiti
1202 3058 1414 3109 sumus,
1445 3057 1475 3096 a
1503 3040 1733 3097 Domino

1827 539 2080 609 quendo,
2128 555 2308 609 neque
2356 539 2594 594 vinculis
2651 541 2844 596 mundi
2892 541 3141 612 illigeris.
3196 541 3422 599 Festina

1829 632 2070 702 palmam
2111 633 2569 703 perseverabilem
2617 648 2746 690 cum
2795 635 3004 691 sanctis
3038 635 3305 706 apostolis
3337 646 3421 692 te-

1829 740 1960 781 nere
1981 765 1996 791 ,
2030 741 2196 795 quam
2232 734 2329 796 per
2377 727 2579 783 multas
2612 727 2898 798 passiones
2929 726 3133 782 Paulus
3180 730 3423 800 suscepit

1828 826 1885 873 et
1910 816 2129 883 Petrus,
2165 818 2256 873 cui
2290 834 2429 873 crux
2461 820 2791 875 charitatem
2842 819 3048 875 Christi
3087 820 3275 876 tollere
3309 837 3419 877 non

1828 912 2024 981 potuit.
2090 911 2343 967 Salutant
2370 921 2423 967 tc
2457 911 2615 969 Soter
2650 923 2708 968 et
2739 912 3086 968 Eleutherius
3117 914 3266 985 digni
3299 931 3426 985 pre-

1839 1005 2063 1076 sbyteri.
2086 1002 2273 1059 Saluta
2292 1003 2490 1060 fratres
2518 1006 2612 1076 qui
2651 1016 2831 1061 tecum
2851 1005 3041 1060 vivunt
3074 1006 3127 1059 in
3162 1004 3421 1064 Domino.

1828 1093 2125 1150 Cerintlius
2181 1095 2521 1164 primarches
2558 1095 2774 1151 Satanae
2823 1096 3026 1150 multos
3074 1097 3272 1152 avertit
3308 1098 3355 1130 ¹⁶
3386 1111 3422 1153 a

1828 1187 1935 1243 fide
1967 1184 2110 1259 (40).
2162 1185 2351 1242 Gratia
2382 1186 2591 1244 Christi
2628 1189 2839 1244 habitet
2870 1189 2925 1242 in
2959 1186 3128 1245 corde
3159 1197 3276 1244 tuo.

2302 1323 2646 1381 EPISTOLA
2703 1325 2771 1380 IV
2807 1325 2944 1397 (ﬂ).

1994 1456 2229 1498 DIBECTA
2262 1458 2428 1497 EIDEI
2460 1458 2626 1498 IUSTO
2661 1458 2942 1499 VIENNENSI
2977 1457 3257 1499 EPISCOPO.

1910 1556 2125 1613 Attalus
2146 1557 2275 1628 .(42)
2310 1555 2574 1627 epistolas
2608 1563 2910 1627 martyrum
2946 1564 3175 1625 portans
3208 1554 3277 1611 ad
3313 1570 3418 1612 nos

1827 1649 2018 1715 venit,
2082 1649 2344 1720 gaudium
2408 1649 2573 1705 nobis
2634 1648 3019 1705 inaestimabile
3082 1647 3292 1705 faciens
3353 1650 3424 1704 de

1830 1742 2114 1814 triumpho
2167 1757 2362 1798 eorum
2409 1757 2425 1795 :
2479 1742 2573 1814 qui
2621 1741 2760 1798 dixit
2808 1741 2971 1797 nobis
3023 1749 3277 1797 sanctum
3314 1738 3423 1797 Ve-

1833 1850 1956 1890 rum
2002 1834 2117 1906 (43)
2169 1835 2431 1904 collegam
2485 1842 2742 1890 nostrum
2790 1833 3057 1890 victorem
3109 1835 3178 1889 de
3228 1833 3423 1889 mundi

1832 1929 2083 1999 principe
2133 1929 2558 2000 triumphasse;
2614 1936 2672 1983 tu
2702 1941 2835 1983 vero
2888 1927 3033 1998 apud
3086 1925 3422 1983 senatoriam

1832 2021 2027 2076 urbem
2056 2019 2420 2076 Viennensem
2454 2020 2575 2092 ejus
2623 2020 2748 2075 loco
2781 2035 2812 2075 a
2840 2018 3106 2074 fratribus
3138 2019 3420 2074 constitu-

1832 2124 1923 2169 tus
1967 2122 2023 2168 et
2062 2113 2279 2169 colobio
2326 2113 2713 2184 episcoporum
2768 2113 3022 2179 vestitus,
3054 2111 3180 2167 vide
3213 2118 3276 2165 ut
3319 2110 3425 2165 mia

1833 2204 2124 2261 nisterium
2174 2206 2322 2277 quod
2381 2205 2641 2276 accepisti
2681 2246 2698 2272 ,
2763 2204 2819 2259 in
2866 2203 3102 2259 Domino
3155 2203 3420 2273 impleas;

1833 2315 1966 2355 cura
2030 2307 2213 2354 autem
2264 2307 2584 2354 sanctorum
2639 2307 2945 2369 martyrum
2994 2311 3232 2366 corpora
3281 2296 3426 2352 sicut

1834 2390 2081 2446 membra
2120 2389 2249 2457 Dei,
2294 2390 2763 2461 quemadmodum
2806 2396 3140 2445 curaverunt
3188 2387 3425 2458 apostoli

1835 2484 2194 2554 Stephanum.
2243 2482 2505 2539 Carceres
2545 2496 2864 2539 sanctorum
2895 2482 3091 2546 visita,
3125 2497 3194 2536 ne
3220 2481 3425 2550 aliquis

1834 2587 2073 2647 tepescat
2136 2576 2193 2633 in
2236 2576 2363 2632 ﬁde.
2416 2575 2674 2647 Martyria
2739 2585 2929 2631 sancta
2975 2572 3185 2643 Spiritu
3231 2580 3425 2627 sancto

1833 2669 2006 2739 proba
2035 2687 2050 2737 ;
2088 2677 2147 2724 ut
2180 2677 2532 2739 perseverent
2566 2669 2621 2723 in
2648 2667 2776 2734 fide,
2806 2668 2889 2723 eis
2923 2666 3181 2722 incitator
3208 2665 3423 2721 insiste.

1832 2760 2144 2834 Presbyteri
2177 2771 2226 2817 el
2268 2761 2486 2817 diaconi
2521 2777 2631 2817 non
2670 2769 2731 2816 ut
2766 2760 3058 2830 majorem,
3088 2758 3186 2814 sed
3227 2766 3287 2813 ut
3320 2756 3426 2811 mis

1833 2856 2069 2910 nistrum
2104 2854 2307 2910 Christi
2345 2864 2396 2910 te
2425 2856 2757 2922 observent;
2796 2855 2950 2925 plebs
2984 2852 3243 2908 universa
3296 2866 3426 2907 san-

1833 2951 2020 3004 ctitate
2055 2957 2146 3002 tua
2199 2958 2541 3019 protegatur.
2596 2947 2822 3003 Fratres
2882 2945 3091 3013 nostri,
3135 2960 3278 3009 quos
3327 2958 3425 3014 per

1837 3041 2082 3095 Attalum
2119 3056 2506 3112 recognosces,
2540 3041 2609 3096 de
2646 3040 2862 3111 tyranni
2902 3039 3109 3096 servitia
3141 3038 3255 3108 jam
3289 3036 3426 3091 lihe-

128 3134 317 3189 vocati
368 3133 423 3187 in
457 3133 733 3188 cubilibus
774 3134 992 3190 aeternis
1034 3133 1211 3190 clausi
1257 3143 1530 3190 tenentur.
1586 3133 1727 3189 San-
1754 3137 1797 3193 C
1833 3135 1938 3190 rati
1957 3134 2311 3205 requiescunt
2333 3134 2388 3188 in
2405 3132 2658 3189 Domino.
2675 3132 2968 3203 Presbyter
2984 3130 3180 3185 Pastor
3201 3130 3421 3186 titulum

130 3236 262 3284 ctus
296 3223 622 3281 Timotheus
668 3233 724 3280 et
750 3224 969 3282 Marcus
1014 3225 1130 3295 (59)
1170 3241 1269 3297 per
1303 3227 1510 3282 bonum
1545 3235 1729 3283 certa-

205 3420 252 3452 “
286 3417 466 3474 lCor.
490 3436 545 3486 v,
569 3420 606 3475 ‘2
636 3437 813 3491 usque
838 3422 902 3476 ad
936 3421 1120 3486 finem,
1151 3432 1206 3477 et
1235 3439 1311 3489 vr,
1341 3424 1494 3479 l—ll.

132 3561 293 3628 poris
323 3562 551 3616 verbum
585 3573 813 3618 censent
839 3565 1084 3636 quidam,
1119 3581 1220 3638 ego
1252 3566 1533 3636 praeteriti.

207 3744 325 3816 (35)
364 3744 629 3820 Epistola.
687 3746 835 3805 Duas
882 3749 1178 3820 perbreves
1224 3749 1486 3820 epistolas
1528 3747 1610 3820 Pii
1656 3750 1723 3804 ad

132 3815 359 3890 JuStnm
392 3815 755 3890 Viennensem
808 3815 1127 3890 episcopum
1185 3815 1417 3890 scriptas
1465 3837 1531 3875 ex
1560 3819 1727 3874 Vien-

135 3887 298 3941 nensi
332 3888 558 3960 archivo
588 3887 858 3960 proditas,
895 3905 963 3944 ex
997 3887 1148 3944 tonio
1178 3887 1353 3960 primo
1382 3890 1724 3945 Bibliotheca:

135 3967 453 4012 sanctorum
488 3958 717 4013 Patrum
767 3958 1100 4014 Parisiensis
1146 3958 1425 4023 editionis,
1478 3962 1567 4015 ubi
1622 3977 1722 4015 ex-

136 4038 310 4092 stant,
354 4030 753 4103 hAucconsulto
794 4031 1198 4087 transtulimus.
1231 4031 1407 4087 Hasce
1432 4048 1743 4103 germanas

134 4114 262 4171 esse
290 4114 358 4171 ac
384 4100 679 4170 legitimas.
711 4117 835 4155 cum
885 4117 1070 4155 rerum
1109 4100 1516 4171 argumentum,
1548 4113 1600 4157 et
1629 4103 1724 4155 ad-

136 4170 412 4244 mirabilis
444 4173 692 4244 quaedam
721 4186 847 4244 cum
878 4170 1234 4244 rchusggestis
1268 4174 1432 4244 hujus
1461 4173 1723 4242 temporis

136 4242 546 4313 convenientia,
592 4252 707 4296 tum
754 4242 1201 4310 simplicissimus
1244 4242 1352 4313 ille
1381 4244 1722 4313 antiquitatis

134 4311 370 4374 candor,
414 4313 587 4369 cuivis
635 4312 793 4368 facile
831 4314 1181 4381 persuadent.
1234 4312 1481 4369 Priorem
1515 4311 1719 4368 harum

135 4384 377 4454 duarum
396 4382 566 4454 Pium
601 4398 747 4438 anno
774 4383 1126 4454 pontificatus
1153 4385 1240 4440 sui
1271 4385 1594 4454 penultimo,
1626 4385 1721 4453 qui

1838 3225 2084 3285 condidit
2108 3226 2176 3292 ³⁷,
2214 3236 2268 3281 et
2305 3226 2468 3297 digne
2509 3225 2567 3280 in
2601 3225 2835 3281 Domino
2884 3223 3043 3280 obiit.
3097 3222 3422 3278 Revelatum

1598 3424 1643 3456 η
1672 3423 1792 3479 cod.
1816 3421 2030 3493 Theod.
2060 3422 2155 3476 lib.
2193 3438 2304 3487 xvr,
2328 3421 2411 3477 tit.
2434 3422 2491 3485 2,
2523 3438 2573 3478 c.
2598 3420 2672 3493 2³5
2694 3430 2750 3476 et
2781 3421 2871 3490 39,
2896 3423 2985 3485 Η.
3012 3431 3207 3493 (103353-
3241 3425 3264 3479 Ι
3295 3445 3309 3481 ε
3345 3425 3407 3483 εἰ

130 3491 255 3558 quis
287 3490 644 3545 sacerdotum.
721 3490 767 3524 ’³
798 3491 1016 3548 Coloss.
1058 3509 1143 3560 ιιι,
1176 3495 1268 3549 25.
1329 3497 1424 3547 ’⁸1
1461 3495 1591 3549 Cor.
1632 3511 1720 3559 xv,
1748 3496 1783 3548 5
1824 3532 1839 3546 .

1630 3567 1672 3597 ⁸⁷
1699 3582 1791 3623 an.
1816 3564 1939 3620 l60.

1916 3494 1962 3526 ³⁵
1994 3491 2131 3549 falsa
2162 3494 2425 3563 temporis
2455 3492 2820 3563 consignatio.
2896 3494 2943 3526 ’³
2968 3491 3257 3564 praesentis
3280 3506 3387 3554 tem
3412 3532 3421 3541 -

1835 3750 1992 3816 Quod
2028 3767 2160 3807 vero
2199 3753 2304 3808 sub
2332 3746 2557 3808 Aurelio
2590 3751 2763 3821 passi,
2803 3751 2856 3806 in
2893 3749 3281 3822 Martyrologio
3315 3751 3421 3807 sub

1833 3822 2111 3894 Antonino
2143 3823 2475 3893 imperatore
2508 3824 2849 3894 martyrium.
2872 3822 3109 3894 subiisse
3143 3821 3417 3894 dicantur,

1835 3893 2108 3946 neminem
2146 3891 2365 3947 movere
2393 3893 2586 3961 debet;
2621 3891 2745 3946 nam
2774 3892 2991 3947 Marcus
3023 3891 3277 3946 Aurelius
3308 3910 3418 3947 non

1837 3972 2046 4028 tantum
2079 3962 2409 4029 Antoninus,
2446 3965 2540 4018 sed
2572 3964 2820 4033 pluribus
2853 3966 3017 4018 etiam
3072 3962 3195 4016 aliis
3241 3965 3421 4018 nomi-

1836 4035 1999 4156 nih‘us
2022 4035 2338 4158 ngminatus
2356 4034 2478 4099 fuit,
2500 4044 2560 4090 ut
2582 4033 3104 4090 ostenditBaronius
3126 4046 3272 4086 anno
3293 4034 3418 4103 165,

1836 4119 1888 4157 n.
1984 4113 2037 4157 et
2103 4144 2117 4158 .
2176 4121 2231 4158 ι).

1833 4119 1888 4157 n.
1915 4113 1950 4156 4
1984 4113 2037 4157 et
2063 4113 2117 4158 5.
2157 4113 2231 4161 ΙΙ).

1904 4171 2017 4244 (40)
2052 4174 2334 4229 Cerinthus
2360 4175 2686 4244 primarches
2710 4172 2931 4228 Satanw
2966 4172 3184 4244 multos
3226 4176 3419 4229 avertit

1833 4261 1865 4297 a
1895 4243 2019 4314 ﬁde.
2047 4245 2336 4300 Cerinthus
2361 4243 2441 4299 ian
2470 4246 2628 4299 vivus
2662 4246 2861 4311 adhuc,
2895 4243 2980 4298 vel
3021 4245 3202 4313 potius
3241 4244 3294 4298 in
3323 4261 3414 4300 se-

1831 4316 2024 4370 ctariis
2067 4323 2279 4370 tantum
2309 4316 2561 4370 haaresim
2604 4317 2675 4369 ab
2701 4329 2768 4369 eo
2796 4325 3075 4384 acceptam
3107 4331 3416 4384 propagan-

1833 4387 1996 4449 tihus,
2043 4387 2246 4442 multos
2298 4403 2329 4441 a
2360 4387 2465 4441 ﬁde
2510 4386 2788 4446 averterit,
2841 4386 3107 4440 incertum
3142 4395 3245 4440 est.
3302 4386 3418 4442 Hoc

134 4466 248 4533 est_
276 4451 636 4533 Christilﬁﬁ,
689 4451 1047 4533 posteriorem
1078 4451 1285 4533 autem
1337 4470 1483 4510 anno
1532 4451 1726 4533 uitii—nuo
1762 4478 1802 4533 ο
1831 4466 2041 4533 certum
2066 4466 2171 4521 est,
2198 4457 2421 4533 absurdi
2453 4457 2591 4533 nihil
2627 4456 2756 4519 dici,
2791 4457 2836 4510 si
2866 4455 3226 4533 Cerinthum,
3247 4472 3412 4527 quem

135 4523 614 4595 scripsisse,ipsas
635 4523 881 4595 epistola:
899 4524 1214 4580 ostendunt.
1239 4525 1441 4581 Baron.
1463 4526 1724 4591 ann.166,

135 4609 193 4647 ιι.
225 4595 251 4647 1
283 4602 341 4648 et
367 4596 422 4649 4.
455 4594 578 4650 sev.
611 4594 729 4651 an.
1180 4628 1181 4631 η

208 4664 325 4737 (36)
378 4664 530 4722 Hauc
578 4676 634 4721 et
689 4683 804 4738 seq.
835 4667 1105 4723 Baronius
1132 4681 1419 4738 germanas
1452 4666 1722 4738 agnoscit,

135 4736 265 4791 aliis
301 4751 407 4807 qq.
430 4753 540 4790 non
569 4736 953 4807 probantibus.

210 4807 329 4879 (37)
371 4806 533 4862 Iusto
567 4806 829 4879 episcopo.
868 4808 1059 4865 Justus
1089 4808 1422 4864 Viennensis
1467 4806 1727 4864 Ecclesiae

134 4880 434 4950 episcopus
462 4889 586 4948 post
621 4881 844 4950 longum
892 4880 1182 4944 exsilium,
1215 4879 1319 4935 sub
1345 4881 1727 4949 persecutione

135 4947 311 5022 hiat-ci
343 4947 546 5022 Aurelii
606 4947 930 5022 martyrium
972 4950 1192 5022 subiitn
1212 4951 1296 5022 lta
1326 4947 1445 5004 Ᾱόο
1475 4950 1722 5022 ejusdem

141 5017 475 5093 Viennensis
496 5017 1064 5093 Ecclesiaiepiscopus
1079 5021 1134 5093 in
1153 5018 1353 5075 Clu-on.
1364 5017 1619 5093 testatur.
1630 5019 1720 5093 in.

210 5090 328 5157 (38)
377 5089 616 5145 Titulum
658 5089 849 5147 domus
891 5089 1022 5148 suae.
1076 5091 1282 5148 Domus
1319 5091 1508 5147 divino
1553 5091 1726 5147 cultui

135 5161 341 5232 dicatae
371 5162 715 5232 appellantur
742 5164 907 5218 tituli.
941 5162 1019 5218 In.

215 5230 333 5303 (59)
367 5229 598 5287 summ;
626 5232 927 5288 Timotheus
974 5245 1024 5290 et
1056 5234 1295 5291 Marcus.
1347 5232 1508 5288 Hunc
1535 5231 1726 5288 Timo-

138 5302 355 5365 tbeum,
380 5303 775 5374 cujus_exitum
822 5305 1039 5360 nuntiat
1070 5304 1201 5359 Pius
1235 5304 1499 5374 pontifex,
1529 5303 1724 5359 N0vati

133 5389 488 5499 germanum,
543 5372 895 5459 Pudentianaa
939 5386 1103 5457 atque
1160 5372 1422 5458 Praxcdis
1470 5376 1721 5441 fratrem,

186 5445 406 5499 udentis
433 5460 562 5499 vero
592 5453 758 5499 atque
791 5446 1054 5499 Priscillae
1101 5447 1272 5499 filium
1323 5445 1494 5499 fuisse
1546 5447 1721 5499 (eum-

186 5445 406 5499 udentis
433 5460 562 5499 vero
592 5453 758 5516 atque
791 5445 1054 5502 Priscillae
1101 5447 1272 5501 lilium
1323 5445 1497 5517 fuisse
1546 5447 1726 5517 (eum-

136 5515 744 5588 demq_ue_esse,__cujns
784 5519 836 5571 in
868 5519 1112 5588 antiquis
1146 5518 1348 5573 tabulis
1388 5515 1724 5588 ecclesiasti—

139 5588 223 5658 ci_s
246 5583 320 5639 Qui
342 5583 521 5658 Martii
547 5583 757 5642 Natalis
784 5583 1089 5658 descriptus
1120 5589 1371 5653 habetur,
1405 5587 1491 5658 his
1516 5587 1718 5642 verbis:

107 5642 377 5728 lcRomae
416 5655 627 5712 Natalis
669 5658 770 5712 SS.
795 5642 1099 5728 martyrum
1134 5660 1303 5713 Marci
1340 5642 1394 5712 et
1419 5656 1718 5723 Timothei,

138 5730 236 5798 qui
297 5727 404 5783 sub
432 5729 725 5800 _Autonino
778 5727 1108 5798 imperatore
1154 5729 1421 5800 martyrio
1476 5730 1723 5800 coronati

143 5796 357 5868 sunt”)
429 5796 693 5856 Baronius
725 5796 891 5858 sentit
925 5817 1071 5858 anno
1100 5796 1448 5866 Christil66.
1478 5814 1631 5856 num.
1662 5799 1718 5854 2.

1832 4528 2087 4581 viderunt
2134 4529 2387 4597 apostoli,
2422 4527 2629 4597 quique
2680 4527 3052 4596 apostolorum
3105 4526 3280 4598 tertias
3323 4541 3417 4598 sy-

1831 4598 1978 4652 nodo
2009 4596 2275 4663 interfuit,
2310 4599 2415 4652 hoc
2442 4596 2697 4667 tempore
2735 4597 3087 4667 superstitem
3121 4596 3295 4652 fuisse
3324 4596 3414 4653 di-

1830 4683 2044 4740 camus.
2083 4668 2138 4721 Si
2172 4671 2316 4723 enim
2341 4665 2679 4740 Polycarpns
2704 4665 3013 4740 discipulus
3037 4665 3266 4740 Joannis
3294 4670 3418 4740 atti-

1830 4738 1907 4808 git
1937 4738 2221 4793 Anicetum
2261 4738 2593 4808 jioiititicem,
2627 4739 2786 4807 cujus
2817 4752 2963 4791 anno
2993 4739 3152 4808 tertio
3186 4738 3288 4792 sub
3316 4739 3416 4792 im-

1829 4807 2083 4881 peratore
2108 4807 2333 4881 aurelio
2380 4811 2702 4881 martyrium
2756 4809 2946 4881 subiit,
2980 4810 3024 4864 si
3057 4807 3286 4881 Hermas
3332 4809 3415 4881 di-

1831 4878 2079 4949 Scipulus
2119 4878 2275 4935 Pauli
2334 4896 2459 4936 cum
2521 4878 2627 4934 hoc
2671 4879 2929 4949 pontifice
2980 4878 3143 4933 simul
3193 4879 3413 4943 vixerit,

1832 4948 2174 5020 impossibile
2228 4951 2399 5006 videri
2451 4966 2563 5005 non
2599 4948 2779 5014 debet,
2816 4960 2874 5003 ut
2899 4948 3198 5004 Cerintlius
3230 4949 3415 5020 Asimul

1832 5017 1936 5075 hoc
1960 5029 2015 5076 et
2036 5023 2410 5091 apostolorum
2438 5030 2678 5089 tempore
2706 5030 2985 5091 superstes
3011 5020 3191 5074 adhuc
3223 5017 3410 5085 fuerit,

1831 5106 1897 5145 ac
1925 5092 2078 5148 virus
2120 5108 2282 5163 suum
2324 5094 2482 5163 longe
2524 5092 2741 5163 lati-que
2782 5106 2875 5160 per
2904 5093 3092 5163 orbem
3138 5099 3414 5146 terrarum

1830 5164 2155 5217 evomuerit.
2190 5162 2391 5218 Baron.
2422 5159 2553 5217 ann.
2586 5159 2710 5224 166,
2748 5176 2900 5214 num.
2932 5160 2988 5216 ‘2.
3022 5159 3099 5215 In.

1903 5232 2018 5305 (Η)
2048 5231 2314 5305 Epistula.
2366 5232 2520 5288 Hanc
2552 5232 2840 5305 epistolam
2865 5233 3080 5305 ultimo
3099 5246 3246 5286 almo
3274 5246 3413 5301 pon-

1828 5302 2069 5360 tiﬁcatus
2097 5304 2202 5369 Pii,
2235 5305 2395 5372 paulo
2426 5311 2554 5358 ante
2584 5303 2792 5357 obitum
2828 5302 2949 5372 ejus
2976 5302 3239 5372 scriptam
3265 5318 3410 5368 esse,

1831 5391 1896 5430 ex
1937 5375 2052 5443 ipsa
2082 5376 2313 5444 epistola
2348 5383 2593 5444 apparet.
2635 5372 2713 5427 In.

1898 5446 2012 5518 (42)
2043 5443 2280 5518 gnatus.
2325 5443 2765 5518 Attalus,_c_ujus
2813 5444 2904 5498 hic
2932 5444 3014 5518 lit
3065 5443 3294 5518 mentio,
3329 5450 3417 5499 est

1830 5512 2025 5588 genere
2057 5514 2428 5587 Pergamenus
2449 5559 2463 5581 ,
2497 5516 2589 5588 sed
2619 5512 2863 5588 Romana
2896 5514 3115 5588 civitate
3149 5514 3409 5588 donatus,

1828 5582 1893 5642 ac
1921 5588 2104 5658 magni
2136 5582 2376 5658 nominis
2403 5588 2508 5641 vir.
2540 5584 2638 5658 De_
2641 5585 2803 5658 cujus
2830 5600 3004 5656 agone
3033 5586 3225 5658 litterae
3250 5582 3412 5658 Vien-

1829 5653 2039 5714 nensis'
2071 5668 2124 5714 et
2172 5657 2557 5728 Lugdunensis
2600 5653 2887 5720 Ecclesiae,
2917 5657 3062 5728 apud
3111 5654 3411 5711 Eusebium

1827 5729 1923 5784 lih.
1956 5745 2008 5794 v,
2041 5744 2162 5799 cap.
2198 5727 2579 5799 l,’exstantes,
2610 5728 2879 5799 scribunt.
2918 5727 2998 5793 In,

1901 5801 2016 5875 (45)
2057 5794 2311 5856 Sanctum
2352 5798 2562 5855 Verum.
2631 5795 2829 5867 Verus,
2883 5799 2953 5855 de
2997 5813 3108 5869 quo
3153 5797 3260 5865 hic,
3309 5794 3413 5852 iuit
