3808 6206
173 410 318 468 “29
961 415 1234 472 AMCETI
1272 415 1474 471 PAPIE
1508 415 1844 472 EPISTQLA
1889 415 1980 470 AD
2009 414 2286 473 GALLME
2327 415 2549 476 EPISC.
3107 472 3110 474 .
3288 419 3430 476 liii.

203 518 681 581 Deconsuetudine
695 531 1240 600 servanda,quaznon
1254 537 1531 585 estcontra
1546 530 1726 600 ﬁdem.
1785 540 1830 596 Α
1858 544 1998 600 quas
2049 545 2081 585 a
2111 529 2256 585 Petri
2291 531 2664 602 apostolorum
2707 531 2976 602 principis
3025 532 3433 596 ordinationum

314 613 394 670 Ex
427 617 617 673 codice
642 617 711 672 16
745 619 1031 684 librorum,
1069 621 1210 676 libro
1243 637 1333 686 ill,
1370 636 1491 692 cap.
1516 621 1605 677 l9.
1858 621 2037 678 initiis
2093 622 2361 679 hactenus
2413 632 2661 680 vetustas
2705 623 2868 696 longa
2920 625 3176 682 servavit.
3233 625 3302 683 Et
3332 644 3434 686 nos

238 705 286 738 “
310 705 531 764 Petistis
572 724 668 779 per
701 707 968 767 Hilarium
1021 713 1418 769 chartularium
1471 724 1746 780 nostrum,
1855 715 2099 786 quidem,
2132 713 2288 784 juxta
2322 716 2518 770 seriem
2555 715 2835 772 relationis
2869 725 3085 783 vestrae,
3120 718 3168 751 “
3192 733 3431 776 consue-
3478 747 3494 771 ι

159 811 196 850 a
230 796 402 852 beatae
447 801 724 855 memoriae
758 803 1157 872 praedecessore
1191 813 1414 870 nostro,
1462 815 1522 860 ut
1555 819 1747 861 omnes
1854 807 2099 863 tudinem
2136 807 2426 864 laudamus
2449 851 2464 875 ,
2522 823 2647 879 quae
2691 817 2875 866 tamen
2908 819 3102 866 contra
3135 810 3298 867 ﬁdem
3332 827 3432 868 ca-

165 888 324 943 vobis
374 901 518 944 retro
550 901 858 961 temporum
894 893 1320 950 consuetudines
1372 906 1744 961 servarentur,
1855 900 2117 954 tbolicam
2153 899 2288 954 nihil
2325 915 2592 970 usurpare
2624 901 2985 971 dignoscitur.
3472 887 3493 970 1

235 1065 283 1098 ⁸⁸
313 1065 408 1123 Est
440 1084 507 1124 ex
541 1069 701 1140 epist.
725 1071 785 1126 S.
818 1072 978 1143 Greg.
1003 1075 1101 1130 lib.
1135 1091 1175 1140 :,
1199 1092 1285 1146 ep.
1318 1077 1405 1132 '75.
1473 1079 1518 1110 “
1550 1079 1794 1135 distinct.
1827 1081 1887 1134 ll
1951 1100 1966 1132 :
2000 1079 2446 1135 Consuetudinem
2499 1082 2648 1137 laud.
2676 1082 2746 1136 Et
2777 1083 2832 1137 in
2871 1082 3022 1138 Decr.
3047 1085 3199 1139 lvon.
3231 1082 3323 1138 lib.
3361 1099 3427 1141 rt.

185 1232 3418 1290 ῃ

987 1407 1927 1570 ANICETUS
2036 1414 2106 1564 Ι
2195 1412 2688 1570 ΡΑΡΑ

140 1960 425 2027 (Βιζιὶιιιυ
456 1961 728 2024 pontiﬁcali
765 1962 968 2027 Damasi
997 1960 1480 2027 papm,‘ap‘.__lt_l_m_si,
1507 1958 1718 2027 Concil.,_
1751 1958 1792 2027 l,
1823 1959 2010 2027 _68l.-—
2041 1956 2498 2027 “defunctoque
2529 1959 2711 2027 Latina
2735 1965 2772 2010 ι.
2809 1958 3044 2022 CXXVII,
3067 1960 3162 2010 col.
3197 1960 3337 2024 1203,
3369 1963 3421 2012 in

942 2021 1616 2074 AnaStasio'Bibliothecario
1635 2023 1722 2084 qui
1740 2022 2004 2072 Anicetum
2027 2028 2146 2072 ante
2170 2022 2315 2072 Pium
2340 2022 2360 2072 Ι
2384 2021 2568 2086 ponit.)

222 2173 487 2228 Anicetus
521 2171 739 2226 natione
775 2171 981 2243 Syrus,
1013 2187 1076 2227 ex
1103 2181 1257 2243 patre
1285 2171 1497 2243 Joanne
1524 2171 1592 2226 de
1619 2172 1740 2228 vico
1769 2170 2039 2238 Humisia,
2075 2171 2216 2226 sedit
2247 2186 2426 2243 annos
2452 2171 2735 2239 undecim,
2768 2178 3268 2243 mens_es_quatuor,
3300 2174 3420 2230 dies

135 2252 283 2301 tres.
319 2243 447 2298 Fuit
472 2250 655 2312 autem
687 2239 1026 2312 temporibus
1057 2239 1182 2298 veri
1223 2251 1280 2299 et
1305 2241 1500 2306 Marci,
1546 2258 1578 2296 a
1618 2243 1909 2298 consulatu
1950 2243 2220 2299 Gallicani
2265 2252 2320 2297 et
2366 2241 2601 2308 Veteris,
2648 2257 2824 2312 usque
2865 2241 2935 2312 ad
2977 2239 3307 2312 grassantem
3365 2254 3419 2300 et

138 2315 429 2370 Ruﬁnum.
465 2311 568 2368 Hic
605 2310 889 2368 constituit
924 2323 984 2368 ut
1017 2315 1252 2369 clericus
1291 2328 1507 2369 comam
1542 2328 1652 2368 non
1689 2313 1941 2380 nutriret,
1980 2313 2285 2369 secundum
2315 2321 2648 2383 praeceptum
2685 2310 2954 2382 Apostoli.
2982 2310 3084 2383 Hic
3113 2311 3242 2369 fecit
3269 2315 3420 2370 ordi-

136 2387 400 2440 nationes
422 2384 664 2454 quinque
691 2398 788 2452 per
817 2399 1064 2455 mensem
1107 2383 1483 2448 Decembrem,
1536 2383 1885 2455 presbyteros
1923 2382 2335 2455 septemdecim,
2367 2383 2651 2455 diaconos
2675 2392 2942 2455 quatuor,
2979 2382 3270 2455 episcopos
3319 2401 3417 2455 per

134 2456 363 2512 diversa
396 2450 516 2509 loca
552 2450 770 2524 novem.
802 2453 908 2520 Qui
949 2455 1116 2509 etiam
1153 2455 1290 2510 obiit
1319 2450 1554 2524 martyr,
1591 2462 1648 2524 et
1691 2450 1938 2524 sepultus
1964 2450 2050 2508 est
2077 2454 2133 2508 in
2165 2454 2484 2510 coemeterio
2516 2450 2750 2522 Callisti,
2787 2451 2874 2507 via
2915 2450 3112 2523 Appia,
3151 2450 3414 2522 decimo-

132 2527 344 2598 quinto
368 2524 595 2581 Kalend.
620 2523 814 2580 Maias.
833 2524 910 2579 Et
938 2525 1177 2582 cessavit
1202 2523 1554 2596 episcopatus
1583 2523 1702 2580 dies
1735 2523 2139 2595 septemdecim.

1167 2832 1810 2965 ANICETI
1901 2834 2350 2962 ΡΑΡλίΕ

451 3099 1145 3215 EPISTOLA
1225 3100 1412 3214 AD
1483 3096 2043 3212 GALLUE
2120 3095 2891 3212 EPISCOPOS
2937 3153 3071 3230 (45).

1433 3279 1630 3342 (Mausn,
1652 3277 1853 3340 συκῆ,
1878 3279 1918 3340 ι,
1942 3276 2077 3340 683.)

131 3387 488 3443 Declectione
511 3395 561 3439 et
587 3385 924 3440 ordinatione
964 3387 1344 3456 archiepiscopi
1384 3395 1435 3440 et
1485 3396 1794 3458 ceterorum
1827 3385 2219 3458 cpiscomrum,
2262 3395 2313 3440 ct
2368 3396 2432 3458 ut
2472 3386 2893 3457 archiepiscopus
2948 3388 3144 3458 absque
3186 3389 3404 3443 consitio

458 3469 768 3511 ceterorum
802 3458 934 3512 nihii
964 3475 1116 3530 agere
1137 3455 1426 3528 prwsumat
1452 3460 1517 3510 de
1545 3457 1720 3510 causis
1744 3471 1924 3510 eorum
1959 3455 2067 3510 nisi
2101 3464 2310 3510 tantum
2339 3457 2404 3511 de
2427 3474 2526 3512 sua
2551 3455 2769 3527 δραξαιὶ
2794 3455 3070 3527 parochia.

198 3611 526 3668 “Anicetus
548 3611 592 3644 ⁸⁷
617 3612 892 3669 universis
933 3610 1195 3669 Ecclesiis
1237 3626 1336 3682 per
1363 3609 1550 3666 Galliae
1591 3624 1721 3680 pro-
1755 3620 1798 3674 Β
1827 3619 2012 3668 tuente
2040 3610 2300 3680 Domino,
2327 3610 2636 3678 tradidisse,
2684 3626 2797 3667 non
2848 3626 2880 3666 a
2929 3612 3114 3668 minus
3157 3628 3404 3682 quam-tt

124 3704 344 3758 vincias
370 3703 703 3770 constitutis,
740 3704 794 3758 in
825 3703 1057 3758 Domino
1085 3703 1337 3759 salutem.
1817 3703 1995 3759 tribus
2038 3703 2334 3774 episcopis,
2375 3703 2696 3774 episcopum
2737 3703 2985 3759 ordinari
3031 3704 3252 3760 debere.
3295 3703 3402 3762 Sed

201 3795 480 3851 Bonorum
527 3812 753 3866 operum
793 3805 848 3851 et
887 3797 930 3829 ⁵⁸
990 3795 1359 3866 spiritualium
1405 3794 1712 3852 studiorum

122 3887 302 3942 Deum
334 3896 613 3944 auctorem
645 3905 786 3955 esse,
839 3904 950 3944 non
995 3888 1224 3944 dubium
1272 3897 1376 3951 est,
1417 3887 1512 3958 qui
1549 3887 1716 3942 bono-

120 3996 251 4035 rum
287 3981 570 4037 hominum
599 3983 791 4038 incitat
833 3990 1044 4037 mentes
1080 3988 1136 4036 et
1169 3980 1394 4051 adjuvat
1443 3980 1708 4036 actiones.

119 4071 284 4139 Quod
316 4075 477 4130 nobis
533 4075 815 4130 evidenter
849 4073 1122 4145 apparuit,
1155 4088 1282 4129 cum
1329 4073 1472 4128 inter
1495 4071 1712 4143 longin-

116 4181 230 4235 qua
263 4166 435 4236 spatia
465 4166 773 4237 regionum,
807 4183 978 4222 unum
1009 4167 1178 4222 corda
1214 4173 1394 4221 vestra
1418 4171 1712 4221 senserunt

114 4257 436 4324 consilium,
479 4265 534 4313 et
583 4273 707 4328 quae
770 4257 1168 4314 desiderabatis
1227 4273 1490 4328 responsa
1519 4296 1536 4321 ,
1597 4271 1704 4315 non

112 4351 288 4403 unius
339 4350 433 4404 sed
469 4350 830 4420 plurimorum
863 4350 1105 4420 epistolae
1137 4349 1480 4404 intimarunt.

152 4552 229 4607 De
256 4552 680 4607 ordinationibus
704 4553 1088 4624 episcoporum,
1112 4552 1244 4606 etde
1265 4551 1441 4606 causis
1463 4567 1664 4605 earum.

183 4644 266 4700 De
294 4645 736 4700 ordinationibus
768 4659 900 4700 vero
928 4643 1337 4714 episcoporum,
1367 4657 1535 4712 super
1580 4640 1704 4713 qui-

105 4736 215 4790 bus
239 4749 344 4789 nos
383 4735 670 4790 consulere
713 4733 985 4800 voluistis,
1024 4733 1156 4787 olim
1191 4733 1244 4786 in
1276 4731 1455 4787 sancti
1490 4729 1700 4800 praede-

102 4830 354 4886 cessoris
406 4829 579 4885 nostri
637 4829 888 4884 Anacleti
951 4826 1390 4882 ordinationibus
1450 4824 1700 4895 quaedam

95 4923 220 4993 jam
260 4920 480 4976 decreta
528 4921 831 4991 reperimus
864 4919 932 4976 ".
986 4917 1205 4974 Scimus
1248 4917 1395 4972 enim
1447 4913 1701 4970 beatissi-

1813 3805 2091 3850 crescente
2128 3809 2360 3850 numero
2386 3793 2791 3865 episcoporum,
2833 3793 2940 3850 nisi
2973 3795 3272 3852 necessitas
3317 3796 3404 3851 in-

1813 3887 2127 3950 tervenerit,
2171 3886 2373 3942 debent
2423 3885 2590 3940 etiam
2632 3885 2821 3956 plures
2859 3887 3071 3957 augeri,
3122 3886 3177 3942 id
3211 3897 3320 3955 est,
3350 3889 3401 3944 si

1813 3977 2259 4050 archiepiscOpus
2319 3978 2465 4033 diem
2505 3977 2723 4042 obierit,
2769 3987 2824 4033 et
2881 3979 3019 4034 alter
3053 3979 3398 4036 ordinandus

1812 4069 2265 4141 archiepiscopus
2317 4070 2525 4125 electus
2581 4069 2766 4138 fuerit,
2815 4071 2863 4102 ⁸ο
2909 4084 3102 4126 omnes
3148 4070 3398 4140 ejusdem

1810 4162 2105 4232 provinciae
2139 4162 2383 4233 cpisc0pi
2436 4162 2503 4219 ad
2547 4163 2732 4219 sedem
2772 4162 3140 4233 metropoleos
3192 4177 3396 4219 conve-

1808 4254 1986 4320 niant,
2019 4265 2078 4309 ut
2103 4254 2172 4309 ab
2199 4255 2456 4311 omnibus
2485 4254 2600 4325 ipse
2627 4255 2934 4311 ordinetur.
2967 4255 3012 4287 ⁸⁸
3035 4255 3259 4326 Oportet
3301 4271 3396 4310 au-

1808 4354 1918 4401 tem
1973 4354 2036 4402 ut
2093 4345 2228 4417 ipse,
2271 4347 2368 4417 qui
2412 4347 2520 4403 illis
2551 4347 2811 4403 omnibus
2839 4361 3076 4417 praeesse
3113 4343 3296 4413 debet,
3323 4347 3395 4402 ab

1807 4460 2066 4516 omnibus
2117 4460 2227 4516 illis
2272 4460 2505 4531 eligatur
2551 4469 2606 4516 et
2647 4461 2947 4518 ordinetur.
2999 4460 3216 4532 Reliqui
3259 4477 3393 4520 vero

1803 4551 2294 4621 comprovinciales
2327 4553 2594 4624 episcopi,
2639 4554 2686 4608 si
2732 4569 2957 4610 necesse
2999 4553 3186 4619 fuerit,
3224 4566 3390 4613 caete-

1804 4641 1881 4696 ris
1912 4642 2408 4711 consentientibus,
2453 4658 2484 4698 a
2535 4644 2735 4708 tribus,
2774 4643 2936 4714 jussu
2966 4644 3387 4717 archiepiscopi,

1801 4733 2113 4788 consecrari
2171 4742 2399 4802 possunt
2445 4733 2739 4805 episcopis.
2801 4734 2907 4790 Sed
2943 4736 3139 4792 melius
3179 4745 3287 4804 est,
3337 4739 3387 4794 si

1802 4823 1919 4894 ipse
1943 4839 2068 4880 cum
2098 4825 2375 4889 omnibus,
2411 4841 2537 4881 eum
2566 4826 2662 4896 qui
2686 4826 2886 4896 dignus
2911 4835 3016 4891 est,
3046 4829 3294 4899 elegerit,
3330 4839 3388 4884 et

1801 4918 1985 4972 cuncti
2009 4918 2213 4987 pariter
2233 4919 2571 4974 sacraverint
2600 4919 2938 4989 pontificem.
2969 4919 3036 4974 Et
3058 4919 3184 4975 licet
3214 4921 3381 4987 istud,

99 4987 266 5066 suum
295 4987 712 5082 Jacobum,—qui
743 5011 1028 5067 dicebatur
1053 5009 1265 5075 Justus,
1294 5007 1388 5079 qui
1423 5007 1586 5062 etiam
1613 5021 1697 5061 se-
1725 4987 1772 5048 (ἶ
1803 5011 2129 5066 necessitate
2175 5019 2421 5082 cogente,
2462 4987 2790 5065 concessum
2833 5011 2942 5075 sit,
2995 5011 3128 5065 illud
3171 5020 3378 5078 tamen,

96 5105 356 5160 cundum
393 5119 614 5159 carnem
649 5103 818 5158 frater
863 5102 1082 5157 Domini
1125 5109 1473 5170 nuncupatus
1516 5107 1620 5165 est,
1668 5114 1700 5152 a

95 5198 298 5263 Petro,
347 5193 552 5251 Jacobo
597 5205 653 5250 et
704 5193 916 5250 Joanne
956 5193 1239 5264 apostolis,
1285 5190 1696 5261 Hierosolymo-

92 5306 228 5346 rum
255 5289 578 5359 episcopum
617 5303 741 5344 esse
775 5288 1112 5343 ordinatum.
1155 5283 1212 5340 Si
1239 5293 1421 5340 autem
1454 5299 1562 5338 non
1594 5283 1696 5336 mi-

1796 5102 1944 5174 quod
1963 5103 2031 5158 de
2062 5104 2461 5174 archiepiscopi
2496 5105 2912 5159 consecratione
2941 5104 3259 5173 praadictum
3296 5112 3382 5160 est

1791 5206 1956 5266 atque
1985 5203 2338 5265 praeceptum,
2369 5195 2422 5250 id
2443 5203 2548 5262 est,
2582 5203 2642 5249 ut
2673 5210 2866 5251 omnes
2895 5195 3220 5266 suil‘raganei
3251 5211 3376 5251 eum

1793 5289 2069 5352 ordinent,
2110 5289 2426 5343 nullatenus
2459 5288 2740 5342 immutari
2777 5289 2934 5355 licet;
2969 5288 3098 5358 quia
3129 5287 3223 5358 qui
3265 5287 3374 5342 illis

45 5343 66 5411 ι
91 5399 208 5438 nus
236 5343 410 5452 quam
438 5343 470 5435 εί
507 5381 685 5436 tribus
723 5378 988 5451 apostolis
1024 5386 1210 5433 tantus
1240 5377 1323 5430 vir
1348 5374 1452 5430 iuit
1473 5374 1694 5430 ordina-
1790 5387 2007 5448 praeest,
2032 5379 2099 5434 ab
2126 5379 2383 5434 omnibus
2417 5378 2710 5449 episcopis,
2738 5343 2942 5449 quibus
2964 5343 3182 5448 διωθεῖ,
3211 5377 3373 5432 debet

91 5486 188 5533 tus
247 5475 568 5546 episcopus,
623 5480 772 5544 patet
817 5470 1064 5542 profecto
1115 5485 1211 5526 eos
1249 5468 1503 5534 formam,
1532 5469 1684 5525 insti-

85 5596 138 5628 “
161 5597 224 5650 in
260 5609 402 5649 mss.
429 5607 572 5663 saepe
592 5591 838 5646 Anicitus
870 5591 1165 5658 scribitur;
1228 5590 1282 5644 in
1318 5590 1648 5660 quibusdam
1691 5630 1693 5638 .

85 5666 221 5721 loco
247 5665 497 5727 Anicius,
531 5671 586 5718 et
609 5664 664 5717 in
699 5663 880 5717 titulo.
918 5661 1119 5733 Hann._
1195 5661 1240 5693 ’⁵⁸
1266 5659 1323 5716 8.
1351 5661 1462 5733 Leo
1485 5677 1572 5731 ep.
1603 5660 1693 5733 52.

1795 5590 1926 5656 cius,
1965 5592 2046 5647 sic
2076 5590 2240 5645 etiam
2266 5599 2432 5645 recte.
2469 5589 2642 5646 Hann.
2755 5589 2801 5622 ⁸⁷
2833 5591 2886 5645 in
2911 5605 3019 5645 ms.
3047 5595 3238 5643 nostro
3260 5589 3369 5641 hoc

1795 5662 1830 5697 ιθ
1861 5659 2037 5732 Supra
2065 5662 2118 5716 in
2157 5661 2194 5714 2
2216 5663 2408 5733 Anacl.
2434 5662 2682 5733 epistola.
2757 5661 2804 5694 ⁸ο
2831 5661 2921 5729 66,
2944 5660 3188 5716 distinct.
3224 5657 3370 5712 :Ar-

83 5666 221 5721 loco
247 5659 586 5727 Aniciusfet
609 5664 664 5717 in
699 5663 880 5717 titulo.
918 5661 1091 5717 Hann.
1195 5661 1240 5693 ’⁵⁸
1266 5659 1462 5716 δξιθο
1485 5677 1572 5731 ep.
1603 5660 1694 5716 52.

1789 5468 2071 5525 constitui.
2137 5468 2240 5543 Sin
2286 5470 2442 5526 aliter
2498 5468 2890 5542 praesumptum
2933 5467 3119 5536 fuerit,
3158 5467 3369 5524 viribus

2755 5589 2801 5622 ⁸⁷
2833 5591 2886 5645 in
2911 5605 3019 5645 ms.
3047 5595 3238 5643 nostro
3260 5585 3369 5641 hoc

83 5739 467 5819 chiepiscopus
491 5733 556 5788 ab
590 5733 853 5788 omnibus.
931 5735 976 5766 ⁸⁸
1004 5731 1063 5788 S.
1097 5731 1208 5789 Leo
1236 5747 1322 5802 ep.
1353 5732 1443 5798 89,
1465 5730 1586 5802 cap.
1607 5732 1661 5787 5.
1683 5730 1853 5787 Cone.
1880 5730 2157 5788 iiI'Aurel.
2189 5749 2239 5786 c.
2272 5731 2324 5788 '5.

160 5827 291 5923 (δεῖ.)
336 5847 753 5921 Supposititiam
780 5857 1010 5904 censent
1037 5847 1142 5903 viri
1176 5847 1394 5904 eruditi.

427 5945 701 6007 Parnm.
773 5943 890 6005 Gn.
931 5943 1009 6006 ν.

2961 5933 3038 5993 36
