  <div class='ocr_page' id='page_1' title='image "/cluster/home/n/w/nwhite01/storage/ocr_20150623/5/nnc1.0046978607/574.png"; bbox 0 0 3808 6206; ppageno 0'>
   <div class='ocr_carea' id='block_1_1' title="bbox 227 375 370 436">
    <p class='ocr_par' dir='ltr' id='par_1_1' title="bbox 227 375 370 436">
     <span class='ocr_line' id='line_1_1' title="bbox 227 375 370 436; baseline 0.021 -3"><span class='ocrx_word' id='word_1_1' title='bbox 227 375 370 436; x_wconf 64' lang='lat' dir='ltr'><strong>nas</strong></span> 
     </span>
    </p>
   </div>
   <div class='ocr_carea' id='block_1_2' title="bbox 1398 373 2340 441">
    <p class='ocr_par' dir='ltr' id='par_1_2' title="bbox 1398 373 2340 441">
     <span class='ocr_line' id='line_1_2' title="bbox 1398 373 2340 441; baseline 0.002 -4"><span class='ocrx_word' id='word_1_2' title='bbox 1398 373 1689 438; x_wconf 80' lang='lat' dir='ltr'><strong>SOTERIS</strong></span> <span class='ocrx_word' id='word_1_3' title='bbox 1727 381 1927 438; x_wconf 61' lang='lat' dir='ltr'><strong>PAPA&quot;.</strong></span> <span class='ocrx_word' id='word_1_4' title='bbox 1964 376 2340 441; x_wconf 69' lang='lat' dir='ltr'><strong>EPISTOLA‘I.</strong></span> 
     </span>
    </p>
   </div>
   <div class='ocr_carea' id='block_1_3' title="bbox 3353 385 3488 445">
    <p class='ocr_par' dir='ltr' id='par_1_3' title="bbox 3353 385 3488 445">
     <span class='ocr_line' id='line_1_3' title="bbox 3353 385 3488 445; baseline 0.015 -1"><span class='ocrx_word' id='word_1_5' title='bbox 3353 385 3488 445; x_wconf 58' lang='lat'><strong>&quot;&#39;54</strong></span> 
     </span>
    </p>
   </div>
   <div class='ocr_carea' id='block_1_4' title="bbox 226 499 3492 584">
    <p class='ocr_par' dir='ltr' id='par_1_4' title="bbox 226 499 3492 584">
     <span class='ocr_line' id='line_1_4' title="bbox 226 499 3492 584; baseline 0.003 -30"><span class='ocrx_word' id='word_1_6' title='bbox 226 499 578 572; x_wconf 65' lang='lat' dir='ltr'><strong>radant(48);</strong></span> <span class='ocrx_word' id='word_1_7' title='bbox 601 501 732 571; x_wconf 82' lang='lat' dir='ltr'><strong>quia</strong></span> <span class='ocrx_word' id='word_1_8' title='bbox 749 500 1124 558; x_wconf 76' lang='lat' dir='ltr'><strong>sicutdiscreti</strong></span> <span class='ocrx_word' id='word_1_9' title='bbox 1149 502 1350 558; x_wconf 89' lang='lat' dir='ltr'><strong>debent</strong></span> <span class='ocrx_word' id='word_1_10' title='bbox 1372 507 1566 561; x_wconf 86' lang='lat' dir='ltr'><strong>essein</strong></span> <span class='ocrx_word' id='word_1_11' title='bbox 1583 521 1811 561; x_wconf 89' lang='lat' dir='ltr'><strong>conver-</strong></span> <span class='ocrx_word' id='word_1_12' title='bbox 1840 526 1884 584; x_wconf 61' lang='grc' dir='ltr'><strong>Α</strong></span> <span class='ocrx_word' id='word_1_13' title='bbox 1916 505 2258 562; x_wconf 74' lang='lat' dir='ltr'><strong>terrestrium</strong></span> <span class='ocrx_word' id='word_1_14' title='bbox 2316 513 2373 561; x_wconf 87' lang='lat' dir='ltr'><strong>et</strong></span> <span class='ocrx_word' id='word_1_15' title='bbox 2408 505 2770 572; x_wconf 82' lang='lat' dir='ltr'><strong>infernorum,</strong></span> <span class='ocrx_word' id='word_1_16' title='bbox 2805 514 2861 563; x_wconf 85' lang='lat' dir='ltr'><strong>et</strong></span> <span class='ocrx_word' id='word_1_17' title='bbox 2892 511 3075 564; x_wconf 88' lang='lat' dir='ltr'><strong>omnis</strong></span> <span class='ocrx_word' id='word_1_18' title='bbox 3101 508 3288 580; x_wconf 91' lang='lat' dir='ltr'><strong>lingua</strong></span> <span class='ocrx_word' id='word_1_19' title='bbox 3317 512 3492 565; x_wconf 62' lang='lat' dir='ltr'><strong>conti-</strong></span> 
     </span>
    </p>
   </div>
   <div class='ocr_carea' id='block_1_5' title="bbox 223 591 1802 658">
    <p class='ocr_par' dir='ltr' id='par_1_5' title="bbox 223 591 1802 658">
     <span class='ocr_line' id='line_1_5' title="bbox 223 591 1802 658; baseline 0.003 -13"><span class='ocrx_word' id='word_1_20' title='bbox 223 592 475 658; x_wconf 77' lang='lat' dir='ltr'><strong>satione,</strong></span> <span class='ocrx_word' id='word_1_21' title='bbox 533 592 608 646; x_wconf 82' lang='lat' dir='ltr'><strong>ita</strong></span> <span class='ocrx_word' id='word_1_22' title='bbox 635 604 690 647; x_wconf 89' lang='lat' dir='ltr'><strong>et</strong></span> <span class='ocrx_word' id='word_1_23' title='bbox 732 591 788 647; x_wconf 90' lang='lat' dir='ltr'><strong>in</strong></span> <span class='ocrx_word' id='word_1_24' title='bbox 825 601 1053 648; x_wconf 86' lang='lat' dir='ltr'><strong>tonsura</strong></span> <span class='ocrx_word' id='word_1_25' title='bbox 1083 601 1138 646; x_wconf 90' lang='lat' dir='ltr'><strong>et</strong></span> <span class='ocrx_word' id='word_1_26' title='bbox 1163 594 1314 648; x_wconf 93' lang='lat' dir='ltr'><strong>omni</strong></span> <span class='ocrx_word' id='word_1_27' title='bbox 1355 595 1544 651; x_wconf 87' lang='lat' dir='ltr'><strong>habitu</strong></span> <span class='ocrx_word' id='word_1_28' title='bbox 1582 596 1802 652; x_wconf 88' lang='lat' dir='ltr'><strong>discreti</strong></span> 
     </span>
    </p>
   </div>
   <div class='ocr_carea' id='block_1_6' title="bbox 219 686 1804 760">
    <p class='ocr_par' dir='ltr' id='par_1_6' title="bbox 219 686 1804 760">
     <span class='ocr_line' id='line_1_6' title="bbox 219 686 1804 760; baseline 0.003 -19"><span class='ocrx_word' id='word_1_29' title='bbox 219 687 425 742; x_wconf 89' lang='lat' dir='ltr'><strong>debent</strong></span> <span class='ocrx_word' id='word_1_30' title='bbox 445 703 730 758; x_wconf 84' lang='lat' dir='ltr'><strong>apparere.</strong></span> <span class='ocrx_word' id='word_1_31' title='bbox 761 686 888 743; x_wconf 70' lang='lat' dir='ltr'><strong>Haec</strong></span> <span class='ocrx_word' id='word_1_32' title='bbox 903 688 1083 752; x_wconf 85' lang='lat' dir='ltr'><strong>vobis,</strong></span> <span class='ocrx_word' id='word_1_33' title='bbox 1115 687 1331 756; x_wconf 82' lang='lat' dir='ltr'><strong>fratres,</strong></span> <span class='ocrx_word' id='word_1_34' title='bbox 1362 705 1424 745; x_wconf 93' lang='lat' dir='ltr'><strong>ut</strong></span> <span class='ocrx_word' id='word_1_35' title='bbox 1452 691 1688 760; x_wconf 82' lang='lat' dir='ltr'><strong>petistis,</strong></span> <span class='ocrx_word' id='word_1_36' title='bbox 1708 706 1804 746; x_wconf 91' lang='lat' dir='ltr'><strong>cu-</strong></span> 
     </span>
    </p>
   </div>
   <div class='ocr_carea' id='block_1_7' title="bbox 221 779 1806 853">
    <p class='ocr_par' dir='ltr' id='par_1_7' title="bbox 221 779 1806 853">
     <span class='ocr_line' id='line_1_7' title="bbox 221 779 1806 853; baseline 0.003 -19"><span class='ocrx_word' id='word_1_37' title='bbox 221 779 516 834; x_wconf 87' lang='lat' dir='ltr'><strong>stodienda</strong></span> <span class='ocrx_word' id='word_1_38' title='bbox 541 780 814 835; x_wconf 88' lang='lat' dir='ltr'><strong>mittimus</strong></span> <span class='ocrx_word' id='word_1_39' title='bbox 839 823 853 847; x_wconf 94' lang='lat'><strong>,</strong></span> <span class='ocrx_word' id='word_1_40' title='bbox 878 789 933 835; x_wconf 92' lang='lat' dir='ltr'><strong>et</strong></span> <span class='ocrx_word' id='word_1_41' title='bbox 969 780 1249 836; x_wconf 90' lang='lat' dir='ltr'><strong>custodire</strong></span> <span class='ocrx_word' id='word_1_42' title='bbox 1273 783 1628 853; x_wconf 76' lang='lat' dir='ltr'><strong>przecipimus</strong></span> <span class='ocrx_word' id='word_1_43' title='bbox 1647 823 1664 848; x_wconf 92' lang='lat'><strong>,</strong></span> <span class='ocrx_word' id='word_1_44' title='bbox 1695 802 1716 835; x_wconf 73' lang='grc' dir='ltr'><strong><em>ο</em></strong></span> <span class='ocrx_word' id='word_1_45' title='bbox 1745 794 1806 838; x_wconf 90' lang='lat' dir='ltr'><strong>ut</strong></span> 
     </span>
    </p>
   </div>
   <div class='ocr_carea' id='block_1_8' title="bbox 223 869 1807 943">
    <p class='ocr_par' dir='ltr' id='par_1_8' title="bbox 223 869 1807 943">
     <span class='ocr_line' id='line_1_8' title="bbox 223 869 1807 943; baseline 0.004 -20"><span class='ocrx_word' id='word_1_46' title='bbox 223 870 284 924; x_wconf 91' lang='lat' dir='ltr'><strong>in</strong></span> <span class='ocrx_word' id='word_1_47' title='bbox 319 870 542 924; x_wconf 86' lang='lat' dir='ltr'><strong>nomine</strong></span> <span class='ocrx_word' id='word_1_48' title='bbox 587 869 717 925; x_wconf 78' lang='lat' dir='ltr'><strong>Jesu</strong></span> <span class='ocrx_word' id='word_1_49' title='bbox 767 887 932 927; x_wconf 91' lang='lat' dir='ltr'><strong>omne</strong></span> <span class='ocrx_word' id='word_1_50' title='bbox 973 887 1112 943; x_wconf 88' lang='lat' dir='ltr'><strong>genu</strong></span> <span class='ocrx_word' id='word_1_51' title='bbox 1162 871 1442 938; x_wconf 79' lang='lat' dir='ltr'><strong>flectatur,</strong></span> <span class='ocrx_word' id='word_1_52' title='bbox 1467 875 1807 942; x_wconf 64' lang='lat' dir='ltr'><strong>caelestium,</strong></span> 
     </span>
    </p>
   </div>
   <div class='ocr_carea' id='block_1_9' title="bbox 1907 598 3490 672">
    <p class='ocr_par' dir='ltr' id='par_1_9' title="bbox 1907 598 3490 672">
     <span class='ocr_line' id='line_1_9' title="bbox 1907 598 3490 672; baseline 0.004 -17"><span class='ocrx_word' id='word_1_53' title='bbox 1907 609 2089 655; x_wconf 90' lang='lat' dir='ltr'><strong>teatur</strong></span> <span class='ocrx_word' id='word_1_54' title='bbox 2102 602 2230 670; x_wconf 88' lang='lat' dir='ltr'><strong>quia</strong></span> <span class='ocrx_word' id='word_1_55' title='bbox 2252 599 2516 655; x_wconf 80' lang='lat' dir='ltr'><strong>Dominus</strong></span> <span class='ocrx_word' id='word_1_56' title='bbox 2531 598 2692 658; x_wconf 86' lang='lat' dir='ltr'><strong>Jesus</strong></span> <span class='ocrx_word' id='word_1_57' title='bbox 2710 599 2967 659; x_wconf 84' lang='lat' dir='ltr'><strong>Christus</strong></span> <span class='ocrx_word' id='word_1_58' title='bbox 2993 604 3046 658; x_wconf 93' lang='lat' dir='ltr'><strong>in</strong></span> <span class='ocrx_word' id='word_1_59' title='bbox 3071 604 3244 672; x_wconf 86' lang='lat' dir='ltr'><strong>gloria</strong></span> <span class='ocrx_word' id='word_1_60' title='bbox 3273 612 3358 659; x_wconf 89' lang='lat' dir='ltr'><strong>est</strong></span> <span class='ocrx_word' id='word_1_61' title='bbox 3387 602 3490 662; x_wconf 85' lang='lat' dir='ltr'><strong>Dei</strong></span> 
     </span>
    </p>
   </div>
   <div class='ocr_carea' id='block_1_10' title="bbox 1909 687 3486 764">
    <p class='ocr_par' dir='ltr' id='par_1_10' title="bbox 1909 687 3486 764">
     <span class='ocr_line' id='line_1_10' title="bbox 1909 687 3486 764; baseline 0.004 -22"><span class='ocrx_word' id='word_1_62' title='bbox 1909 687 2086 745; x_wconf 87' lang='lat' dir='ltr'><strong>Patris</strong></span> <span class='ocrx_word' id='word_1_63' title='bbox 2103 691 2170 756; x_wconf 82' lang='lat'><strong>“,</strong></span> <span class='ocrx_word' id='word_1_64' title='bbox 2192 708 2211 741; x_wconf 81' lang='grc' dir='ltr'><strong>ι</strong></span> <span class='ocrx_word' id='word_1_65' title='bbox 2234 691 2322 745; x_wconf 88' lang='lat' dir='ltr'><strong>cui</strong></span> <span class='ocrx_word' id='word_1_66' title='bbox 2346 691 2524 745; x_wconf 86' lang='lat' dir='ltr'><strong>honor</strong></span> <span class='ocrx_word' id='word_1_67' title='bbox 2542 699 2596 746; x_wconf 91' lang='lat' dir='ltr'><strong>et</strong></span> <span class='ocrx_word' id='word_1_68' title='bbox 2614 691 2904 762; x_wconf 91' lang='lat' dir='ltr'><strong>imperium</strong></span> <span class='ocrx_word' id='word_1_69' title='bbox 2931 709 3029 764; x_wconf 90' lang='lat' dir='ltr'><strong>per</strong></span> <span class='ocrx_word' id='word_1_70' title='bbox 3043 703 3244 750; x_wconf 65' lang='lat' dir='ltr'><strong>aeterna</strong></span> <span class='ocrx_word' id='word_1_71' title='bbox 3263 695 3486 750; x_wconf 61' lang='lat' dir='ltr'><strong>saecula.</strong></span> 
     </span>
    </p>
   </div>
   <div class='ocr_carea' id='block_1_11' title="bbox 1986 781 3490 851">
    <p class='ocr_par' dir='ltr' id='par_1_11' title="bbox 1986 781 3490 851">
     <span class='ocr_line' id='line_1_11' title="bbox 1986 781 3490 851; baseline 0.007 -17"><span class='ocrx_word' id='word_1_72' title='bbox 1986 781 2124 836; x_wconf 89' lang='lat' dir='ltr'><strong>Data</strong></span> <span class='ocrx_word' id='word_1_73' title='bbox 2149 791 2345 838; x_wconf 80' lang='lat' dir='ltr'><strong>octavo</strong></span> <span class='ocrx_word' id='word_1_74' title='bbox 2375 782 2646 840; x_wconf 81' lang='lat' dir='ltr'><strong>Kalendas</strong></span> <span class='ocrx_word' id='word_1_75' title='bbox 2677 783 2825 840; x_wconf 83' lang='lat' dir='ltr'><strong>Junii</strong></span> <span class='ocrx_word' id='word_1_76' title='bbox 2844 829 2859 851; x_wconf 93' lang='lat'><strong>,</strong></span> <span class='ocrx_word' id='word_1_77' title='bbox 2887 785 3174 844; x_wconf 89' lang='lat' dir='ltr'><strong>Gallicano</strong></span> <span class='ocrx_word' id='word_1_78' title='bbox 3203 796 3259 844; x_wconf 92' lang='lat' dir='ltr'><strong>et</strong></span> <span class='ocrx_word' id='word_1_79' title='bbox 3275 786 3490 844; x_wconf 79' lang='lat' dir='ltr'><strong>Rullino</strong></span> 
     </span>
    </p>
   </div>
   <div class='ocr_carea' id='block_1_12' title="bbox 1912 874 2830 932">
    <p class='ocr_par' dir='ltr' id='par_1_12' title="bbox 1912 874 2830 932">
     <span class='ocr_line' id='line_1_12' title="bbox 1912 874 2830 932; baseline 0.003 -6"><span class='ocrx_word' id='word_1_80' title='bbox 1912 874 2046 928; x_wconf 88' lang='lat' dir='ltr'><strong>viris</strong></span> <span class='ocrx_word' id='word_1_81' title='bbox 2070 875 2394 931; x_wconf 87' lang='lat' dir='ltr'><strong>clarissimis</strong></span> <span class='ocrx_word' id='word_1_82' title='bbox 2424 876 2748 932; x_wconf 90' lang='lat' dir='ltr'><strong>consulibus</strong></span> <span class='ocrx_word' id='word_1_83' title='bbox 2771 877 2830 929; x_wconf 81' lang='lat'><strong>“’.</strong></span> 
     </span>
    </p>
   </div>
   <div class='ocr_carea' id='block_1_13' title="bbox 296 975 1916 1054">
    <p class='ocr_par' dir='ltr' id='par_1_13' title="bbox 296 975 1916 1054">
     <span class='ocr_line' id='line_1_13' title="bbox 296 975 1916 1054; baseline 0.005 -20"><span class='ocrx_word' id='word_1_84' title='bbox 296 981 341 1013; x_wconf 81' lang='lat'><strong>“</strong></span> <span class='ocrx_word' id='word_1_85' title='bbox 362 975 598 1054; x_wconf 82' lang='lat' dir='ltr'><strong>Philipp.</strong></span> <span class='ocrx_word' id='word_1_86' title='bbox 627 1000 689 1048; x_wconf 84' lang='grc' dir='ltr'>ιι,</span> <span class='ocrx_word' id='word_1_87' title='bbox 720 985 806 1046; x_wconf 89' lang='lat' dir='ltr'><strong>l0,</strong></span> <span class='ocrx_word' id='word_1_88' title='bbox 841 984 928 1039; x_wconf 89' lang='lat' dir='ltr'><strong>ll.</strong></span> <span class='ocrx_word' id='word_1_89' title='bbox 1007 986 1049 1016; x_wconf 77' lang='grc'><strong>⁸⁷</strong></span> <span class='ocrx_word' id='word_1_90' title='bbox 1079 985 1311 1040; x_wconf 79' lang='lat' dir='ltr'><strong>mendax</strong></span> <span class='ocrx_word' id='word_1_91' title='bbox 1334 986 1622 1041; x_wconf 91' lang='lat' dir='ltr'><strong>consulum</strong></span> <span class='ocrx_word' id='word_1_92' title='bbox 1655 996 1805 1042; x_wconf 90' lang='lat' dir='ltr'><strong>nota.</strong></span> <span class='ocrx_word' id='word_1_93' title='bbox 1914 982 1916 984; x_wconf 61' lang='grc'>’</span> 
     </span>
    </p>
   </div>
   <div class='ocr_carea' id='block_1_14' title="bbox 217 1099 1806 1172">
    <p class='ocr_par' dir='ltr' id='par_1_14' title="bbox 217 1099 1806 1172">
     <span class='ocr_line' id='line_1_14' title="bbox 217 1099 1806 1172; baseline 0.001 -20"><span class='ocrx_word' id='word_1_94' title='bbox 217 1105 411 1172; x_wconf 78' lang='lat' dir='ltr'><strong>autem</strong></span> <span class='ocrx_word' id='word_1_95' title='bbox 450 1099 755 1172; x_wconf 67' lang='lat' dir='ltr'><strong>novacula,</strong></span> <span class='ocrx_word' id='word_1_96' title='bbox 811 1099 1202 1172; x_wconf 86' lang='lat' dir='ltr'><strong>utcolligimus</strong></span> <span class='ocrx_word' id='word_1_97' title='bbox 1233 1115 1314 1172; x_wconf 80' lang='lat' dir='ltr'><strong>ex</strong></span> <span class='ocrx_word' id='word_1_98' title='bbox 1358 1099 1806 1172; x_wconf 76' lang='lat' dir='ltr'><strong>Clemente__Ale-</strong></span> 
     </span>
    </p>
   </div>
   <div class='ocr_carea' id='block_1_15' title="bbox 215 1166 1794 1240">
    <p class='ocr_par' dir='ltr' id='par_1_15' title="bbox 215 1166 1794 1240">
     <span class='ocr_line' id='line_1_15' title="bbox 215 1166 1794 1240; baseline 0.001 -19"><span class='ocrx_word' id='word_1_99' title='bbox 215 1167 420 1240; x_wconf 77' lang='lat' dir='ltr'><strong>xa_n_d_r.</strong></span> <span class='ocrx_word' id='word_1_100' title='bbox 450 1169 542 1240; x_wconf 84' lang='lat' dir='ltr'><strong>lib.</strong></span> <span class='ocrx_word' id='word_1_101' title='bbox 586 1185 646 1223; x_wconf 87' lang='grc' dir='ltr'><strong>ιιι</strong></span> <span class='ocrx_word' id='word_1_102' title='bbox 692 1166 1171 1240; x_wconf 51' lang='grc' dir='ltr'><strong>Ρωάηῳφξοειρ.</strong></span> <span class='ocrx_word' id='word_1_103' title='bbox 1223 1171 1313 1236; x_wconf 78' lang='grc' dir='ltr'><strong>Η,</strong></span> <span class='ocrx_word' id='word_1_104' title='bbox 1357 1167 1452 1240; x_wconf 88' lang='lat' dir='ltr'><strong>qui</strong></span> <span class='ocrx_word' id='word_1_105' title='bbox 1491 1166 1572 1225; x_wconf 85' lang='lat' dir='ltr'><strong>sic</strong></span> <span class='ocrx_word' id='word_1_106' title='bbox 1618 1170 1794 1225; x_wconf 85' lang='lat' dir='ltr'><strong>dicit:</strong></span> 
     </span>
    </p>
   </div>
   <div class='ocr_carea' id='block_1_16' title="bbox 225 1237 1798 1304">
    <p class='ocr_par' dir='ltr' id='par_1_16' title="bbox 225 1237 1798 1304">
     <span class='ocr_line' id='line_1_16' title="bbox 225 1237 1798 1304; baseline 0.003 -15"><span class='ocrx_word' id='word_1_107' title='bbox 225 1253 248 1289; x_wconf 72' lang='grc' dir='ltr'><strong>ι</strong></span> <span class='ocrx_word' id='word_1_108' title='bbox 284 1237 387 1290; x_wconf 87' lang='lat' dir='ltr'><strong>Pili</strong></span> <span class='ocrx_word' id='word_1_109' title='bbox 417 1239 675 1294; x_wconf 91' lang='lat' dir='ltr'><strong>tondendi</strong></span> <span class='ocrx_word' id='word_1_110' title='bbox 711 1237 877 1303; x_wconf 71' lang='lat' dir='ltr'><strong>sunt,</strong></span> <span class='ocrx_word' id='word_1_111' title='bbox 917 1237 1026 1295; x_wconf 81' lang='lat' dir='ltr'><strong>non</strong></span> <span class='ocrx_word' id='word_1_112' title='bbox 1056 1237 1344 1304; x_wconf 87' lang='lat' dir='ltr'><strong>novacula,</strong></span> <span class='ocrx_word' id='word_1_113' title='bbox 1373 1237 1482 1295; x_wconf 73' lang='lat' dir='ltr'><strong>sed</strong></span> <span class='ocrx_word' id='word_1_114' title='bbox 1515 1249 1798 1295; x_wconf 85' lang='lat' dir='ltr'><strong>tonsorum</strong></span> 
     </span>
    </p>
   </div>
   <div class='ocr_carea' id='block_1_17' title="bbox 217 1307 1801 1380">
    <p class='ocr_par' dir='ltr' id='par_1_17' title="bbox 217 1307 1801 1380">
     <span class='ocr_line' id='line_1_17' title="bbox 217 1307 1801 1380; baseline 0.002 -18"><span class='ocrx_word' id='word_1_115' title='bbox 217 1307 532 1380; x_wconf 59' lang='lat' dir='ltr'><strong>forficibus.</strong></span> <span class='ocrx_word' id='word_1_116' title='bbox 573 1329 592 1361; x_wconf 79' lang='grc' dir='ltr'><strong>ι</strong></span> <span class='ocrx_word' id='word_1_117' title='bbox 625 1310 754 1364; x_wconf 85' lang='lat' dir='ltr'><strong>Item</strong></span> <span class='ocrx_word' id='word_1_118' title='bbox 784 1325 852 1366; x_wconf 86' lang='lat' dir='ltr'><strong>ex</strong></span> <span class='ocrx_word' id='word_1_119' title='bbox 885 1309 1082 1380; x_wconf 91' lang='lat' dir='ltr'><strong>Optato</strong></span> <span class='ocrx_word' id='word_1_120' title='bbox 1119 1311 1428 1366; x_wconf 74' lang='lat' dir='ltr'><strong>hlilevitano</strong></span> <span class='ocrx_word' id='word_1_121' title='bbox 1453 1310 1550 1367; x_wconf 88' lang='lat' dir='ltr'><strong>lib.</strong></span> <span class='ocrx_word' id='word_1_122' title='bbox 1591 1326 1630 1364; x_wconf 88' lang='grc' dir='ltr'><strong>ιι</strong></span> <span class='ocrx_word' id='word_1_123' title='bbox 1658 1310 1801 1365; x_wconf 75' lang='lat' dir='ltr'><strong>Gon-</strong></span> 
     </span>
    </p>
   </div>
   <div class='ocr_carea' id='block_1_18' title="bbox 216 1377 1799 1463">
    <p class='ocr_par' dir='ltr' id='par_1_18' title="bbox 216 1377 1799 1463">
     <span class='ocr_line' id='line_1_18' title="bbox 216 1377 1799 1463; baseline 0.003 -32"><span class='ocrx_word' id='word_1_124' title='bbox 216 1377 750 1463; x_wconf 48' lang='lat' dir='ltr'><strong>tra‘f’armenianun}.</strong></span> <span class='ocrx_word' id='word_1_125' title='bbox 769 1422 784 1445; x_wconf 95' lang='lat'><strong>,</strong></span> <span class='ocrx_word' id='word_1_126' title='bbox 815 1381 906 1435; x_wconf 91' lang='lat' dir='ltr'><strong>ubi</strong></span> <span class='ocrx_word' id='word_1_127' title='bbox 935 1377 1125 1463; x_wconf 76' lang='lat' dir='ltr'><strong>arguit</strong></span> <span class='ocrx_word' id='word_1_128' title='bbox 1154 1381 1498 1463; x_wconf 63' lang='lat' dir='ltr'><strong>Donatistas,</strong></span> <span class='ocrx_word' id='word_1_129' title='bbox 1529 1381 1676 1463; x_wconf 91' lang='lat' dir='ltr'><strong>quod</strong></span> <span class='ocrx_word' id='word_1_130' title='bbox 1696 1397 1799 1463; x_wconf 64' lang='lat' dir='ltr'><strong>ea-</strong></span> 
     </span>
    </p>
   </div>
   <div class='ocr_carea' id='block_1_19' title="bbox 214 1449 1801 1520">
    <p class='ocr_par' dir='ltr' id='par_1_19' title="bbox 214 1449 1801 1520">
     <span class='ocr_line' id='line_1_19' title="bbox 214 1449 1801 1520; baseline 0.001 -17"><span class='ocrx_word' id='word_1_131' title='bbox 214 1449 443 1504; x_wconf 80' lang='lat' dir='ltr'><strong>tholicis</strong></span> <span class='ocrx_word' id='word_1_132' title='bbox 465 1450 839 1506; x_wconf 85' lang='lat' dir='ltr'><strong>sacerdotibus</strong></span> <span class='ocrx_word' id='word_1_133' title='bbox 861 1467 956 1520; x_wconf 93' lang='lat' dir='ltr'><strong>per</strong></span> <span class='ocrx_word' id='word_1_134' title='bbox 981 1449 1090 1506; x_wconf 85' lang='lat' dir='ltr'><strong>vim</strong></span> <span class='ocrx_word' id='word_1_135' title='bbox 1117 1451 1296 1520; x_wconf 86' lang='lat' dir='ltr'><strong>capita</strong></span> <span class='ocrx_word' id='word_1_136' title='bbox 1325 1449 1562 1506; x_wconf 82' lang='lat' dir='ltr'><strong>raserint</strong></span> <span class='ocrx_word' id='word_1_137' title='bbox 1590 1467 1603 1502; x_wconf 91' lang='lat'><strong>:</strong></span> <span class='ocrx_word' id='word_1_138' title='bbox 1637 1469 1657 1502; x_wconf 74' lang='grc' dir='ltr'><strong>ι</strong></span> <span class='ocrx_word' id='word_1_139' title='bbox 1692 1450 1801 1504; x_wconf 87' lang='lat' dir='ltr'><strong>Do-</strong></span> 
     </span>
    </p>
   </div>
   <div class='ocr_carea' id='block_1_20' title="bbox 216 1520 1801 1590">
    <p class='ocr_par' dir='ltr' id='par_1_20' title="bbox 216 1520 1801 1590">
     <span class='ocr_line' id='line_1_20' title="bbox 216 1520 1801 1590; baseline 0 -16"><span class='ocrx_word' id='word_1_140' title='bbox 216 1528 364 1585; x_wconf 90' lang='lat' dir='ltr'><strong>cete,</strong></span> <span class='ocrx_word' id='word_1_141' title='bbox 389 1520 588 1588; x_wconf 86' lang='lat' dir='ltr'><strong>inquit,</strong></span> <span class='ocrx_word' id='word_1_142' title='bbox 621 1521 715 1574; x_wconf 86' lang='lat' dir='ltr'><strong>ubi</strong></span> <span class='ocrx_word' id='word_1_143' title='bbox 741 1521 900 1577; x_wconf 88' lang='lat' dir='ltr'><strong>vobis</strong></span> <span class='ocrx_word' id='word_1_144' title='bbox 937 1522 1256 1576; x_wconf 90' lang='lat' dir='ltr'><strong>mandatum</strong></span> <span class='ocrx_word' id='word_1_145' title='bbox 1298 1521 1370 1576; x_wconf 88' lang='lat' dir='ltr'><strong>sit</strong></span> <span class='ocrx_word' id='word_1_146' title='bbox 1399 1521 1592 1576; x_wconf 89' lang='lat' dir='ltr'><strong>radere</strong></span> <span class='ocrx_word' id='word_1_147' title='bbox 1623 1522 1801 1590; x_wconf 87' lang='lat' dir='ltr'><strong>capita</strong></span> 
     </span>
    </p>
   </div>
   <div class='ocr_carea' id='block_1_21' title="bbox 214 1590 1802 1660">
    <p class='ocr_par' dir='ltr' id='par_1_21' title="bbox 214 1590 1802 1660">
     <span class='ocr_line' id='line_1_21' title="bbox 214 1590 1802 1660; baseline 0.001 -15"><span class='ocrx_word' id='word_1_148' title='bbox 214 1590 627 1656; x_wconf 85' lang='lat' dir='ltr'><strong>sacerdotibus,</strong></span> <span class='ocrx_word' id='word_1_149' title='bbox 671 1606 798 1645; x_wconf 89' lang='lat' dir='ltr'><strong>cum</strong></span> <span class='ocrx_word' id='word_1_150' title='bbox 851 1607 884 1646; x_wconf 91' lang='lat' dir='ltr'><strong>e</strong></span> <span class='ocrx_word' id='word_1_151' title='bbox 928 1593 1208 1647; x_wconf 91' lang='lat' dir='ltr'><strong>contrario</strong></span> <span class='ocrx_word' id='word_1_152' title='bbox 1259 1599 1340 1645; x_wconf 90' lang='lat' dir='ltr'><strong>tot</strong></span> <span class='ocrx_word' id='word_1_153' title='bbox 1389 1591 1500 1646; x_wconf 83' lang='lat' dir='ltr'><strong>sint</strong></span> <span class='ocrx_word' id='word_1_154' title='bbox 1551 1591 1802 1660; x_wconf 87' lang='lat' dir='ltr'><strong>exempla</strong></span> 
     </span>
    </p>
   </div>
   <div class='ocr_carea' id='block_1_22' title="bbox 213 1660 1799 1730">
    <p class='ocr_par' dir='ltr' id='par_1_22' title="bbox 213 1660 1799 1730">
     <span class='ocr_line' id='line_1_22' title="bbox 213 1660 1799 1730; baseline 0.001 -16"><span class='ocrx_word' id='word_1_155' title='bbox 213 1661 502 1730; x_wconf 85' lang='lat' dir='ltr'><strong>proposita</strong></span> <span class='ocrx_word' id='word_1_156' title='bbox 551 1661 664 1715; x_wconf 84' lang='lat' dir='ltr'><strong>ﬁeri</strong></span> <span class='ocrx_word' id='word_1_157' title='bbox 711 1676 820 1716; x_wconf 88' lang='lat' dir='ltr'><strong>non</strong></span> <span class='ocrx_word' id='word_1_158' title='bbox 857 1662 1074 1717; x_wconf 92' lang='lat' dir='ltr'><strong>debere.</strong></span> <span class='ocrx_word' id='word_1_159' title='bbox 1125 1680 1144 1714; x_wconf 77' lang='grc' dir='ltr'><strong>ι</strong></span> <span class='ocrx_word' id='word_1_160' title='bbox 1177 1661 1256 1716; x_wconf 87' lang='lat' dir='ltr'><strong>Ex</strong></span> <span class='ocrx_word' id='word_1_161' title='bbox 1289 1660 1620 1730; x_wconf 83' lang='lat' dir='ltr'><strong>Hieronymo</strong></span> <span class='ocrx_word' id='word_1_162' title='bbox 1668 1661 1726 1714; x_wconf 85' lang='lat' dir='ltr'><strong>in</strong></span> <span class='ocrx_word' id='word_1_163' title='bbox 1750 1678 1799 1716; x_wconf 89' lang='lat' dir='ltr'><strong>c.</strong></span> 
     </span>
    </p>
   </div>
   <div class='ocr_carea' id='block_1_23' title="bbox 215 1729 1803 1798">
    <p class='ocr_par' dir='ltr' id='par_1_23' title="bbox 215 1729 1803 1798">
     <span class='ocr_line' id='line_1_23' title="bbox 215 1729 1803 1798; baseline 0.001 -14"><span class='ocrx_word' id='word_1_164' title='bbox 215 1729 353 1784; x_wconf 76' lang='lat' dir='ltr'><strong>xuv</strong></span> <span class='ocrx_word' id='word_1_165' title='bbox 400 1729 616 1798; x_wconf 77' lang='lat' dir='ltr'><strong>Ezech.,</strong></span> <span class='ocrx_word' id='word_1_166' title='bbox 652 1731 743 1786; x_wconf 91' lang='lat' dir='ltr'><strong>ubi</strong></span> <span class='ocrx_word' id='word_1_167' title='bbox 797 1731 931 1786; x_wconf 90' lang='lat' dir='ltr'><strong>dicit</strong></span> <span class='ocrx_word' id='word_1_168' title='bbox 971 1733 1284 1787; x_wconf 86' lang='lat' dir='ltr'><strong>sacerdotes</strong></span> <span class='ocrx_word' id='word_1_169' title='bbox 1330 1747 1439 1786; x_wconf 91' lang='lat' dir='ltr'><strong>non</strong></span> <span class='ocrx_word' id='word_1_170' title='bbox 1485 1729 1684 1786; x_wconf 87' lang='lat' dir='ltr'><strong>debere</strong></span> <span class='ocrx_word' id='word_1_171' title='bbox 1708 1747 1803 1786; x_wconf 85' lang='lat' dir='ltr'><strong>co-</strong></span> 
     </span>
    </p>
   </div>
   <div class='ocr_carea' id='block_1_24' title="bbox 213 1802 1799 1867">
    <p class='ocr_par' dir='ltr' id='par_1_24' title="bbox 213 1802 1799 1867">
     <span class='ocr_line' id='line_1_24' title="bbox 213 1802 1799 1867; baseline 0.001 -13"><span class='ocrx_word' id='word_1_172' title='bbox 213 1815 370 1855; x_wconf 86' lang='lat' dir='ltr'><strong>mam</strong></span> <span class='ocrx_word' id='word_1_173' title='bbox 421 1803 585 1865; x_wconf 90' lang='lat' dir='ltr'><strong>alere,</strong></span> <span class='ocrx_word' id='word_1_174' title='bbox 635 1817 737 1857; x_wconf 92' lang='lat' dir='ltr'><strong>nec</strong></span> <span class='ocrx_word' id='word_1_175' title='bbox 788 1812 969 1857; x_wconf 92' lang='lat' dir='ltr'><strong>tamen</strong></span> <span class='ocrx_word' id='word_1_176' title='bbox 999 1803 1160 1866; x_wconf 86' lang='lat' dir='ltr'><strong>radi,</strong></span> <span class='ocrx_word' id='word_1_177' title='bbox 1207 1802 1302 1858; x_wconf 91' lang='lat' dir='ltr'><strong>sed</strong></span> <span class='ocrx_word' id='word_1_178' title='bbox 1343 1802 1418 1856; x_wconf 86' lang='lat' dir='ltr'><strong>ita</strong></span> <span class='ocrx_word' id='word_1_179' title='bbox 1470 1803 1707 1867; x_wconf 88' lang='lat' dir='ltr'><strong>tonderi,</strong></span> <span class='ocrx_word' id='word_1_180' title='bbox 1738 1811 1799 1856; x_wconf 91' lang='lat' dir='ltr'><strong>ut</strong></span> 
     </span>
    </p>
   </div>
   <div class='ocr_carea' id='block_1_25' title="bbox 212 1871 1794 1941">
    <p class='ocr_par' dir='ltr' id='par_1_25' title="bbox 212 1871 1794 1941">
     <span class='ocr_line' id='line_1_25' title="bbox 212 1871 1794 1941; baseline 0.001 -16"><span class='ocrx_word' id='word_1_181' title='bbox 212 1873 368 1926; x_wconf 86' lang='lat' dir='ltr'><strong>cutis</strong></span> <span class='ocrx_word' id='word_1_182' title='bbox 387 1881 528 1926; x_wconf 88' lang='lat' dir='ltr'><strong>tecta</strong></span> <span class='ocrx_word' id='word_1_183' title='bbox 547 1880 781 1926; x_wconf 89' lang='lat' dir='ltr'><strong>maneat.</strong></span> <span class='ocrx_word' id='word_1_184' title='bbox 806 1872 1052 1940; x_wconf 84' lang='lat' dir='ltr'><strong>Denique</strong></span> <span class='ocrx_word' id='word_1_185' title='bbox 1079 1889 1145 1928; x_wconf 85' lang='lat' dir='ltr'><strong>ex</strong></span> <span class='ocrx_word' id='word_1_186' title='bbox 1161 1871 1445 1941; x_wconf 86' lang='lat' dir='ltr'><strong>Dionysio,</strong></span> <span class='ocrx_word' id='word_1_187' title='bbox 1466 1872 1794 1941; x_wconf 83' lang='lat' dir='ltr'><strong>Epiphanio,</strong></span> 
     </span>
    </p>
   </div>
   <div class='ocr_carea' id='block_1_26' title="bbox 211 1941 1802 2012">
    <p class='ocr_par' dir='ltr' id='par_1_26' title="bbox 211 1941 1802 2012">
     <span class='ocr_line' id='line_1_26' title="bbox 211 1941 1802 2012; baseline 0.001 -18"><span class='ocrx_word' id='word_1_188' title='bbox 211 1942 546 2012; x_wconf 80' lang='lat' dir='ltr'><strong>Athanasio,</strong></span> <span class='ocrx_word' id='word_1_189' title='bbox 570 1941 834 2008; x_wconf 87' lang='lat' dir='ltr'><strong>Palladio,</strong></span> <span class='ocrx_word' id='word_1_190' title='bbox 857 1943 1187 2012; x_wconf 62' lang='lat' dir='ltr'><strong>Augustino,</strong></span> <span class='ocrx_word' id='word_1_191' title='bbox 1213 1941 1444 2006; x_wconf 84' lang='lat' dir='ltr'><strong>Isidoro,</strong></span> <span class='ocrx_word' id='word_1_192' title='bbox 1474 1941 1641 2009; x_wconf 83' lang='lat' dir='ltr'><strong>Beda,</strong></span> <span class='ocrx_word' id='word_1_193' title='bbox 1670 1957 1802 1997; x_wconf 92' lang='lat' dir='ltr'><strong>con-</strong></span> 
     </span>
    </p>
   </div>
   <div class='ocr_carea' id='block_1_27' title="bbox 212 2009 1802 2084">
    <p class='ocr_par' dir='ltr' id='par_1_27' title="bbox 212 2009 1802 2084">
     <span class='ocr_line' id='line_1_27' title="bbox 212 2009 1802 2084; baseline -0.001 -18"><span class='ocrx_word' id='word_1_194' title='bbox 212 2012 350 2066; x_wconf 79' lang='lat' dir='ltr'><strong>cilio</strong></span> <span class='ocrx_word' id='word_1_195' title='bbox 379 2011 799 2082; x_wconf 89' lang='lat' dir='ltr'><strong>Carthaginensi</strong></span> <span class='ocrx_word' id='word_1_196' title='bbox 840 2028 894 2067; x_wconf 84' lang='lat' dir='ltr'><strong>iv</strong></span> <span class='ocrx_word' id='word_1_197' title='bbox 929 2009 984 2067; x_wconf 53' lang='lat' dir='ltr'><strong>e&#39;t</strong></span> <span class='ocrx_word' id='word_1_198' title='bbox 1005 2009 1272 2067; x_wconf 87' lang='lat' dir='ltr'><strong>Toletano</strong></span> <span class='ocrx_word' id='word_1_199' title='bbox 1299 2029 1374 2079; x_wconf 83' lang='lat' dir='ltr'><strong>iv,</strong></span> <span class='ocrx_word' id='word_1_200' title='bbox 1411 2013 1556 2068; x_wconf 89' lang='lat' dir='ltr'><strong>idem</strong></span> <span class='ocrx_word' id='word_1_201' title='bbox 1588 2013 1802 2084; x_wconf 82' lang='lat' dir='ltr'><strong>colligi-</strong></span> 
     </span>
    </p>
   </div>
   <div class='ocr_carea' id='block_1_28' title="bbox 218 2083 1801 2153">
    <p class='ocr_par' dir='ltr' id='par_1_28' title="bbox 218 2083 1801 2153">
     <span class='ocr_line' id='line_1_28' title="bbox 218 2083 1801 2153; baseline 0.001 -17"><span class='ocrx_word' id='word_1_202' title='bbox 218 2091 357 2148; x_wconf 90' lang='lat' dir='ltr'><strong>tur;</strong></span> <span class='ocrx_word' id='word_1_203' title='bbox 393 2097 518 2136; x_wconf 92' lang='lat' dir='ltr'><strong>cum</strong></span> <span class='ocrx_word' id='word_1_204' title='bbox 561 2084 702 2152; x_wconf 90' lang='lat' dir='ltr'><strong>apud</strong></span> <span class='ocrx_word' id='word_1_205' title='bbox 735 2098 927 2140; x_wconf 90' lang='lat' dir='ltr'><strong>omnes</strong></span> <span class='ocrx_word' id='word_1_206' title='bbox 961 2083 1085 2139; x_wconf 92' lang='lat' dir='ltr'><strong>illos</strong></span> <span class='ocrx_word' id='word_1_207' title='bbox 1120 2092 1361 2153; x_wconf 71' lang='lat' dir='ltr'><strong>tonsurae</strong></span> <span class='ocrx_word' id='word_1_208' title='bbox 1391 2084 1645 2153; x_wconf 88' lang='lat' dir='ltr'><strong>quidem,</strong></span> <span class='ocrx_word' id='word_1_209' title='bbox 1689 2083 1801 2137; x_wconf 80' lang='lat' dir='ltr'><strong>non</strong></span> 
     </span>
    </p>
   </div>
   <div class='ocr_carea' id='block_1_29' title="bbox 209 2152 1801 2224">
    <p class='ocr_par' dir='ltr' id='par_1_29' title="bbox 209 2152 1801 2224">
     <span class='ocr_line' id='line_1_29' title="bbox 209 2152 1801 2224; baseline 0.001 -18"><span class='ocrx_word' id='word_1_210' title='bbox 209 2159 430 2224; x_wconf 6' lang='lat' dir='ltr'><strong>autem,</strong></span> <span class='ocrx_word' id='word_1_211' title='bbox 461 2168 670 2208; x_wconf 69' lang='lat' dir='ltr'><strong>rasurae</strong></span> <span class='ocrx_word' id='word_1_212' title='bbox 730 2154 937 2224; x_wconf 86' lang='lat' dir='ltr'><strong>mentio</strong></span> <span class='ocrx_word' id='word_1_213' title='bbox 969 2155 1080 2208; x_wconf 88' lang='lat' dir='ltr'><strong>ﬁat.</strong></span> <span class='ocrx_word' id='word_1_214' title='bbox 1131 2152 1595 2224; x_wconf 35' lang='lat' dir='ltr'><strong>Praadicta’igitur</strong></span> <span class='ocrx_word' id='word_1_215' title='bbox 1634 2155 1801 2209; x_wconf 88' lang='lat' dir='ltr'><strong>verba</strong></span> 
     </span>
    </p>
   </div>
   <div class='ocr_carea' id='block_1_30' title="bbox 208 2222 1798 2294">
    <p class='ocr_par' dir='ltr' id='par_1_30' title="bbox 208 2222 1798 2294">
     <span class='ocr_line' id='line_1_30' title="bbox 208 2222 1798 2294; baseline 0.001 -17"><span class='ocrx_word' id='word_1_216' title='bbox 208 2222 438 2278; x_wconf 74' lang='lat' dir='ltr'><strong>Aniceti</strong></span> <span class='ocrx_word' id='word_1_217' title='bbox 475 2224 750 2290; x_wconf 86' lang='lat' dir='ltr'><strong>pontiﬁcis</strong></span> <span class='ocrx_word' id='word_1_218' title='bbox 795 2223 961 2279; x_wconf 88' lang='lat' dir='ltr'><strong>modo</strong></span> <span class='ocrx_word' id='word_1_219' title='bbox 1007 2225 1101 2279; x_wconf 87' lang='lat' dir='ltr'><strong>illo</strong></span> <span class='ocrx_word' id='word_1_220' title='bbox 1132 2239 1243 2294; x_wconf 88' lang='lat' dir='ltr'><strong>quo</strong></span> <span class='ocrx_word' id='word_1_221' title='bbox 1267 2222 1470 2294; x_wconf 36' lang='lat' dir='ltr'><strong>supra;</strong></span> <span class='ocrx_word' id='word_1_222' title='bbox 1490 2224 1798 2293; x_wconf 83' lang='lat' dir='ltr'><strong>explicare,</strong></span> 
     </span>
    </p>
   </div>
   <div class='ocr_carea' id='block_1_31' title="bbox 209 2291 1798 2365">
    <p class='ocr_par' dir='ltr' id='par_1_31' title="bbox 209 2291 1798 2365">
     <span class='ocr_line' id='line_1_31' title="bbox 209 2291 1798 2365; baseline 0 -18"><span class='ocrx_word' id='word_1_223' title='bbox 209 2309 390 2363; x_wconf 86' lang='lat' dir='ltr'><strong>quam</strong></span> <span class='ocrx_word' id='word_1_224' title='bbox 420 2294 688 2364; x_wconf 78' lang='lat' dir='ltr'><strong>integram</strong></span> <span class='ocrx_word' id='word_1_225' title='bbox 743 2295 1032 2365; x_wconf 85' lang='lat' dir='ltr'><strong>epistolam</strong></span> <span class='ocrx_word' id='word_1_226' title='bbox 1073 2291 1242 2365; x_wconf 80' lang='lat' dir='ltr'><strong>(quod</strong></span> <span class='ocrx_word' id='word_1_227' title='bbox 1274 2291 1404 2365; x_wconf 83' lang='lat' dir='ltr'><strong>facit</strong></span> <span class='ocrx_word' id='word_1_228' title='bbox 1436 2291 1691 2349; x_wconf 83' lang='lat' dir='ltr'><strong>Bellarm.</strong></span> <span class='ocrx_word' id='word_1_229' title='bbox 1725 2295 1798 2348; x_wconf 88' lang='lat' dir='ltr'><strong>De</strong></span> 
     </span>
    </p>
   </div>
   <div class='ocr_carea' id='block_1_32' title="bbox 211 2311 1796 2446">
    <p class='ocr_par' dir='ltr' id='par_1_32' title="bbox 211 2311 1796 2446">
     <span class='ocr_line' id='line_1_32' title="bbox 211 2311 1796 2365; baseline 0 -18"><span class='ocrx_word' id='word_1_230' title='bbox 211 2311 390 2363; x_wconf 87' lang='lat' dir='ltr'><strong>quam</strong></span> <span class='ocrx_word' id='word_1_231' title='bbox 420 2311 688 2364; x_wconf 78' lang='lat' dir='ltr'><strong>integram</strong></span> <span class='ocrx_word' id='word_1_232' title='bbox 743 2311 774 2348; x_wconf 93' lang='lat' dir='ltr'><strong>e</strong></span> <span class='ocrx_word' id='word_1_233' title='bbox 815 2311 1032 2350; x_wconf 69' lang='lat' dir='ltr'><strong>istoram</strong></span> <span class='ocrx_word' id='word_1_234' title='bbox 1073 2311 1242 2365; x_wconf 71' lang='lat' dir='ltr'><strong>(quoa</strong></span> <span class='ocrx_word' id='word_1_235' title='bbox 1274 2311 1404 2349; x_wconf 81' lang='lat' dir='ltr'><strong>lactt</strong></span> <span class='ocrx_word' id='word_1_236' title='bbox 1436 2311 1691 2349; x_wconf 78' lang='lat' dir='ltr'><strong>neuarm.</strong></span> <span class='ocrx_word' id='word_1_237' title='bbox 1725 2311 1796 2348; x_wconf 86' lang='lat' dir='ltr'><strong>ue</strong></span> 
     </span>
     <span class='ocr_line' id='line_1_33' title="bbox 211 2311 1796 2446; baseline 0.003 -30"><span class='ocrx_word' id='word_1_238' title='bbox 211 2365 499 2444; x_wconf 64' lang='lat' dir='ltr'><strong>monacltis</strong></span> <span class='ocrx_word' id='word_1_239' title='bbox 527 2404 564 2446; x_wconf 33' lang='lat' dir='ltr'><strong>,J</strong></span> <span class='ocrx_word' id='word_1_240' title='bbox 586 2380 708 2435; x_wconf 89' lang='lat' dir='ltr'><strong>cap.</strong></span> <span class='ocrx_word' id='word_1_241' title='bbox 738 2311 853 2446; x_wconf 60' lang='grc'><strong>43),</strong></span> <span class='ocrx_word' id='word_1_242' title='bbox 883 2375 1175 2446; x_wconf 60' lang='lat' dir='ltr'><strong>propterea</strong></span> <span class='ocrx_word' id='word_1_243' title='bbox 1201 2365 1254 2446; x_wconf 75' lang='lat' dir='ltr'><strong>in</strong></span> <span class='ocrx_word' id='word_1_244' title='bbox 1290 2363 1523 2446; x_wconf 59' lang='lat' dir='ltr'><strong>dubium</strong></span> <span class='ocrx_word' id='word_1_245' title='bbox 1561 2379 1796 2446; x_wconf 65' lang='lat' dir='ltr'><strong>vocare,</strong></span> 
     </span>
    </p>
   </div>
   <div class='ocr_carea' id='block_1_33' title="bbox 207 2433 1796 2499">
    <p class='ocr_par' dir='ltr' id='par_1_33' title="bbox 207 2433 1796 2499">
     <span class='ocr_line' id='line_1_34' title="bbox 207 2433 1796 2499; baseline -0.002 -9"><span class='ocrx_word' id='word_1_246' title='bbox 207 2433 754 2490; x_wconf 53' lang='lat' dir='ltr'><strong>convenientius&#39;est</strong></span> <span class='ocrx_word' id='word_1_247' title='bbox 788 2433 856 2491; x_wconf 88' lang='lat' dir='ltr'><strong>ac</strong></span> <span class='ocrx_word' id='word_1_248' title='bbox 885 2433 1085 2492; x_wconf 68' lang='lat' dir='ltr'><strong>tutius.</strong></span> <span class='ocrx_word' id='word_1_249' title='bbox 1114 2433 1250 2490; x_wconf 77' lang='lat' dir='ltr'><strong>Vide</strong></span> <span class='ocrx_word' id='word_1_250' title='bbox 1290 2433 1504 2490; x_wconf 84' lang='lat' dir='ltr'><strong>Valent.</strong></span> <span class='ocrx_word' id='word_1_251' title='bbox 1547 2446 1680 2490; x_wconf 88' lang='lat' dir='ltr'><strong>tom.</strong></span> <span class='ocrx_word' id='word_1_252' title='bbox 1705 2433 1796 2499; x_wconf 85' lang='lat' dir='ltr'><strong>IV,</strong></span> 
     </span>
    </p>
   </div>
   <div class='ocr_carea' id='block_1_34' title="bbox 207 2505 1798 2576">
    <p class='ocr_par' dir='ltr' id='par_1_34' title="bbox 207 2505 1798 2576">
     <span class='ocr_line' id='line_1_35' title="bbox 207 2505 1798 2576; baseline -0.001 -17"><span class='ocrx_word' id='word_1_253' title='bbox 207 2505 428 2574; x_wconf 88' lang='lat' dir='ltr'><strong>disput.</strong></span> <span class='ocrx_word' id='word_1_254' title='bbox 481 2505 536 2569; x_wconf 92' lang='lat'><strong>9,</strong></span> <span class='ocrx_word' id='word_1_255' title='bbox 563 2515 762 2574; x_wconf 68' lang='lat' dir='ltr'><strong>quaest.</strong></span> <span class='ocrx_word' id='word_1_256' title='bbox 802 2507 870 2573; x_wconf 81' lang='lat'><strong>5,</strong></span> <span class='ocrx_word' id='word_1_257' title='bbox 909 2513 1116 2576; x_wconf 87' lang='lat' dir='ltr'><strong>puncto</strong></span> <span class='ocrx_word' id='word_1_258' title='bbox 1153 2506 1225 2572; x_wconf 77' lang='lat'><strong>3,</strong></span> <span class='ocrx_word' id='word_1_259' title='bbox 1255 2505 1333 2559; x_wconf 89' lang='lat' dir='ltr'><strong>De</strong></span> <span class='ocrx_word' id='word_1_260' title='bbox 1371 2506 1594 2560; x_wconf 67' lang='lat' dir='ltr'><strong>annexis</strong></span> <span class='ocrx_word' id='word_1_261' title='bbox 1616 2522 1798 2560; x_wconf 79' lang='lat' dir='ltr'><strong>sacra-</strong></span> 
     </span>
    </p>
   </div>
   <div class='ocr_carea' id='block_1_35' title="bbox 106 2576 739 2632">
    <p class='ocr_par' dir='ltr' id='par_1_35' title="bbox 106 2576 739 2632">
     <span class='ocr_line' id='line_1_36' title="bbox 106 2576 739 2632; baseline 0.013 -8"><span class='ocrx_word' id='word_1_262' title='bbox 106 2582 108 2584; x_wconf 75' lang='lat'><strong>&#39;</strong></span> <span class='ocrx_word' id='word_1_263' title='bbox 208 2584 394 2628; x_wconf 79' lang='lat' dir='ltr'><strong>mento</strong></span> <span class='ocrx_word' id='word_1_264' title='bbox 418 2576 642 2629; x_wconf 80' lang='lat' dir='ltr'><strong>ordinis.</strong></span> <span class='ocrx_word' id='word_1_265' title='bbox 664 2576 739 2632; x_wconf 89' lang='lat' dir='ltr'><strong>In.</strong></span> 
     </span>
    </p>
   </div>
   <div class='ocr_carea' id='block_1_36' title="bbox 293 2639 1796 2716">
    <p class='ocr_par' dir='ltr' id='par_1_36' title="bbox 293 2639 1796 2716">
     <span class='ocr_line' id='line_1_37' title="bbox 293 2639 1796 2716; baseline -0.001 -17"><span class='ocrx_word' id='word_1_266' title='bbox 293 2639 495 2716; x_wconf 66' lang='lat'><strong>(48)]:1</strong></span> <span class='ocrx_word' id='word_1_267' title='bbox 515 2647 726 2716; x_wconf 67' lang='lat' dir='ltr'><strong>modum</strong></span> <span class='ocrx_word' id='word_1_268' title='bbox 747 2647 964 2716; x_wconf 72' lang='lat' dir='ltr'><strong>sphaera:</strong></span> <span class='ocrx_word' id='word_1_269' title='bbox 985 2647 1200 2700; x_wconf 81' lang='lat' dir='ltr'><strong>radunt.</strong></span> <span class='ocrx_word' id='word_1_270' title='bbox 1235 2646 1289 2700; x_wconf 92' lang='lat' dir='ltr'><strong>Id</strong></span> <span class='ocrx_word' id='word_1_271' title='bbox 1321 2655 1425 2711; x_wconf 82' lang='lat' dir='ltr'><strong>est,</strong></span> <span class='ocrx_word' id='word_1_272' title='bbox 1454 2659 1674 2701; x_wconf 64' lang='lat' dir='ltr'><strong>coronae</strong></span> <span class='ocrx_word' id='word_1_273' title='bbox 1712 2645 1796 2700; x_wconf 86' lang='lat' dir='ltr'><strong>vel</strong></span> 
     </span>
    </p>
   </div>
   <div class='ocr_carea' id='block_1_37' title="bbox 206 2715 1796 2786">
    <p class='ocr_par' dir='ltr' id='par_1_37' title="bbox 206 2715 1796 2786">
     <span class='ocr_line' id='line_1_38' title="bbox 206 2715 1796 2786; baseline -0.001 -16"><span class='ocrx_word' id='word_1_274' title='bbox 206 2716 433 2781; x_wconf 83' lang='lat' dir='ltr'><strong>circuli,</strong></span> <span class='ocrx_word' id='word_1_275' title='bbox 464 2717 591 2785; x_wconf 89' lang='lat' dir='ltr'><strong>quia</strong></span> <span class='ocrx_word' id='word_1_276' title='bbox 620 2715 809 2771; x_wconf 88' lang='lat' dir='ltr'><strong>Patres</strong></span> <span class='ocrx_word' id='word_1_277' title='bbox 854 2725 910 2771; x_wconf 89' lang='lat' dir='ltr'><strong>et</strong></span> <span class='ocrx_word' id='word_1_278' title='bbox 937 2718 1169 2773; x_wconf 90' lang='lat' dir='ltr'><strong>concilia</strong></span> <span class='ocrx_word' id='word_1_279' title='bbox 1195 2717 1323 2770; x_wconf 88' lang='lat' dir='ltr'><strong>dum</strong></span> <span class='ocrx_word' id='word_1_280' title='bbox 1355 2716 1632 2786; x_wconf 71' lang='lat' dir='ltr'><strong>praedictis</strong></span> <span class='ocrx_word' id='word_1_281' title='bbox 1661 2716 1796 2770; x_wconf 90' lang='lat' dir='ltr'><strong>locis</strong></span> 
     </span>
    </p>
   </div>
   <div class='ocr_carea' id='block_1_38' title="bbox 211 2786 1796 2856">
    <p class='ocr_par' dir='ltr' id='par_1_38' title="bbox 211 2786 1796 2856">
     <span class='ocr_line' id='line_1_39' title="bbox 211 2786 1796 2856; baseline -0.001 -15"><span class='ocrx_word' id='word_1_282' title='bbox 211 2786 291 2841; x_wconf 86' lang='lat' dir='ltr'><strong>de</strong></span> <span class='ocrx_word' id='word_1_283' title='bbox 314 2794 541 2841; x_wconf 89' lang='lat' dir='ltr'><strong>tonsura</strong></span> <span class='ocrx_word' id='word_1_284' title='bbox 571 2787 898 2843; x_wconf 70' lang='lat' dir='ltr'><strong>clericorum</strong></span> <span class='ocrx_word' id='word_1_285' title='bbox 929 2796 1026 2842; x_wconf 88' lang='lat' dir='ltr'><strong>aut</strong></span> <span class='ocrx_word' id='word_1_286' title='bbox 1049 2787 1445 2843; x_wconf 85' lang='lat' dir='ltr'><strong>monachorum</strong></span> <span class='ocrx_word' id='word_1_287' title='bbox 1471 2787 1796 2856; x_wconf 89' lang='lat' dir='ltr'><strong>loquuntur,</strong></span> 
     </span>
    </p>
   </div>
   <div class='ocr_carea' id='block_1_39' title="bbox 207 2855 1799 2927">
    <p class='ocr_par' dir='ltr' id='par_1_39' title="bbox 207 2855 1799 2927">
     <span class='ocr_line' id='line_1_40' title="bbox 207 2855 1799 2927; baseline -0.002 -16"><span class='ocrx_word' id='word_1_288' title='bbox 207 2871 340 2927; x_wconf 81' lang='lat' dir='ltr'><strong>eam</strong></span> <span class='ocrx_word' id='word_1_289' title='bbox 368 2858 736 2912; x_wconf 87' lang='lat' dir='ltr'><strong>communiter</strong></span> <span class='ocrx_word' id='word_1_290' title='bbox 763 2873 1021 2912; x_wconf 90' lang='lat' dir='ltr'><strong>coronam</strong></span> <span class='ocrx_word' id='word_1_291' title='bbox 1051 2857 1372 2923; x_wconf 86' lang='lat' dir='ltr'><strong>nominant,</strong></span> <span class='ocrx_word' id='word_1_292' title='bbox 1400 2855 1688 2927; x_wconf 73' lang='lat' dir='ltr'><strong>propterea</strong></span> <span class='ocrx_word' id='word_1_293' title='bbox 1714 2855 1799 2908; x_wconf 88' lang='lat' dir='ltr'><strong>ni-</strong></span> 
     </span>
    </p>
   </div>
   <div class='ocr_carea' id='block_1_40' title="bbox 211 2924 1796 2998">
    <p class='ocr_par' dir='ltr' id='par_1_40' title="bbox 211 2924 1796 2998">
     <span class='ocr_line' id='line_1_41' title="bbox 211 2924 1796 2998; baseline -0.001 -18"><span class='ocrx_word' id='word_1_294' title='bbox 211 2925 448 2990; x_wconf 86' lang='lat' dir='ltr'><strong>mirum,</strong></span> <span class='ocrx_word' id='word_1_295' title='bbox 471 2928 617 2998; x_wconf 87' lang='lat' dir='ltr'><strong>quod</strong></span> <span class='ocrx_word' id='word_1_296' title='bbox 643 2937 871 2984; x_wconf 87' lang='lat' dir='ltr'><strong>tonsura</strong></span> <span class='ocrx_word' id='word_1_297' title='bbox 901 2943 1119 2984; x_wconf 66' lang='lat' dir='ltr'><strong>coronae</strong></span> <span class='ocrx_word' id='word_1_298' title='bbox 1144 2929 1375 2998; x_wconf 87' lang='lat' dir='ltr'><strong>ﬁguram</strong></span> <span class='ocrx_word' id='word_1_299' title='bbox 1401 2924 1622 2982; x_wconf 78' lang='lat' dir='ltr'><strong>habeat.</strong></span> <span class='ocrx_word' id='word_1_300' title='bbox 1646 2924 1796 2980; x_wconf 85' lang='lat' dir='ltr'><strong>Cau-</strong></span> 
     </span>
    </p>
   </div>
   <div class='ocr_carea' id='block_1_41' title="bbox 209 2997 1795 3068">
    <p class='ocr_par' dir='ltr' id='par_1_41' title="bbox 209 2997 1795 3068">
     <span class='ocr_line' id='line_1_42' title="bbox 209 2997 1795 3068; baseline 0 -18"><span class='ocrx_word' id='word_1_301' title='bbox 209 3010 340 3068; x_wconf 68' lang='lat' dir='ltr'><strong>sam</strong></span> <span class='ocrx_word' id='word_1_302' title='bbox 368 3005 422 3068; x_wconf 86' lang='lat' dir='ltr'><strong>et</strong></span> <span class='ocrx_word' id='word_1_303' title='bbox 440 2997 708 3052; x_wconf 85' lang='lat' dir='ltr'><strong>rationem</strong></span> <span class='ocrx_word' id='word_1_304' title='bbox 745 2999 908 3068; x_wconf 82' lang='lat' dir='ltr'><strong>hujus</strong></span> <span class='ocrx_word' id='word_1_305' title='bbox 956 2997 1201 3054; x_wconf 59' lang='lat' dir='ltr'><strong>tonsura!</strong></span> <span class='ocrx_word' id='word_1_306' title='bbox 1220 2997 1502 3068; x_wconf 86' lang='lat' dir='ltr'><strong>clericalis</strong></span> <span class='ocrx_word' id='word_1_307' title='bbox 1539 3005 1795 3068; x_wconf 60' lang='lat' dir='ltr'><strong>gestata,</strong></span> 
     </span>
    </p>
   </div>
   <div class='ocr_carea' id='block_1_42' title="bbox 209 3065 1791 3140">
    <p class='ocr_par' dir='ltr' id='par_1_42' title="bbox 209 3065 1791 3140">
     <span class='ocr_line' id='line_1_43' title="bbox 209 3065 1791 3140; baseline 0 -20"><span class='ocrx_word' id='word_1_308' title='bbox 209 3065 313 3120; x_wconf 85' lang='lat' dir='ltr'><strong>alii</strong></span> <span class='ocrx_word' id='word_1_309' title='bbox 336 3065 501 3121; x_wconf 87' lang='lat' dir='ltr'><strong>aliam</strong></span> <span class='ocrx_word' id='word_1_310' title='bbox 527 3065 832 3140; x_wconf 68' lang='lat' dir='ltr'><strong>assignant.</strong></span> <span class='ocrx_word' id='word_1_311' title='bbox 855 3067 1038 3124; x_wconf 88' lang='lat' dir='ltr'><strong>Prima</strong></span> <span class='ocrx_word' id='word_1_312' title='bbox 1063 3079 1148 3125; x_wconf 88' lang='lat' dir='ltr'><strong>est</strong></span> <span class='ocrx_word' id='word_1_313' title='bbox 1167 3067 1436 3139; x_wconf 86' lang='lat' dir='ltr'><strong>Dionysii,</strong></span> <span class='ocrx_word' id='word_1_314' title='bbox 1473 3065 1659 3123; x_wconf 48' lang='lat' dir='ltr'><strong>ut‘illa</strong></span> <span class='ocrx_word' id='word_1_315' title='bbox 1694 3082 1791 3120; x_wconf 42' lang='lat' dir='ltr'><strong>nu.</strong></span> 
     </span>
    </p>
   </div>
   <div class='ocr_carea' id='block_1_43' title="bbox 1901 1096 3482 1170">
    <p class='ocr_par' dir='ltr' id='par_1_43' title="bbox 1901 1096 3482 1170">
     <span class='ocr_line' id='line_1_44' title="bbox 1901 1096 3482 1170; baseline -0.001 -14"><span class='ocrx_word' id='word_1_316' title='bbox 1901 1101 2122 1170; x_wconf 88' lang='lat' dir='ltr'><strong>datione</strong></span> <span class='ocrx_word' id='word_1_317' title='bbox 2154 1099 2351 1169; x_wconf 90' lang='lat' dir='ltr'><strong>capitis</strong></span> <span class='ocrx_word' id='word_1_318' title='bbox 2385 1100 2722 1170; x_wconf 89' lang='lat' dir='ltr'><strong>signiﬁcetur</strong></span> <span class='ocrx_word' id='word_1_319' title='bbox 2755 1101 2862 1154; x_wconf 86' lang='lat' dir='ltr'><strong>vita</strong></span> <span class='ocrx_word' id='word_1_320' title='bbox 2899 1109 3084 1170; x_wconf 90' lang='lat' dir='ltr'><strong>aperta</strong></span> <span class='ocrx_word' id='word_1_321' title='bbox 3118 1109 3174 1156; x_wconf 92' lang='lat' dir='ltr'><strong>et</strong></span> <span class='ocrx_word' id='word_1_322' title='bbox 3207 1115 3367 1170; x_wconf 89' lang='lat' dir='ltr'><strong>pura,</strong></span> <span class='ocrx_word' id='word_1_323' title='bbox 3391 1096 3482 1154; x_wconf 92' lang='lat' dir='ltr'><strong>cui</strong></span> 
     </span>
    </p>
   </div>
   <div class='ocr_carea' id='block_1_44' title="bbox 1903 1169 3485 1234">
    <p class='ocr_par' dir='ltr' id='par_1_44' title="bbox 1903 1169 3485 1234">
     <span class='ocr_line' id='line_1_45' title="bbox 1903 1169 3485 1234; baseline -0.001 -8"><span class='ocrx_word' id='word_1_324' title='bbox 1903 1169 2264 1226; x_wconf 87' lang='lat' dir='ltr'><strong>ecclesiastici</strong></span> <span class='ocrx_word' id='word_1_325' title='bbox 2329 1169 2551 1225; x_wconf 88' lang='lat' dir='ltr'><strong>studere</strong></span> <span class='ocrx_word' id='word_1_326' title='bbox 2593 1169 2812 1226; x_wconf 92' lang='lat' dir='ltr'><strong>debent.</strong></span> <span class='ocrx_word' id='word_1_327' title='bbox 2865 1169 3116 1226; x_wconf 79' lang='lat' dir='ltr'><strong>Secunda</strong></span> <span class='ocrx_word' id='word_1_328' title='bbox 3163 1169 3248 1226; x_wconf 81' lang='lat' dir='ltr'><strong>est</strong></span> <span class='ocrx_word' id='word_1_329' title='bbox 3292 1169 3485 1234; x_wconf 67' lang='lat' dir='ltr'><strong>Bedze,</strong></span> 
     </span>
    </p>
   </div>
   <div class='ocr_carea' id='block_1_45' title="bbox 1907 1238 3485 1311">
    <p class='ocr_par' dir='ltr' id='par_1_45' title="bbox 1907 1238 3485 1311">
     <span class='ocr_line' id='line_1_46' title="bbox 1907 1238 3485 1311; baseline -0.001 -17"><span class='ocrx_word' id='word_1_330' title='bbox 1907 1242 1997 1296; x_wconf 92' lang='lat' dir='ltr'><strong>lib.</strong></span> <span class='ocrx_word' id='word_1_331' title='bbox 2039 1256 2072 1294; x_wconf 77' lang='grc' dir='ltr'><strong>ν</strong></span> <span class='ocrx_word' id='word_1_332' title='bbox 2099 1239 2358 1294; x_wconf 65' lang='lat' dir='ltr'><strong>Historia:</strong></span> <span class='ocrx_word' id='word_1_333' title='bbox 2404 1240 2651 1311; x_wconf 56' lang='lat' dir='ltr'><strong>Anglic”</strong></span> <span class='ocrx_word' id='word_1_334' title='bbox 2703 1259 2754 1296; x_wconf 91' lang='lat' dir='ltr'><strong>c.</strong></span> <span class='ocrx_word' id='word_1_335' title='bbox 2805 1241 2878 1295; x_wconf 75' lang='lat'><strong>22</strong></span> <span class='ocrx_word' id='word_1_336' title='bbox 2904 1283 2920 1305; x_wconf 95' lang='lat'><strong>,</strong></span> <span class='ocrx_word' id='word_1_337' title='bbox 2957 1250 3014 1296; x_wconf 93' lang='lat' dir='ltr'><strong>ut</strong></span> <span class='ocrx_word' id='word_1_338' title='bbox 3051 1241 3241 1310; x_wconf 83' lang='lat' dir='ltr'><strong>spinea</strong></span> <span class='ocrx_word' id='word_1_339' title='bbox 3275 1238 3485 1311; x_wconf 82' lang='lat' dir='ltr'><strong>Christi</strong></span> 
     </span>
    </p>
   </div>
   <div class='ocr_carea' id='block_1_46' title="bbox 1903 1310 3485 1380">
    <p class='ocr_par' dir='ltr' id='par_1_46' title="bbox 1903 1310 3485 1380">
     <span class='ocr_line' id='line_1_47' title="bbox 1903 1310 3485 1380; baseline -0.001 -14"><span class='ocrx_word' id='word_1_340' title='bbox 1903 1325 2107 1366; x_wconf 92' lang='lat' dir='ltr'><strong>corona</strong></span> <span class='ocrx_word' id='word_1_341' title='bbox 2129 1349 2145 1374; x_wconf 92' lang='lat'><strong>,</strong></span> <span class='ocrx_word' id='word_1_342' title='bbox 2177 1325 2345 1380; x_wconf 91' lang='lat' dir='ltr'><strong>quam</strong></span> <span class='ocrx_word' id='word_1_343' title='bbox 2392 1310 2576 1366; x_wconf 87' lang='lat' dir='ltr'><strong>clerici</strong></span> <span class='ocrx_word' id='word_1_344' title='bbox 2613 1312 2852 1367; x_wconf 78' lang='lat' dir='ltr'><strong>maxime</strong></span> <span class='ocrx_word' id='word_1_345' title='bbox 2887 1313 2942 1366; x_wconf 92' lang='lat' dir='ltr'><strong>in</strong></span> <span class='ocrx_word' id='word_1_346' title='bbox 2979 1311 3244 1365; x_wconf 85' lang='lat' dir='ltr'><strong>memoria</strong></span> <span class='ocrx_word' id='word_1_347' title='bbox 3282 1310 3485 1365; x_wconf 85' lang='lat' dir='ltr'><strong>habere</strong></span> 
     </span>
    </p>
   </div>
   <div class='ocr_carea' id='block_1_47' title="bbox 1903 1380 3484 1450">
    <p class='ocr_par' dir='ltr' id='par_1_47' title="bbox 1903 1380 3484 1450">
     <span class='ocr_line' id='line_1_48' title="bbox 1903 1380 3484 1450; baseline -0.002 -13"><span class='ocrx_word' id='word_1_348' title='bbox 1903 1383 2136 1450; x_wconf 86' lang='lat' dir='ltr'><strong>debent.</strong></span> <span class='ocrx_word' id='word_1_349' title='bbox 2195 1390 2637 1450; x_wconf 65' lang='lat' dir='ltr'><strong>repraesentetur.</strong></span> <span class='ocrx_word' id='word_1_350' title='bbox 2690 1381 2870 1436; x_wconf 88' lang='lat' dir='ltr'><strong>Tertia</strong></span> <span class='ocrx_word' id='word_1_351' title='bbox 2921 1393 3006 1436; x_wconf 90' lang='lat' dir='ltr'><strong>est</strong></span> <span class='ocrx_word' id='word_1_352' title='bbox 3037 1380 3236 1437; x_wconf 88' lang='lat' dir='ltr'><strong>lsidori</strong></span> <span class='ocrx_word' id='word_1_353' title='bbox 3271 1380 3367 1435; x_wconf 91' lang='lat' dir='ltr'><strong>lib.</strong></span> <span class='ocrx_word' id='word_1_354' title='bbox 3404 1380 3484 1434; x_wconf 69' lang='lat' dir='ltr'><strong>De</strong></span> 
     </span>
    </p>
   </div>
   <div class='ocr_carea' id='block_1_48' title="bbox 1907 1449 3480 1522">
    <p class='ocr_par' dir='ltr' id='par_1_48' title="bbox 1907 1449 3480 1522">
     <span class='ocr_line' id='line_1_49' title="bbox 1907 1449 3480 1522; baseline 0 -17"><span class='ocrx_word' id='word_1_355' title='bbox 1907 1449 2269 1522; x_wconf 28' lang='lat' dir='ltr'><strong>oﬂic.cleric.,’</strong></span> <span class='ocrx_word' id='word_1_356' title='bbox 2294 1449 2507 1505; x_wconf 84' lang='lat' dir='ltr'><strong>Rabani</strong></span> <span class='ocrx_word' id='word_1_357' title='bbox 2541 1453 2636 1506; x_wconf 92' lang='lat' dir='ltr'><strong>lib.</strong></span> <span class='ocrx_word' id='word_1_358' title='bbox 2677 1467 2715 1506; x_wconf 91' lang='grc' dir='ltr'><strong>ιι</strong></span> <span class='ocrx_word' id='word_1_359' title='bbox 2753 1451 3097 1522; x_wconf 75' lang='lat' dir='ltr'><strong>Deinstitut.</strong></span> <span class='ocrx_word' id='word_1_360' title='bbox 3146 1451 3333 1522; x_wconf 69' lang='lat' dir='ltr'><strong>cleris.</strong></span> <span class='ocrx_word' id='word_1_361' title='bbox 3354 1465 3480 1520; x_wconf 86' lang='lat' dir='ltr'><strong>cap.</strong></span> 
     </span>
    </p>
   </div>
   <div class='ocr_carea' id='block_1_49' title="bbox 1908 1521 3481 1590">
    <p class='ocr_par' dir='ltr' id='par_1_49' title="bbox 1908 1521 3481 1590">
     <span class='ocr_line' id='line_1_50' title="bbox 1908 1521 3481 1590; baseline 0 -15"><span class='ocrx_word' id='word_1_362' title='bbox 1908 1523 1962 1588; x_wconf 88' lang='lat' dir='ltr'><strong>l,</strong></span> <span class='ocrx_word' id='word_1_363' title='bbox 1999 1531 2056 1576; x_wconf 92' lang='lat' dir='ltr'><strong>ut</strong></span> <span class='ocrx_word' id='word_1_364' title='bbox 2089 1522 2429 1590; x_wconf 85' lang='lat' dir='ltr'><strong>signiﬁcetur</strong></span> <span class='ocrx_word' id='word_1_365' title='bbox 2463 1523 2642 1590; x_wconf 77' lang='lat' dir='ltr'><strong>regale</strong></span> <span class='ocrx_word' id='word_1_366' title='bbox 2675 1537 2798 1577; x_wconf 88' lang='lat' dir='ltr'><strong>esse</strong></span> <span class='ocrx_word' id='word_1_367' title='bbox 2829 1521 3036 1576; x_wconf 88' lang='lat' dir='ltr'><strong>Christi</strong></span> <span class='ocrx_word' id='word_1_368' title='bbox 3071 1521 3436 1577; x_wconf 90' lang='lat' dir='ltr'><strong>sacerdotium</strong></span> <span class='ocrx_word' id='word_1_369' title='bbox 3462 1559 3481 1588; x_wconf 93' lang='lat'><strong>,</strong></span> 
     </span>
    </p>
   </div>
   <div class='ocr_carea' id='block_1_50' title="bbox 1905 1591 3482 1662">
    <p class='ocr_par' dir='ltr' id='par_1_50' title="bbox 1905 1591 3482 1662">
     <span class='ocr_line' id='line_1_51' title="bbox 1905 1591 3482 1662; baseline -0.001 -16"><span class='ocrx_word' id='word_1_370' title='bbox 1905 1591 2066 1660; x_wconf 88' lang='lat' dir='ltr'><strong>cujus</strong></span> <span class='ocrx_word' id='word_1_371' title='bbox 2099 1592 2492 1662; x_wconf 84' lang='lat' dir='ltr'><strong>gubernatores</strong></span> <span class='ocrx_word' id='word_1_372' title='bbox 2512 1593 2605 1646; x_wconf 85' lang='lat' dir='ltr'><strong>tali</strong></span> <span class='ocrx_word' id='word_1_373' title='bbox 2628 1606 2830 1646; x_wconf 88' lang='lat' dir='ltr'><strong>corona</strong></span> <span class='ocrx_word' id='word_1_374' title='bbox 2850 1592 3139 1648; x_wconf 87' lang='lat' dir='ltr'><strong>redimitos</strong></span> <span class='ocrx_word' id='word_1_375' title='bbox 3169 1605 3294 1646; x_wconf 90' lang='lat' dir='ltr'><strong>esse</strong></span> <span class='ocrx_word' id='word_1_376' title='bbox 3317 1606 3482 1662; x_wconf 49' lang='lat' dir='ltr'><strong>opor-</strong></span> 
     </span>
    </p>
   </div>
   <div class='ocr_carea' id='block_1_51' title="bbox 1907 1662 3485 1743">
    <p class='ocr_par' dir='ltr' id='par_1_51' title="bbox 1907 1662 3485 1743">
     <span class='ocr_line' id='line_1_52' title="bbox 1907 1662 3485 1743; baseline -0.001 -27"><span class='ocrx_word' id='word_1_377' title='bbox 1907 1671 2041 1727; x_wconf 93' lang='lat' dir='ltr'><strong>teat,</strong></span> <span class='ocrx_word' id='word_1_378' title='bbox 2076 1662 2160 1717; x_wconf 89' lang='lat' dir='ltr'><strong>vel</strong></span> <span class='ocrx_word' id='word_1_379' title='bbox 2187 1663 2358 1743; x_wconf 75' lang='lat' dir='ltr'><strong>etiam</strong></span> <span class='ocrx_word' id='word_1_380' title='bbox 2393 1671 2454 1743; x_wconf 76' lang='lat' dir='ltr'><strong>ut</strong></span> <span class='ocrx_word' id='word_1_381' title='bbox 2499 1662 2836 1743; x_wconf 76' lang='lat' dir='ltr'><strong>signiﬁcetur</strong></span> <span class='ocrx_word' id='word_1_382' title='bbox 2876 1662 3309 1743; x_wconf 77' lang='lat' dir='ltr'><strong>ecclesiasticum</strong></span> <span class='ocrx_word' id='word_1_383' title='bbox 3361 1663 3485 1743; x_wconf 79' lang='lat' dir='ltr'><strong>ani-</strong></span> 
     </span>
    </p>
   </div>
   <div class='ocr_carea' id='block_1_52' title="bbox 1904 1731 3482 1802">
    <p class='ocr_par' dir='ltr' id='par_1_52' title="bbox 1904 1731 3482 1802">
     <span class='ocr_line' id='line_1_53' title="bbox 1904 1731 3482 1802; baseline 0 -16"><span class='ocrx_word' id='word_1_384' title='bbox 1904 1747 2077 1798; x_wconf 91' lang='lat' dir='ltr'><strong>mum,</strong></span> <span class='ocrx_word' id='word_1_385' title='bbox 2107 1732 2202 1802; x_wconf 83' lang='lat' dir='ltr'><strong>qui</strong></span> <span class='ocrx_word' id='word_1_386' title='bbox 2231 1743 2313 1788; x_wconf 90' lang='lat' dir='ltr'><strong>est</strong></span> <span class='ocrx_word' id='word_1_387' title='bbox 2337 1733 2391 1786; x_wconf 91' lang='lat' dir='ltr'><strong>in</strong></span> <span class='ocrx_word' id='word_1_388' title='bbox 2423 1731 2643 1787; x_wconf 85' lang='lat' dir='ltr'><strong>homine</strong></span> <span class='ocrx_word' id='word_1_389' title='bbox 2679 1731 2822 1788; x_wconf 85' lang='lat' dir='ltr'><strong>sicut</strong></span> <span class='ocrx_word' id='word_1_390' title='bbox 2848 1741 3037 1787; x_wconf 81' lang='lat' dir='ltr'><strong>vertex</strong></span> <span class='ocrx_word' id='word_1_391' title='bbox 3067 1733 3125 1786; x_wconf 92' lang='lat' dir='ltr'><strong>in</strong></span> <span class='ocrx_word' id='word_1_392' title='bbox 3155 1732 3357 1802; x_wconf 81' lang='lat' dir='ltr'><strong>capite,</strong></span> <span class='ocrx_word' id='word_1_393' title='bbox 3383 1733 3482 1786; x_wconf 81' lang='lat' dir='ltr'><strong>de—</strong></span> 
     </span>
    </p>
   </div>
   <div class='ocr_carea' id='block_1_53' title="bbox 1902 1801 3479 1872">
    <p class='ocr_par' dir='ltr' id='par_1_53' title="bbox 1902 1801 3479 1872">
     <span class='ocr_line' id='line_1_54' title="bbox 1902 1801 3479 1872; baseline -0.001 -16"><span class='ocrx_word' id='word_1_394' title='bbox 1902 1802 2031 1857; x_wconf 89' lang='lat' dir='ltr'><strong>bere</strong></span> <span class='ocrx_word' id='word_1_395' title='bbox 2087 1801 2210 1858; x_wconf 85' lang='lat' dir='ltr'><strong>esse</strong></span> <span class='ocrx_word' id='word_1_396' title='bbox 2263 1803 2527 1856; x_wconf 87' lang='lat' dir='ltr'><strong>nudatum</strong></span> <span class='ocrx_word' id='word_1_397' title='bbox 2565 1817 2597 1856; x_wconf 83' lang='lat' dir='ltr'><strong>a</strong></span> <span class='ocrx_word' id='word_1_398' title='bbox 2627 1802 2797 1869; x_wconf 85' lang='lat' dir='ltr'><strong>vitiis,</strong></span> <span class='ocrx_word' id='word_1_399' title='bbox 2828 1803 3125 1872; x_wconf 89' lang='lat' dir='ltr'><strong>spoliatum</strong></span> <span class='ocrx_word' id='word_1_400' title='bbox 3151 1801 3349 1872; x_wconf 68' lang='lat' dir='ltr'><strong>aﬂectu</strong></span> <span class='ocrx_word' id='word_1_401' title='bbox 3382 1817 3479 1856; x_wconf 87' lang='lat' dir='ltr'><strong>su-</strong></span> 
     </span>
    </p>
   </div>
   <div class='ocr_carea' id='block_1_54' title="bbox 1903 1871 3479 1943">
    <p class='ocr_par' dir='ltr' id='par_1_54' title="bbox 1903 1871 3479 1943">
     <span class='ocr_line' id='line_1_55' title="bbox 1903 1871 3479 1943; baseline 0 -17"><span class='ocrx_word' id='word_1_402' title='bbox 1903 1872 2273 1942; x_wconf 87' lang='lat' dir='ltr'><strong>perﬁuitatum</strong></span> <span class='ocrx_word' id='word_1_403' title='bbox 2291 1914 2306 1937; x_wconf 89' lang='lat'><strong>,</strong></span> <span class='ocrx_word' id='word_1_404' title='bbox 2336 1888 2402 1928; x_wconf 91' lang='lat' dir='ltr'><strong>ac</strong></span> <span class='ocrx_word' id='word_1_405' title='bbox 2431 1874 2653 1928; x_wconf 89' lang='lat' dir='ltr'><strong>demum</strong></span> <span class='ocrx_word' id='word_1_406' title='bbox 2695 1871 2944 1943; x_wconf 81' lang='lat' dir='ltr'><strong>apertum</strong></span> <span class='ocrx_word' id='word_1_407' title='bbox 2971 1882 3026 1928; x_wconf 91' lang='lat' dir='ltr'><strong>et</strong></span> <span class='ocrx_word' id='word_1_408' title='bbox 3055 1871 3371 1943; x_wconf 74' lang='lat' dir='ltr'><strong>expeditum</strong></span> <span class='ocrx_word' id='word_1_409' title='bbox 3407 1872 3479 1928; x_wconf 77' lang='lat' dir='ltr'><strong>ad</strong></span> 
     </span>
    </p>
   </div>
   <div class='ocr_carea' id='block_1_55' title="bbox 1895 1940 3480 2014">
    <p class='ocr_par' dir='ltr' id='par_1_55' title="bbox 1895 1940 3480 2014">
     <span class='ocr_line' id='line_1_56' title="bbox 1895 1940 3480 2014; baseline 0 -16"><span class='ocrx_word' id='word_1_410' title='bbox 1895 1940 2135 2014; x_wconf 15' lang='lat' dir='ltr'><strong>divinas,</strong></span> <span class='ocrx_word' id='word_1_411' title='bbox 2159 1943 2548 2014; x_wconf 76' lang='lat' dir='ltr'><strong>inSpirationes</strong></span> <span class='ocrx_word' id='word_1_412' title='bbox 2582 1940 2747 1999; x_wconf 78' lang='lat' dir='ltr'><strong>facile</strong></span> <span class='ocrx_word' id='word_1_413' title='bbox 2788 1940 3188 2014; x_wconf 74' lang='lat' dir='ltr'><strong>percipiendas.</strong></span> <span class='ocrx_word' id='word_1_414' title='bbox 3230 1940 3480 2014; x_wconf 66' lang='lat' dir='ltr'><strong>Valentia</strong></span> 
     </span>
    </p>
   </div>
   <div class='ocr_carea' id='block_1_56' title="bbox 1897 1957 3480 2084">
    <p class='ocr_par' dir='ltr' id='par_1_56' title="bbox 1897 1957 3480 2084">
     <span class='ocr_line' id='line_1_57' title="bbox 1897 1957 3480 2068; baseline -0.001 -70"><span class='ocrx_word' id='word_1_415' title='bbox 1897 1957 2110 1998; x_wconf 86' lang='lat' dir='ltr'><strong>uivmas</strong></span> <span class='ocrx_word' id='word_1_416' title='bbox 2159 1957 2548 2014; x_wconf 82' lang='lat' dir='ltr'><strong>inspirationes</strong></span> <span class='ocrx_word' id='word_1_417' title='bbox 2582 1957 2743 1999; x_wconf 79' lang='lat' dir='ltr'><strong>tacite</strong></span> <span class='ocrx_word' id='word_1_418' title='bbox 2788 1957 3188 2068; x_wconf 44' lang='lat' dir='ltr'><strong>incipiemus.</strong></span> <span class='ocrx_word' id='word_1_419' title='bbox 3235 1957 3480 1998; x_wconf 78' lang='lat' dir='ltr'><strong>valentia</strong></span> 
     </span>
     <span class='ocr_line' id='line_1_58' title="bbox 1897 2011 3480 2084; baseline -0.003 -15"><span class='ocrx_word' id='word_1_420' title='bbox 1897 2013 2172 2084; x_wconf 72' lang='lat' dir='ltr'><strong>pmdictis</strong></span> <span class='ocrx_word' id='word_1_421' title='bbox 2199 2014 2354 2069; x_wconf 93' lang='lat' dir='ltr'><strong>locis.</strong></span> <span class='ocrx_word' id='word_1_422' title='bbox 2380 2011 2488 2084; x_wconf 81' lang='lat' dir='ltr'><strong>sed</strong></span> <span class='ocrx_word' id='word_1_423' title='bbox 2516 2021 2572 2069; x_wconf 92' lang='lat' dir='ltr'><strong>et</strong></span> <span class='ocrx_word' id='word_1_424' title='bbox 2614 2014 2721 2068; x_wconf 91' lang='lat' dir='ltr'><strong>alia</strong></span> <span class='ocrx_word' id='word_1_425' title='bbox 2763 2029 2794 2067; x_wconf 91' lang='lat' dir='ltr'><strong>a</strong></span> <span class='ocrx_word' id='word_1_426' title='bbox 2863 2013 2948 2069; x_wconf 91' lang='lat' dir='ltr'><strong>his</strong></span> <span class='ocrx_word' id='word_1_427' title='bbox 2967 2013 3199 2084; x_wconf 82' lang='lat' dir='ltr'><strong>diversa</strong></span> <span class='ocrx_word' id='word_1_428' title='bbox 3225 2011 3292 2066; x_wconf 91' lang='lat' dir='ltr'><strong>de</strong></span> <span class='ocrx_word' id='word_1_429' title='bbox 3318 2012 3480 2084; x_wconf 86' lang='lat' dir='ltr'><strong>cleri-</strong></span> 
     </span>
    </p>
   </div>
   <div class='ocr_carea' id='block_1_57' title="bbox 1899 2082 3474 2152">
    <p class='ocr_par' dir='ltr' id='par_1_57' title="bbox 1899 2082 3474 2152">
     <span class='ocr_line' id='line_1_59' title="bbox 1899 2082 3474 2152; baseline -0.001 -13"><span class='ocrx_word' id='word_1_430' title='bbox 1899 2082 2087 2139; x_wconf 82' lang='lat' dir='ltr'><strong>corum</strong></span> <span class='ocrx_word' id='word_1_431' title='bbox 2121 2092 2346 2139; x_wconf 88' lang='lat' dir='ltr'><strong>tonsura</strong></span> <span class='ocrx_word' id='word_1_432' title='bbox 2374 2083 2670 2138; x_wconf 89' lang='lat' dir='ltr'><strong>adducitur</strong></span> <span class='ocrx_word' id='word_1_433' title='bbox 2697 2097 2864 2139; x_wconf 89' lang='lat' dir='ltr'><strong>causa</strong></span> <span class='ocrx_word' id='word_1_434' title='bbox 2893 2099 2925 2138; x_wconf 89' lang='lat' dir='ltr'><strong>a</strong></span> <span class='ocrx_word' id='word_1_435' title='bbox 2951 2082 3230 2139; x_wconf 89' lang='lat' dir='ltr'><strong>Germano</strong></span> <span class='ocrx_word' id='word_1_436' title='bbox 3254 2083 3474 2152; x_wconf 89' lang='lat' dir='ltr'><strong>episco-</strong></span> 
     </span>
    </p>
   </div>
   <div class='ocr_carea' id='block_1_58' title="bbox 1897 2152 3479 2224">
    <p class='ocr_par' dir='ltr' id='par_1_58' title="bbox 1897 2152 3479 2224">
     <span class='ocr_line' id='line_1_60' title="bbox 1897 2152 3479 2224; baseline -0.001 -15"><span class='ocrx_word' id='word_1_437' title='bbox 1897 2169 1968 2224; x_wconf 88' lang='lat' dir='ltr'><strong>po</strong></span> <span class='ocrx_word' id='word_1_438' title='bbox 2006 2153 2620 2224; x_wconf 87' lang='lat' dir='ltr'><strong>Constantinopolitano</strong></span> <span class='ocrx_word' id='word_1_439' title='bbox 2643 2196 2658 2220; x_wconf 92' lang='lat'><strong>,</strong></span> <span class='ocrx_word' id='word_1_440' title='bbox 2689 2154 2777 2209; x_wconf 91' lang='lat' dir='ltr'><strong>his</strong></span> <span class='ocrx_word' id='word_1_441' title='bbox 2816 2155 2999 2209; x_wconf 88' lang='lat' dir='ltr'><strong>verbis</strong></span> <span class='ocrx_word' id='word_1_442' title='bbox 3033 2173 3048 2208; x_wconf 89' lang='lat'><strong>:</strong></span> <span class='ocrx_word' id='word_1_443' title='bbox 3087 2172 3108 2205; x_wconf 71' lang='grc' dir='ltr'><strong>ι</strong></span> <span class='ocrx_word' id='word_1_444' title='bbox 3145 2152 3354 2224; x_wconf 78' lang='lat' dir='ltr'><strong>Duplex</strong></span> <span class='ocrx_word' id='word_1_445' title='bbox 3382 2167 3479 2207; x_wconf 52' lang='lat' dir='ltr'><strong>co-</strong></span> 
     </span>
    </p>
   </div>
   <div class='ocr_carea' id='block_1_59' title="bbox 1899 2223 3480 2304">
    <p class='ocr_par' dir='ltr' id='par_1_59' title="bbox 1899 2223 3480 2304">
     <span class='ocr_line' id='line_1_61' title="bbox 1899 2223 3480 2304; baseline -0.001 -26"><span class='ocrx_word' id='word_1_446' title='bbox 1899 2240 2072 2304; x_wconf 67' lang='grc' dir='ltr'><strong>νςιιιειΔ</strong></span> <span class='ocrx_word' id='word_1_447' title='bbox 2093 2223 2491 2304; x_wconf 70' lang='lat' dir='ltr'><strong>circumposita</strong></span> <span class='ocrx_word' id='word_1_448' title='bbox 2532 2224 2702 2304; x_wconf 79' lang='lat' dir='ltr'><strong>capiti</strong></span> <span class='ocrx_word' id='word_1_449' title='bbox 2750 2225 3094 2304; x_wconf 71' lang='lat' dir='ltr'><strong>sacerdotis,</strong></span> <span class='ocrx_word' id='word_1_450' title='bbox 3151 2223 3480 2304; x_wconf 68' lang='lat' dir='ltr'><strong>cepillorum</strong></span> 
     </span>
    </p>
   </div>
   <div class='ocr_carea' id='block_1_60' title="bbox 1895 2293 3482 2366">
    <p class='ocr_par' dir='ltr' id='par_1_60' title="bbox 1895 2293 3482 2366">
     <span class='ocr_line' id='line_1_62' title="bbox 1895 2293 3482 2366; baseline -0.001 -16"><span class='ocrx_word' id='word_1_451' title='bbox 1895 2293 2334 2366; x_wconf 68' lang='lat' dir='ltr'><strong>significatione,</strong></span> <span class='ocrx_word' id='word_1_452' title='bbox 2383 2293 2677 2365; x_wconf 85' lang='lat' dir='ltr'><strong>imaginem</strong></span> <span class='ocrx_word' id='word_1_453' title='bbox 2723 2295 2890 2349; x_wconf 85' lang='lat' dir='ltr'><strong>refert</strong></span> <span class='ocrx_word' id='word_1_454' title='bbox 2933 2293 3229 2366; x_wconf 82' lang='lat' dir='ltr'><strong>venerandi</strong></span> <span class='ocrx_word' id='word_1_455' title='bbox 3282 2293 3482 2366; x_wconf 83' lang='lat' dir='ltr'><strong>capitis</strong></span> 
     </span>
    </p>
   </div>
   <div class='ocr_carea' id='block_1_61' title="bbox 1901 2363 3477 2437">
    <p class='ocr_par' dir='ltr' id='par_1_61' title="bbox 1901 2363 3477 2437">
     <span class='ocr_line' id='line_1_63' title="bbox 1901 2363 3477 2437; baseline -0.001 -19"><span class='ocrx_word' id='word_1_456' title='bbox 1901 2363 2134 2435; x_wconf 79' lang='lat' dir='ltr'><strong>apostoli</strong></span> <span class='ocrx_word' id='word_1_457' title='bbox 2185 2365 2328 2419; x_wconf 89' lang='lat' dir='ltr'><strong>Petri</strong></span> <span class='ocrx_word' id='word_1_458' title='bbox 2361 2384 2374 2419; x_wconf 92' lang='lat'><strong>:</strong></span> <span class='ocrx_word' id='word_1_459' title='bbox 2411 2363 2519 2420; x_wconf 54' lang='lat' dir='ltr'><strong>cui&#39;</strong></span> <span class='ocrx_word' id='word_1_460' title='bbox 2535 2380 2660 2420; x_wconf 91' lang='lat' dir='ltr'><strong>cum</strong></span> <span class='ocrx_word' id='word_1_461' title='bbox 2694 2367 2901 2437; x_wconf 85' lang='lat' dir='ltr'><strong>missus</strong></span> <span class='ocrx_word' id='word_1_462' title='bbox 2932 2374 3079 2420; x_wconf 88' lang='lat' dir='ltr'><strong>esset</strong></span> <span class='ocrx_word' id='word_1_463' title='bbox 3109 2363 3178 2419; x_wconf 88' lang='lat' dir='ltr'><strong>ad</strong></span> <span class='ocrx_word' id='word_1_464' title='bbox 3193 2364 3477 2437; x_wconf 76' lang='lat' dir='ltr'><strong>_pr:edica-_</strong></span> 
     </span>
    </p>
   </div>
   <div class='ocr_carea' id='block_1_62' title="bbox 1900 2433 3476 2506">
    <p class='ocr_par' dir='ltr' id='par_1_62' title="bbox 1900 2433 3476 2506">
     <span class='ocr_line' id='line_1_64' title="bbox 1900 2433 3476 2506; baseline -0.002 -16"><span class='ocrx_word' id='word_1_465' title='bbox 1900 2433 2107 2490; x_wconf 80' lang='lat' dir='ltr'><strong>tionem</strong></span> <span class='ocrx_word' id='word_1_466' title='bbox 2130 2437 2347 2491; x_wconf 90' lang='lat' dir='ltr'><strong>Domini</strong></span> <span class='ocrx_word' id='word_1_467' title='bbox 2378 2446 2434 2490; x_wconf 92' lang='lat' dir='ltr'><strong>et</strong></span> <span class='ocrx_word' id='word_1_468' title='bbox 2469 2436 2754 2506; x_wconf 88' lang='lat' dir='ltr'><strong>magistri,</strong></span> <span class='ocrx_word' id='word_1_469' title='bbox 2783 2436 2834 2490; x_wconf 91' lang='lat' dir='ltr'><strong>ei</strong></span> <span class='ocrx_word' id='word_1_470' title='bbox 2856 2444 3016 2506; x_wconf 82' lang='lat' dir='ltr'><strong>tonsa</strong></span> <span class='ocrx_word' id='word_1_471' title='bbox 3048 2444 3132 2490; x_wconf 86' lang='lat' dir='ltr'><strong>est</strong></span> <span class='ocrx_word' id='word_1_472' title='bbox 3157 2434 3227 2488; x_wconf 91' lang='lat' dir='ltr'><strong>ab</strong></span> <span class='ocrx_word' id='word_1_473' title='bbox 3257 2433 3346 2506; x_wconf 84' lang='lat' dir='ltr'><strong>his</strong></span> <span class='ocrx_word' id='word_1_474' title='bbox 3379 2435 3476 2504; x_wconf 89' lang='lat' dir='ltr'><strong>qui</strong></span> 
     </span>
    </p>
   </div>
   <div class='ocr_carea' id='block_1_63' title="bbox 1900 2504 3478 2576">
    <p class='ocr_par' dir='ltr' id='par_1_63' title="bbox 1900 2504 3478 2576">
     <span class='ocr_line' id='line_1_65' title="bbox 1900 2504 3478 2576; baseline -0.001 -14"><span class='ocrx_word' id='word_1_475' title='bbox 1900 2507 2021 2576; x_wconf 89' lang='lat' dir='ltr'><strong>ejus</strong></span> <span class='ocrx_word' id='word_1_476' title='bbox 2047 2507 2287 2562; x_wconf 87' lang='lat' dir='ltr'><strong>sermoni</strong></span> <span class='ocrx_word' id='word_1_477' title='bbox 2313 2521 2422 2560; x_wconf 92' lang='lat' dir='ltr'><strong>non</strong></span> <span class='ocrx_word' id='word_1_478' title='bbox 2455 2504 2772 2570; x_wconf 84' lang='lat' dir='ltr'><strong>credebant,</strong></span> <span class='ocrx_word' id='word_1_479' title='bbox 2799 2515 2860 2560; x_wconf 90' lang='lat' dir='ltr'><strong>ut</strong></span> <span class='ocrx_word' id='word_1_480' title='bbox 2889 2505 3210 2576; x_wconf 73' lang='lat' dir='ltr'><strong>illuderetur</strong></span> <span class='ocrx_word' id='word_1_481' title='bbox 3231 2504 3301 2576; x_wconf 86' lang='lat' dir='ltr'><strong>ab</strong></span> <span class='ocrx_word' id='word_1_482' title='bbox 3317 2505 3478 2576; x_wconf 81' lang='lat' dir='ltr'><strong>ipsis,</strong></span> 
     </span>
    </p>
   </div>
   <div class='ocr_carea' id='block_1_64' title="bbox 1899 2573 3476 2646">
    <p class='ocr_par' dir='ltr' id='par_1_64' title="bbox 1899 2573 3476 2646">
     <span class='ocr_line' id='line_1_66' title="bbox 1899 2573 3476 2646; baseline -0.003 -14"><span class='ocrx_word' id='word_1_483' title='bbox 1899 2573 2061 2646; x_wconf 90' lang='lat' dir='ltr'><strong>eique</strong></span> <span class='ocrx_word' id='word_1_484' title='bbox 2102 2577 2356 2632; x_wconf 90' lang='lat' dir='ltr'><strong>Christus</strong></span> <span class='ocrx_word' id='word_1_485' title='bbox 2378 2577 2640 2645; x_wconf 90' lang='lat' dir='ltr'><strong>magister</strong></span> <span class='ocrx_word' id='word_1_486' title='bbox 2667 2577 2986 2642; x_wconf 91' lang='lat' dir='ltr'><strong>benedixit;</strong></span> <span class='ocrx_word' id='word_1_487' title='bbox 3012 2585 3067 2630; x_wconf 92' lang='lat' dir='ltr'><strong>et</strong></span> <span class='ocrx_word' id='word_1_488' title='bbox 3105 2573 3391 2646; x_wconf 80' lang='lat' dir='ltr'><strong>infamiam</strong></span> <span class='ocrx_word' id='word_1_489' title='bbox 3420 2574 3476 2628; x_wconf 92' lang='lat' dir='ltr'><strong>in</strong></span> 
     </span>
    </p>
   </div>
   <div class='ocr_carea' id='block_1_65' title="bbox 1900 2645 3477 2717">
    <p class='ocr_par' dir='ltr' id='par_1_65' title="bbox 1900 2645 3477 2717">
     <span class='ocr_line' id='line_1_67' title="bbox 1900 2645 3477 2717; baseline -0.002 -16"><span class='ocrx_word' id='word_1_490' title='bbox 1900 2645 2194 2711; x_wconf 89' lang='lat' dir='ltr'><strong>honorem,</strong></span> <span class='ocrx_word' id='word_1_491' title='bbox 2236 2647 2557 2712; x_wconf 85' lang='lat' dir='ltr'><strong>illusionem</strong></span> <span class='ocrx_word' id='word_1_492' title='bbox 2581 2646 2639 2700; x_wconf 91' lang='lat' dir='ltr'><strong>in</strong></span> <span class='ocrx_word' id='word_1_493' title='bbox 2687 2647 2918 2717; x_wconf 87' lang='lat' dir='ltr'><strong>gloriam</strong></span> <span class='ocrx_word' id='word_1_494' title='bbox 2952 2645 3262 2717; x_wconf 64' lang='lat' dir='ltr'><strong>convertit,</strong></span> <span class='ocrx_word' id='word_1_495' title='bbox 3291 2655 3346 2699; x_wconf 90' lang='lat' dir='ltr'><strong>et</strong></span> <span class='ocrx_word' id='word_1_496' title='bbox 3371 2659 3477 2714; x_wconf 74' lang='lat' dir='ltr'><strong>po-</strong></span> 
     </span>
    </p>
   </div>
   <div class='ocr_carea' id='block_1_66' title="bbox 1902 2713 3480 2788">
    <p class='ocr_par' dir='ltr' id='par_1_66' title="bbox 1902 2713 3480 2788">
     <span class='ocr_line' id='line_1_68' title="bbox 1902 2713 3480 2788; baseline -0.003 -16"><span class='ocrx_word' id='word_1_497' title='bbox 1902 2718 2013 2772; x_wconf 91' lang='lat' dir='ltr'><strong>suit</strong></span> <span class='ocrx_word' id='word_1_498' title='bbox 2045 2733 2210 2788; x_wconf 90' lang='lat' dir='ltr'><strong>super</strong></span> <span class='ocrx_word' id='word_1_499' title='bbox 2232 2726 2396 2787; x_wconf 86' lang='lat' dir='ltr'><strong>caput</strong></span> <span class='ocrx_word' id='word_1_500' title='bbox 2420 2717 2540 2786; x_wconf 88' lang='lat' dir='ltr'><strong>ejus</strong></span> <span class='ocrx_word' id='word_1_501' title='bbox 2573 2713 2857 2788; x_wconf 65' lang='lat' dir='ltr'><strong>coro&#39;nam,</strong></span> <span class='ocrx_word' id='word_1_502' title='bbox 2899 2725 3050 2788; x_wconf 11' lang='lat' dir='ltr'><strong>igetc.</strong></span> <span class='ocrx_word' id='word_1_503' title='bbox 3074 2713 3233 2788; x_wconf 83' lang='lat' dir='ltr'><strong>Unde</strong></span> <span class='ocrx_word' id='word_1_504' title='bbox 3261 2713 3480 2788; x_wconf 77' lang='lat' dir='ltr'><strong>constat</strong></span> 
     </span>
    </p>
   </div>
   <div class='ocr_carea' id='block_1_67' title="bbox 1902 2785 3478 2858">
    <p class='ocr_par' dir='ltr' id='par_1_67' title="bbox 1902 2785 3478 2858">
     <span class='ocr_line' id='line_1_69' title="bbox 1902 2785 3478 2858; baseline -0.003 -15"><span class='ocrx_word' id='word_1_505' title='bbox 1902 2803 2048 2854; x_wconf 86' lang='lat' dir='ltr'><strong>eam,</strong></span> <span class='ocrx_word' id='word_1_506' title='bbox 2086 2785 2210 2858; x_wconf 60' lang='lat' dir='ltr'><strong>quae</strong></span> <span class='ocrx_word' id='word_1_507' title='bbox 2247 2785 2483 2858; x_wconf 74' lang='lat' dir='ltr'><strong>principi</strong></span> <span class='ocrx_word' id='word_1_508' title='bbox 2507 2787 2882 2858; x_wconf 83' lang='lat' dir='ltr'><strong>apostolorum</strong></span> <span class='ocrx_word' id='word_1_509' title='bbox 2917 2786 3212 2858; x_wconf 85' lang='lat' dir='ltr'><strong>derisionis</strong></span> <span class='ocrx_word' id='word_1_510' title='bbox 3235 2797 3291 2840; x_wconf 90' lang='lat' dir='ltr'><strong>et</strong></span> <span class='ocrx_word' id='word_1_511' title='bbox 3286 2785 3478 2858; x_wconf 75' lang='lat' dir='ltr'><strong>_igno-</strong></span> 
     </span>
    </p>
   </div>
   <div class='ocr_carea' id='block_1_68' title="bbox 1904 2854 3474 2921">
    <p class='ocr_par' dir='ltr' id='par_1_68' title="bbox 1904 2854 3474 2921">
     <span class='ocr_line' id='line_1_70' title="bbox 1904 2854 3474 2921; baseline -0.002 -10"><span class='ocrx_word' id='word_1_512' title='bbox 1904 2854 2289 2913; x_wconf 45' lang='lat' dir='ltr'><strong>minim—causa</strong></span> <span class='ocrx_word' id='word_1_513' title='bbox 2325 2854 2476 2912; x_wconf 79' lang='lat' dir='ltr'><strong>illata</strong></span> <span class='ocrx_word' id='word_1_514' title='bbox 2505 2854 2591 2912; x_wconf 72' lang='lat' dir='ltr'><strong>est</strong></span> <span class='ocrx_word' id='word_1_515' title='bbox 2629 2869 2759 2911; x_wconf 89' lang='lat' dir='ltr'><strong>nota</strong></span> <span class='ocrx_word' id='word_1_516' title='bbox 2785 2855 3056 2921; x_wconf 73' lang='lat' dir='ltr'><strong>infamiae,</strong></span> <span class='ocrx_word' id='word_1_517' title='bbox 3088 2857 3258 2911; x_wconf 91' lang='lat' dir='ltr'><strong>totius</strong></span> <span class='ocrx_word' id='word_1_518' title='bbox 3285 2854 3474 2911; x_wconf 80' lang='lat' dir='ltr'><strong>Eccle-</strong></span> 
     </span>
    </p>
   </div>
   <div class='ocr_carea' id='block_1_69' title="bbox 1903 2924 3478 2994">
    <p class='ocr_par' dir='ltr' id='par_1_69' title="bbox 1903 2924 3478 2994">
     <span class='ocr_line' id='line_1_71' title="bbox 1903 2924 3478 2994; baseline -0.001 -12"><span class='ocrx_word' id='word_1_519' title='bbox 1903 2929 2001 2983; x_wconf 65' lang='lat' dir='ltr'><strong>sise</strong></span> <span class='ocrx_word' id='word_1_520' title='bbox 2035 2929 2228 2984; x_wconf 83' lang='lat' dir='ltr'><strong>honori</strong></span> <span class='ocrx_word' id='word_1_521' title='bbox 2256 2929 2509 2984; x_wconf 83' lang='lat' dir='ltr'><strong>cessisse.</strong></span> <span class='ocrx_word' id='word_1_522' title='bbox 2546 2926 2676 2982; x_wconf 85' lang='lat' dir='ltr'><strong>Vide</strong></span> <span class='ocrx_word' id='word_1_523' title='bbox 2696 2926 2923 2993; x_wconf 85' lang='lat' dir='ltr'><strong>Baron.,</strong></span> <span class='ocrx_word' id='word_1_524' title='bbox 2952 2924 3433 2994; x_wconf 83' lang='lat' dir='ltr'><strong>Bellarm.,Valent</strong></span> <span class='ocrx_word' id='word_1_525' title='bbox 3456 2963 3478 2993; x_wconf 93' lang='lat'><strong>,</strong></span> 
     </span>
    </p>
   </div>
   <div class='ocr_carea' id='block_1_70' title="bbox 1904 2995 2618 3069">
    <p class='ocr_par' dir='ltr' id='par_1_70' title="bbox 1904 2995 2618 3069">
     <span class='ocr_line' id='line_1_72' title="bbox 1904 2995 2618 3069; baseline -0.004 -17"><span class='ocrx_word' id='word_1_526' title='bbox 1904 3008 2034 3065; x_wconf 88' lang='lat' dir='ltr'><strong>ctc.,</strong></span> <span class='ocrx_word' id='word_1_527' title='bbox 2069 2999 2317 3069; x_wconf 87' lang='lat' dir='ltr'><strong>allegatis</strong></span> <span class='ocrx_word' id='word_1_528' title='bbox 2353 2998 2508 3054; x_wconf 89' lang='lat' dir='ltr'><strong>locis.</strong></span> <span class='ocrx_word' id='word_1_529' title='bbox 2541 2995 2618 3050; x_wconf 85' lang='lat' dir='ltr'><strong>In.</strong></span> 
     </span>
    </p>
   </div>
   <div class='ocr_carea' id='block_1_71' title="bbox 213 3184 3481 3229">
    <p class='ocr_par' dir='ltr' id='par_1_71' title="bbox 213 3184 3481 3229">
     <span class='ocr_line' id='line_1_73' title="bbox 213 3184 3481 3229; baseline -0.001 -1"><span class='ocrx_word' id='word_1_530' title='bbox 213 3184 3481 3229; x_wconf 58' lang='grc' dir='ltr'>Μ</span> 
     </span>
    </p>
   </div>
   <div class='ocr_carea' id='block_1_72' title="bbox 212 3217 496 3228">
    <p class='ocr_par' dir='ltr' id='par_1_72' title="bbox 212 3217 496 3228">
     <span class='ocr_line' id='line_1_74' title="bbox 212 3217 496 3228; baseline 0 0"><span class='ocrx_word' id='word_1_531' title='bbox 212 3217 496 3228; x_wconf 73' lang='lat'><strong>———-——-———</strong></span> 
     </span>
    </p>
   </div>
   <div class='ocr_carea' id='block_1_73' title="bbox 1232 3352 2450 3514">
    <p class='ocr_par' dir='ltr' id='par_1_73' title="bbox 1232 3352 2450 3514">
     <span class='ocr_line' id='line_1_75' title="bbox 1232 3352 2450 3514; baseline -0.007 1"><span class='ocrx_word' id='word_1_532' title='bbox 1232 3355 1854 3514; x_wconf 81' lang='lat' dir='ltr'><strong>SOTER</strong></span> <span class='ocrx_word' id='word_1_533' title='bbox 1959 3352 2450 3510; x_wconf 87' lang='lat' dir='ltr'><strong>PAPA</strong></span> 
     </span>
    </p>
   </div>
   <div class='ocr_carea' id='block_1_74' title="bbox 1583 3711 2100 3805">
    <p class='ocr_par' dir='ltr' id='par_1_74' title="bbox 1583 3711 2100 3805">
     <span class='ocr_line' id='line_1_76' title="bbox 1583 3711 2100 3805; baseline -0.002 -2"><span class='ocrx_word' id='word_1_534' title='bbox 1583 3711 2100 3805; x_wconf 84' lang='lat' dir='ltr'><strong>NOTITIA</strong></span> 
     </span>
    </p>
   </div>
   <div class='ocr_carea' id='block_1_75' title="bbox 301 3898 3407 3975">
    <p class='ocr_par' dir='ltr' id='par_1_75' title="bbox 301 3898 3407 3975">
     <span class='ocr_line' id='line_1_77' title="bbox 301 3898 3407 3975; baseline -0.005 -12"><span class='ocrx_word' id='word_1_535' title='bbox 301 3910 399 3975; x_wconf 75' lang='lat' dir='ltr'><strong>(Ex</strong></span> <span class='ocrx_word' id='word_1_536' title='bbox 421 3910 570 3962; x_wconf 84' lang='lat' dir='ltr'><strong>Libro</strong></span> <span class='ocrx_word' id='word_1_537' title='bbox 592 3907 863 3973; x_wconf 78' lang='lat' dir='ltr'><strong>pontiﬁcali</strong></span> <span class='ocrx_word' id='word_1_538' title='bbox 884 3908 1078 3959; x_wconf 89' lang='lat' dir='ltr'><strong>Damasi</strong></span> <span class='ocrx_word' id='word_1_539' title='bbox 1103 3917 1259 3971; x_wconf 67' lang='lat' dir='ltr'><strong>papa,</strong></span> <span class='ocrx_word' id='word_1_540' title='bbox 1285 3919 1364 3969; x_wconf 81' lang='lat' dir='ltr'><strong>ap.</strong></span> <span class='ocrx_word' id='word_1_541' title='bbox 1394 3905 1568 3968; x_wconf 65' lang='lat' dir='ltr'><strong>nam,</strong></span> <span class='ocrx_word' id='word_1_542' title='bbox 1592 3903 1800 3962; x_wconf 76' lang='lat' dir='ltr'><strong>Concil.,</strong></span> <span class='ocrx_word' id='word_1_543' title='bbox 1831 3905 1870 3965; x_wconf 81' lang='grc' dir='ltr'><strong>Ι,</strong></span> <span class='ocrx_word' id='word_1_544' title='bbox 1893 3902 2006 3954; x_wconf 77' lang='lat'><strong>687.</strong></span> <span class='ocrx_word' id='word_1_545' title='bbox 2032 3929 2091 3940; x_wconf 92' lang='lat'>—</span> <span class='ocrx_word' id='word_1_546' title='bbox 2111 3902 2237 3954; x_wconf 82' lang='lat' dir='ltr'><strong>Vide</strong></span> <span class='ocrx_word' id='word_1_547' title='bbox 2265 3899 2565 3967; x_wconf 71' lang='lat' dir='ltr'><strong>Patrologiw</strong></span> <span class='ocrx_word' id='word_1_548' title='bbox 2587 3899 2768 3951; x_wconf 71' lang='lat' dir='ltr'><strong>Latmia</strong></span> <span class='ocrx_word' id='word_1_549' title='bbox 2791 3906 2826 3951; x_wconf 88' lang='lat' dir='ltr'><strong>t.</strong></span> <span class='ocrx_word' id='word_1_550' title='bbox 2849 3898 3078 3960; x_wconf 79' lang='lat' dir='ltr'><strong>CXXVI],</strong></span> <span class='ocrx_word' id='word_1_551' title='bbox 3106 3900 3200 3949; x_wconf 86' lang='lat' dir='ltr'><strong>col.</strong></span> <span class='ocrx_word' id='word_1_552' title='bbox 3242 3899 3407 3960; x_wconf 63' lang='lat' dir='ltr'><strong>luo.)</strong></span> 
     </span>
    </p>
   </div>
   <div class='ocr_carea' id='block_1_76' title="bbox 289 4047 3468 4128">
    <p class='ocr_par' dir='ltr' id='par_1_76' title="bbox 289 4047 3468 4128">
     <span class='ocr_line' id='line_1_78' title="bbox 289 4047 3468 4128; baseline -0.004 -12"><span class='ocrx_word' id='word_1_553' title='bbox 289 4060 454 4116; x_wconf 77' lang='lat' dir='ltr'><strong>Soter</strong></span> <span class='ocrx_word' id='word_1_554' title='bbox 513 4060 736 4114; x_wconf 89' lang='lat' dir='ltr'><strong>natione</strong></span> <span class='ocrx_word' id='word_1_555' title='bbox 778 4056 1116 4128; x_wconf 87' lang='lat' dir='ltr'><strong>Campanus,</strong></span> <span class='ocrx_word' id='word_1_556' title='bbox 1175 4073 1242 4113; x_wconf 88' lang='lat' dir='ltr'><strong>ex</strong></span> <span class='ocrx_word' id='word_1_557' title='bbox 1273 4066 1430 4128; x_wconf 89' lang='lat' dir='ltr'><strong>patre</strong></span> <span class='ocrx_word' id='word_1_558' title='bbox 1458 4055 1771 4128; x_wconf 88' lang='lat' dir='ltr'><strong>Concordio</strong></span> <span class='ocrx_word' id='word_1_559' title='bbox 1792 4097 1808 4122; x_wconf 91' lang='lat'><strong>,</strong></span> <span class='ocrx_word' id='word_1_560' title='bbox 1842 4055 1911 4128; x_wconf 73' lang='lat' dir='ltr'><strong>de</strong></span> <span class='ocrx_word' id='word_1_561' title='bbox 1937 4053 2158 4128; x_wconf 76' lang='lat' dir='ltr'><strong>civitate</strong></span> <span class='ocrx_word' id='word_1_562' title='bbox 2188 4052 2418 4128; x_wconf 66' lang='lat' dir='ltr'><strong>Fundis,</strong></span> <span class='ocrx_word' id='word_1_563' title='bbox 2452 4051 2596 4109; x_wconf 90' lang='lat' dir='ltr'><strong>sedit</strong></span> <span class='ocrx_word' id='word_1_564' title='bbox 2622 4049 2879 4128; x_wconf 38' lang='lat' dir='ltr'><strong>annosi),</strong></span> <span class='ocrx_word' id='word_1_565' title='bbox 2900 4063 3118 4128; x_wconf 81' lang='lat' dir='ltr'><strong>menses</strong></span> <span class='ocrx_word' id='word_1_566' title='bbox 3139 4047 3193 4115; x_wconf 88' lang='lat'><strong>7,</strong></span> <span class='ocrx_word' id='word_1_567' title='bbox 3225 4047 3342 4128; x_wconf 68' lang='lat' dir='ltr'><strong>dies</strong></span> <span class='ocrx_word' id='word_1_568' title='bbox 3375 4047 3468 4104; x_wconf 66' lang='lat'><strong>32.</strong></span> 
     </span>
    </p>
   </div>
   <div class='ocr_carea' id='block_1_77' title="bbox 212 4127 1195 4198">
    <p class='ocr_par' dir='ltr' id='par_1_77' title="bbox 212 4127 1195 4198">
     <span class='ocr_line' id='line_1_79' title="bbox 212 4127 1195 4198; baseline -0.005 -11"><span class='ocrx_word' id='word_1_569' title='bbox 212 4132 345 4187; x_wconf 78' lang='lat' dir='ltr'><strong>Fuit</strong></span> <span class='ocrx_word' id='word_1_570' title='bbox 376 4141 558 4186; x_wconf 89' lang='lat' dir='ltr'><strong>autem</strong></span> <span class='ocrx_word' id='word_1_571' title='bbox 593 4130 935 4198; x_wconf 87' lang='lat' dir='ltr'><strong>temporibus</strong></span> <span class='ocrx_word' id='word_1_572' title='bbox 961 4127 1088 4183; x_wconf 81' lang='lat' dir='ltr'><strong>Veri</strong></span> <span class='ocrx_word' id='word_1_573' title='bbox 1139 4137 1195 4182; x_wconf 88' lang='lat' dir='ltr'><strong>et</strong></span> 
     </span>
    </p>
   </div>
   <div class='ocr_carea' id='block_1_78' title="bbox 1293 4118 3468 4193">
    <p class='ocr_par' dir='ltr' id='par_1_78' title="bbox 1293 4118 3468 4193">
     <span class='ocr_line' id='line_1_80' title="bbox 1293 4118 3468 4193; baseline -0.005 -12"><span class='ocrx_word' id='word_1_574' title='bbox 1293 4129 1429 4192; x_wconf 90' lang='lat' dir='ltr'><strong>arci,</strong></span> <span class='ocrx_word' id='word_1_575' title='bbox 1467 4143 1496 4180; x_wconf 91' lang='lat' dir='ltr'><strong>a</strong></span> <span class='ocrx_word' id='word_1_576' title='bbox 1519 4118 1812 4182; x_wconf 85' lang='lat' dir='ltr'><strong>consulatu</strong></span> <span class='ocrx_word' id='word_1_577' title='bbox 1847 4124 2060 4180; x_wconf 82' lang='lat' dir='ltr'><strong>Rustici</strong></span> <span class='ocrx_word' id='word_1_578' title='bbox 2094 4133 2150 4180; x_wconf 88' lang='lat' dir='ltr'><strong>et</strong></span> <span class='ocrx_word' id='word_1_579' title='bbox 2177 4123 2426 4193; x_wconf 82' lang='lat' dir='ltr'><strong>Aquilini</strong></span> <span class='ocrx_word' id='word_1_580' title='bbox 2447 4163 2463 4189; x_wconf 96' lang='lat'><strong>,</strong></span> <span class='ocrx_word' id='word_1_581' title='bbox 2492 4136 2669 4191; x_wconf 91' lang='lat' dir='ltr'><strong>usque</strong></span> <span class='ocrx_word' id='word_1_582' title='bbox 2706 4121 2774 4176; x_wconf 92' lang='lat' dir='ltr'><strong>ad</strong></span> <span class='ocrx_word' id='word_1_583' title='bbox 2799 4120 3104 4193; x_wconf 78' lang='lat' dir='ltr'><strong>Cethegum</strong></span> <span class='ocrx_word' id='word_1_584' title='bbox 3131 4128 3188 4173; x_wconf 90' lang='lat' dir='ltr'><strong>et</strong></span> <span class='ocrx_word' id='word_1_585' title='bbox 3221 4118 3468 4193; x_wconf 81' lang='lat' dir='ltr'><strong>Clarum.</strong></span> 
     </span>
    </p>
   </div>
   <div class='ocr_carea' id='block_1_79' title="bbox 215 4189 3466 4317">
    <p class='ocr_par' dir='ltr' id='par_1_79' title="bbox 215 4189 3466 4317">
     <span class='ocr_line' id='line_1_81' title="bbox 215 4189 3466 4317; baseline -0.005 -61"><span class='ocrx_word' id='word_1_586' title='bbox 215 4201 319 4256; x_wconf 82' lang='lat' dir='ltr'><strong>Hic</strong></span> <span class='ocrx_word' id='word_1_587' title='bbox 354 4201 660 4266; x_wconf 89' lang='lat' dir='ltr'><strong>constituit,</strong></span> <span class='ocrx_word' id='word_1_588' title='bbox 684 4189 912 4255; x_wconf 79' lang='lat' dir='ltr'><strong>utnulla</strong></span> <span class='ocrx_word' id='word_1_589' title='bbox 949 4201 1222 4254; x_wconf 89' lang='lat' dir='ltr'><strong>monacha</strong></span> <span class='ocrx_word' id='word_1_590' title='bbox 1256 4189 1457 4268; x_wconf 85' lang='lat' dir='ltr'><strong>pallam</strong></span> <span class='ocrx_word' id='word_1_591' title='bbox 1487 4206 1761 4252; x_wconf 88' lang='lat' dir='ltr'><strong>sacratam</strong></span> <span class='ocrx_word' id='word_1_592' title='bbox 1795 4196 2159 4317; x_wconf 50' lang='lat' dir='ltr'><strong>contingeret,</strong></span> <span class='ocrx_word' id='word_1_593' title='bbox 2199 4189 2302 4248; x_wconf 77' lang='lat' dir='ltr'><strong>nec</strong></span> <span class='ocrx_word' id='word_1_594' title='bbox 2337 4189 2625 4249; x_wconf 82' lang='lat' dir='ltr'><strong>incensum</strong></span> <span class='ocrx_word' id='word_1_595' title='bbox 2645 4191 2956 4271; x_wconf 40' lang='lat' dir='ltr'><strong>poneret‘in</strong></span> <span class='ocrx_word' id='word_1_596' title='bbox 2988 4189 3179 4246; x_wconf 85' lang='lat' dir='ltr'><strong>sancta</strong></span> <span class='ocrx_word' id='word_1_597' title='bbox 3213 4189 3466 4269; x_wconf 78' lang='lat' dir='ltr'><strong>ecclesia,</strong></span> 
     </span>
     <span class='ocr_line' id='line_1_82' title="bbox 216 4258 3466 4317; baseline -0.002 0"><span class='ocrx_word' id='word_1_598' title='bbox 216 4273 322 4317; x_wconf 71' lang='lat' dir='ltr'><strong>Hic</strong></span> <span class='ocrx_word' id='word_1_599' title='bbox 356 4271 485 4317; x_wconf 69' lang='lat' dir='ltr'><strong>fecit</strong></span> <span class='ocrx_word' id='word_1_600' title='bbox 517 4271 890 4317; x_wconf 75' lang='lat' dir='ltr'><strong>ordinationes</strong></span> <span class='ocrx_word' id='word_1_601' title='bbox 924 4270 979 4317; x_wconf 75' lang='lat'><strong>3-</strong></span> <span class='ocrx_word' id='word_1_602' title='bbox 1017 4285 1115 4317; x_wconf 81' lang='lat' dir='ltr'><strong>ner</strong></span> <span class='ocrx_word' id='word_1_603' title='bbox 1155 4285 1398 4317; x_wconf 75' lang='lat' dir='ltr'><strong>mensem</strong></span> <span class='ocrx_word' id='word_1_604' title='bbox 1435 4268 1789 4317; x_wconf 83' lang='lat' dir='ltr'><strong>Decembrem</strong></span> <span class='ocrx_word' id='word_1_605' title='bbox 1816 4306 1832 4317; x_wconf 92' lang='lat'><strong>.</strong></span> <span class='ocrx_word' id='word_1_606' title='bbox 1868 4280 1993 4317; x_wconf 87' lang='lat' dir='ltr'><strong>nres</strong></span> <span class='ocrx_word' id='word_1_607' title='bbox 2034 4275 2220 4317; x_wconf 90' lang='lat' dir='ltr'><strong>vteros</strong></span> <span class='ocrx_word' id='word_1_608' title='bbox 2255 4262 2322 4317; x_wconf 79' lang='grc'><strong>18</strong></span> <span class='ocrx_word' id='word_1_609' title='bbox 2343 4304 2358 4317; x_wconf 90' lang='grc'><strong>.</strong></span> <span class='ocrx_word' id='word_1_610' title='bbox 2393 4263 2661 4317; x_wconf 85' lang='lat' dir='ltr'><strong>diaconos</strong></span> <span class='ocrx_word' id='word_1_611' title='bbox 2693 4260 2728 4316; x_wconf 85' lang='lat'>9</span> <span class='ocrx_word' id='word_1_612' title='bbox 2751 4302 2767 4317; x_wconf 93' lang='lat'><strong>.</strong></span> <span class='ocrx_word' id='word_1_613' title='bbox 2803 4274 3090 4317; x_wconf 79' lang='lat' dir='ltr'><strong>entsconos</strong></span> <span class='ocrx_word' id='word_1_614' title='bbox 3125 4274 3222 4317; x_wconf 91' lang='lat' dir='ltr'><strong>ner</strong></span> <span class='ocrx_word' id='word_1_615' title='bbox 3253 4258 3466 4313; x_wconf 84' lang='lat' dir='ltr'><strong>diversa</strong></span> 
     </span>
    </p>
   </div>
   <div class='ocr_carea' id='block_1_80' title="bbox 215 4268 1832 4339">
    <p class='ocr_par' dir='ltr' id='par_1_80' title="bbox 215 4268 1832 4339">
     <span class='ocr_line' id='line_1_83' title="bbox 215 4268 1832 4339; baseline -0.004 -13"><span class='ocrx_word' id='word_1_616' title='bbox 215 4273 322 4326; x_wconf 74' lang='lat' dir='ltr'><strong>Hic</strong></span> <span class='ocrx_word' id='word_1_617' title='bbox 356 4271 485 4326; x_wconf 89' lang='lat' dir='ltr'><strong>fecit</strong></span> <span class='ocrx_word' id='word_1_618' title='bbox 517 4271 890 4326; x_wconf 89' lang='lat' dir='ltr'><strong>ordinationes</strong></span> <span class='ocrx_word' id='word_1_619' title='bbox 924 4270 980 4334; x_wconf 78' lang='lat'><strong>3,</strong></span> <span class='ocrx_word' id='word_1_620' title='bbox 1017 4285 1115 4339; x_wconf 92' lang='lat' dir='ltr'><strong>per</strong></span> <span class='ocrx_word' id='word_1_621' title='bbox 1155 4285 1398 4324; x_wconf 90' lang='lat' dir='ltr'><strong>mensem</strong></span> <span class='ocrx_word' id='word_1_622' title='bbox 1435 4268 1789 4339; x_wconf 79' lang='lat' dir='ltr'><strong>Decembrem</strong></span> <span class='ocrx_word' id='word_1_623' title='bbox 1816 4306 1832 4329; x_wconf 92' lang='lat'><strong>,</strong></span> 
     </span>
    </p>
   </div>
   <div class='ocr_carea' id='block_1_81' title="bbox 142 4337 1829 4412">
    <p class='ocr_par' dir='ltr' id='par_1_81' title="bbox 142 4337 1829 4412">
     <span class='ocr_line' id='line_1_84' title="bbox 142 4337 1829 4412; baseline -0.003 -16"><span class='ocrx_word' id='word_1_624' title='bbox 142 4353 156 4367; x_wconf 85' lang='lat'><strong>&#39;</strong></span> <span class='ocrx_word' id='word_1_625' title='bbox 214 4344 337 4397; x_wconf 86' lang='lat' dir='ltr'><strong>loca</strong></span> <span class='ocrx_word' id='word_1_626' title='bbox 374 4341 462 4412; x_wconf 86' lang='lat' dir='ltr'><strong>ll.</strong></span> <span class='ocrx_word' id='word_1_627' title='bbox 496 4340 601 4408; x_wconf 84' lang='lat' dir='ltr'><strong>Qui</strong></span> <span class='ocrx_word' id='word_1_628' title='bbox 635 4341 882 4412; x_wconf 85' lang='lat' dir='ltr'><strong>sepultus</strong></span> <span class='ocrx_word' id='word_1_629' title='bbox 904 4349 990 4396; x_wconf 89' lang='lat' dir='ltr'><strong>cst</strong></span> <span class='ocrx_word' id='word_1_630' title='bbox 1020 4337 1088 4395; x_wconf 73' lang='lat' dir='ltr'><strong>in</strong></span> <span class='ocrx_word' id='word_1_631' title='bbox 1124 4340 1441 4397; x_wconf 67' lang='lat' dir='ltr'><strong>cmiueterio</strong></span> <span class='ocrx_word' id='word_1_632' title='bbox 1466 4337 1713 4405; x_wconf 88' lang='lat' dir='ltr'><strong>Callisti,</strong></span> <span class='ocrx_word' id='word_1_633' title='bbox 1741 4339 1829 4391; x_wconf 89' lang='lat' dir='ltr'><strong>via</strong></span> 
     </span>
    </p>
   </div>
   <div class='ocr_carea' id='block_1_82' title="bbox 213 4411 455 4468">
    <p class='ocr_par' dir='ltr' id='par_1_82' title="bbox 213 4411 455 4468">
     <span class='ocr_line' id='line_1_85' title="bbox 213 4411 455 4468; baseline -0.012 0"><span class='ocrx_word' id='word_1_634' title='bbox 213 4415 336 4468; x_wconf 86' lang='lat' dir='ltr'><strong>dies</strong></span> <span class='ocrx_word' id='word_1_635' title='bbox 367 4411 455 4465; x_wconf 86' lang='lat' dir='ltr'><strong>ll.</strong></span> 
     </span>
    </p>
   </div>
   <div class='ocr_carea' id='block_1_83' title="bbox 240 4558 2062 4590">
    <p class='ocr_par' dir='ltr' id='par_1_83' title="bbox 240 4558 2062 4590">
     <span class='ocr_line' id='line_1_86' title="bbox 240 4558 2062 4590; baseline -0.001 -11"><span class='ocrx_word' id='word_1_636' title='bbox 240 4558 2062 4590; x_wconf 39' lang='grc' dir='ltr'><strong>*ψη-ΜΨ</strong></span> 
     </span>
    </p>
   </div>
   <div class='ocr_carea' id='block_1_84' title="bbox 1906 4258 3468 4336">
    <p class='ocr_par' dir='ltr' id='par_1_84' title="bbox 1906 4258 3468 4336">
     <span class='ocr_line' id='line_1_87' title="bbox 1906 4258 3468 4336; baseline -0.004 -18"><span class='ocrx_word' id='word_1_637' title='bbox 1906 4258 2322 4336; x_wconf 79' lang='lat' dir='ltr'><strong>resbyteros__l8_</strong></span> <span class='ocrx_word' id='word_1_638' title='bbox 2343 4304 2358 4328; x_wconf 94' lang='lat'><strong>,</strong></span> <span class='ocrx_word' id='word_1_639' title='bbox 2393 4258 2663 4336; x_wconf 73' lang='lat' dir='ltr'><strong>diaconos</strong></span> <span class='ocrx_word' id='word_1_640' title='bbox 2693 4260 2728 4316; x_wconf 87' lang='lat'>9</span> <span class='ocrx_word' id='word_1_641' title='bbox 2751 4261 3090 4336; x_wconf 85' lang='lat' dir='ltr'><strong>,_episc0pos</strong></span> <span class='ocrx_word' id='word_1_642' title='bbox 3125 4274 3222 4336; x_wconf 73' lang='lat' dir='ltr'><strong>per</strong></span> <span class='ocrx_word' id='word_1_643' title='bbox 3253 4258 3468 4313; x_wconf 89' lang='lat' dir='ltr'><strong>diversa</strong></span> 
     </span>
    </p>
   </div>
   <div class='ocr_carea' id='block_1_85' title="bbox 1911 4329 3472 4406">
    <p class='ocr_par' dir='ltr' id='par_1_85' title="bbox 1911 4329 3472 4406">
     <span class='ocr_line' id='line_1_88' title="bbox 1911 4329 3472 4406; baseline -0.004 -18"><span class='ocrx_word' id='word_1_644' title='bbox 1911 4329 2072 4406; x_wconf 60' lang='lat' dir='ltr'><strong>ppia&#39;,</strong></span> <span class='ocrx_word' id='word_1_645' title='bbox 2111 4351 2146 4388; x_wconf 87' lang='lat' dir='ltr'><strong>x</strong></span> <span class='ocrx_word' id='word_1_646' title='bbox 2219 4332 2493 4389; x_wconf 83' lang='lat' dir='ltr'><strong>Kalendas</strong></span> <span class='ocrx_word' id='word_1_647' title='bbox 2526 4331 2723 4387; x_wconf 78' lang='lat' dir='ltr'><strong>Maias.</strong></span> <span class='ocrx_word' id='word_1_648' title='bbox 2761 4329 2829 4385; x_wconf 85' lang='lat' dir='ltr'><strong>Et</strong></span> <span class='ocrx_word' id='word_1_649' title='bbox 2846 4329 3090 4388; x_wconf 75' lang='lat' dir='ltr'><strong>Cessavit</strong></span> <span class='ocrx_word' id='word_1_650' title='bbox 3123 4329 3472 4401; x_wconf 86' lang='lat' dir='ltr'><strong>episcopatus</strong></span> 
     </span>
    </p>
   </div>
   <div class='ocr_carea' id='block_1_86' title="bbox 1243 4709 2447 4847">
    <p class='ocr_par' dir='ltr' id='par_1_86' title="bbox 1243 4709 2447 4847">
     <span class='ocr_line' id='line_1_89' title="bbox 1243 4709 2447 4847; baseline -0.012 0"><span class='ocrx_word' id='word_1_651' title='bbox 1243 4712 1908 4847; x_wconf 81' lang='lat' dir='ltr'><strong>SOTERIS</strong></span> <span class='ocrx_word' id='word_1_652' title='bbox 2000 4709 2447 4837; x_wconf 68' lang='grc' dir='ltr'><strong>ΡΑΡλίΕ</strong></span> 
     </span>
    </p>
   </div>
   <div class='ocr_carea' id='block_1_87' title="bbox 1478 4972 2268 5094">
    <p class='ocr_par' dir='ltr' id='par_1_87' title="bbox 1478 4972 2268 5094">
     <span class='ocr_line' id='line_1_90' title="bbox 1478 4972 2268 5094; baseline -0.018 1"><span class='ocrx_word' id='word_1_653' title='bbox 1478 4972 2268 5094; x_wconf 63' lang='lat' dir='ltr'><strong>EPISTOLfE.</strong></span> 
     </span>
    </p>
   </div>
   <div class='ocr_carea' id='block_1_88' title="bbox 713 5231 1308 5290">
    <p class='ocr_par' dir='ltr' id='par_1_88' title="bbox 713 5231 1308 5290">
     <span class='ocr_line' id='line_1_91' title="bbox 713 5231 1308 5290; baseline -0.008 0"><span class='ocrx_word' id='word_1_654' title='bbox 713 5233 1050 5290; x_wconf 78' lang='lat' dir='ltr'><strong>EPISTOLA</strong></span> <span class='ocrx_word' id='word_1_655' title='bbox 1071 5231 1308 5287; x_wconf 78' lang='lat' dir='ltr'><strong>PRIMA.</strong></span> 
     </span>
    </p>
   </div>
   <div class='ocr_carea' id='block_1_89' title="bbox 643 5359 1365 5404">
    <p class='ocr_par' dir='ltr' id='par_1_89' title="bbox 643 5359 1365 5404">
     <span class='ocr_line' id='line_1_92' title="bbox 643 5359 1365 5404; baseline -0.01 1"><span class='ocrx_word' id='word_1_656' title='bbox 643 5362 710 5404; x_wconf 73' lang='lat' dir='ltr'><strong>AD</strong></span> <span class='ocrx_word' id='word_1_657' title='bbox 742 5361 1020 5404; x_wconf 68' lang='lat' dir='ltr'><strong>CAIPAIIIE</strong></span> <span class='ocrx_word' id='word_1_658' title='bbox 1067 5359 1365 5400; x_wconf 78' lang='lat' dir='ltr'><strong>EPISCOPOS.</strong></span> 
     </span>
    </p>
   </div>
   <div class='ocr_carea' id='block_1_90' title="bbox 469 5473 1514 5554">
    <p class='ocr_par' dir='ltr' id='par_1_90' title="bbox 469 5473 1514 5554">
     <span class='ocr_line' id='line_1_93' title="bbox 469 5473 1514 5554; baseline -0.008 -17"><span class='ocrx_word' id='word_1_659' title='bbox 469 5483 545 5537; x_wconf 85' lang='lat' dir='ltr'><strong>De</strong></span> <span class='ocrx_word' id='word_1_660' title='bbox 567 5483 670 5554; x_wconf 80' lang='lat' dir='ltr'><strong>ﬁde</strong></span> <span class='ocrx_word' id='word_1_661' title='bbox 689 5491 738 5537; x_wconf 82' lang='lat' dir='ltr'><strong>et</strong></span> <span class='ocrx_word' id='word_1_662' title='bbox 771 5479 1139 5536; x_wconf 83' lang='lat' dir='ltr'><strong>incarnatione</strong></span> <span class='ocrx_word' id='word_1_663' title='bbox 1168 5476 1231 5532; x_wconf 85' lang='grc' dir='ltr'><strong>ο.</strong></span> <span class='ocrx_word' id='word_1_664' title='bbox 1261 5475 1316 5530; x_wconf 85' lang='grc' dir='ltr'><strong><em>Ν</em></strong></span> <span class='ocrx_word' id='word_1_665' title='bbox 1323 5518 1336 5531; x_wconf 94' lang='grc'><strong>.</strong></span> <span class='ocrx_word' id='word_1_666' title='bbox 1364 5475 1424 5532; x_wconf 79' lang='grc'><strong>1.</strong></span> <span class='ocrx_word' id='word_1_667' title='bbox 1451 5473 1514 5530; x_wconf 87' lang='lat' dir='ltr'><strong>C.</strong></span> 
     </span>
    </p>
   </div>
   <div class='ocr_carea' id='block_1_91' title="bbox 291 5585 1793 5665">
    <p class='ocr_par' dir='ltr' id='par_1_91' title="bbox 291 5585 1793 5665">
     <span class='ocr_line' id='line_1_94' title="bbox 291 5585 1793 5665; baseline -0.009 -12"><span class='ocrx_word' id='word_1_668' title='bbox 291 5597 459 5654; x_wconf 77' lang='lat' dir='ltr'><strong>Boter</strong></span> <span class='ocrx_word' id='word_1_669' title='bbox 489 5598 534 5630; x_wconf 79' lang='grc'><strong>⁸·</strong></span> <span class='ocrx_word' id='word_1_670' title='bbox 569 5594 880 5665; x_wconf 67' lang='lat' dir='ltr'><strong>apostolicae</strong></span> <span class='ocrx_word' id='word_1_671' title='bbox 923 5591 1070 5648; x_wconf 89' lang='lat' dir='ltr'><strong>sedis</strong></span> <span class='ocrx_word' id='word_1_672' title='bbox 1115 5589 1598 5659; x_wconf 87' lang='lat' dir='ltr'><strong>archiepiscopus,</strong></span> <span class='ocrx_word' id='word_1_673' title='bbox 1625 5585 1793 5641; x_wconf 78' lang='lat' dir='ltr'><strong>Cam-</strong></span> 
     </span>
    </p>
   </div>
   <div class='ocr_carea' id='block_1_92' title="bbox 221 5679 1299 5764">
    <p class='ocr_par' dir='ltr' id='par_1_92' title="bbox 221 5679 1299 5764">
     <span class='ocr_line' id='line_1_95' title="bbox 221 5679 1299 5764; baseline -0.01 -18"><span class='ocrx_word' id='word_1_674' title='bbox 221 5691 384 5764; x_wconf 76' lang='lat' dir='ltr'><strong>panis</strong></span> <span class='ocrx_word' id='word_1_675' title='bbox 409 5687 688 5754; x_wconf 89' lang='lat' dir='ltr'><strong>omnibus,</strong></span> <span class='ocrx_word' id='word_1_676' title='bbox 717 5685 947 5740; x_wconf 88' lang='lat' dir='ltr'><strong>salutem</strong></span> <span class='ocrx_word' id='word_1_677' title='bbox 965 5683 1022 5737; x_wconf 90' lang='lat' dir='ltr'><strong>in</strong></span> <span class='ocrx_word' id='word_1_678' title='bbox 1045 5679 1299 5736; x_wconf 86' lang='lat' dir='ltr'><strong>Domino.</strong></span> 
     </span>
    </p>
   </div>
   <div class='ocr_carea' id='block_1_93' title="bbox 1814 5214 3468 5292">
    <p class='ocr_par' dir='ltr' id='par_1_93' title="bbox 1814 5214 3468 5292">
     <span class='ocr_line' id='line_1_96' title="bbox 1814 5214 3468 5292; baseline -0.001 -17"><span class='ocrx_word' id='word_1_679' title='bbox 1814 5229 1866 5292; x_wconf 69' lang='grc' dir='ltr'><strong>Β</strong></span> <span class='ocrx_word' id='word_1_680' title='bbox 1962 5218 2215 5276; x_wconf 88' lang='lat' dir='ltr'><strong>Gaudere</strong></span> <span class='ocrx_word' id='word_1_681' title='bbox 2260 5231 2359 5272; x_wconf 91' lang='lat' dir='ltr'><strong>vos</strong></span> <span class='ocrx_word' id='word_1_682' title='bbox 2385 5225 2633 5288; x_wconf 90' lang='lat' dir='ltr'><strong>oportet,</strong></span> <span class='ocrx_word' id='word_1_683' title='bbox 2672 5214 2890 5283; x_wconf 89' lang='lat' dir='ltr'><strong>fratres,</strong></span> <span class='ocrx_word' id='word_1_684' title='bbox 2933 5215 3115 5286; x_wconf 91' lang='lat' dir='ltr'><strong>quod,</strong></span> <span class='ocrx_word' id='word_1_685' title='bbox 3139 5216 3325 5272; x_wconf 89' lang='lat' dir='ltr'><strong>divina</strong></span> <span class='ocrx_word' id='word_1_686' title='bbox 3353 5217 3468 5274; x_wconf 78' lang='lat' dir='ltr'><strong>lar-</strong></span> 
     </span>
    </p>
   </div>
   <div class='ocr_carea' id='block_1_94' title="bbox 1895 5306 3470 5386">
    <p class='ocr_par' dir='ltr' id='par_1_94' title="bbox 1895 5306 3470 5386">
     <span class='ocr_line' id='line_1_97' title="bbox 1895 5306 3470 5386; baseline -0.001 -19"><span class='ocrx_word' id='word_1_687' title='bbox 1895 5314 2077 5386; x_wconf 88' lang='lat' dir='ltr'><strong>giente</strong></span> <span class='ocrx_word' id='word_1_688' title='bbox 2099 5309 2300 5382; x_wconf 89' lang='lat' dir='ltr'><strong>gratia,</strong></span> <span class='ocrx_word' id='word_1_689' title='bbox 2331 5308 2631 5364; x_wconf 88' lang='lat' dir='ltr'><strong>familiares</strong></span> <span class='ocrx_word' id='word_1_690' title='bbox 2663 5306 2882 5363; x_wconf 91' lang='lat' dir='ltr'><strong>Domini</strong></span> <span class='ocrx_word' id='word_1_691' title='bbox 2911 5309 3208 5376; x_wconf 90' lang='lat' dir='ltr'><strong>vocamini,</strong></span> <span class='ocrx_word' id='word_1_692' title='bbox 3239 5311 3470 5381; x_wconf 84' lang='lat' dir='ltr'><strong>ejusque</strong></span> 
     </span>
    </p>
   </div>
   <div class='ocr_carea' id='block_1_95' title="bbox 1897 5397 3469 5472">
    <p class='ocr_par' dir='ltr' id='par_1_95' title="bbox 1897 5397 3469 5472">
     <span class='ocr_line' id='line_1_98' title="bbox 1897 5397 3469 5472; baseline -0.004 -12"><span class='ocrx_word' id='word_1_693' title='bbox 1897 5401 2191 5461; x_wconf 89' lang='lat' dir='ltr'><strong>sacerdotii</strong></span> <span class='ocrx_word' id='word_1_694' title='bbox 2231 5400 2494 5472; x_wconf 89' lang='lat' dir='ltr'><strong>dignitate</strong></span> <span class='ocrx_word' id='word_1_695' title='bbox 2543 5397 2856 5468; x_wconf 90' lang='lat' dir='ltr'><strong>fungimini.</strong></span> <span class='ocrx_word' id='word_1_696' title='bbox 2908 5397 3067 5454; x_wconf 87' lang='lat' dir='ltr'><strong>Nunc</strong></span> <span class='ocrx_word' id='word_1_697' title='bbox 3111 5409 3294 5454; x_wconf 89' lang='lat' dir='ltr'><strong>autem</strong></span> <span class='ocrx_word' id='word_1_698' title='bbox 3332 5413 3469 5470; x_wconf 90' lang='lat' dir='ltr'><strong>rogo</strong></span> 
     </span>
    </p>
   </div>
   <div class='ocr_carea' id='block_1_96' title="bbox 1894 5491 3467 5562">
    <p class='ocr_par' dir='ltr' id='par_1_96' title="bbox 1894 5491 3467 5562">
     <span class='ocr_line' id='line_1_99' title="bbox 1894 5491 3467 5562; baseline -0.003 -12"><span class='ocrx_word' id='word_1_699' title='bbox 1894 5510 2016 5562; x_wconf 86' lang='lat' dir='ltr'><strong>vos,</strong></span> <span class='ocrx_word' id='word_1_700' title='bbox 2055 5501 2118 5548; x_wconf 91' lang='lat' dir='ltr'><strong>ut</strong></span> <span class='ocrx_word' id='word_1_701' title='bbox 2162 5493 2311 5548; x_wconf 91' lang='lat' dir='ltr'><strong>circa</strong></span> <span class='ocrx_word' id='word_1_702' title='bbox 2346 5491 2534 5562; x_wconf 89' lang='lat' dir='ltr'><strong>plebes</strong></span> <span class='ocrx_word' id='word_1_703' title='bbox 2557 5491 2712 5547; x_wconf 85' lang='lat' dir='ltr'><strong>vobis</strong></span> <span class='ocrx_word' id='word_1_704' title='bbox 2738 5492 3064 5548; x_wconf 85' lang='lat' dir='ltr'><strong>commissas</strong></span> <span class='ocrx_word' id='word_1_705' title='bbox 3098 5491 3350 5549; x_wconf 87' lang='lat' dir='ltr'><strong>laborare</strong></span> <span class='ocrx_word' id='word_1_706' title='bbox 3377 5491 3467 5545; x_wconf 85' lang='lat' dir='ltr'><strong>di-</strong></span> 
     </span>
    </p>
   </div>
   <div class='ocr_carea' id='block_1_97' title="bbox 1899 5580 3468 5656">
    <p class='ocr_par' dir='ltr' id='par_1_97' title="bbox 1899 5580 3468 5656">
     <span class='ocr_line' id='line_1_100' title="bbox 1899 5580 3468 5656; baseline -0.003 -17"><span class='ocrx_word' id='word_1_707' title='bbox 1899 5582 2142 5656; x_wconf 90' lang='lat' dir='ltr'><strong>gnemini</strong></span> <span class='ocrx_word' id='word_1_708' title='bbox 2170 5623 2187 5649; x_wconf 93' lang='lat'><strong>,</strong></span> <span class='ocrx_word' id='word_1_709' title='bbox 2234 5589 2290 5638; x_wconf 92' lang='lat' dir='ltr'><strong>et</strong></span> <span class='ocrx_word' id='word_1_710' title='bbox 2320 5580 2635 5638; x_wconf 88' lang='lat' dir='ltr'><strong>fructuosos</strong></span> <span class='ocrx_word' id='word_1_711' title='bbox 2666 5581 2979 5652; x_wconf 86' lang='lat' dir='ltr'><strong>manipulos</strong></span> <span class='ocrx_word' id='word_1_712' title='bbox 3013 5581 3248 5636; x_wconf 92' lang='lat' dir='ltr'><strong>Domino</strong></span> <span class='ocrx_word' id='word_1_713' title='bbox 3272 5595 3468 5651; x_wconf 88' lang='lat' dir='ltr'><strong>repor-</strong></span> 
     </span>
    </p>
   </div>
   <div class='ocr_carea' id='block_1_98' title="bbox 1895 5672 3467 5746">
    <p class='ocr_par' dir='ltr' id='par_1_98' title="bbox 1895 5672 3467 5746">
     <span class='ocr_line' id='line_1_101' title="bbox 1895 5672 3467 5746; baseline -0.001 -14"><span class='ocrx_word' id='word_1_714' title='bbox 1895 5685 2014 5732; x_wconf 93' lang='lat' dir='ltr'><strong>tare</strong></span> <span class='ocrx_word' id='word_1_715' title='bbox 2043 5673 2317 5730; x_wconf 90' lang='lat' dir='ltr'><strong>nitamini.</strong></span> <span class='ocrx_word' id='word_1_716' title='bbox 2347 5675 2391 5707; x_wconf 85' lang='grc'><strong><em>⁶⁹</em></strong></span> <span class='ocrx_word' id='word_1_717' title='bbox 2416 5672 2621 5730; x_wconf 83' lang='lat' dir='ltr'><strong>Paulus</strong></span> <span class='ocrx_word' id='word_1_718' title='bbox 2662 5675 2810 5730; x_wconf 90' lang='lat' dir='ltr'><strong>enim</strong></span> <span class='ocrx_word' id='word_1_719' title='bbox 2838 5673 3119 5746; x_wconf 89' lang='lat' dir='ltr'><strong>apostolus</strong></span> <span class='ocrx_word' id='word_1_720' title='bbox 3149 5676 3216 5732; x_wconf 90' lang='lat' dir='ltr'><strong>de</strong></span> <span class='ocrx_word' id='word_1_721' title='bbox 3243 5674 3350 5732; x_wconf 83' lang='lat' dir='ltr'><strong>ﬁde</strong></span> <span class='ocrx_word' id='word_1_722' title='bbox 3391 5677 3467 5730; x_wconf 83' lang='lat' dir='ltr'><strong>ita</strong></span> 
     </span>
    </p>
   </div>
   <div class='ocr_carea' id='block_1_99' title="bbox 295 5784 3156 5869">
    <p class='ocr_par' dir='ltr' id='par_1_99' title="bbox 295 5784 3156 5869">
     <span class='ocr_line' id='line_1_102' title="bbox 295 5784 3156 5869; baseline -0.005 -11"><span class='ocrx_word' id='word_1_723' title='bbox 295 5806 344 5836; x_wconf 80' lang='lat'>“</span> <span class='ocrx_word' id='word_1_724' title='bbox 375 5804 431 5858; x_wconf 92' lang='lat' dir='ltr'><strong>in</strong></span> <span class='ocrx_word' id='word_1_725' title='bbox 460 5817 564 5860; x_wconf 89' lang='lat' dir='ltr'><strong>ms.</strong></span> <span class='ocrx_word' id='word_1_726' title='bbox 592 5800 800 5869; x_wconf 79' lang='lat' dir='ltr'><strong>Sotner,</strong></span> <span class='ocrx_word' id='word_1_727' title='bbox 831 5809 887 5858; x_wconf 90' lang='lat' dir='ltr'><strong>et</strong></span> <span class='ocrx_word' id='word_1_728' title='bbox 923 5799 976 5856; x_wconf 91' lang='lat' dir='ltr'><strong>in</strong></span> <span class='ocrx_word' id='word_1_729' title='bbox 1001 5795 1257 5869; x_wconf 86' lang='lat' dir='ltr'><strong>gignendi</strong></span> <span class='ocrx_word' id='word_1_730' title='bbox 1277 5810 1408 5852; x_wconf 89' lang='lat' dir='ltr'><strong>casu</strong></span> <span class='ocrx_word' id='word_1_731' title='bbox 1440 5789 1670 5850; x_wconf 80' lang='lat' dir='ltr'><strong>Sotheri.</strong></span> <span class='ocrx_word' id='word_1_732' title='bbox 1701 5791 1872 5849; x_wconf 58' lang='lat' dir='ltr'><strong>iisan.</strong></span> <span class='ocrx_word' id='word_1_733' title='bbox 1951 5791 1998 5826; x_wconf 83' lang='lat'><strong>&quot;</strong></span> <span class='ocrx_word' id='word_1_734' title='bbox 2028 5791 2268 5848; x_wconf 81' lang='lat' dir='ltr'><strong>lthacius</strong></span> <span class='ocrx_word' id='word_1_735' title='bbox 2283 5790 2403 5848; x_wconf 80' lang='lat' dir='ltr'><strong>adv.</strong></span> <span class='ocrx_word' id='word_1_736' title='bbox 2423 5784 3047 5859; x_wconf 80' lang='lat' dir='ltr'><strong>Varimadutncapp.9et</strong></span> <span class='ocrx_word' id='word_1_737' title='bbox 3067 5787 3156 5845; x_wconf 88' lang='lat' dir='ltr'><strong>l0.</strong></span> 
     </span>
    </p>
   </div>
  </div>
