3790 6212
104 371 239 427 1157

1610 368 1990 425 ΕΡΙδΤΟιιιΕ.

3231 365 3254 419 -l
3274 364 3369 419 l58

100 505 257 556 vnro,
298 488 579 556 virginem
614 499 820 543 castam
849 488 1107 544 exhibere
1149 488 1369 543 Christo
1400 491 1442 541 ".
1492 507 1511 540 ι
1560 490 1581 520 ⁸
1607 487 1698 544 illa
1727 500 1775 554 Α
1803 491 1919 560 ipse
1967 488 2200 542 Satanas
2245 487 2595 555 transﬁgurat
2622 498 2682 538 se
2711 482 2767 536 in
2813 481 3070 552 angelum
3109 480 3282 546 lueis,
3322 481 3372 535 si

99 590 182 635 est
212 581 365 635 enim
398 582 561 651 virgo
588 579 830 636 Ecclesia
853 622 870 647 ,
907 595 1109 650 sponsa
1137 579 1302 635 unius
1338 579 1438 636 viri
1467 581 1693 648 Christi,

99 687 220 739 quae
249 671 406 726 nullo
435 687 498 726 se
525 673 729 742 patitur
752 687 938 728 errore
967 672 1052 727 vel
1083 673 1376 727 inhonesta
1406 673 1696 742 reprehen-

102 766 256 817 sione
301 761 522 828 vitiari,
571 770 632 817 ut.
661 777 756 832 per
787 770 962 816 totum
995 761 1258 816 mundum
1291 777 1398 816 una
1440 761 1510 817 sit
1539 761 1695 817 nobis

105 852 268 905 unius
309 861 482 907 casta:
531 853 937 908 communionis
973 851 1317 922 integritas.’
1377 849 1530 907 Unde
1567 867 1699 906 con-

105 942 332 1012 surgite,
366 942 711 1010 charissimi,
735 958 860 998 cum
884 941 1019 1010 Deo,
1051 953 1104 999 et
1123 944 1382 1012 assistite,
1411 945 1698 1002 induentes

105 1051 255 1090 arma
308 1036 549 1106 spiritus
583 1036 848 1092 adversus
887 1037 1248 1109 malignantes
1292 1047 1483 1093 contra
1538 1039 1694 1093 fidem

103 1128 316 1198 ejus,et
341 1127 616 1196 probetur
643 1127 867 1197 spiritus
890 1127 1184 1198 sapienter,
1216 1129 1269 1183 id
1299 1138 1403 1195 est,
1433 1128 1598 1185 verba
1628 1129 1697 1182 il-

106 1221 306 1285 lorum,
336 1219 384 1272 si
419 1232 493 1272 ex
526 1217 637 1273 Deo
673 1229 820 1274 sunt.
865 1217 1140 1298 Scriptum
1179 1227 1262 1274 est
1289 1221 1435 1274 enim
1469 1221 1523 1274 in
1549 1218 1700 1275 lere-

105 1312 254 1367 mia:
293 1329 312 1362 ‹
346 1310 711 1368 Probatorem
760 1313 884 1368 dedi
932 1322 983 1370 te
1034 1314 1089 1368 in
1134 1313 1335 1384 populo
1372 1328 1495 1368 meo
1533 1313 1701 1368 robu-

108 1413 272 1468 stum,
304 1409 361 1456 et
384 1401 556 1468 scies,
584 1413 638 1458 et
657 1403 914 1474 probabis
939 1403 1080 1458 viam
1101 1403 1320 1460 illorum
1339 1405 1402 1459 ¹⁰.
1431 1423 1451 1456 ι
1470 1403 1696 1459 Multum

107 1502 344 1557 namque
374 1489 546 1544 nobis
573 1491 890 1548 necessaria.
909 1501 994 1548 est
1032 1491 1310 1564 vigilantia
1340 1493 1475 1547 tanti
1509 1508 1698 1548 sacra-

109 1581 274 1633 menti
310 1581 606 1650 sapientiae
633 1581 1003 1650 discretionis,
1034 1599 1160 1654 quae.
1194 1584 1408 1639 occulta
1449 1585 1700 1643 tenebra-

107 1685 226 1724 rum
275 1672 528 1736 revelat.
577 1674 647 1729 ad
688 1675 1100 1744 requisitionem
1155 1675 1469 1745 huiusmodi
1519 1676 1598 1729 rei
1646 1685 1701 1730 et

112 1766 536 1834 scrutationem,
561 1768 824 1838 quoniam
871 1770 1009 1825 latet
1048 1769 1457 1839 quodammodo
1481 1777 1535 1822 et
1574 1769 1699 1824 abs-

1796 580 2034 636 miuistri
2062 578 2181 648 ejus
2213 577 2665 647 transfigurentur
2687 573 2830 628 velut
2860 570 3094 628 ministri
3122 570 3370 641 justitiae,

1797 687 2030 744 quorum
2059 670 2182 726 finis
2211 678 2299 726 est
2335 668 2636 724 secundum
2671 680 2834 736 Opera
2864 677 3055 720 eorum
3098 663 3163 716 υ.
3213 679 3236 714 ι
3264 660 3372 716 Sed

1797 775 1854 822 et
1881 765 2148 820 Dominus
2179 763 2233 817 in
2270 763 2377 816 hoc
2407 759 2775 829 praemuniens
2807 771 2928 824 nos,
2971 755 3078 810 ait:
3111 772 3132 807 σ
3178 752 3375 808 Anon-

1795 858 1909 913 dite
1934 873 1963 912 a
1993 856 2146 911 falsis
2178 855 2476 926 prophetis,
2511 852 2604 923 qui
2630 852 2860 907 veniunt
2895 849 2964 904 ad
2991 862 3092 903 vos
3121 848 3176 902 in
3208 845 3376 902 vesti—

1797 949 1998 1003 mentis
2026 947 2232 1010 ovium,
2261 945 2592 999 intrinsecus
2621 950 2804 996 autem
2833 946 2962 994 sunt
2985 938 3096 1008 lupi
3124 952 3370 1008 rapaces.

1796 1040 1843 1092 Α
1877 1036 2148 1093 fructibus
2195 1050 2385 1091 eorum
2434 1032 2776 1105 cognoscetis
2816 1044 2914 1086 eos
2958 1031 3022 1082 “.
3077 1048 3102 1082 ι
3144 1028 3288 1098 Ergo
3318 1027 3374 1082 in

1797 1131 2036 1201 idipsum
2065 1144 2133 1184 ex
2165 1136 2280 1182 toto
2322 1126 2482 1182 corde
2517 1133 2699 1180 vestro
2735 1122 2983 1179 referetis
3021 1130 3146 1176 ante
3192 1121 3373 1175 omnia

1801 1238 1966 1293 super
2001 1220 2097 1276 tali
2125 1220 2424 1291 quaestione
2458 1217 2916 1288 deprecationem,
2949 1222 3005 1269 et
3028 1212 3221 1270 dicetis
3249 1226 3375 1266 cum

1798 1313 2000 1368 David:
2039 1331 2059 1364 ι
2090 1311 2292 1367 Revela
2319 1311 2512 1366 oculos
2539 1323 2712 1376 meos,
2739 1315 2798 1362 et
2819 1304 3179 1362 considerabo
3208 1305 3377 1358 mira-

1797 1405 1928 1460 bilia
1980 1404 2048 1461 de
2097 1405 2215 1474 lege
2261 1412 2374 1458 tua.
2405 1401 2652 1457 Lucerna
2681 1398 2914 1471 pedibus
2955 1397 3094 1453 meis
3146 1396 3376 1451 verbum

1798 1505 1978 1565 tuum,
2005 1505 2060 1551 et
2087 1495 2268 1552 lumen
2299 1495 2508 1551 semitis
2542 1493 2680 1550 meis
2713 1492 2778 1547 ".
2812 1511 2830 1544 ι
2864 1490 3172 1570 Quoniam,
3206 1499 3266 1544 ut
3301 1489 3386 1550 ait.

1797 1589 1992 1645 beatus
2039 1589 2227 1643 Daniel
2274 1587 2538 1658 propheta
2573 1605 2586 1640 :
2627 1603 2657 1640 ι
2696 1583 2972 1655 Sapientia
3012 1591 3067 1638 et
3113 1581 3378 1638 fortitudo

1797 1683 1919 1752 ejus
1945 1690 2090 1736 sunt.
2122 1679 2224 1735 Dat
2247 1678 2572 1748 sapientiam
2606 1675 2965 1747 sapientibus,
2997 1682 3053 1729 et
3091 1673 3377 1730 scientiam

1801 1773 2230 1845 iutelligentibus
2269 1770 2638 1840 disciplinam.
2686 1769 2806 1838 lpse
2851 1768 3058 1822 revelat
3104 1765 3378 1838 profunda

110 1857 382 1924 conditur,
419 1859 631 1930 vixque
676 1862 1160 1932 comprehenditur
1209 1860 1398 1917 dolosa
1431 1860 1704 1916 exsistens
1736 1861 1775 1919 Β
1804 1874 1858 1918 et
1891 1861 2231 1926 abscondita,
2261 1869 2314 1914 et
2339 1859 2491 1914 novit
2517 1859 2570 1912 in
2595 1857 2832 1914 tenebris
2854 1857 3174 1920 constituta,
3202 1866 3256 1911 et
3284 1857 3376 1910 lux

114 1949 338 2016 malitia,
367 1966 474 2022 pro
500 1967 569 2007 eo
603 1953 749 2023 quod
786 1954 888 2009 sibi
921 1954 1173 2024 pietatem
1207 1953 1398 2008 callide
1442 1951 1690 2006 blandia-

111 2051 230 2107 tur,
277 2054 340 2098 ut
378 2045 565 2100 valeat
608 2047 972 2102 scrutantium
1024 2054 1257 2100 mentem
1299 2045 1487 2099 latere.
1540 2041 1697 2111 Quod

115 2135 296 2206 utique
329 2136 520 2192 sciens
551 2137 744 2192 beatus
779 2137 1091 2208 Apostolus,
1129 2137 1237 2191 ait:
1271 2155 1288 2188 ι
1328 2134 1463 2190 Nam
1504 2134 1698 2204 hujus-

115 2227 255 2282 modi
299 2229 798 2298 pseudo—apostoli,
844 2230 1078 2298 operarii
1129 2228 1370 2294 subdoli,
1409 2226 1699 2297 transfigu-

119 2325 234 2374 rant
253 2332 312 2372 se
331 2317 388 2372 in
411 2319 697 2388 apostolos
718 2319 944 2377 Christi.
971 2317 1077 2376 Sed
1099 2333 1210 2375 non
1235 2317 1698 2388 mirum,:quando

1797 1968 1924 2009 cum
1957 1968 2024 2008 eo
2052 1962 2156 2009 est.
2179 1950 2318 2018 Quia
2343 1950 2663 2021 sapientiam
2689 1957 2745 2004 et
2766 1947 3145 2004 fortitudinem
3179 1946 3377 2002 dedisti

1802 2045 1959 2111 mihi,
1991 2055 2044 2098 et
2069 2041 2356 2098 ostendisti
2386 2041 2520 2096 mihi
2543 2055 2667 2112 qua
2691 2039 2876 2110 rogavi
2912 2047 2962 2094 te
2997 2039 3061 2092 “.
3093 2057 3114 2092 ι

1873 2136 2009 2191 Data
2043 2153 2075 2190 ι
2116 2134 2385 2192 Kalendas
2422 2132 2591 2200 .lunii,
2623 2132 2861 2202 Cethego
2890 2142 2948 2190 et.
2975 2130 3137 2190 Claro
3178 2129 3220 2163 ¹⁸
3247 2128 3384 2186 viris

1803 2225 2125 2286 clarissimis
2156 2225 2483 2282 consulibus.
2511 2225 2572 2278 ιθ.

126 2683 379 2749 Decreta
414 2682 665 2745 Soteris
711 2699 908 2762 papae,
933 2681 1290 2745 secundum
1324 2680 1904 2821 Gratianum,?.iiae
1940 2696 2074 2745 non
2103 2681 2422 2760 habentur
2455 2683 2521 2745 in
2564 2683 2894 2763 prioribus
2942 2685 3384 2749 decretalibus

1615 2776 1753 2821 epis
1787 2777 1823 2821 ο
1856 2777 1936 2821 is.

1615 2776 1936 2836 episwus.

128 2941 487 3002 J-uramemum
529 2947 728 3002 malum
772 2947 926 3017 quod
958 2947 1166 2999 incaute
1211 2947 1542 3015 promittitur
1591 2960 1708 2998 uou-

686 3028 762 3070 est
793 3017 1128 3071 servandum.

196 3137 233 3168 "
271 3134 326 3190 Si
355 3136 567 3206 aliquid
604 3134 743 3190 forte
776 3134 1050 3189 incautius
1079 3146 1179 3186 nos
1208 3131 1426 3202 iurasse
1449 3130 1696 3201 contige-

133 3228 214 3294 rit,
242 3230 382 3298 quod
412 3230 764 3286 observatum
803 3226 858 3280 in
884 3226 1122 3296 pejorem
1155 3233 1343 3293 vergat
1365 3223 1594 3288 exitum,
1629 3223 1696 3275 il-

137 3319 216 3374 lud
241 3321 439 3376 salubri
470 3320 706 3376 consilio
734 3318 1056 3373 mutandum
1079 3317 1414 3381 noverimus,
1447 3324 1502 3371 et
1525 3314 1707 3386 magis.

139 3411 360 3466 instante
388 3412 716 3466 necessitate
747 3407 1135 3478 perjurandum
1179 3406 1356 3471 nobis,
1394 3419 1559 3474 quam
1600 3419 1698 3474 pro

1804 2957 2066 3017 sequatur
2110 2950 2454 3022 intrepidus,
2503 2959 2557 3007 et
2603 2951 2835 3008 officium
2886 2955 3160 3026 inceptum
3205 2959 3381 3013 adim-

1802 3039 1946 3109 pleat
1975 3042 2044 3097 ὀ.
2093 3043 2426 3103 Censuimus
2457 3061 2587 3119 ergo
2613 3049 2927 3112 convenire,
2971 3059 3030 3104 ut
3061 3066 3186 3104 cum
3220 3067 3252 3105 a
3289 3068 3380 3107 sa-

1803 3134 2116 3191 cerdotibus
2148 3137 2440 3192 missarum
2476 3150 2717 3210 tempore
2748 3156 2904 3196 sacra
2949 3143 3208 3212 mysteria
3252 3158 3385 3198 con-

1804 3239 2117 3298 secrantur,
2158 3231 2206 3285 si
2244 3232 2583 3301 egritudinis
2617 3234 2829 3287 accidat
2863 3234 3093 3304 quilibet
3131 3244 3381 3301 eventus,

1801 3337 1912 3391 quo
1943 3330 2180 3390 coeptum
2231 3332 2462 3393 nequeat
2501 3325 2705 3393 expleri
2748 3325 3066 3395 mysterium
3089 3366 3113 3392 ,.
3151 3325 3221 3381 sit
3251 3325 3385 3382 libe-

1802 3429 1925 3468 rum
1956 3415 2210 3484 episcopo
2254 3416 2337 3469 vel
2376 3417 2691 3486 presbytero
2721 3417 2805 3470 vel
2837 3417 2950 3484 alii,
2990 3427 3050 3474 ut
3093 3433 3384 3474 consecra-

141 3501 610 3573 factojurameuto,
629 3503 683 3557 in
710 3501 858 3558 aliud
873 3501 1080 3556 crimen
1099 3499 1275 3569 majus
1295 3497 1692 3554 divertendum.
1725 3484 1770 3547 C
1801 3503 2003 3560 tionem
2055 3506 2271 3574 expleat
2319 3504 2479 3560 omcii
2539 3484 2723 3576 ξωριί,
2760 3505 2879 3562 Non
2931 3509 3076 3562 enim
3133 3509 3278 3563 aliud
3313 3510 3383 3562 ad

142 3619 354 3690 Quisque
392 3621 708 3690 sacriﬁcans
730 3616 1062 3690 sacerdotem
1123 3616 1349 3690 habeat,
1408 3614 1699 3690 quimpta

264 3685 596 3747 sacramenta
619 3689 847 3759 expleat,
889 3689 934 3740 si
970 3688 1251 3740 necessitas
1281 3685 1555 3756 ingruerit.

208 3803 248 3838 ⁸⁸
280 3803 347 3860 Ut
385 3805 523 3865 illud
549 3801 719 3860 divini
749 3799 956 3855 oraculi
1003 3798 1279 3852 monentis
1317 3797 1519 3868 singuli
1559 3811 1700 3866 pra:-

149 3908 378 3966 caveant,
415 3913 528 3970 quo
555 3895 846 3952 scribitur:
886 3909 904 3942 ι
942 3892 1034 3946 Vae
1071 3890 1210 3956 soli,
1242 3891 1369 3960 quia
1402 3905 1527 3944 cum
1563 3890 1704 3944 ceci-

147 3987 290 4056 derit,
316 4005 424 4045 non
457 3989 623 4043 liabet
656 3985 1030 4041 sublevantem
1066 3983 1140 4048 ";
1181 4001 1200 4034 ι
1239 3997 1585 4051 summopere
1608 3997 1705 4035 ve-

149 4080 352 4136 rendum
383 4091 471 4137 est
519 4080 677 4134 nobis
726 4085 888 4146 atque
925 4074 1248 4140 cavendum,
1297 4088 1363 4126 ne
1405 4072 1557 4128 horis
1598 4073 1706 4132 illis

150 4179 293 4240 atque
319 4171 680 4244 temporibus,
715 4170 917 4241 quibus
947 4167 1059 4222 Deo
1089 4165 1342 4237 psallitur
1373 4163 1456 4216 vel
1493 4163 1707 4218 sacrifi-

152 4271 318 4332 catur,
355 4265 658 4334 unicuique
706 4262 906 4318 divinis
948 4258 1300 4330 singulariter
1329 4254 1522 4310 ofﬁciis
1569 4255 1708 4310 insi-

153 4357 317 4423 stenti,
357 4357 666 4428 perniciosa
698 4353 903 4426 passio,
950 4353 1040 4408 vel
1060 4350 1314 4421 quaelibet
1344 4347 1590 4418 corporis
1627 4349 1712 4401 in-

157 4447 412 4520 valetudo.
434 4456 714 4508 occurrat.
753 4461 876 4516 qua:
910 4453 1012 4500 aut.
1053 4457 1254 4512 corpus
1292 4441 1474 4497 subito
1518 4439 1709 4494 subrui

159 4536 320 4605 faciat,
361 4554 458 4597 aut
496 4548 732 4596 mentem
767 4537 1097 4594 alienatione
1129 4536 1212 4589 vel
1244 4543 1446 4588 terrore
1474 4530 1710 4587 confun-

159 4629 254 4684 dat.
293 4631 393 4689 Pro
420 4631 737 4702 hujusmodi
777 4645 908 4699 ergo
944 4628 1164 4684 casibus
1195 4633 1581 4695 praecaventes,
1615 4637 1713 4676 ne-

160 4721 438 4776 cessarium
463 4719 718 4776 duximus
747 4718 1067 4783 instituere,
1110 4723 1170 4770 ut
1219 4715 1312 4769 ubi
1341 4713 1604 4782 temporis
1631 4713 1713 4766 vel

162 4808 254 4866 loci
289 4813 395 4870 sive
428 4812 560 4869 cieri
589 4811 744 4882 copia
790 4809 1150 4878 suffragatur,
1192 4805 1392 4860 habeat
1437 4804 1709 4875 (quisquis

164 4898 260 4972 ille)
287 4918 482 4960 canens
514 4902 624 4959 Deo
649 4910 704 4958 et
734 4899 1069 4965 sacriﬁcans,
1113 4907 1241 4969 post
1285 4912 1344 4952 se
1374 4897 1540 4953 vicini
1567 4897 1710 4952 sola-

167 4991 310 5048 minis
331 4995 653 5066 adiutorem,
687 5003 747 5048 ut
778 4993 824 5048 si
855 4992 1042 5061 aliquo
1069 5005 1206 5044 casu
1251 4989 1362 5055 ille,
1409 4987 1502 5058 qui
1535 4986 1711 5042 ofﬁcia

170 5078 463 5151 impleturus
498 5085 726 5152 accedit,
760 5083 1010 5139 turbatus
1043 5080 1228 5144 fuerit,
1277 5080 1362 5134 vel
1396 5079 1464 5134 ad
1510 5087 1708 5133 terram

1805 3597 2239 3666 supplementum
2285 3597 2526 3654 initiatis
2565 3599 2840 3670 mysteriis
2884 3603 3176 3672 competit,
3216 3619 3382 3673 quam

1805 3699 1902 3744 aut
1931 3689 2238 3758 incipientis
2278 3697 2374 3744 aut
2413 3689 2797 3758 subsequentis
2842 3692 3111 3761 explenda
3161 3693 3387 3748 benedi-

1805 3781 1913 3838 ctio
1941 3781 2240 3836 sacerdotis
2285 3781 2454 3852 :quia
2500 3795 2597 3834 nec
2647 3780 2882 3850 perfecta
2921 3783 3088 3837 videri
3132 3791 3384 3853 possunt,

1806 3875 1914 3930 nisi
1965 3872 2314 3944 perfectionis
2359 3875 2551 3929 ordine
2611 3875 3026 3944 compleantur;
3060 3891 3184 3930 cum
3237 3876 3384 3930 enim

1806 3982 1976 4022 unum
2008 3981 2202 4022 sumus
2230 3979 2422 4021 omnes
2466 3965 2520 4020 in
2564 3964 2818 4032 Christo,
2866 3967 3001 4020 nihil
3049 3967 3384 4022 contrarium

1807 4061 2097 4117 diversitas
2120 4059 2338 4127 format,
2366 4059 2459 4114 ubi
2481 4057 2774 4114 efﬁcaciam
2799 4058 3178 4129 prosperitatis
3203 4058 3387 4114 unitas

1809 4153 1932 4208 fidei
1983 4159 2355 4223 repraesentat.
2389 4149 2546 4218 Quod
2591 4152 2756 4212 etiam
2801 4151 3150 4216 consultum,
3203 4152 3386 4206 cuncti

1809 4247 2016 4302 ordinis
2045 4244 2230 4300 clerici
2259 4243 2521 4299 indictum
2555 4245 2638 4298 vel
2669 4243 2938 4298 indultum
2971 4257 3093 4298 esse
3129 4242 3233 4297 sibi
3279 4257 3386 4296 non

1811 4338 2110 4409 ambigant,
2142 4337 2260 4403 sed,
2296 4345 2355 4390 ut
2375 4335 2724 4405 praemissum
2746 4343 2831 4389 est
2859 4335 2912 4388 in
2935 4333 3388 4404 przecedentibus,

1812 4429 1996 4484 statim
2031 4427 2123 4483 alii
2162 4443 2260 4498 pro
2288 4427 2688 4498 complemento
2733 4425 3046 4484 succedant.
3097 4420 3175 4480 Ne
3204 4433 3388 4479 tamen

1811 4521 1958 4590 quod
2000 4532 2208 4574 naturae
2250 4518 2529 4589 languoris
2572 4532 2735 4573 causa
2783 4517 3106 4582 consulitur,
3152 4516 3208 4570 in
3253 4532 3391 4586 pra:-

1814 4612 2146 4681 sumptionis
2214 4611 2513 4682 perniciem
2585 4616 2969 4674 convertatur,
3031 4608 3215 4663 nullus
3267 4616 3392 4678 post

1813 4703 1998 4757 cibum
2048 4712 2386 4772 potumque,
2435 4703 2550 4758 sive
2591 4700 2879 4772 quodlibet.
2907 4698 3196 4754 minimum
3240 4715 3391 4754 sum-

1815 4803 2008 4864 ptum,
2054 4794 2254 4848 missas
2296 4792 2511 4860 facere,
2563 4793 2856 4862 nullusque
2903 4792 3109 4862 absque
3157 4791 3392 4861 patentis

1817 4886 2082 4942 molestia:
2136 4895 2400 4956 proventu
2428 4886 2677 4941 minister
2703 4885 2788 4940 vel
2820 4885 3098 4951 sacerdos,
3130 4899 3254 4940 cum
3278 4897 3394 4939 cm-

1815 4979 1993 5048 perit,
2037 4978 2366 5049 imperfecta.
2394 4977 2569 5035 officia
2611 4987 2910 5049 praesumat
2949 4978 3175 5033 omnino
3224 4975 3393 5030 relin-

1817 5086 2004 5141 quere.
2053 5069 2110 5126 Si
2143 5072 2269 5136 quis
2315 5072 2428 5124 luec
2476 5071 2763 5126 temerarie
2811 5067 3250 5138 praesumpserit,
3291 5080 3391 5119 ex-

169 5171 336 5240 elisus,
367 5195 397 5232 a
441 5187 590 5247 tergo
618 5191 833 5234 semper
864 5175 1080 5238 habeat,
1120 5173 1214 5243 qui
1254 5173 1375 5242 ejus
1411 5172 1587 5227 vicem
1619 5185 1714 5226 ex-
1745 5164 1789 5218 D
1817 5162 2336 5221 communicationis
2359 5161 2680 5217 sententiam
2719 5160 3028 5216 sustinebit.

239 5442 468 5521 f_l|_Cor.
519 5465 595 5521 χι,
629 5451 685 5504 2.
765 5449 786 5483 ⁸
822 5450 879 5505 S.
919 5450 1030 5521 Leo
1077 5453 1237 5521 epist.
1283 5451 1372 5506 40.
1448 5452 1469 5483 ’
1501 5450 1560 5507 S.
1595 5451 1706 5504 Mar

1890 5448 1944 5503 in
1984 5463 2102 5521 svi).
2133 5446 2485 5521 Lateranensi
2522 5446 2840 5521 consumi.
2921 5437 2972 5521 ’.ξ
2989 5434 3189 5519 ,ζει-(ξω.
3218 5426 3416 5521 vim”.

181 5507 214 5541 "
240 5510 274 5565 11
298 5516 396 5572 Cor
446 5535 522 5582 xl,
574 5507 762 5575 l3-l5.

845 5521 896 5552 η
915 5520 1120 5576 Matth.
1137 5539 1229 5576 vn.
1258 5522 1345 5584 15,
1378 5521 1463 5575 16.

183 5593 220 5631 ει
253 5583 406 5642 Clem.
457 5589 628 5644 Hann.

1553 5523 1594 5553 ¹³
1625 5521 1769 5575 Psal.
1798 5535 1987 5582 cxvm,
2014 5517 2250 5581 18,105.

712 5591 756 5661 ’f
791 5590 1019 5646 Aberrat
1062 5607 1276 5661 quoque
1316 5583 1403 5645 hic
1444 5593 1760 5646 consulatus
1803 5606 1893 5644 an.
1946 5588 2049 5642 170
2090 5587 2300 5661 afﬁxus.
2331 5654 2342 5661 _
2379 5583 2424 5615 "‘

2330 5515 2374 5546 “
2409 5513 2542 5566 Dan.
2572 5527 2633 5578 ii,
2660 5509 2850 5578 20-23.
2910 5508 2972 5578 7"
3004 5507 3063 5578 in
3088 5520 3189 5578 ms.
3221 5501 3397 5578 Cetigo

2585 5572 2640 5652 q'.
2668 5582 2741 5652 4;
2777 5577 2836 5634 Si
2862 5575 3084 5652 aliquid.
3118 5575 3193 5652 ita
3232 5572 3396 5652 etiam

183 5657 696 5730 quericollertores.
735 5643 849 5714 Sed
885 5643 1296 5716 ieadern'fcajusia
1319 5643 1391 5715 et
1430 5643 1967 5730 quiestioue‘citatur
2013 5643 2774 5730 εκ,λΒρᾴρΒ-,Ιι-οῐηίιίἁλίάηιη
2803 5643 2972 5730 natali
3005 5643 3191 5730 decu“.
3225 5643 3396 5730 sancti

184 5716 393 5799 inquitis.
473 5730 516 5761 ³⁸
539 5713 623 5783 De
645 5713 875 5783 consecr.
1405 5713 1649 5798 illum-et
1666 5713 1729 5794 ‘7',
1758 5713 1948 5799 quaist.
1979 5730 2000 5782 l
2041 5749 2051 5783 :
2084 5725 2230 5781 Illud
2262 5725 2518 5799 divinc—
2545 5713 2694 5799 Quod
2730 5721 2912 5776 verius
2948 5727 3030 5776 est
3066 5732 3132 5773 ex
3165 5713 3395 5772 concilio

189 5785 412 5854 Toletano
439 5817 513 5868 ιι,
539 5816 660 5870 cap.
696 5801 782 5856 fl.
812 5785 982 5856 "ARD.

1069 5805 1108 5835 ⁸³
1138 5801 1315 5858 Eccle.
1353 5819 1424 5865 iv,
1458 5793 1553 5858 1οξ
1621 5805 1664 5836 ²⁰
1697 5793 1964 5856 Hactenus
2007 5809 2214 5854 tantum
2257 5796 2394 5864 apud
2426 5793 2764 5850 Gratianum.
