3808 6206
435 207 578 264 1145

1483 207 1896 268 ειειιτιιειιιι
1933 213 2133 270 ΡΔΡΑΞ
2175 214 2556 273 EPISTOLE;

3539 224 3670 277 ll“

429 342 593 398 quem
620 325 764 384 Deus
791 343 894 384 suo
925 329 1226 385 reservavit
1250 329 1456 402 judicio
1485 331 1548 384 ".
1587 351 1606 384 ι
1652 332 1818 402 Igitur
1847 349 2010 388 omne
2039 343 2084 400 Α
2113 346 2284 390 strum
2320 351 2445 408 rege
2494 336 2788 391 Britannia:
2829 326 3080 407 regnum.
3133 333 3381 391 Vicarius
3414 350 3546 391 vero
3582 335 3668 391 De:

430 419 668 486 pondus,
691 428 744 474 et
769 420 1179 477 circumstantia
1197 420 1630 476 adversariorum
1656 436 2004 494 nocumenta,

428 523 526 580 per
587 512 944 581 patientiam,
998 512 1236 578 fratres,
1295 513 1657 584 comprimere
1728 518 1960 588 satagite
1989 535 2031 584 ;.

433 619 454 652 ι
495 601 729 658 scientes
755 603 886 673 quia
919 603 1166 660 subversi
1201 611 1332 659 sunt
1380 603 1716 674 bujusmodi,
1749 615 1806 660 et
1833 606 2008 662 delin-

426 699 604 760 quunt
643 691 866 762 proprio
911 707 1007 747 ore
1048 691 1388 748 damnati“.
1422 711 1442 745 ι
1476 691 1616 760 Quia
1663 695 1757 765 qui
1809 694 2010 751 fratres

426 791 690 838 accusant
722 783 807 838 vel
851 783 1142 851 infestant,
1193 801 1302 841 non
1348 801 1443 843 eos
1475 789 1728 862 diligunt,
1766 790 1860 845 sed
1895 806 2011 846 ma-

424 874 511 945 gis
542 875 910 946 negligunt,et
935 885 1182 947 peccant,
1214 879 1426 936 dicente
1455 881 1716 952 Apostolo
1755 902 1769 937 :
1807 901 1827 935 ι
1863 882 2008 939 Dile-

421 966 537 1022 ctlo
582 967 816 1034 proximi
859 969 1061 1023 malum
1108 985 1218 1025 non
1248 977 1522 1042 ‘operatur
1559 975 1625 1028 ".
1677 993 1696 1026 ι
1727 973 1793 1029 Et
1823 975 1952 1030 alibi
1989 995 2006 1030 :

427 1075 450 1107 ε
485 1055 588 1124 Qui
620 1073 729 1114 non
757 1059 931 1131 diligit
955 1059 1176 1116 fratrem
1210 1077 1394 1128 suum,
1422 1077 1584 1134 quem
1612 1065 1778 1132 videt,
1811 1064 2007 1135 Deum,

421 1163 586 1220 quem
633 1165 742 1206 non
802 1153 985 1218 videt,
1043 1154 1318 1224 quomodo
1374 1165 1552 1226 potest
1605 1156 1828 1229 diligere
1851 1157 1933 1212 ‘3?
1982 1177 2002 1212 ι

420 1238 535 1298 Nos
563 1243 610 1276 δ’
639 1245 784 1302 enim
809 1245 1043 1304 humiles
1085 1248 1268 1315 corde,
1301 1248 1367 1304 ad
1407 1265 1471 1305 ea
1521 1267 1643 1322 quae
1684 1263 1828 1308 recta
1858 1263 2006 1321 sunt,

421 1335 674 1406 adjutore
719 1336 972 1407 Domino,
1010 1342 1282 1412 sapienter
1327 1344 1547 1401 vinculo
1587 1346 1869 1404 charitatis
1915 1365 2009 1404 vo-

420 1424 637 1481 biscum
685 1441 878 1485 sumus
927 1432 1244 1500 constricti,
1292 1442 1346 1490 et
1405 1436 1719 1507 religionem
1781 1437 2010 1494 catholi-

417 1529 543 1572 eam
608 1517 664 1574 in
730 1521 987 1579 omnibus
1033 1522 1246 1580 fortiter
1299 1525 1683 1596 defensantes,
1745 1529 2009 1600 improbis

419 1609 588 1678 probe
618 1611 873 1670 resistere
924 1630 1032 1671 non
1071 1618 1414 1689 negligimus.
1451 1618 1603 1676 Unde
1652 1621 1858 1677 dictum
1882 1631 2003 1678 est:

417 1701 470 1746 ε’
491 1699 772 1775 Negligere
806 1705 954 1761 enim
998 1722 1124 1763 cum
1168 1711 1347 1779 possis
1389 1710 1679 1766 deturbare
1706 1712 1749 1744 ⁵³
1786 1727 2006 1781 perver-
2035 1697 2078 1752 Β

419 1805 550 1858 sos,
585 1795 725 1850 nihil
763 1796 912 1852 aliud
949 1807 1034 1854 est
1076 1815 1241 1870 quam
1285 1800 1488 1857 fovere.
1523 1800 1635 1857 Nec
1667 1811 1816 1858 caret
1850 1819 2005 1858 scru-

417 1882 552 1954 pulo
599 1886 878 1944 societatis
930 1889 1198 1950 occultae.
1257 1891 1352 1962 qui
1398 1890 1688 1952 manifesto
1745 1891 2002 1948 facinoris

419 1975 622 2032 desinit
652 1979 891 2035 obviare.
939 1979 1112 2051 Hujus
1157 1983 1235 2038 rei
1274 1989 1449 2054 gratia
1486 1983 1810 2040 universalis
1852 1983 2004 2040 vobis

418 2081 452 2120 a
479 2065 699 2122 Christo
736 2067 865 2124 Jesu
907 2069 1020 2140 (54)
1052 2073 1346 2130 commissa
1369 2083 1452 2130 est
1501 2075 1766 2143 Ecclesia,
1809 2085 1869 2131 ut
1904 2091 2004 2145 pro

417 2156 674 2214 omnibus
695 2160 975 2227 laboretis,
1008 2171 1064 2218 et
1090 2163 1304 2220 cunctis
1330 2180 1487 2235 opem
1521 2166 1664 2223 ferre
1685 2182 1795 2224 non
1826 2167 2003 2238 negli-

417 2249 582 2320 gatis.
615 2268 635 2304 ι
663 2250 853 2308 Frater
879 2263 1060 2310 autem
1094 2255 1317 2313 fratrem
1356 2259 1621 2330 adjuvans
1653 2261 2001 2330 exaltabitur,

416 2348 474 2395 et
529 2341 759 2399 allidens
807 2344 1166 2417 dissipabitur
1193 2351 1262 2404 ".
1302 2368 1323 2402 ι
1376 2349 1716 2423 Quapropter
1771 2354 2004 2411 relevate

417 2445 634 2500 semper
678 2448 990 2504 oppressos,
1042 2440 1302 2510 corripite
1364 2442 1658 2512 inquietos,
1686 2453 1746 2501 ut
1791 2445 2001 2502 zizania

420 2520 754 2580 Dominicam
787 2543 1020 2584 messem
1043 2546 1150 2585 non
1181 2532 1355 2602 possit
1386 2533 1650 2590 suﬂocare
1675 2576 1690 2590 .

490 2613 626 2670 Data
654 2632 686 2670 v
721 2615 847 2674 ldus
867 2618 1018 2685 Julii,
1052 2619 1284 2678 Paterno
1313 2625 1359 2656 "
1383 2633 1438 2680 et
1475 2624 1689 2681 Bradua
1721 2626 1850 2684 viris
1889 2626 2001 2684 cla-

416 2703 657 2760 rissimis
683 2709 1001 2766 consulibus
1024 2712 1092 2767 “.

897 2820 1238 2877 EPISTOLA
1283 2821 1326 2876 ll
1373 2823 1509 2895 (55).

599 2923 934 2964 ιιιεοιιιιηωι
965 2926 1033 2964 AD
1061 2927 1256 2966 LUCIUI
1286 2927 1585 2968 BRITANNIE
1624 2931 1821 2974 ιιεςῑιι.

536 2997 812 3076 Quomodo
830 3018 1008 3071 gerere
1031 3018 1085 3057 se
1108 3003 1293 3058 debeat
1321 3006 1378 3060 in
1401 3023 1556 3077 regno
1588 3007 1900 3066 Britannia.

487 3087 728 3147 Petiistis
753 3106 786 3146 a
815 3092 975 3147 nobis
993 3093 1150 3164 leges
1179 3095 1454 3152 Romanas
1499 3106 1555 3154 et
1577 3098 1808 3156 Czesaris
1834 3103 1992 3160 vobis

417 3182 734 3250 transmitti,
774 3184 976 3254 quibus
1007 3186 1064 3242 in
1088 3201 1257 3260 regno
1289 3187 1582 3245 Britanniae
1618 3192 1697 3246 uti
1720 3193 1989 3252 voluistis.

418 3270 588 3343 Leges
617 3271 889 3332 Romanas
903 3286 956 3332 et
972 3276 1206 3334 Caesaris
1235 3295 1451 3350 semper
1476 3283 1768 3352 reprobate
1796 3300 1993 3355 possu-

415 3380 562 3432 mus,
589 3366 762 3437 legem
789 3368 882 3423 Dei
910 3385 1276 3442 nequaquam.
1305 3371 1633 3444 Suscepistis
1657 3377 1804 3431 enim
1822 3393 1995 3449 nuper

416 3456 769 3513 miseratione
799 3458 983 3514 divina
1016 3460 1072 3515 in
1105 3476 1276 3532 regno
1307 3461 1601 3520 Britanniae
1633 3465 1804 3536 legem
1847 3476 1902 3523 et
1932 3468 1996 3523 fi-

417 3545 540 3602 dem
575 3547 798 3605 Cbristi.
834 3549 1052 3608 Habetis
1086 3568 1254 3623 penes
1287 3570 1386 3611 vos
1414 3556 1468 3610 in
1505 3573 1672 3628 regno
1708 3569 1996 3631 utramque

415 3638 712 3709 paginam;
747 3655 816 3696 ex
849 3641 956 3698 illis
1003 3642 1096 3698 Dei
1132 3645 1306 3715 gratia
1342 3661 1438 3716 per
1504 3649 1793 3705 consilium
1839 3654 1992 3723 regni

417 3731 584 3786 vestri
619 3747 775 3788 sume
807 3734 976 3804 legem
998 3777 1014 3802 ,
1047 3745 1103 3792 et
1136 3752 1233 3806 per
1283 3738 1432 3794 illam
1469 3740 1564 3795 Dei
1606 3743 1866 3811 patientia
1901 3759 1992 3800 ve-

2109 430 2241 484 estis
2273 430 2328 483 in
2372 444 2540 500 regno
2580 429 2734 499 juxta
2769 428 3094 499 Prophetam
3130 443 3310 498 regem
3345 445 3361 481 :
3401 447 3419 479 ι
3461 426 3672 484 Domini

2108 526 2194 574 est
2226 528 2370 574 terra
2413 529 2467 575 et
2510 520 2789 590 plenitudo
2820 520 2962 590 ejus,
2983 521 3134 576 orbis
3157 530 3444 584 terrarum,
3467 528 3523 574 et
3557 522 3674 573 uni-

2109 609 2249 664 versi
2281 609 2375 678 qui
2409 609 2655 664 habitant
2686 611 2744 665 in
2776 625 2844 666 eo
2869 611 2945 678 ";
2970 631 2989 661 ι
3019 619 3073 666 et
3106 626 3324 665 rursum
3352 611 3511 680 juxta
3545 609 3672 664 Pro-

2110 700 2324 770 phetam
2359 715 2537 772 regem
2575 718 2589 754 :
2631 721 2651 754 ‹
2692 701 2935 758 Dilexisti
2962 703 3251 774 justitiam.
3284 713 3338 758 et
3370 703 3534 758 odisti
3569 702 3671 756 ini-

2108 793 2410 862 quitatem;
2437 803 2719 864 propterea
2756 795 2911 850 unxit
2942 804 2996 850 te
3021 795 3184 860 Deus,
3221 795 3359 850 Deus
3388 807 3538 860 tuus,
3560 797 3673 850 oleo

2110 883 2309 940 laetitia:
2339 899 2450 955 pra:
2502 886 2849 942 consortibus
2901 886 3010 942 tuis
3043 888 3221 942 "vet
3252 904 3473 942 rursum
3523 889 3671 956 juxta

2109 975 2436 1048 Prophetam
2495 995 2676 1050 regem
2729 998 2742 1033 :
2798 999 2815 1031 ι
2857 979 3002 1036 Deus
3037 980 3301 1052 judiciu
3353 988 3511 1034 tuum
3545 981 3612 1043 ⁸⁷,
3651 998 3668 1029 ι

2107 1077 2215 1124 etc.
2248 1068 2367 1125 Non
2401 1071 2546 1126 enim
2576 1071 2713 1126 dixit
2739 1071 3026 1141 judicium,
3056 1087 3233 1141 neque
3261 1071 3530 1140 justitiam
3563 1069 3676 1124 Cat-

2109 1174 2271 1216 saris.

2178 1271 2299 1328 Filii
2332 1274 2478 1329 enim
2515 1275 2657 1346 regis
2690 1285 2877 1346 gentes
2907 1276 3252 1341 Christiame,
3284 1286 3338 1331 et
3373 1277 3560 1346 populi
3593 1291 3679 1330 re-

2108 1365 2199 1434 gni
2221 1374 2382 1430 sunt,
2416 1366 2510 1436 qui
2543 1367 2646 1421 sub
2678 1376 2858 1422 vestra
2886 1368 3219 1438 protectione
3250 1376 3305 1421 et
3339 1383 3470 1436 pace
3508 1369 3565 1420 in
3601 1383 3682 1420 re-

2109 1472 2215 1526 gno
2277 1457 2510 1529 degunt,
2567 1469 2620 1514 et
2683 1461 2990 1517 consistunt
3049 1461 3203 1532 juxta
3270 1461 3680 1531 Evangelium:

2115 1568 2133 1599 ι
2173 1548 2640 1617 Quemadmodum
2674 1553 2874 1624 gallina
2907 1565 3198 1627 congregat
3229 1556 3407 1624 pullos
3439 1555 3550 1609 sub
3583 1555 3682 1609 alis

2107 1646 2174 1700 ⁸³.
2217 1664 2237 1698 ι
2271 1644 2470 1703 Gentes
2501 1661 2632 1703 vero
2677 1649 2828 1719 regni
2864 1647 3158 1703 Britannia!
3188 1657 3243 1704 et
3287 1648 3473 1717 populi
3533 1648 3683 1716 regni

2106 1747 2270 1805 sunt;
2305 1754 2444 1810 quos
2476 1741 2681 1797 divisos
2712 1742 2918 1798 debetis
2951 1743 3004 1796 in
3027 1758 3194 1797 unum
3230 1743 3295 1796 ad
3330 1742 3682 1796 concordiam

2103 1839 2160 1884 et
2191 1846 2400 1900 pacem,
2437 1841 2492 1887 et
2524 1833 2590 1888 ad
2625 1833 2805 1900 ﬁdem,
2839 1842 2893 1888 et
2933 1833 3002 1888 ad
3037 1835 3207 1904 legem
3262 1834 3489 1893 Christi,
3529 1843 3587 1886 et
3618 1833 3685 1885 ad

2104 1936 2349 1981 sanctam
2399 1925 2696 1982 Ecclesiam
2747 1941 3112 1998 congregare,
3146 1941 3437 1990 revocare,
3476 1924 3684 1989 fovere,

2103 2036 2268 2076 manu
2303 2031 2510 2084 tenere,
2544 2029 2844 2090 protegere,
2879 2029 3092 2091 tegere,
3126 2027 3180 2074 et
3207 2018 3276 2073 ab
3309 2017 3602 2087 injuriosis
3632 2025 3686 2070 et

2103 2115 2392 2172 malitiosis
2424 2125 2478 2170 et
2508 2115 2577 2170 ab
2610 2114 2847 2169 inimicis
2881 2129 3094 2182 semper
3124 2111 3433 2167 defendere.

2179 2243 2198 2276 ‹
2241 2223 2334 2280 V2
2366 2239 2532 2296 regno
2565 2224 2721 2295 cujus
2753 2239 2849 2279 rex
2881 2239 3016 2294 puer
3047 2231 3169 2288 est,
3202 2231 3258 2278 et
3288 2224 3446 2292 cujus
3479 2222 3684 2290 princi—

2103 2332 2198 2388 pes
2231 2333 2392 2373 mane
2422 2317 2716 2372 comedunt
2747 2317 2816 2370 ⁸⁹.
2859 2335 2879 2369 ι
2913 2314 3030 2371 Non
3053 2331 3187 2371 voco
3221 2330 3423 2386 regem,
3461 2324 3682 2383 propter

2101 2426 2325 2480 parvam
2358 2419 2414 2466 et
2437 2409 2718 2466 minimam
2752 2409 3103 2476 aetatem,sed
3137 2418 3357 2478 promer
3387 2409 3680 2462 stultitiam

2100 2513 2156 2558 et
2189 2502 2529 2573 iniquitatem
2565 2511 2620 2556 et
2644 2501 3014 2568 insanitatem,
3046 2501 3198 2571 juxta
3225 2499 3561 2568 Prophetam
3595 2515 3684 2553 re-

2101 2610 2267 2666 gem:
2311 2613 2331 2646 ι
2387 2593 2500 2650 Viri
2553 2595 2915 2666 sanguinum,
2951 2603 3005 2648 et
3048 2592 3225 2648 dolosi
3266 2607 3377 2646 non
3423 2591 3685 2646 dimidia-

2101 2687 2238 2741 bunt
2267 2687 2385 2742 dies
2417 2702 2548 2743 suos
2579 2688 2647 2752 '°,
2693 2705 2712 2738 ι
2749 2697 2853 2742 etc.
2888 2685 2990 2741 Per
3041 2686 3435 2741 comestiouem
3475 2683 3681 2738 intelli-

2101 2779 2279 2847 gimus
2300 2781 2478 2848 gulam
2499 2821 2515 2847 ,
2539 2793 2637 2849 per
2678 2779 2858 2850 gulam
2917 2779 3221 2848 luxuriam,
3255 2793 3353 2847 per
3400 2776 3684 2830 luxuriam

2099 2871 2283 2924 omnia
2318 2870 2516 2940 turpia,
2549 2879 2604 2926 et
2633 2885 2909 2940 perversa,
2940 2880 2995 2926 et
3027 2871 3200 2938 mala,
3231 2872 3388 2942 juxta
3423 2869 3684 2924 Salomo-

2100 2977 2224 3016 nem
2260 2979 2483 3034 regem:
2523 2982 2543 3015 ι
2587 2963 2642 3018 In
2693 2965 3012 3020 malevolam
3057 2964 3294 3018 animam
3341 2979 3453 3018 non
3503 2974 3686 3016 mtro-

2019 3046 2063 3104 C
2096 3050 2196 3107 ibit
2227 3053 2514 3124 sapientia,
2533 3069 2635 3110 nec
2668 3054 2936 3111 habitabit
2965 3056 3022 3110 in
3041 3069 3271 3126 corpore
3291 3053 3523 3109 subdito
3558 3069 3684 3123 pec-

2094 3145 2232 3200 catis
2263 3147 2327 3199 “.
2374 3164 2394 3198 ι

2167 3279 2278 3336 Rex
2314 3281 2513 3338 dicitur
2564 3300 2595 3339 a
2630 3283 2898 3355 regendo,
2934 3299 3044 3339 non
3084 3299 3116 3338 a
3149 3300 3338 3355 regno.
3377 3283 3502 3339 Rex
3549 3286 3683 3347 eris.

2094 3373 2225 3430 dum
2259 3375 2395 3430 bene
2427 3377 2602 3447 regis;
2655 3379 2799 3448 quod
2853 3377 2960 3432 nisi
3008 3376 3221 3444 feceris,
3274 3393 3482 3432 nomen
3543 3380 3685 3451 regis

2095 3482 2205 3522 non
2241 3468 2295 3522 in
2330 3477 2383 3523 te
2414 3469 2724 3534 constabit,
2759 3477 2814 3525 et
2844 3485 3042 3525 nomen
3079 3473 3221 3540 regis
3253 3471 3450 3540 perdes
3481 3490 3499 3525 :
3537 3472 3685 3542 quod

2099 3561 2267 3616 absit!
2295 3560 2392 3616 Det
2421 3562 2577 3617 vobis
2614 3564 2958 3633 omnipotens
2989 3561 3136 3619 Deus
3183 3579 3412 3634 regnum
3463 3564 3684 3620 Britan—

2097 3656 2202 3708 nlze
2232 3653 2312 3708 sic
2343 3669 2548 3725 regere,
2585 3663 2645 3709 ut
2685 3659 2864 3725 possis
2896 3672 3020 3712 cum
3068 3671 3136 3711 eo
3166 3671 3395 3726 regnare
3429 3657 3494 3711 in
3527 3669 3683 3713 atter-

2095 3761 2248 3811 num,
2282 3745 2440 3816 cujus
2471 3747 2708 3802 vicarius
2739 3749 2872 3803 estis
2904 3748 2958 3802 in
2985 3763 3150 3819 regno
3180 3749 3456 3818 praedicto.

523 3847 571 3881 ⁸⁵
591 3845 779 3928 Cpnst.
806 3847 880 3903 Μ.
903 3849 969 3904 ad
1131 3850 1382 3928 Nicgenos
1419 3854 1474 3910 in
1501 3856 1606 3910 col.
1633 3854 1798 3928 Hadr.
1821 3874 1871 3915 c.
1904 3860 1966 3915 5i

2116 3860 2222 3916 lex
2242 3862 2371 3916 edit.
2395 3861 2523 3916 Ant.
2553 3863 2692 3928 Aug.
2762 3863 2806 3894 ⁵⁸
2831 3861 2937 3918 Tit.
2980 3880 3074 3927 Ill,
3107 3864 3193 3916 ll.
3269 3863 3314 3895 "
3347 3862 3517 3920 Rom.
3555 3883 3676 3928 xm.

578 3917 648 4002 ﬁ“
680 3919 701 3971 I
731 3917 997 4002 Joanzlv,
1176 3922 1243 4002 __‘°
1272 3922 1472 4002 Victor.
1503 3942 1588 4002 ep.
1624 3913 1877 4002 Carthag.
1903 3913 1969 3984 ad
2002 3913 2369 4002 Theodorum
2389 3913 2767 4002 ps'biirﬁfébn.
2802 3913 3130 3988 Latet-sul;
3148 3913 3238 3989 HS.
3275 3913 3522 3991 nihili;

419 3985 549 4051 sult.
578 3985 634 4051 2,
667 4002 812 4042 anno
841 3989 963 4043 649.

1039 3992 1084 4024 '°
1101 3992 1269 4065 ξἰεΙῙιςΔ
1298 3995 1387 4059 Ill,
1415 4011 1499 4064 ep.
1533 3992 1585 4052 ἰ.
1661 3997 1705 4028 ⁵¹
1732 3992 2058 4065 perturbare.

424 4050 636 4134 Eleuthg.
669 4053 913 4134 9,__Co_ss.
935 4050 1495 4134 _Triarius_bfaterntis
1525 4050 1582 4119 et
1619 4050 2144 4122 Aureliusllradua.
2237 4050 2758 4134 δ”ῖδὲξι1ῖἰίιιίἶιξ’1.

2157 4003 2203 4034 ⁸³
2237 4000 2404 4069 Prov.
2446 4000 2614 4068 xVIII,
2657 4003 2711 4056 9.
2788 4003 2834 4034 ⁸³
2878 4003 3142 4058 Materno.
3251 4005 3300 4035 “
3334 4006 3504 4059 Anno
3540 4008 3678 4069 183,

2865 4074 2912 4104 ⁸⁸
2945 4072 3086 4128 Psal.
3117 4090 3261 4140 xuv,
3289 4077 3344 4132 8.
3446 4077 3496 4108 ⁸⁷
3531 4078 3676 4133 Psal.

423 4136 572 4189 Lxxl,
601 4125 653 4179 1.
729 4123 776 4156 ⁸⁹
801 4124 988 4181 Matth.
1010 4143 1177 4194 .xxm,
1203 4129 1293 4186 37.
1368 4134 1413 4166 "
1441 4133 1620 4190 Eccle.
1651 4152 1705 4201 x,
1736 4136 1823 4191 l6.
1896 4138 1941 4170 “
1968 4137 1990 4192 Ι

2141 4153 2248 4202 Liv,
2275 4137 2365 4192 24.
2442 4139 2483 4170 ⁶¹
2514 4123 2782 4209 Sap.'t,l.

417 4293 576 4366 mum
596 4287 808 4366 partum
840 4281 1094 4340 Ecclesia:
1115 4291 1512 4366 respuendum,
1545 4295 1637 4349 sed
1664 4297 1844 4366 potius
1867 4308 1984 4352 tan-
2015 4300 2061 4357 ll
2089 4300 2456 4359 hierarchicus
2480 4320 2510 4358 a
2543 4303 2761 4360 Christo
2806 4305 2861 4360 in
2891 4305 3130 4362 Ecclesia
3183 4306 3500 4365 institutus.
3539 4310 3675 4366 Nam

417 4363 604 4446 quam
607 4358 824 4446 magis
830 4368 1105 4446 get-$51113
1142 4358 1343 4446 fetum
1373 4358 1690 4446 germanum
1736 4368 1985 4446 plurimis
2091 4371 2231 4426 sicut
2260 4358 2540 4443 quodlibet
2559 4358 2868 4431 membrum
2889 4358 3135 4446 corporis
3151 4358 3268 4432 si;
3279 4358 3519 4436 aliis};
3539 4358 3678 4436 fuit;

416 4426 762 4540 uoster-prum
793 4423 1121 4508 pontificum.
1138 4423 1538 4514 scriptisjuasi
1566 4423 1801 4517 filiorum
1821 4438 1983 4518 vulti-

458 4503 522 4540 us
563 4489 900 4540 Slmllllmnm
929 4534 943 4540 -
991 4495 1060 4540 ah
1108 4513 1324 4540 II'IIIII'IIR
1365 4517 1704 4540 Inlmlnnraam
1752 4508 1983 4540 “anAn-ua,

458 4503 522 4541 us
563 4489 900 4567 simillimum
928 4534 945 4558 ,
975 4495 1060 4567 ab
1108 4489 1324 4567 injuriis
1365 4489 1988 4562 inimicorumivindica-

417 4566 532 4610 tum
555 4556 730 4614 obviis
757 4556 1096 4630 amplexibus
1121 4556 1241 4622 esse
1268 4556 1749 4640 acceptandumﬂet
1766 4556 1772 4559 ⁷
1790 4556 1984 4632 ista}-

415 4625 567 4680 dum.
607 4625 734 4682 Sev.
767 4627 884 4684 BIN.

488 4695 619 4773 (54)_
638 4697 920 4773 ﬂujusfei
948 4705 1124 4773 gratia
1151 4707 1465 4765 uniuersalis
1517 4712 1659 4767 vobis
1685 4731 1718 4767 a
1768 4713 1981 4770 Christo

413 4763 767 4854 Jesu.'ld
806 4763 1264 4854 dum'hagretici,
1322 4763 1714 4854 quaiujiibé
1745 4763 1986 4854 tempore

415 4851 648 4924 magnus
673 4853 936 4924 numerus
963 4852 1098 4923 erat,
1133 4847 1440 4924 universam
1480 4849 1780 4924 Ecclesiam
1812 4847 1983 4924 oppu-

415 4913 741 4992 guant,n_on
776 4911 937 4992 modo
962 4913 1253 4985 episcopis,
1279 4920 1372 4992 sed
1403 4920 1694 4992 unicuique
1714 4911 1985 4980 Christia-

414 4976 1205 5063 no‘ejusdefendendatonraft
1225 4976 1462 5045 studium
1485 4976 1810 5048 demandata
1825 4976 1983 5063 sunt;

411 5046 668 5130 omnibus
695 5049 839 5130 enim
864 5051 1020 5130 nobis
1070 5069 1100 5107 a
1132 5053 1242 5130 Deo
1287 5046 1981 5130 praeceptumpestVJECEle:

413 5125 715 5201 captiaut
738 5132 838 5201 pro
868 5121 1095 5201 veritate
1119 5140 1183 5180 ac
1205 5121 1415 5195 justitia
1454 5121 1626 5201 usque
1655 5135 1722 5188 ad
1749 5121 1980 5190 mortem

413 5193 704 5242 certemus.
748 5191 854 5245 Nec
899 5191 970 5247 ob
1009 5207 1129 5250 eam
1172 5191 1394 5255 causam
1452 5191 1804 5260 confunditur
1847 5205 1984 5262 ordo

2090 4456 2244 4511 gens,
2278 4459 2378 4512 pro
2403 4453 2517 4499 toto
2535 4460 2762 4515 corpore
2793 4447 3041 4502 laborare
3065 4447 3284 4513 dicitur,
3307 4451 3449 4505 adeo
3482 4463 3543 4507 ut
3573 4455 3675 4506 hac

2087 4524 2154 4564 ex
2173 4515 2510 4585 partetotius
2530 4516 2911 4583 eorporis,non
2941 4517 3111 4585 partis
3135 4527 3350 4573 tantum
3372 4535 3514 4576 cura
3541 4524 3671 4577 abs-

2087 4594 2193 4660 que
2222 4582 2413 4660 capitis
2445 4582 2642 4660 injuria
2671 4582 3071 4660 illicomniissa
3096 4589 3289 4660 merito
3319 4590 3426 4644 dici
3457 4594 3670 4660 possit;

2086 4651 2273 4726 eadem
2305 4651 2513 4726 ratione
2535 4655 2673 4726 dixit
2702 4653 3046 4726 Eleutherius
3080 4651 3322 4726 pontifex
3349 4699 3366 4724 ,
3400 4651 3670 4716 omnibus

2085 4728 2140 4796 e_t
2164 4721 2391 4796 singulis
2412 4725 2670 4781 membris
2693 4725 2817 4794 jure
2848 4721 3153 4796 meritoque
3201 4721 3539 4786 universalis
3567 4732 3670 4786 Ec-

2085 4789 2478 4871 clesitecuram
2511 4789 2880 4871 commissam.
2928 4789 3200 4871 Novantes
3232 4815 3364 4871 ergo
3404 4802 3558 4857 hunc
3588 4803 3667 4857 lo-

2085 4871 2210 4916 cum
2241 4861 2395 4942 malg
2417 4865 2804 4942 intelligentes,
2828 4875 2952 4921 ante
2993 4867 3278 4942 victoriam
3293 4861 3664 4942 vtriumphum

2085 4930 2466 5011 canunt..Vide
2495 4930 2822 4991 Tuti-ianum
2861 4977 2877 5004 ,
2908 4951 3030 5007 cap.
3051 4935 3108 5002 9,
3134 4937 3232 4994 lib.
3263 4956 3333 5006 u,
3365 4940 3479 4996 Pro
3495 4930 3658 5011 'epist.

2079 5001 2276 5070 pontif.
2306 5001 2384 5057 In.

2157 5071 2272 5195 (55‘;
2297 5071 2838 5159 Produxit.Usse.riu.s
2863 5074 2937 5129 De
2956 5075 3167 5133 Britau.
3191 5079 3396 5164 Eccles.

2087 5154 2207 5209 cap.
2275 5183 2290 5208 ,
2317 5144 2411 5198 sed
2437 5159 2678 5209 spumam
2693 5148 2902 5209 jlldlcal
2921 5145 3206 5207 Constant.
3240 5169 3294 5207 ιιι
3324 5170 3396 5209 an

2086 5218 2219 5266 tom.
2251 5211 2271 5267 l

2297 5098 2561 5142 ιτυυιιιιι
2585 5098 2838 5132 υδδετιυδ
2863 5098 2937 5129 ue
2956 5098 3167 5133 nrttau.
3191 5098 3396 5138 ιπαεσ.
3428 5098 3654 5151 prtntor.

2275 5183 2290 5208 ,
2313 5144 2411 5227 sed
2437 5147 2678 5227 spuriam
2693 5146 2902 5215 judicat
2921 5145 3206 5227 Constant.
3240 5153 3294 5207 in
3324 5153 3566 5227 append.
3587 5154 3658 5209 ad

2301 5211 2483 5285 Epist.
2501 5215 2652 5275 Rom.
2674 5211 2821 5290 ῥοηι.
2847 5233 2970 5289 pag.
2996 5217 3084 5275 22.
