3808 6206
1049 507 1258 718 S.
1424 513 2260 721 MELIT

366 863 1211 1030 SARDIUM
1289 874 1490 1025 IN
1572 870 2011 1028 ASIA
2089 875 3122 1037 EPISCOPUS

157 353 3355 412 Μ

839 1317 1446 1432 ΝΟΤΙΤΙΑ
1532 1319 1713 1430 ΕΤ
1793 1321 2706 1461 FRAGMENTA.

133 1532 653 1606 lCarolus_Christianus
675 1534 853 1606 \Yooc,
880 1535 1210 1606 De_M_elito_ne,
1234 1535 1472 1606 Sardium
1507 1536 1558 1606 ira
1582 1539 1722 1606 Asia
1740 1538 1996 1606 episcopo;
2036 1543 2335 1606 Dissertatio
2381 1543 2420 1601 Ι,
2460 1544 2526 1594 De
2555 1542 2653 1606 vita
2675 1548 2722 1594 et
2752 1540 2938 1593 meritis
2981 1545 3032 1593 S.
3077 1541 3319 1596 Memmii:

325 1595 502 1659 lapsis
524 1595 677 1660 m4;
701 1595 998 1649 Dissertatio
1021 1599 1086 1661 ll,
1110 1602 1180 1650 De
1197 1595 1398 1664 scriptis
1420 1603 1479 1650 S.
1503 1595 1911 1664 Melitonis,'cum'
1930 1595 2218 1666 fragmentis
2241 1595 2548 1664 eorum'dem,
2584 1605 2761 1667 Lipsiae
2783 1606 2920 1668 1751,
2944 1606 3108 1668 ἰηιιιο.)

1023 2108 1124 2170 DE
1153 2110 1214 2175 S.
1245 2112 1683 2209 MELITONI'S
1714 2115 1909 2177 VlTA
1941 2116 2043 2175 ET
2078 2115 2430 2178 hIERI'l‘lS.

1553 2278 1896 2336 lnstitutum.

187 2366 318 2427 [nter
342 2373 621 2444 praecipua
651 2375 836 2430 srcculi
868 2383 994 2445 post
1016 2375 1298 2431 Christum
1331 2386 1519 2432 natum
1548 2377 1776 2433 secundi
1796 2377 2056 2434 Ecclesia:
2076 2390 2399 2434 ornamenta
2428 2380 2572 2435 haud
2608 2381 2862 2435 ultimum
2904 2383 3080 2438 locum
3115 2395 3353 2441 meretur

132 2470 332 2518 sanctus
353 2463 558 2532 Melita,
595 2464 852 2522 Sardium
884 2469 936 2522 in
965 2468 1098 2523 Asia
1126 2470 1440 2539 episcopus,
1468 2470 1549 2524 vir
1579 2471 1704 2526 vitre
1746 2472 2059 2539 sanctitate,
2091 2473 2354 2542 praeclara
2386 2475 2716 2539 eruditione,
2751 2476 2994 2531 mascula
3021 2476 3351 2533 Christiana:

134 2549 389 2620 religionis
413 2553 758 2624 defensione,
781 2557 1014 2627 aliisque
1049 2558 1104 2611 in
1134 2556 1438 2614 Ecclesiam
1461 2559 1671 2614 meritis
1705 2559 1865 2629 longe
1889 2559 2389 2629 celebratissimus;
2427 2571 2612 2630 utpote
2650 2579 2813 2631 quem
2857 2561 3028 2618 Graeci
3059 2562 3350 2633 Latinique

131 2639 518 2714 Patres,primi,
544 2646 728 2713 medii,
747 2646 1031 2716 postremi,
1057 2647 1232 2701 amice
1257 2648 1664 2717 conspirantes,
1687 2654 1741 2702 et
1775 2648 1863 2718 pia
1891 2649 2127 2717 quadam
2158 2650 2325 2704 veluti
2363 2649 2708 2705 aemulatione
2734 2651 2989 2707 laudibus
3014 2656 3348 2725 extulerunt,

131 2737 516 2809 posteritatique
539 2740 906 2796 venerabilem
935 2740 1311 2798 reddiderunt.
1348 2739 1608 2811 Cogitans
1651 2741 1834 2811 itaque
1860 2742 2136 2811 quodnam
2161 2743 2507 2812 potissimum
2545 2753 2926 2813 argumentum
2980 2745 3082 2800 hoc
3128 2748 3349 2802 melete—

131 2837 255 2883 male
279 2835 620 2888 tractandum
643 2833 960 2904 deligerem,
996 2849 1120 2890 cum
1149 2835 1293 2890 inter
1319 2836 1422 2889 alia
1461 2843 1516 2890 et
1534 2835 1702 2890 menti
1726 2850 1860 2890 mea:
1891 2850 2011 2890 sese
2033 2834 2252 2890 oﬂerret
2273 2835 2477 2902 Melito,
2522 2837 2588 2891 de
2625 2853 2691 2891 eo
2730 2837 2891 2891 etiam
2940 2852 3213 2906 exponere
3238 2854 3348 2893 non

131 2921 338 2977 multum
370 2924 644 2992 haesitavi,
676 2927 770 2982 sed
799 2942 866 2982 eo
893 2926 1059 2982 citius
1092 2927 1190 2980 inii
1227 2927 1543 2992 consilium,
1578 2934 1694 2981 tum
1729 2925 1875 2996 quod
1907 2941 2103 2994 magna
2141 2928 2328 2996 utique
2366 2927 2464 2982 viri
2508 2927 2671 2997 hujus
2715 2927 2769 2980 in
2815 2943 2929 2981 rem
2975 2926 3347 2981 Christianam

131 3013 298 3069 merita
321 3031 440 3072 esse
473 3019 900 3088 cognoscebam,
929 3034 958 3072 a
990 3019 1228 3085 nemine,
1254 3027 1520 3086 quantum
1552 3019 1722 3072 sciam
1754 3033 1876 3088 ego,
1906 3017 2164 3087 peculiari
2190 3017 2591 3073 schediasmate
2626 3027 2914 3084 enarrata;
2945 3029 3058 3072 tum
3095 3019 3242 3086 quod
3266 3020 3348 3075 sic

130 3106 322 3162 occasio
350 3110 482 3164 mihi
513 3109 808 3166 elllorescit
838 3111 1231 3167 anecdotorum
1259 3111 1652 3166 nonnullorum
1675 3152 1691 3178 ,
1733 3127 1968 3182 quorum
1995 3111 2051 3164 in
2090 3111 2284 3166 itinere
2326 3127 2449 3166 meo
2485 3112 2696 3167 condus
2744 3111 2862 3178 fui,
2911 3127 3163 3181 promum
3197 3128 3347 3167 nunc

131 3198 318 3267 agendi,
341 3209 502 3271 atque
527 3201 666 3256 beati
695 3202 858 3272 hujus
882 3201 1060 3258 Patris
1083 3201 1386 3272 fragmenta
1413 3203 1661 3272 quadam
1686 3203 1744 3258 in
1770 3204 1947 3259 lucem
1975 3204 2355 3274 protrahendi,
2383 3203 2435 3258 in
2459 3219 2582 3274 quae
2607 3205 2833 3259 volvens
2857 3205 3345 3274 praestantissimos

132 3288 404 3352 Bodleian-.2
433 3301 789 3369 potiSsimum
817 3296 1160 3356 hihliotheme
1192 3297 1409 3353 codices
1445 3296 1584 3352 forte
1614 3298 1801 3354 incidi.
1826 3299 2017 3370 Opera:
2036 3298 2164 3354 hinc
2184 3299 2420 3369 pretium
2454 3314 2542 3354 me
2570 3297 2841 3353 facturum
2869 3300 3055 3367 credo,
3088 3299 3133 3354 si
3157 3300 3344 3355 omnia

131 3399 232 3453 quae
258 3389 320 3444 de
340 3391 616 3450 Melitonis
646 3395 782 3460 vita,
814 3394 1033 3464 scriptis
1070 3403 1124 3450 et
1152 3391 1362 3450 meritis
1393 3392 1634 3464 reperire
1658 3394 1846 3450 datum
1872 3393 1997 3459 fuit,
2029 3393 2082 3446 in
2110 3409 2278 3447 unum
2303 3407 2653 3460 congessero.
2686 3390 2756 3446 Ut
2787 3400 2969 3447 autem
2993 3391 3184 3445 ordine
3212 3406 3340 3460 per-

132 3487 400 3540 tractentur
423 3488 632 3555 omnia,
662 3489 730 3544 de
752 3489 990 3554 nomine,
1021 3489 1219 3558 patria,
1253 3505 1448 3559 genere
1480 3499 1534 3543 et
1559 3496 1719 3544 aetate
1745 3487 1886 3558 ejus,
1915 3501 2022 3558 qua
2047 3485 2267 3551 claruit,
2292 3485 2543 3555 quaedam
2573 3485 2752 3554 primo
2782 3485 2964 3538 statim
2991 3483 3114 3537 loco
3144 3483 3198 3536 in
3227 3498 3342 3536 me-

131 3571 259 3626 dium
293 3577 606 3648 proferam;
638 3581 834 3636 deinde
865 3582 931 3636 de
957 3582 1076 3652 ejus
1110 3583 1351 3652 ingenio,
1392 3583 1698 3638 eruditione
1724 3623 1739 3648 ,
1773 3581 2097 3638 castimonia
2118 3621 2134 3648 ,
2176 3579 2407 3650 aliisque
2438 3579 2734 3633 virtutibus
2756 3619 2772 3644 ,
2812 3578 3054 3646 itemque
3090 3576 3157 3630 de
3193 3575 3337 3644 ejus,

131 3678 223 3732 quo
244 3666 495 3726 divinitas
519 3680 817 3727 exornatus
849 3670 948 3726 fuit
981 3674 1283 3744 prophetia
1304 3675 1450 3729 dono
1471 3690 1650 3744 agam.
1673 3673 1846 3729 Porro
1876 3674 1943 3728 de
1973 3672 2159 3728 sedata
2182 3686 2278 3741 per
2311 3672 2430 3741 ejus
2457 3671 2762 3741 apologiam
2793 3670 2896 3724 sub
2921 3668 3101 3723 Marco
3122 3668 3343 3722 Aurelio

131 3764 177 3808 et
196 3754 350 3815 Lucio
381 3761 524 3818 Vero
563 3765 988 3833 imperatoribus
1011 3764 1453 3820 Christianorum
1479 3767 1789 3830 vexatione,
1821 3765 1887 3821 de
1920 3763 2182 3819 Ecclesiae
2204 3763 2525 3820 Laodicenae
2556 3761 2765 3816 reddita
2793 3776 2943 3830 pace,
2967 3761 3033 3815 de
3056 3761 3342 3817 itineribus

132 3850 291 3917 variis,
315 3853 541 3926 ejusque
571 3856 713 3910 circa
747 3854 1048 3925 Canonem,
1089 3855 1298 3912 Veteris
1340 3858 1687 3928 potissimum
1724 3855 2084 3924 Testamenti,
2116 3874 2246 3913 cura
2273 3900 2288 3925 ,
2333 3872 2444 3912 uno
2473 3857 2642 3912 verbo
2685 3857 2752 3911 de
2782 3856 2901 3926 ejus
2945 3857 2997 3910 in
3039 3855 3338 3911 Ecclesiam

132 3943 311 4000 meritis
334 3947 516 4018 largus
540 3947 898 4003 dicendorum
923 3963 1151 4018 campus
1187 3965 1308 4004 sese
1331 3951 1466 4004 mihi
1499 3950 1676 4004 oﬂ‘ert.
1703 3948 1924 4020 Longus
1959 3952 2291 4020 scriptorum
2315 3966 2344 4004 a
2366 3949 2621 4004 Melitone
2651 3960 3001 4003 exaratorum
3030 3949 3338 4017 catalogus,

131 4048 267 4097 quem
297 4036 677 4110 Hieronymus,
715 4039 1003 4106 Eusebius,
1037 4040 1290 4110 Ruﬁnus,
1321 4041 1659 4113 Nicephorus
1683 4042 2072 4103 exhibuerunt.
2115 4053 2358 4096 nostram
2391 4057 2611 4112 quoque
2645 4040 2942 4096 merebitur
2971 4041 3332 4111 diligentiam.

131 4124 180 4176 In
196 4127 367 4194 primis
382 4140 565 4186 autem
589 4132 643 4186 in
661 4133 977 4204 colligendis
997 4134 1100 4188 viri
1124 4135 1286 4205 hujus
1305 4135 1636 4191 sanctissimi
1659 4134 1974 4204 fragmentis
1995 4134 2216 4188 sedulus
2235 4151 2349 4201 ero,
2372 4149 2602 4204 quorum
2626 4133 2786 4188 etiam
2809 4133 3056 4204 quaedam
3078 4136 3340 4192 hactenus

132 4219 255 4287 typis
281 4224 521 4279 nondum
551 4226 821 4296 exscripta
850 4227 1129 4297 adjiciam.
1163 4227 1518 4298 Tandemque
1544 4228 1610 4283 de
1643 4227 1860 4293 haeresi,
1893 4243 2017 4296 quae
2042 4229 2110 4282 ab
2148 4242 2213 4283 eo
2245 4243 2475 4290 nomen,
2517 4235 2578 4280 ut
2607 4227 2662 4280 in
2687 4225 2884 4296 vulgus
2915 4225 3182 4290 creditur,
3217 4241 3341 4281 sor-

132 4311 212 4366 tita
229 4322 324 4382 est,
349 4317 552 4383 dicam,
583 4333 818 4389 eumque
847 4335 915 4375 ex
948 4321 1330 4377 haereticorum
1363 4319 1544 4374 indice
1589 4320 1828 4375 eximere
1857 4318 2191 4373 allaborabo.
2232 4317 2300 4373 Ut
2342 4319 2395 4372 in
2428 4333 2599 4388 pauca
2633 4333 2720 4372 me
2748 4318 3091 4384 contraham,
3135 4318 3200 4371 ad
3236 4317 3340 4372 tria

131 4401 230 4460 haec
247 4410 414 4478 capita
444 4427 668 4466 omnem
700 4414 1080 4470 tractationem
1103 4417 1376 4471 revocabo
1399 4430 1412 4466 :
1445 4412 1690 4468 Primum
1713 4412 1985 4468 Melitonis
2006 4414 2174 4468 vitam
2199 4413 2503 4482 meritaque
2519 4411 2821 4465 cnarrabit.
2854 4409 2912 4463 ln
2935 4410 3108 4463 altero
3133 4409 3337 4478 scripta

131 4495 234 4563 ejus
257 4505 676 4562 recensebuntur
695 4516 857 4578 atque
875 4507 1306 4579 fragmentorum
1335 4507 1465 4563 hinc
1481 4507 1610 4562 inde
1628 4505 1962 4562 exstantium
1987 4505 2223 4576 diligens
2247 4503 2567 4560 iustituetur
2591 4501 2956 4573 spicilegium.
2983 4500 3338 4571 Tandemque

131 4587 301 4646 ultimo
315 4593 429 4649 loco
449 4596 519 4650 de
541 4595 1022 4654 Melitonianorum
1052 4599 1247 4655 haeresi
1293 4583 1504 4670 agetur.
1543 4598 1684 4654 Cum
1724 4599 1826 4654 sub
1855 4598 2114 4653 manibus
2143 4607 2197 4652 et
2221 4607 2417 4668 praeter
2453 4611 2602 4666 spem
2630 4597 2866 4651 creverit
2897 4595 3199 4650 elaboratio
3223 4637 3239 4661 ,
3268 4611 3339 4651 ne

131 4675 326 4738 lecturis
354 4687 515 4744 nimis
541 4689 700 4761 longa
736 4691 988 4746 tractatio
1012 4706 1274 4746 nauseam
1305 4699 1541 4757 moveat,
1572 4690 1825 4759 moleque
1873 4704 1973 4745 sua
1999 4689 2252 4744 laborare
2299 4687 2547 4742 videatur
2592 4687 2906 4744 dissertatio
2954 4695 3164 4752 nostra,
3213 4700 3338 4755 per-

133 4778 430 4834 currendum
474 4797 729 4853 campum
781 4785 835 4838 in
884 4785 1060 4840 stadia
1107 4785 1419 4854 dispescere
1465 4783 1668 4852 liceat,
1705 4790 1760 4837 et
1788 4783 1892 4837 hac
1934 4783 2053 4838 vice
2080 4782 2146 4836 de
2180 4781 2465 4837 Melitonis-
2487 4780 2862 4834 tantummodo
2901 4779 3013 4832 vita
3041 4791 3336 4846 exponere,

135 4875 340 4935 eumque
367 4881 425 4927 ut
443 4875 690 4944 apprime
722 4877 966 4943 doctum,
988 4877 1284 4933 virtutibus
1329 4892 1498 4932 unum
1535 4876 1785 4930 omnium
1832 4875 1920 4929 sui
1955 4873 2218 4944 temporis
2262 4873 2502 4928 maxime
2531 4872 2813 4926 ﬂorentem
2841 4911 2857 4935 ,
2890 4877 2945 4925 et
2985 4869 3051 4924 de
3090 4867 3332 4924 Ecclesia

136 4949 215 5006 Dei
238 4961 435 5030 egregie
462 4975 763 5021 merentem
791 4967 1021 5035 sistere;
1052 4968 1262 5037 reliqua
1299 4977 1481 5023 autem
1513 4967 1604 5021 alii
1632 4967 1946 5036 propediem
1978 4965 2305 5020 insecutum
2339 4963 2713 5019 dissertationi
2747 4977 3052 5018 reservare.
3088 4960 3334 5016 Benevo-

136 5041 232 5097 Ium
265 5059 431 5108 autem
460 5055 740 5113 Lectorem
768 5059 1030 5129 majorem
1059 5060 1114 5113 in
1141 5059 1361 5115 modum
1401 5075 1533 5131 rogo
1563 5067 1726 5130 atque
1757 5059 2021 5124 obtestor,
2057 5069 2117 5111 ut
2145 5056 2526 5113 conaminibus
2552 5055 2690 5110 meis
2735 5053 2955 5121 faveat,
3003 5061 3335 5122 tenuemque

135 5132 321 5197 huncce
348 5145 583 5204 laborem
612 5151 754 5221 aequi
786 5150 1026 5221 bonique
1053 5152 1322 5208 consulat.

1152 5306 1179 5378 §
1215 5305 1254 5359 l.
1302 5306 1375 5360 De
1403 5306 1673 5362 Melitonis
1706 5307 1914 5360 nomine
1945 5307 2255 5362 observatio.

197 5445 337 5506 Circa
364 5452 537 5524 ipsum
567 5455 839 5513 Melitonis
861 5475 1057 5514 nomen
1087 5461 1271 5516 statim
1300 5460 1354 5515 in
1386 5461 1577 5516 limine
1606 5461 1956 5518 tractationis
1983 5471 2185 5518 nostra:
2223 5460 2488 5521 nonnulla
2531 5467 2691 5515 erunt
2713 5459 3022 5516 adnotanda
3052 5468 3107 5517 et
3137 5461 3331 5518 obser-

139 5538 264 5595 vatio
289 5548 522 5612 quaedam
545 5551 899 5622 grammatica
936 5553 1311 5622 prannittenda
1343 5555 1469 5622 erit,
1494 5570 1635 5624 quaa,
1667 5563 1787 5610 utut
1820 5555 1955 5610 levis
1994 5554 2255 5610 momenti
2314 5569 2403 5609 res
2435 5553 2622 5609 multis
2652 5554 2820 5609 videri
2853 5554 3067 5624 possit,
3113 5555 3328 5611 silentio

142 5635 299 5689 tamen
319 5637 399 5695 vel
424 5640 544 5698 ideo
568 5659 676 5699 non
703 5647 1075 5714 praetereunda
1097 5648 1230 5704 mihi
1269 5649 1503 5716 videtur,
1529 5647 1697 5719 quod,
1739 5665 1862 5706 cum
1899 5665 1930 5706 a
1969 5649 2296 5721 quibusdam
2336 5647 2506 5706 fuerit
2540 5649 2813 5721 neglecta,
2851 5663 3092 5704 errorem
3137 5649 3338 5719 peperit
