3808 6206
455 319 591 380 Ili?
1509 322 1566 379 S.
1605 320 1862 381 MELITO
1902 320 2210 381 SARDIUM
2249 319 2661 379 EPISCOPUS._
3569 316 3683 378 1MB

455 435 512 491 in
544 455 708 509 quem
747 441 1087 496 eruditorum
1115 440 1364 495 nonnulli
1390 456 1510 495 sese
1535 441 1719 494 induci
1744 440 1890 509 passi
1918 439 2162 505 fuerunt,
2192 449 2246 494 et
2275 440 2370 510 qui
2396 438 2738 493 confusionis
2771 437 3182 506 multarumque
3228 434 3487 487 tricarum
3511 448 3682 501 parens

456 526 617 582 facile
647 530 913 586 exsistere
939 541 1133 602 potest.
1168 530 1389 586 Scilicet
1423 532 1477 584 in
1520 529 1711 589 Latine
1747 531 2022 590 reddendo
2048 531 2224 586 nostri
2271 531 2609 587 confessoris
2647 529 2889 594 nomine,
2918 527 3063 596 quod
3091 527 3306 596 origine
3335 525 3575 580 Graecum
3614 532 3684 577 est

457 626 512 671 et
537 619 790 674 Μελίτων
820 621 992 688 audit,
1029 621 1258 676 diversa:
1285 622 1628 677 diversorum
1666 622 2022 675 inveniuntur
2048 623 2354 677 sententiae.
2383 623 2517 677 Aliis
2541 622 2687 676 enim
2720 619 2958 684 Melitus,
2993 620 3117 674 aliis
3154 618 3368 672 Miletus
3397 617 3480 670 vel
3502 609 3683 677 Mileto,

457 707 582 763 aliis
618 710 860 775 Meliten,
885 713 1009 767 aliis
1029 714 1268 783 denique
1315 713 1501 767 Melita
1529 714 1774 768 eﬂ‘ertur.
1823 713 2100 780 Quaeritur
2131 715 2315 785 itaque
2343 731 2594 785 quaenam
2632 715 2892 768 formatio
2939 713 3092 767 alteri
3126 714 3199 767 sit
3239 709 3600 781 prazferenda,
3643 718 3685 758 et

456 819 564 872 qua
595 807 942 874 potissimum
970 809 1356 863 terminatione
1382 823 1578 862 nomen
1614 809 1758 863 istud
1791 808 1983 864 Latine
2005 808 2227 862 veniat?
2254 808 2453 864 Facilis
2480 809 2776 863 admodum
2811 807 2877 861 ad
2924 808 3067 861 hanc
3103 806 3464 875 quaestionem
3492 801 3591 856 erit
3614 816 3684 853 re-

457 899 707 966 sponsio,
734 901 1031 958 dummodo
1054 909 1107 954 et
1145 901 1236 960 hic
1268 916 1616 954 communem
1651 901 2134 970 grammaticorum
2166 901 2399 970 pharum
2433 903 2609 968 sequi,
2643 915 2742 955 nec
2789 899 2872 958 ab.
2897 899 3146 969 analogia
3175 939 3191 962 ,
3227 913 3323 952 seu
3356 894 3686 954 similitudine

457 992 691 1045 aliarum
722 1006 918 1046 vocum
949 993 1204 1048 recedere
1228 993 1482 1047 velimus.
1518 990 1713 1047 Omnia
1745 1003 1926 1046 autem
1955 993 2178 1047 nomina
2208 993 2428 1063 propria
2457 993 2524 1047 in-
2546 993 2812 1063 syllabam
2841 1009 2948 1045 των
2972 992 3114 1061 apud
3138 990 3359 1046 Graecos
3380 987 3685 1049 desinentia,

457 1078 651 1136 Latine
680 1082 733 1135 in
765 1099 824 1134 το
847 1083 1002 1137 linire
1029 1084 1278 1154 analogia
1314 1085 1474 1138 docet
1498 1101 1512 1148 ;
1546 1083 1627 1138 sic
1652 1099 1702 1136 v.
1730 1099 1778 1138 c.
1807 1083 2054 1147 Πλάτων,
2091 1083 2348 1136 Πλούτων
2375 1083 2565 1138 Latine
2609 1099 2718 1137 non
2743 1084 3001 1138 dicuntur
3024 1083 3218 1138 Platon
3253 1091 3348 1136 aut
3376 1080 3587 1144 Plutus,
3609 1079 3686 1132 sed

455 1172 642 1240 potius
669 1171 845 1235 Plato,
873 1172 1072 1240 Pluto;
1114 1176 1243 1230 hinc
1271 1177 1478 1230 clarum
1513 1191 1733 1246 quoque
1763 1191 1884 1230 esse
1915 1177 2173 1242 arbitror,
2203 1176 2458 1230 Μελίτων
2479 1176 2670 1231 Latine
2696 1191 2819 1230 esse
2844 1175 3048 1229 Melita.
3082 1175 3247 1230 Recte
3273 1177 3461 1244 itaque
3489 1174 3557 1227 ab
3578 1171 3687 1224 [lal-

456 1269 625 1324 loixio
661 1269 739 1340 (1)
768 1271 975 1325 erroris
1004 1281 1311 1342 arguuntur
1331 1270 1527 1326 Petrus
1564 1271 1852 1342 Equilinus
1878 1280 1933 1325 et
1955 1268 2240 1349 Philippus
2265 1269 2649 1341 Bergomcnsis
2670 1310 2684 1333 ,
2726 1285 2965 1335 quorum
3017 1269 3106 1324 ille
3145 1276 3394 1323 nostrum
3443 1265 3689 1330 Melitam,

456 1360 547 1415 hic
575 1376 705 1415 vero
731 1363 982 1417 eumdem
1012 1363 1276 1426 Miletum,
1307 1366 1389 1418 vel
1419 1365 1702 1420 Miletonen
1727 1366 1960 1420 vocavit.
1995 1365 2133 1422 Hine
2163 1365 2437 1421 notandus
2469 1380 2686 1435 quoque
2712 1362 2999 1432 Philippus
3039 1361 3293 1417 Labbeus
3324 1361 3402 1430 (2)
3429 1401 3445 1424 ,
3477 1360 3565 1414 cui
3587 1375 3691 1428 per-

457 1452 584 1508 inde
605 1467 708 1517 cst,
746 1457 862 1511 sive
901 1453 1190 1523 Melitonis,
1223 1459 1337 1512 sive
1364 1457 1534 1512 Mileti
1568 1461 1792 1514 nomine
1840 1468 2029 1514 noster
2069 1459 2356 1513 salutetur.
2383 1455 2592 1526 Negare
2621 1465 2803 1510 tamen
2854 1471 2962 1509 non
3015 1470 3238 1523 possum
3285 1457 3430 1506 hunc
3467 1466 3690 1506 errorem

455 1546 643 1600 multis
666 1547 890 1616 jatnjam
917 1558 1061 1602 retro
1092 1551 1306 1604 smeulis
1336 1561 1601 1615 erratum,
1638 1551 2056 1622 Meli‘tonemque
2111 1549 2301 1603 Latine
2333 1549 2590 1602 Miletum
2606 1564 2826 1618 quoque
2848 1547 3023 1607 fuisse
3044 1547 3399 1616 appellatum.
3444 1544 3538 1598 Sic
3561 1544 3694 1604 enim

456 1637 512 1690 in
535 1638 721 1693 codice
745 1641 970 1708 antiquo
997 1642 1152 1708 satis,
1184 1645 1512 1714 optitnzeque
1559 1652 1722 1708 notae,
1753 1643 1845 1713 qui
1875 1642 2102 1697 Parisiis
2139 1640 2192 1694 in
2215 1641 2443 1711 collegio
2475 1639 2767 1694 Societatis
2799 1636 2930 1692 Jesu
2971 1636 3422 1692 Claromontano.
3458 1649 3695 1689 asserva-

456 1737 568 1798 tttr,
591 1734 795 1802 quique
820 1733 1090 1790 Melitouis
1118 1737 1343 1802 librum,
1371 1736 1577 1791 Clavim
1597 1736 1828 1800 dictum,
1854 1734 2119 1797 continet,
2151 1732 2445 1786 anterioris
2474 1730 2588 1786 folii
2611 1745 2866 1800 suprema
2896 1739 3049 1799 parte
3073 1728 3190 1783 haec
3221 1727 3498 1797 leguntur,
3523 1723 3692 1779 eadem

453 1839 562 1893 qua
611 1826 779 1880 codex
805 1827 1009 1897 integer
1037 1845 1198 1883 ntanu
1233 1840 1490 1884 exarata:
1529 1829 1768 1892 Miletus,
1805 1829 2034 1883 Asianus
2064 1826 2362 1895 episwpus,
2400 1826 2539 1879 hunc
2562 1824 2756 1878 librum
2779 1822 2965 1888 edidit,
2989 1837 3142 1890 quem
3166 1829 3216 1874 et
3243 1837 3475 1890 congruo
3509 1820 3697 1872 nomine

452 1918 663 1972 Clavim
689 1922 997 1989 appellavit.
1033 1921 1102 1976 Ut
1127 1923 1310 1994 itaque
1337 1923 1611 1989 Labbcus,
1644 1925 1689 1979 si
1715 1925 1935 1994 quidem
1971 1921 2144 1975 errori
2172 1919 2472 1989 antiquitas
2503 1916 2874 1990 patrocinium
2900 1915 3097 1970 afferre
3122 1924 3322 1985 potest,
3358 1918 3696 1969 excusandus

453 2011 859 2081 quodammodo
883 2015 976 2079 sit,
1002 2018 1146 2086 quod
1174 2026 1426 2071 nostrum
1466 2031 1690 2088 quoque
1721 2016 1970 2071 Miletum
1996 2016 2292 2070 vocaverit.

1615 2170 1642 2242 §
1682 2169 1744 2224 ll.
1803 2171 1948 2226 Varii
1992 2174 2090 2223 hoc
2126 2169 2338 2229 nomine
2381 2167 2538 2222 clari;

523 2320 640 2376 Non
673 2322 990 2397 infrequens
1018 2333 1201 2382 autem
1227 2325 1500 2384 Melitonis
1525 2328 1579 2382 in
1608 2343 1790 2381 rerum
1823 2337 2100 2403 gestarum
2132 2323 2504 2380 monumentis
2532 2334 2614 2380 est
2636 2343 2863 2389 nomen,
2896 2338 2997 2379 nec
3032 2329 3225 2376 noster
3241 2319 3407 2374 nice
3435 2315 3698 2372 memoria:

453 2418 872 2491 posteritatique
905 2421 1038 2478 illud
1070 2420 1316 2487 tradidit,
1343 2421 1437 2476 sed
1465 2422 1518 2476 in
1551 2422 1726 2477 sacris
1750 2437 1906 2491 teque
1937 2437 2002 2476 ac
2037 2420 2282 2487 profanis
2314 2419 2604 2476 annalibus
2631 2430 2927 2476 occurrunt
2958 2429 3012 2474 et
3039 2419 3129 2473 alii
3157 2416 3389 2478 eodem,
3431 2413 3526 2467 vel
3569 2409 3698 2465 haud

453 2515 686 2572 "mltum
718 2513 936 2569 diverso
967 2514 1188 2568 nomine
1210 2515 1366 2568 clari.
1394 2513 1678 2584 Philippus
1705 2513 1994 2569 Ferrarius
2033 2514 2134 2586 (5),
2165 2514 2372 2570 ordinis
2399 2511 2746 2568 Servitarum
2771 2514 3060 2586 generalis,
3090 2511 3172 2564 vir
3195 2507 3345 2562 omni
3383 2503 3699 2561 eruditionis

452 2625 652 2682 genere
673 2609 1157 2676 instructissimus,
1191 2621 1244 2666 et
1270 2613 1336 2666 de
1364 2622 1681 2667 sanctorum
1712 2610 2062 2686 potissimum
2092 2610 2252 2676 Vitis,
2281 2627 2514 2681 quorum
2541 2613 2763 2666 nomina
2810 2613 2862 2666 in
2909 2607 3350 2681 Martyrologium
3401 2602 3699 2656 Romanum

451 2718 563 2761 non
589 2701 1024 2770 fuerunt‘relata,
1060 2705 1273 2776 egregie
1301 2705 1547 2770 meritus,
1574 2703 1850 2761 Melitonis
1877 2703 2163 2772 cujusdam
2189 2704 2457 2760 Sulcitani
2489 2748 2504 2772 ,
2537 2706 2592 2760 in
2620 2703 2871 2758 Sardinia
2900 2703 3159 2773 episcopi,
3196 2699 3534 2754 mentionem
3568 2695 3700 2756 facit,

453 2795 758 2866 asseritque
813 2812 874 2856 se
919 2812 986 2852 ex
1019 2796 1218 2858 tabulis
1247 2806 1302 2851 et
1347 2797 1724 2858 monumentis
1747 2795 2006 2851 Ecclesia:
2039 2794 2334 2853 Sulcitana:
2379 2797 2580 2852 habere
2634 2795 3014 2850 testimonium
3065 2789 3380 2861 lmjusmodi
3421 2786 3701 2844 Melitonis,

455 2886 630 2954 Sulci,
661 2904 756 2944 seu
783 2887 973 2943 Sulcbi
1004 2887 1161 2960 (4).in
1188 2889 1441 2944 Sardinia
1479 2888 1719 2958 episcopi
1768 2896 1823 2942 et
1851 2887 2129 2957 martyris,
2162 2903 2399 2957 eumque
2431 2889 2667 2958 primum
2715 2887 2878 2956 hujus
2901 2883 3048 2940 sedis
3079 2882 3364 2954 praasidem
3406 2881 3618 2943 statuit,
3660 2885 3704 2930 et

452 2981 744 3048 Bonifacii,
807 2983 1104 3038 Calaritani
1154 2984 1394 3054 episcopi
1444 2983 1797 3053 discipulum.
1852 2980 1938 3036 Cl.
1992 2980 2041 3036 J.
2094 2981 2161 3036 A.
2205 2979 2492 3036 Fabricius
2528 2981 2629 3051 (5),
2671 2981 2803 3051 quid
2863 2981 3008 3035 enim
3072 2979 3217 3032 hunc
3270 2977 3446 3029 latere
3501 2975 3706 3044 potuit?

453 3077 622 3148 hujus
653 3094 873 3148 quoque
898 3077 1166 3143 meminit,
1191 3088 1353 3147 atque
1377 3077 1442 3131 ad
1479 3077 1796 3156 Hieronymi
1835 3079 2016 3133 locum
2044 3119 2058 3143 ,
2094 3076 2189 3131 ubi
2238 3076 2306 3130 de
2330 3085 2522 3131 nostro
2544 3075 2798 3131 Melitone
2836 3078 3016 3147 agitur
3039 3116 3055 3139 ,
3093 3073 3382 3143 diligenter
3415 3071 3703 3130 adnotavit,

453 3188 580 3226 cum
608 3187 732 3226 cum
771 3171 1054 3226 Sulcitano
1077 3171 1301 3233 minime
1323 3187 1443 3226 esse
1467 3170 1934 3226 confundendum.
1967 3171 2022 3224 In
2057 3169 2204 3224 Actis
2232 3167 2549 3223 Sanctorum
2580 3169 2678 3240 (6),
2707 3185 2829 3240 qua:
2858 3169 3042 3224 multis
3074 3167 3445 3223 voluminibus
3478 3167 3704 3220 Antwer-

452 3263 557 3332 pia:
586 3263 847 3334 singulari
873 3264 922 3320 J.
971 3264 1237 3328 Bollandi,
1271 3262 1596 3319 llenschenii
1623 3305 1638 3328 ,
1667 3261 2031 3334 Papebrochii
2076 3263 2423 3333 aliorumque
2482 3278 2618 3318 cura
2652 3262 2777 3317 inde
2808 3265 2877 3318 ab
2917 3279 3062 3317 anno
3109 3261 3249 3316 1645
3287 3261 3617 3331 prodierunt
3660 3267 3703 3310 et

453 3355 634 3410 adhuc
656 3357 948 3426 prodeunt,
979 3357 1046 3410 de
1078 3356 1346 3411 Sulcitani
1379 3357 1545 3427 hujus
1600 3357 1710 3411 vita
1735 3357 1985 3427 quaedam
2021 3357 2303 3411 memoriae
2331 3356 2685 3411 mandantur.
2724 3354 2967 3412 Ecclesia
3004 3355 3312 3411 Laodicena
3336 3355 3592 3425 ejusdem
3622 3365 3706 3406 no-

454 3447 620 3502 minis
646 3448 810 3502 etiam
831 3449 1147 3519 episcopum
1179 3449 1388 3516 habuit,
1417 3450 1579 3519 cujus
1624 3450 1812 3522 passio
1861 3449 2036 3503 sancti
2070 3447 2301 3505 Joannis
2357 3451 2707 3520 evangelista:
2742 3449 3053 3503 celebratur
3075 3488 3090 3512 ,
3135 3463 3257 3517 qua:
3289 3445 3528 3500 Omnia:
3578 3447 3704 3498 inter

453 3541 692 3606 codices,
714 3556 854 3610 quos
887 3540 1192 3596 indelebilis
1214 3541 1494 3596 memoria:
1516 3542 1598 3594 vir
1617 3539 1858 3598 Thomas
1878 3538 2128 3594 Bodlaeus
2154 3540 2495 3596 bibliotheca:
2517 3541 2748 3611 publica:
2770 3540 2991 3611 legavit,
3014 3539 3388 3609 manuscripta
3421 3536 3703 3606 exstat(7),

455 3640 507 3686 et
540 3649 702 3703 quam
735 3632 784 3688 J.
814 3633 982 3689 Maria
1011 3634 1380 3693 Florentinius
1408 3635 1510 3706 (8),
1543 3643 1690 3694 etex
1727 3648 1794 3688 eo
1841 3633 2006 3687 modo
2037 3642 2374 3689 memoratus
2401 3632 2691 3689 Fabricius
2715 3633 2792 3702 (9)
2819 3616 2960 3704 typis
2982 3633 3402 3688 exscribendam
3427 3638 3702 3690 curarunt.

455 3733 544 3778 ast
565 3725 751 3782 nescio
777 3742 841 3781 ex
866 3743 975 3798 quo
1021 3728 1243 3795 codice,
1282 3729 1333 3783 id
1359 3739 1569 3790 tantum
1606 3744 1715 3783 non
1757 3727 1970 3798 ignoro,
2005 3725 2169 3781 Beato
2213 3725 2414 3783 Ioanni
2456 3727 2690 3783 Ernesto
2739 3727 2944 3783 Grabio
2987 3727 3278 3782 consilium
3319 3727 3503 3784 fuisse
3545 3728 3706 3782 denuo

456 3815 629 3881 illam,
661 3817 707 3872 si
738 3818 1151 3887 supervixisset,
1170 3834 1234 3875 ex
1261 3818 1449 3874 codice
1471 3819 1775 3889 Anglicano
1805 3817 2130 3878 edendi.lta
2153 3819 2299 3872 enim
2328 3834 2415 3873 me
2437 3820 2744 3876 docuerunt
2773 3819 2874 3873 viri
2897 3820 3063 3890 hujus
3089 3819 3279 3888 optimi
3320 3819 3568 3884 schedaz,
3597 3821 3708 3886 post

453 3921 688 3967 mortem
721 3912 837 3983 ejus
867 3914 1008 3968 inter
1039 3913 1253 3970 cimelia
1298 3914 1639 3968 bibliothecae
1682 3913 2022 3977 Bodleianae,
2061 3929 2160 3968 ceu
2195 3914 2337 3974 inter
2381 3913 2560 3969 sidera
2597 3915 2779 3970 relata:
2803 3956 2818 3981 ,
2855 3915 3040 3984 ibique
3068 3915 3358 3985 diligenter
3397 3923 3702 3975 asset-vate,

454 4021 594 4074 quas
631 4021 739 4059 non
787 4005 904 4060 sine
928 4005 1126 4077 insigni
1165 4007 1536 4061 emolumento
1562 4005 1812 4060 volutare
1839 4005 2274 4061 clarissimorum
2303 4006 2594 4061 custodum
2627 4007 2945 4062 humanitas
2979 4007 3113 4060 mihi
3143 4008 3440 4062 concessit.
3496 4006 3574 4059 De
3615 4005 3704 4059 hoc

454 4099 710 4156 llelitone
735 4099 1065 4168 Laodiceno,
1097 4099 1325 4156 videnda
1355 4101 1542 4170 utique
1571 4108 1700 4155 sunt
1727 4115 1791 4153 ea
1833 4115 1956 4169 quae
1997 4099 2444 4168 incomparabilis
2487 4098 2769 4154 Fabricius
2805 4100 2916 4170 (10)
2948 4099 3150 4169 passim
3188 4099 3255 4153 de
3297 4113 3368 4153 eo
3397 4097 3691 4154 annotavit.

455 4190 600 4248 Inter
633 4193 992 4262 quadraginta
1021 4203 1286 4266 martyres
1312 4191 1553 4247 Sebastas
1576 4193 1629 4248 in
1668 4192 1923 4247 Armenia
1961 4193 2063 4247 sub
2092 4193 2473 4263 persecutione
2506 4193 2698 4249 Licinii
2723 4195 2786 4246 Α.
2836 4192 2896 4247 C.
2927 4192 3068 4259 520,
3103 4190 3306 4262 frigore
3337 4201 3623 4259 caecatos,
3650 4192 3704 4244 de

457 4288 660 4358 quibus
682 4287 870 4344 Basilii
899 4288 1099 4358 Magni,
1124 4287 1371 4358 Gregorii
1394 4285 1664 4359 Nysseni’,
1691 4286 1926 4358 Ephrem
1964 4285 2107 4358 Syri,
2133 4286 2424 4342 Gaudentii
2467 4287 2770 4344 Brixiensis
2811 4289 3158 4358 aliorumque
3203 4288 3453 4358 insignes
3505 4295 3705 4343 exstant

455 4377 756 4445 orationes,
781 4379 1088 4435 celebratur
1111 4387 1165 4434 et
1190 4377 1462 4436 Melitonis
1487 4379 1711 4434 nomine
1740 4396 1908 4449 unus,
1941 4387 2173 4450 quartus
2197 4394 2227 4433 a
2253 4379 2542 4450 principio,
2568 4389 2729 4450 prout
2752 4395 2816 4433 ex
2845 4379 3218 4436 Bollandianis
3239 4380 3385 4435 inter
3416 4397 3482 4437 se
3504 4379 3704 4435 collatis

521 4555 598 4638 (1)
641 4554 1047 4638 Ini/llust-rium
1087 4555 1653 4638 Ecclesiazprientalis
1681 4555 2020 4638 scriptorum,
2055 4538 2102 4595 Α
2128 4553 2397 4638 dinensis,
2425 4569 2587 4638 quam
2616 4553 2770 4638 Sam.
2805 4553 3043 4638 Patrick,
3072 4557 3230 4620 1751,
3264 4560 3504 4638 curavit:

487 4623 540 4697 tti
581 4623 862 4682 sanctitate
887 4629 1051 4697 juxta
1069 4637 1117 4682 et
1170 4628 1465 4681 eruditione
1495 4642 1617 4680 swc.
1659 4643 1698 4678 tt
1730 4623 2023 4695 ﬂaruemnt
2142 4694 2155 4697 Α
2195 4623 2374 4697 t5)_ln
2425 4623 2757 4679 Bibliotheca
2813 4627 3136 4696 scriptorum
3194 4629 3695 4692 ecclesiasticarum,

509 4697 598 4750 itis
628 4709 677 4750 et
711 4694 1061 4760 documentis,
1092 4699 1186 4751 fol.
1224 4699 1346 4752 858.
1731 4694 1734 4695 ⁷
2131 4694 2225 4750 fol.
2255 4695 2342 4748 95.

523 4767 601 4848 (2)
645 4766 746 4848 Qui
779 4769 1019 4848 inA’ova
1048 4769 1378 4848 Bibliotheca
1409 4784 1536 4848 mss.
1561 4767 1838 4848 fibrarum
1866 4767 2022 4848 ,nsive
2310 4765 2521 4848 Mensis
2542 4765 2716 4848 April.
2755 4775 2885 4848 toto.
2921 4768 2966 4826 Ι.
2999 4766 3094 4820 fol.
3123 4767 3206 4820 11.

451 4835 752 4906 Specimine
771 4841 1117 4907 antiquarum
1137 4840 1430 4893 lectionum
1458 4837 1773 4892 Latinarum
1799 4848 1849 4891 et
1874 4837 2021 4892 Graa-
2170 4836 2281 4908 “(7)
2310 4835 2746 4908 V’itleftlatalogos
2778 4837 3040 4890 librorum
3075 4836 3695 4908 manuscriptorum'An-

450 4905 641 4960 carum
675 4909 728 4961 in
777 4925 830 4962 tv
855 4905 1034 4979 partes
1075 4909 1400 4964 tributarum
1423 4951 1437 4976 ,
1479 4909 1708 4963 Parisiis
1753 4908 1908 4972 1655,
1943 4908 2020 4979 αὖτ’.
2132 4907 2260 4979 glia;
2287 4916 2342 4979 et
2368 4905 2639 4979 Hibernia:
2663 4905 2715 4979 in
2747 4923 2914 4960 unum
2952 4908 3211 4979 collectos
3249 4919 3304 4962 et
3333 4905 3369 4962 a
3399 4908 3507 4963 Th.
3541 4908 3691 4978 llyde,

450 4986 609 5046 parte
639 4977 912 5045 secunda,
941 4980 997 5033 iu
1035 4995 1143 5050 qua
1179 4980 1376 5034 biblica
1421 4987 1474 5032 et
1507 4979 1807 5050 theologica
1846 4977 2024 5050 couti-

450 5057 681 5120 nentur,
695 5064 817 5120 pag.
840 5050 930 5115 2|,
965 5051 1036 5105 ita
1056 5049 1074 5105 7:
1100 5050 1276 5104 Clanis
1307 5066 1473 5104 sacra:
1498 5049 1809 5119 Scriptum,
1845 5049 2024 5102 Mileto

450 5117 844 5190 seukMelitone.
886 5121 1110 5184 Asiana,
1142 5131 1199 5174 ut
1228 5121 1429 5184 nolunt,
1459 5117 1700 5190 episcdpo
1731 5130 1965 5172 auctore.

524 5187 601 5262 (εξ)
641 5188 695 5241 ln
723 5190 982 5262 Catalogo
1013 5193 1249 5262 generali
1277 5187 1614 5254 sanctorum,
1637 5187 1736 5260 qui
1759 5197 2023 5262 nonsunt

451 5257 506 5331 i_n
530 5257 1199 5331 Martyrologio'Ro'mano
1224 5303 1240 5327 ,
1288 5261 1530 5317 Venetiis
1569 5257 1714 5316 anno
1761 5260 1928 5327 1625,
1965 5261 2020 5314 in

451 5327 902 5402 Qu._ad__Kalerid.
930 5333 1152 5402 Aprilis.

524 5399 601 5466 (4)
647 5399 785 5454 Urbs
813 5399 1078 5457 Sardinia:
1105 5403 1412 5466 notissima,
1442 5403 1600 5473 cuius
1627 5403 1769 5473 apud
1808 5411 2021 5457 veteres

452 5541 506 5592 in
544 5541 868 5610 Geographie
899 5560 996 5598 sua
1027 5561 1181 5598 sacra
1209 5553 1257 5598 et
1281 5544 1635 5598 ecclesiastica
1662 5541 1866 5597 nullam
1897 5541 2017 5610 ejus

453 5611 783 5683 mentionem
823 5614 1099 5683 injecisse,
1131 5630 1255 5669 cum
1300 5625 1478 5668 tamen
1522 5615 1685 5669 fuerit
1718 5615 1873 5669 sedes
1909 5614 2018 5681 epi-

455 5681 712 5759 scopalis.
735 5681 975 5759 (lonfer,
1007 5685 1071 5759 si_
1099 5685 1305 5753 placet,
1350 5685 1578 5759 gellarii
1634 5683 2017 5759 Geograpltiam

455 5751 620 5818 αηίέτΙο
659 5766 711 5820 Ι).
735 5751 821 5821 51,
853 5751 1260 5826 ρόὶῑίοηίέμιιιω
1292 5751 1420 5811 mihi
1445 5757 1508 5812 ad
1541 5751 1857 5821 manus'est,
1880 5753 2017 5807 Lon-

450 5469 708 5593 freqluens
737 5473 1219 5528 oceurritmentio.
1252 5473 1418 5526 Miror
1444 5469 1591 5528 Frid.
1626 5469 2014 5542 Spanhemium
2097 5529 2101 5532 ,

452 5541 506 5592 in
590 5545 868 5593 eoaranltia
899 5560 996 5593 sua
1027 5561 1181 5593 sacra
1209 5553 1257 5593 et
1281 5544 1635 5593 ecclesiastica
1662 5545 1866 5593 nullam
1897 5541 2017 5593 eius

2133 4975 2475 5032 bibliotheca:
2500 4975 2806 5031 Bodleiante
2838 4978 3439 5046 protobibliotbecario,
3487 4975 3694 5033 Oxonia;

2128 5047 2289 5110 1697,
2315 5062 2347 5100 e
2370 5046 2584 5100 theatro
2611 5047 2982 5101 Sheldoniano
3013 5049 3228 5103 duobus
3253 5049 3625 5103 voluminibus
3646 5049 3690 5106 in

2126 5119 2223 5173 l'ol.
2258 5117 2454 5188 editos,
2475 5125 2617 5188 tom.
2649 5117 2687 5181 Ι,
2718 5134 2842 5188 pag.
2888 5117 3021 5183 125,
3051 5120 3239 5173 codice
3272 5119 3415 5173 2552
3440 5163 3456 5185 ,
3503 5118 3688 5173 Bodlei.

2125 5189 2188 5243 F.
2226 5189 2277 5244 7.
2330 5186 2533 5260 4.]ΰῖζ
2566 5203 2690 5257 pag.
2719 5186 2844 5260 1791,
2891 5189 2946 5253 b,
2969 5205 3064 5260 sq.
3121 5188 3690 5260 Ejusdemfragmema

2166 5260 2374 5314 uaadam
2410 5256 2462 5310 in
2493 5255 2679 5312 Ca’ten.
2715 5257 2939 5311 Patrum
2966 5255 3339 5313 inveniuntur.
3367 5255 3691 5313 VidéMont-

2166 5277 2374 5314 uaauam
2411 5277 2462 5310 tn
2493 5277 2679 5312 hate".
2715 5277 2939 5311 rutrum
2966 5277 3339 5313 inventuntur.
3374 5277 3488 5313 Vlut

2123 5277 2348 5384 Paucon.
2385 5327 2642 5398 Biblioth.
2669 5329 3118 5382 Bibliothecarum
3155 5346 3209 5398 p.
3245 5329 3332 5392 14,
3361 5329 3488 5382 149..

2126 5399 2272 5525 i588)
2309 5398 2392 5453 Ad
2437 5397 2880 5471 Martyrologium
2919 5408 3074 5455 vetus
3115 5397 3173 5452 S.
3221 5397 3690 5470 l1ieronymi,pag.

2199 5537 2932 5615 (9)_In_codice__apocrypho
2948 5539 3014 5595 N.
3049 5539 3402 5615 T._pa_rte_tt_t,
3425 5557 3552 5615 pag.
3581 5537 3690 5615 69$.

2198 5607 2311 5686 (10)
2352 5611 2530 5686 (litato
2565 5607 2841 5686 lihiparte
2866 5625 2924 5675 tt,
2958 5628 3078 5686 pag.
3113 5607 3402 5686 πελ-τω),
3422 5607 3577 5686 ξιιιῖη

2127 5677 2390 5823 ἕςέιὴξὲἓ
2417 5680 2601 5735 (ἱνιιέα
2626 5677 2722 5735 lib.
2757 5698 2809 5748 v,
2837 5677 3189 5751 cap.'1,'sect
3234 5683 3287 5746 2,
3322 5681 3467 5752 ἐϋ,
3499 5686 3604 5735 vol.
3635 5677 3686 5741 Vt
