3790 6212
3743 102 3757 224 l

477 347 617 403 1159
1542 345 1602 400 S.
1644 342 1897 398 MELITO
1939 342 2036 397 SA]

2200 343 2247 397 M
2287 343 2616 399 EPISCUPU
2630 345 2689 396 S.
3623 345 3718 401 1191
3757 236 3759 316 Δ

470 478 537 519 ex
573 476 946 537 praeconcepta
975 473 1031 522 et
1058 465 1236 521 obiter
1266 464 1497 536 jamjam
1551 473 1738 520 notata
1786 463 2044 534 Opinione
2079 465 2279 528 oritur,
2314 462 2626 517 Melitoncm
2688 474 2812 516 esse
2854 459 3108 532 angelum
3143 461 3317 516 istum
3346 459 3610 516 Ecclesiz
3632 463 3728 517 Sar-

475 560 675 626 dianze,
709 575 872 631 quem
903 560 1065 614 divus
1094 559 1335 615 Joannes
1360 558 1728 628 reprehendit.
1771 555 1910 612 Hinc
1939 557 2314 627 apostolorum
2343 557 2489 611 artati
2524 555 2798 626 aequalem
2817 554 3129 610 necessario
3157 570 3290 610 eum
3335 551 3580 617 faciunt,
3604 557 3728 612 viris.

472 670 581 723 que
615 655 683 708 ab
710 653 972 724 apostolis
1005 651 1310 713 instructis,
1337 665 1479 720 quos
1511 648 1840 718 apostolicos
1886 657 2158 702 vocarunt
2189 655 2420 713 veteres,
2449 653 2833 701 annumerant.
2875 644 3059 699 Altera
3095 660 3230 700 vero
3271 660 3345 700 ex
3386 659 3582 698 errore
3619 650 3730 715 gravi

474 746 742 814 procedit,
783 753 838 800 et
866 759 1058 798 eorum
1088 751 1192 806 est,
1219 756 1360 812 quos
1390 742 1598 796 notavit
1622 739 1928 795 Halloixius
1962 740 2100 811 (86),
2131 740 2226 810 qui
2261 737 2572 794 Melitoncm
2597 737 2908 802 Frontonis,
2939 752 3034 793 seu
3064 747 3127 792 ut
3160 752 3275 792 non
3320 737 3454 791 sine
3489 737 3620 793 vitio
3641 754 3728 796 ea:

471 847 688 902 vocant,
721 837 1006 892 Frontonii
1056 833 1385 904 discipulum
1429 831 1603 888 fuisse
1646 834 1945 887 somniant.
1999 831 2276 902 Legerunt
2326 847 2565 903 namque
2616 831 2694 886 illi
2744 830 2798 884 in
2850 828 3182 901 Hieronymo
3225 829 3352 900 (87)
3392 829 3521 884 haec
3563 830 3728 886 verba:

479 953 498 984 ‹
537 931 718 987 Melito
745 932 1005 996 Asianus,
1047 929 1339 984 Sardensis
1365 928 1681 998 episcopus,
1715 927 1915 982 librum
1942 927 2259 998 imperatori
2293 929 2364 984 Μ.
2392 929 2617 983 Aurelio
2647 926 2810 993 Vero,
2841 927 2934 998 qui
2959 924 3260 981 Frontonis
3307 925 3569 980 oratoris
3609 926 3728 980 disn-

471 1023 636 1096 pulus
668 1021 788 1088 fuit,
823 1040 922 1092 pro
943 1021 1262 1076 Christiano
1293 1019 1548 1088 dogmate
1576 1017 1744 1083 dedit,
1777 1037 1796 1070 ι
1825 1028 1879 1073 et
1900 1017 2046 1088 quod
2080 1019 2429 1073 tribuendum
2454 1028 2572 1074 erat
2616 1017 2687 1072 Μ.
2719 1019 2943 1075 Aurelio
2973 1017 3293 1073 tribuerunt
3330 1014 3612 1071 Melitoni.
3636 1016 3730 1074 Vera

470 1117 622 1172 enim
655 1115 953 1172 Frontonis
988 1113 1322 1183 discipulum
1354 1111 1426 1166 M.
1451 1111 1638 1166 Aurel.
1675 1111 2018 1166 Antoninum
2059 1110 2251 1179 fuisse,
2283 1122 2516 1168 testatur
2544 1128 2649 1166 non
2683 1113 2846 1167 modo
2880 1113 2996 1183 ipse
3027 1111 3329 1166 verborum
3370 1125 3582 1173 nexus,
3612 1113 3735 1166 sedet

469 1218 717 1264 veterum
762 1209 906 1262 hanc
940 1207 996 1260 in
1041 1222 1157 1261 rem
1191 1204 1506 1260 testimonia
1537 1205 1793 1274 probant.
1838 1201 2208 1275 Hieronymus
2239 1203 2356 1274 (88)
2384 1204 2533 1258 enim
2571 1201 2687 1273 ipse
2736 1203 2869 1258 alibi
2918 1204 2984 1258 de
3010 1203 3298 1259 Frontone
3330 1203 3629 1257 memoria
3650 1221 3736 1272 prn-

469 1304 607 1359 didit
632 1303 702 1356 ita
734 1320 747 1356 :
782 1320 800 1352 ς
834 1300 1040 1354 Fronto
1068 1305 1258 1353 orator
1301 1297 1533 1367 insignis
1569 1297 1821 1359 habetur,
1849 1296 1944 1366 qui
1989 1294 2037 1348 M
2095 1295 2429 1352 Antoninum
2471 1294 2668 1350 Verum
2696 1295 2906 1352 Latinis
2957 1295 3154 1351 litteris
3203 1295 3488 1351 erudivit.
3527 1316 3549 1346 ι
3587 1294 3738 1352 uta.

467 1395 813 1466 Capitolinus
840 1392 954 1463 (89)
986 1391 1331 1460 imperatoris
1379 1391 1544 1460 hujus
1577 1393 1870 1462 magistros
1919 1404 2237 1453 recensens,
2267 1405 2408 1460 quos
2447 1390 2598 1444 varia
2627 1390 2682 1444 in
2716 1389 2976 1444 facultate
3003 1391 3185 1446 varios
3222 1389 3464 1454 habuit,
3522 1389 3606 1444 sic
3642 1391 3742 1444 inter

465 1485 575 1540 alia
619 1504 632 1539 :
674 1503 693 1536 ‹
730 1482 1054 1538 Oratoribus
1094 1498 1229 1536 usus
1258 1493 1342 1537 est
1387 1481 1616 1549 Graecis,
1652 1482 1834 1560 Annio
1883 1479 2079 1547 Mario,
2119 1481 2377 1546 Caninio,
2424 1482 2614 1538 Celere
2661 1491 2714 1537 et
2761 1481 2973 1538 Herode
3000 1481 3220 1549 Attico;
3255 1481 3479 1536 Latino
3507 1480 3742 1537 Frontem

468 1576 747 1632 Cornelio.
786 1574 892 1630 Sed
928 1575 1161 1628 multum
1192 1589 1259 1629 ex
1295 1574 1381 1630 his
1412 1573 1677 1629 Frontoni
1709 1574 1922 1640 detulit,
1949 1574 2038 1628 cui
2065 1582 2120 1628 et
2156 1584 2393 1630 statuam
2429 1575 2482 1629 in
2531 1584 2726 1631 senatu
2771 1576 2946 1646 petiit.
2983 1595 3002 1628 ι
3047 1575 3190 1642 Quin
3229 1585 3292 1630 et
3325 1577 3629 1630 consulem
3653 1595 3744 1632 eum

470 1667 618 1734 fecit,
652 1677 714 1722 ut
751 1667 878 1722 fasti
921 1669 1241 1722 consulares
1285 1675 1580 1734 testantur,
1621 1677 1674 1723 et
1721 1675 1917 1738 praeter
1945 1666 2252 1722 Ausonium
2289 1667 2404 1738 (90)
2445 1670 2602 1724 testis
2647 1683 2868 1739 quoque
2899 1677 2983 1724 est
3012 1685 3043 1723 a
3069 1667 3321 1724 Grutero
3347 1668 3479 1739 (91)
3508 1670 3664 1723 allata
3686 1672 3742 1723 in-

469 1764 695 1833 scriptio
727 1772 908 1826 vetus,
937 1777 969 1816 e
1004 1760 1134 1815 fano
1165 1759 1420 1814 Fortuna:
1455 1759 1510 1813 in
1551 1760 1734 1814 littore
1768 1761 2049 1818 Adriatico
2088 1761 2377 1832 producta.
2425 1759 2593 1814 Error
2623 1762 2810 1830 itaque
2842 1760 2933 1816 hic
2979 1769 3063 1816 est
3105 1761 3380 1833 insignis,
3416 1761 3522 1831 qui
3552 1778 3582 1815 a
3613 1765 3742 1833 negi-

469 1855 806 1927 gentioribus
838 1852 1164 1924 quibusdam
1195 1852 1626 1922 chronographis
1655 1861 1938 1924 acceptus,
1975 1854 2028 1908 in
2061 1854 2200 1909 alios
2230 1863 2394 1924 atque
2429 1854 2568 1909 alios
2595 1863 2680 1908 est
2710 1853 3010 1909 derivatos.
3053 1851 3182 1909 Haec
3213 1854 3290 1909 de
3321 1854 3541 1924 primis
3572 1854 3745 1911 Melita-

462 1950 553 2003 nis
583 1947 777 2013 nostri,
805 1945 1170 2014 omnibusque
1205 1944 1519 1999 hominibus
1551 1960 1706 2015 aaque
1739 1947 2126 2002 communibus
2170 1947 2296 2001 vita:
2333 1945 2483 2010 fatis,
2525 1947 2671 2000 dicta
2720 1955 2904 2001 sunto.
2952 1944 3077 2001 Haec
3123 1947 3192 2002 de
3236 1950 3460 2018 patria,
3488 1959 3746 2018 ante)»

466 2039 713 2097 rentihus
736 2048 900 2108 atque
932 2037 1358 2107 praeceptoribus
1387 2037 1506 2105 ejus
1539 2037 1593 2091 in
1619 2037 1859 2093 medium
1887 2039 2134 2109 prolerre
2163 2040 2335 2110 potui,
2373 2039 2466 2094 sed
2496 2055 2672 2109 pauca
2700 2055 2788 2094 me
2823 2039 3028 2096 dixisse
3065 2039 3270 2110 fateor,
3306 2052 3406 2098 ast
3436 2044 3627 2098 omnia
3657 2063 3748 2116 qua

461 2133 708 2205 reperire
743 2132 920 2202 potui.

1021 2224 1050 2297 §
1089 2223 1202 2279 Vll.
1239 2224 1312 2278 De
1347 2225 1643 2280 eruditione
1682 2225 1954 2281 Melitonis
1994 2229 2050 2280 in
2082 2243 2286 2298 genere,
2315 2237 2364 2280 et
2403 2228 2459 2279 in
2489 2227 2659 2297 specie
2687 2227 2751 2281 de
2779 2228 2891 2298 ejus
2923 2231 3184 2284 oratoria.

532 2343 592 2397 In
622 2342 794 2398 animi
826 2356 958 2397 vero
999 2340 1121 2410 ejus
1147 2339 1507 2397 describenda
1550 2339 1734 2396 indole
1782 2343 2158 2412 amplissimus
2189 2351 2243 2396 et
2287 2343 2376 2396 vix
2429 2342 2772 2397 emetiendus
2801 2343 3158 2402 dicendorum
3209 2365 3465 2421 campus
3522 2371 3584 2410 se
3631 2361 3737 2413 mihi

461 2439 640 2496 oﬂ'ert.
674 2435 936 2491 Naturam
960 2436 1107 2489 enim
1141 2434 1196 2488 in
1230 2434 1536 2490 tribuendis
1576 2435 1746 2490 animi
1778 2436 1997 2492 dotibus
2044 2436 2340 2508 benignam
2388 2452 2620 2507 prorsus
2670 2445 2835 2508 atque
2879 2438 3148 2494 faventem
3182 2442 3392 2500 habuit
3445 2464 3561 2502 non
3592 2453 3743 2516 modo,

461 2535 558 2590 sed
592 2542 645 2586 et
673 2533 788 2600 ipse
828 2529 988 2584 donis
1035 2543 1066 2582 a
1113 2537 1310 2582 natura
1351 2527 1456 2582 sibi
1501 2528 1778 2584 concessis
1833 2529 2038 2600 optime
2086 2527 2192 2584 fuit
2237 2545 2396 2585 usus.
2429 2529 2583 2584 Felix
2615 2529 2762 2584 enim
2801 2531 3080 2602 ingenium
3119 2537 3296 2592 \"ariis
3341 2541 3573 2598 artibus
3615 2556 3746 2613 atque

462 2624 715 2680 scientiis
762 2623 837 2677 ita
891 2621 1202 2692 perpolivit,
1230 2629 1286 2677 et
1325 2621 1394 2675 ad
1430 2621 1574 2677 bona
1613 2624 1820 2693 quaevis
1848 2623 2334 2694 propensissimam
2361 2626 2697 2680 voluntatem
2727 2624 2801 2679 ita
2849 2628 3144 2684 assuefecit
3175 2630 3464 2688 virtutum
3497 2641 3745 2701 exercitio,

460 2729 523 2776 ut
554 2719 752 2774 eruditi
779 2734 889 2773 non
921 2717 1105 2772 minus
1137 2733 1302 2786 quam
1328 2715 1403 2786 pii
1429 2719 1792 2785 promeruerit
1822 2719 2376 2775 commendationem.
2423 2718 2643 2788 Quanto
2691 2724 2886 2779 ardore
2936 2725 3407 2783 meditationibus
3459 2729 3744 2796 indulserit,

461 2821 780 2883 quantaque
807 2811 1056 2865 laborum
1085 2810 1343 2879 patientia
1374 2817 1430 2863 et
1455 2811 1776 2866 assiduitate
1799 2813 1996 2868 studiis
2026 2829 2149 2870 sese
2178 2812 2406 2879 dederit,
2441 2829 2552 2868 non
2591 2816 2758 2870 modo
2793 2817 3033 2886 insignes
3070 2818 3193 2888 ejus
3223 2818 3285 2873 in
3310 2822 3503 2879 variis
3530 2825 3745 2880 scientiis

462 2913 738 2960 testantur
763 2917 1107 2973 progressus,
1137 2901 1230 2956 sed
1259 2909 1314 2956 et
1339 2902 1714 2970 amplissimus
1756 2904 2022 2959 librorum
2055 2914 2290 2960 testatur
2320 2922 2605 2972 numerus,
2657 2923 2823 2976 quem
2870 2909 3144 2966 indefessa
3197 2912 3307 2968 viri
3361 2916 3547 2987 hujus
3583 2922 3743 2989 optimi

458 3007 586 3070 post
615 3014 674 3055 se
710 2997 932 3068 reliquit
957 2996 1259 3066 diligentia,
1285 2994 1627 3066 gravissimis
1660 2997 1885 3068 insuper
1919 2998 2044 3052 aliis
2073 3013 2296 3068 quoque
2327 2999 2722 3056 ecclesiasticis
2761 3003 3214 3072 occupationibus
3243 3012 3542 3077 Oppressi,
3570 3011 3742 3066 Horum

463 3093 725 3148 librorum
773 3089 1048 3160 prolixum
1095 3088 1404 3158 eatalogum
1456 3087 1827 3143 exhibuerunt
1871 3086 2144 3144 Eusebius
2181 3089 2318 3160 (92),
2371 3087 2738 3163 Hieronymus
2784 3093 2922 3161 (95),
2970 3092 3215 3151 Bullinus
3264 3097 3431 3167 (94),
3495 3099 3738 3175 Νεοεριω.

456 3201 557 3241 rus
589 3184 731 3257 (95),
767 3183 1076 3252 meritoque
1105 3181 1382 3249 dolemus,
1406 3181 1552 3250 quod
1583 3181 1846 3251 temporis
1879 3181 2081 3252 injuria
2117 3184 2378 3252 perierint
2411 3199 2604 3239 omnes
2634 3184 2723 3239 isti
2749 3185 2951 3256 ingenii
2983 3187 3103 3256 ejus
3143 3189 3291 3245 fetus
3323 3196 3571 3264 egregii,
3601 3200 3744 3267 qm]-

456 3291 566 3346 que
587 3281 781 3344 praeter
805 3273 992 3328 titulos
1013 3281 1069 3327 et
1093 3288 1267 3342 pauca
1292 3272 1542 3343 quaedam
1575 3271 1901 3343 fragmenta,
1935 3283 2020 3329 ast
2049 3290 2214 3330 aurea
2245 3285 2301 3330 et
2328 3277 2608 3346 quantivis
2638 3277 2820 3346 pretii,
2844 3288 2977 3334 aetas
3009 3291 3197 3335 nostra
3227 3283 3374 3337 nihil
3413 3289 3610 3342 tulerit
3630 3291 3705 3352 (96
3725 3332 3737 3342 .

459 3369 775 3424 Melitonem
810 3369 885 3423 ob
911 3368 1280 3424 eruditionem
1311 3377 1367 3424 et
1396 3368 1600 3437 scripta
1634 3368 1750 3423 suis
1787 3369 2128 3438 temporibus
2172 3385 2345 3424 unum
2392 3370 2640 3425 omnium
2690 3372 2926 3426 maxime
2970 3373 3237 3428 celebrem
3293 3382 3612 3447 exstitisse,
3641 3400 3738 3452 pm.

459 3459 593 3513 bant
620 3473 785 3528 porro
810 3467 1053 3512 veterum
1091 3458 1233 3513 hanc
1271 3459 1329 3513 in
1360 3473 1477 3514 rem
1511 3457 1846 3513 testimonia.
1883 3457 2132 3514 Bullinus
2163 3459 2279 3529 (97)
2317 3459 2685 3534 fragmentum
2727 3479 2792 3517 ex
2836 3463 2956 3534 ejus
3001 3465 3250 3536 apologia
3288 3469 3564 3539 aﬂ‘erens,
3604 3495 3621 3526 ι
3653 3478 3739 3530 hac

454 3561 513 3606 et
541 3552 713 3605 multa
741 3551 848 3605 alia
875 3551 1128 3605 nobiliter
1159 3551 1229 3605 ab
1259 3565 1326 3605 eo
1351 3551 1555 3620 scripta
1582 3549 1752 3605 fuisse
1792 3570 1810 3602 υ
1849 3551 2149 3623 subjungit.
2175 3553 2446 3609 Eusebius
2474 3555 2610 3623 (98),
2641 3565 2834 3610 contra
2871 3556 3184 3613 Artemonis
3205 3569 3264 3614 et
3290 3559 3462 3617 Pauli
3511 3564 3737 3621 Samosa-

455 3645 572 3700 teni
617 3644 851 3700 haaresin
881 3644 1164 3699 elaborata
1202 3643 1408 3714 scripta
1438 3658 1742 3707 enarrans,
1781 3644 1857 3698 ita
1909 3646 2036 3700 tand

2194 3646 2441 3701 :xclamat
2470 3665 2483 3701 :
2518 3647 2598 3700 Τὰ
2643 3648 2700 3701 δὲ
2736 3649 3024 3719 Εἰρηναίω
3067 3668 3128 3704 τε
3165 3653 3262 3706 καὶ
3310 3656 3636 3722 Militum;
3665 3662 3735 3712 ni

454 3738 565 3792 τῶν
591 3737 793 3791 λοιπῶν
827 3737 910 3800 τίς
941 3738 1126 3805 ἀγνοεῖ
1155 3735 1376 3807 βιϐλίας
1406 3737 1513 3792 hoc
1538 3746 1647 3799 est,
1680 3734 1895 3792 RulIino
1921 3738 2033 3791 inte

2194 3755 2216 3793 e
2245 3757 2258 3792 :
2298 3757 2316 3790 ι
2340 3737 2532 3794 lrenaei
2557 3755 2688 3794 vero
2703 3749 2759 3794 et
2783 3739 3056 3798 Melitonis
3085 3755 3542 3819 eaeteiorun.qne
3564 3755 3730 3823 quipu

460 3832 607 3886 idem
632 3840 848 3902 tempus
891 3830 1133 3897 fuerunt,
1163 3829 1443 3886 volumina
1492 3831 1617 3901 quis
1665 3829 1913 3900 ignorat?
1943 3850 1961 3881 ι
1994 3829 2058 3885 Ει
2091 3841 2320 3901 uterque
2346 3833 2459 3902 (99)
2489 3847 2653 3902 porro
2685 3833 2759 3887 ita
2785 3835 3058 3889 memoria:
3088 3852 3314 3907 quoque
3342 3843 3730 3909 prodiderunt:

459 3939 484 3973 ς
521 3920 832 3975 Melitonem
866 3920 1152 3976 Sardensis
1183 3919 1441 3976 Ecclesia:
1470 3921 1767 3975 antistitem
1805 3930 1857 3975 et
1895 3921 2263 3991 Apollinarem
2291 3923 2440 3993 (100)
2474 3923 2616 3993 apud
2653 3922 2983 3994 Hierapolim
3007 3925 3314 3984 Ecclesium
3358 3947 3640 4004 regentem
3664 3956 3731 3992 ςςκ

456 4012 788 4072 leberrimos
829 4017 972 4070 inter
1019 4025 1249 4071 caeteros
1276 4015 1448 4072 fuisse
1479 4016 1748 4072 habitos.»
1781 4017 1993 4083 Quaeris
2022 4018 2116 4088 qui
2155 4016 2359 4072 fuerint
2397 4017 2486 4071 isti
2517 4018 2694 4072 caeteri
2721 4020 2846 4084 viri,
2877 4036 3017 4090 quos
3056 4021 3200 4076 inter
3227 4036 3433 4081 noster
3465 4030 3729 4085 celeberri.

453 4125 583 4164 mus
613 4109 914 4164 habebatur
940 4128 954 4176 ;
979 4126 1074 4164 eos
1097 4110 1220 4164 illos
1249 4110 1399 4180 ipsos
1427 4109 1598 4166 fuisse
1622 4110 1949 4180 respondeo,
1972 4126 2112 4180 quos
2138 4119 2382 4181 tempore
2398 4111 2642 4181 aequales
2671 4113 2720 4166 ei
2745 4123 2904 4168 antea
2943 4115 3326 4171 nominaverat
3349 4116 3626 4178 Eusebius
3651 4127 3725 4180 Ill.

451 4203 794 4274 Ilcgesippus
843 4203 920 4274 (2)
968 4204 1210 4269 scilicet,
1261 4202 1556 4275 Dionysius
1608 4205 1730 4275 ('5),
1776 4203 2036 4276 Pinytus,
2082 4203 2366 4276 Philippus
2423 4206 2539 4276 (4),
2592 4203 2850 4278 Mysanus
2897 4206 3014 4277 (5),
3047 4206 3370 4273 Modestus,
3415 4208 3648 4268 lrenaus
3684 4230 3725 4270 rt

451 4358 737 4415 t‘l‘listoire
766 4358 1179 4428 ecclésiastique,
1223 4369 1355 4412 tom.
1377 4357 1444 4425 ll,
1471 4373 1594 4428 pag.
1637 4357 1742 4412 “5
1775 4376 1788 4412 :
1823 4357 2036 4428 rMéli-
2071 4364 2118 4421 Α

458 4444 550 4486 ton
580 4430 802 4500 qualilic
828 4427 1086 4484 Onesime
1130 4444 1231 4482 son
1273 4428 1435 4490 l'rérc.
1469 4427 1576 4484 soit
1613 4429 1744 4500 qu‘il
1781 4429 1828 4482 le
1851 4427 1933 4485 nn
1959 4428 2031 4500 el-

452 4498 824 4564 fectivement,
868 4500 976 4554 soit
1014 4500 1318 4554 seulement
1345 4515 1504 4568 parce
1547 4500 1677 4569 qu’il
1711 4499 1844 4554 était
1877 4498 2039 4556 chré»

453 4575 590 4628 tien.
620 4569 815 4639 Cfétait
843 4581 1253 4639 apparemment
1275 4587 1348 4623 un
1380 4569 1572 4637 simple
1608 4570 1810 4638 laique.
1841 4588 1859 4620 ι

531 4635 721 4713 (8ojln
771 4635 929 4713 ‘Vitis—
955 4640 1247 4713 illustrium
1288 4635 1540 4694 Ecclesia:
1573 4635 1778 4696 Orienl.
1812 4641 2040 4712 scripto-

456 4708 599 4768 runt.
625 4708 724 4765 'fol.
757 4708 882 4774 838,
919 4721 1051 4765 tom.
1083 4709 1146 4763 ll.

2371 4358 2793 4434 Inscriptionum
2814 4359 3104 4434 Rom_anar.
3136 4378 3258 4434 pag.
3289 4379 3549 4421 ecccxu.

2371 4430 2906 4506 Histor._ecciesiast.
2937 4431 3036 4506 lib.
3073 4430 3295 4506 map.
3333 4437 3431 4500 26,
3467 4453 3587 4506 pag.
3617 4437 3716 4491 188.

2221 4456 2335 4499 μη)
2371 4456 2579 4486 ηιδιυϊ.
2609 4456 2906 4485 τσσιεδιαει.
2937 4456 3036 4486 ιιυ.
3073 4456 3146 4492 IV,
3172 4456 3295 4502 cap.
3334 4456 3431 4500 ΖΟ,
3467 4456 3534 4506 pa
3576 4481 3587 4491 .
3617 4456 3716 4491 ιδδ.

2148 4501 2333 4623 "895!)
2369 4501 2448 4555 De
2482 4503 2835 4626 lsffrgrtoribus
2879 4503 3283 4570 ecclesiasticis,
3328 4522 3457 4576 cap.
3494 4456 3587 4574 2f,
3616 4525 3717 4579 pag.

2260 4613 2273 4631 ,
2329 4587 2438 4625 om.
2627 4589 2713 4638 pp.

2219 4589 2273 4631 υ,
2306 4589 2438 4625 tom.
2482 4589 2542 4624 ιγ
2577 4589 2713 4641 Upp.

2219 4640 2508 4717 (94Lliist.
2532 4643 2820 4717 ecclesia“.
2849 4641 2944 4698 lib.
2979 4659 3054 4709 iv,
3075 4658 3195 4714 cap.
3227 4644 3323 4712 25,
3354 4645 3453 4702 fol.
3485 4649 3576 4717 93,
3606 4651 3713 4706 edit.

2143 4709 2294 4765 Beat.
2329 4709 2600 4767 Rhenani.

532 4783 644 4850 (87)
674 4783 734 4837 In
777 4780 1035 4852 Catatogo
1084 4782 1264 4849 script.
1297 4781 1588 4836 ecclesiast.
1623 4797 1742 4852 cap.
1787 4782 1879 4837 24.
1911 4781 2042 4848 Qua:

452 4854 626 4908 verba
653 4853 924 4907 Aubertus
958 4850 1174 4906 Miracus
1208 4853 1261 4905 in
1307 4869 1409 4908 suo
1449 4853 1516 4906 ad
1554 4854 1609 4907 h.
1645 4850 1922 4908 lecholio
1968 4855 2041 4906 ila

458 4923 864 4993 interpretatur,
890 4923 1052 4993 quasi
1078 4938 1140 4976 ea
1169 4937 1276 4976 non
1312 4924 1379 4993 de
1408 4923 1736 4992 imperatore
1765 4923 2041 4977 Antonino

454 4991 803 5064 philosopho,
823 4994 916 5048 sed
939 4993 1006 5047 de
1032 4992 1308 5047 Antonino
1328 4991 1681 5064 Verogqucm
1710 4995 1755 5048 is
1777 4994 2039 5064 collegam

452 5063 674 5134 imperii
717 5064 924 5130 habuit,
959 5064 1304 5133 intelligenda
1336 5064 1463 5118 sint.
1498 5063 1602 5118 Sed
1639 5063 1920 5118 manifeste
1956 5081 2040 5118 rc-

457 5136 658 5190 clamat
692 5134 998 5189 dill‘erentia
1032 5135 1403 5201 praenominis.
1440 5134 1530 5190 Uti
1569 5135 1713 5188 enim
1745 5134 1891 5203 prior
1921 5137 2040 5188 sine

455 5206 572 5262 ulla
595 5207 966 5260 controversia
990 5203 1238 5258 «Marcus
1263 5205 1517 5259 Aurelius
1535 5205 1710 5259 Verus
1727 5205 2036 5259 Antoninus

456 5275 840 5346 philosophus,
877 5295 896 5326 ι
928 5275 1008 5330 sic
1038 5275 1319 5346 posterior;
1342 5285 1656 5330 constanter
1695 5275 1748 5328 in
1784 5275 2038 5346 omnibus

454 5343 699 5416 antiquis
751 5347 1175 5400 numismatibus
1227 5364 1245 5396 ‹
1298 5344 1504 5402 Lucius
1555 5345 1811 5400 Aurelius
1865 5343 2038 5402 Verus

456 5417 773 5471 Antoninus
816 5436 834 5467 ι
875 5427 1243 5484 nuncupatur.

529 5486 641 5557 (88)
676 5484 734 5557 In
762 5487 1187 5541 Continuatione
1223 5486 1481 5542 Chronici
1509 5484 1803 5543 Eusebiani
1839 5487 1906 5544 ad
1939 5504 2034 5543 an-

457 5555 590 5610 num
622 5557 656 5610 4
688 5555 758 5608 Μ.
791 5557 978 5611 Aurel.
1010 5557 1134 5611 Ver.

529 5626 643 5694 (89)
671 5625 726 5695 In
763 5628 934 5694 ipsius
965 5627 1307 5695 imperatoris
1336 5625 1478 5681 Vita.

529 5696 643 5761 (90)
680 5694 735 5746 ln
768 5694 1060 5764 gratiarum
1094 5699 1306 5749 actione
1341 5714 1436 5764 pro
1477 5699 1762 5753 consulatu
1798 5701 1864 5753 ad
1899 5700 2036 5754 Gra-

459 5761 830 5883 ῗὲἑιυῧιίιιὶιίᾡ.
866 5766 1216 5834 discipulum,
1247 5761 1366 5836 pag.
1422 5768 1521 5822 195
1592 5768 1850 5838 Opcrutn,
1897 5773 2030 5826 edit.

493 5845 574 5884 ac.
603 5845 782 5884 ⁷1⁷01111.

539 6083 578 6110 ἱ

2217 4782 2329 4855 (95)
2362 4781 2568 4855 Hister.
2603 4783 2892 4838 ecclesiast.
2931 4784 3027 4838 lib.
3070 4801 3144 4851 tv,
3177 4801 3300 4855 cap.
3340 4787 3433 4852 10,
3485 4789 3576 4846 fol.
3606 4790 3709 4846 291.

2220 4852 2333 4923 (96)
2371 4852 2558 4908 Obiter
2587 4855 2676 4909 hic
2705 4855 2897 4909 saltem
2932 4855 3198 4909 librorum
3243 4852 3274 4910 :3
3318 4855 3578 4917 Melitone
3604 4879 3711 4916 con-

2143 4925 2474 4997 scriptorum
2519 4926 2678 4997 injeci
2710 4927 3062 4988 mentionem,
3097 4927 3228 4997 quia
3271 4928 3329 4981 iu
3380 4931 3557 4988 altera
3601 4935 3707 4987 diss.

2143 4995 2503 5077 ex‘instituto
2528 4996 2595 5049 de
2627 4997 2705 5077 iis.
2727 5011 2886 5077 agere
2909 4995 3189 5077 constitui.

2361 5065 2571 5138 Histor.
2598 5063 2888 5138 ecclesiast.
2917 5066 3011 5138 lib.
3047 5084 3120 5133 tv,
3150 5084 3271 5138 cap.
3310 5071 3407 5134 25,
3439 5071 3540 5126 fol.
3566 5073 3646 5128 95.

2215 5134 2329 5209 (99)
2362 5135 2927 5209 pistoriwecctesiast.
2947 5136 3040 5191 lib.
3070 5155 3124 5203 v,
3155 5134 3277 5209 cap.
3309 5143 3403 5196 28.

2225 5206 2336 5277 (99)
2362 5205 2592 5280 Rnlﬁnn
2619 5205 2767 5260 Hist.
2797 5207 2992 5280 eules.
3009 5209 3102 5263 lib.
3119 5224 3194 5272 tv,
3218 5205 3341 5280 cap.
3365 5214 3440 5267 25
3469 5233 3486 5280 ;
3511 5213 3704 5268 Euseb"

2144 5275 2291 5329 Hist.
2320 5275 2505 5330 eccles.
2540 5277 2634 5330 lib.
2668 5293 2740 5342 tv,
2781 5293 2902 5346 cap.
2930 5277 3001 5331 26
3030 5297 3044 5332 :
3077 5281 3198 5332 Ἐπὶ
3243 5275 3414 5335 τῶνδε
3450 5275 3546 5337 is;
3573 5286 3709 5337 Μελί-

2140 5347 2380 5423 stove-71c;
2411 5349 2470 5423 ty
2501 5347 2728 5423 Σρρδεσι
2759 5348 3586 5423 ἐτείσκρπος,λἈτωλλινάριόςτε
3625 5354 3705 5423 τῆς

2139 5419 2196 5470 ὲν
2235 5417 2531 5490 έιερατξᾷλει
2561 5417 3178 5490 διαπρεπῶςηὴκμαζον.

2213 5487 2362 5556 (100)
2396 5487 2603 5559 Hister.
2637 5487 2819 5544 eccles.
2855 5487 2950 5542 lib.
2987 5487 3059 5552 iv,
3091 5505 3211 5559 cap.
3239 5490 3334 5544 2|.

2212 5561 2288 5632 (1)
2326 5560 2498 5632 ςὶυίιιε
2523 5557 2706 5632 Yitam
2738 5561 2830 5632 d_at
2857 5559 3061 5632 Euseb.
3098 5561 3137 5614 l.
3161 5557 3243 5632 ἐ..
3285 5578 3413 5632 cap.
3439 5564 3530 5618 27.

2213 5630 2289 5698 (2)
2322 5627 2493 5696 Quem
2523 5629 2720 5683 Euseb.
2757 5628 2826 5682 Η.
2848 5627 2911 5680 Ε.
2932 5631 2964 5684 l.
3001 5647 3072 5696 Iv,
3101 5647 3151 5686 c.
3183 5631 3275 5695 2’2,
3315 5627 3574 5688 laudavit.

2210 5701 2288 5775 (ξ)
2312 5700 2545 5775 _l)e_ho_c
2587 5699 2862 5775 Dionysio
2890 5701 3288 5775 videeumdem
3319 5705 3356 5757 Ι.
3387 5720 3462 5768 c.,
3486 5721 3600 5775 cap.
3623 5704 3695 5775 25.

2211 5771 2289 5844 (ξ)
2312 5770 2383 5844 pe
2400 5770 2650 5844 Philippo
2665 5781 2718 5824 et
2745 5770 2986 5844 Modesto
3014 5773 3155 5828 idem
3175 5774 3287 5842 egit
3319 5770 3608 5844 ibidem,'e.
3622 5773 3693 5829 21.

2210 5840 2288 5910 (5)
2318 5839 2486 5908 Idem,
2525 5841 2558 5894 l.
2587 5856 2769 5913 c.,rap
2807 5839 2897 5895 28.
