3808 6206
208 248 346 304 “6!
1165 258 1469 316 NOTITIA.
1504 294 1573 303 —
1608 263 1654 319 1.
1699 263 1754 319 D1

1864 265 1987 322 ἸΤᾹ
2029 269 2087 324 S.
2125 268 2518 330 HELITONIS.
3333 288 3469 343 1102

202 363 545 468 Theophilus
575 369 969 440 Antiochenus.
1013 375 1115 431 viri
1143 378 1212 433 de
1243 377 1484 437 Ecclesia
1514 391 1568 436 et
1601 381 1746 439 fama
1777 393 1831 440 et
1861 385 2080 456 scriptis
2121 404 2313 445 omnes
2345 400 2509 463 atque
2541 393 2741 466 singuli
2769 396 2930 468 longe
2960 399 3319 459 meritissimi.
3352 405 3465 462 Lu-

200 473 335 516 scus
365 460 550 532 itaque
580 463 722 539 inter
755 481 930 523 caecos
962 469 1187 526 minime
1233 474 1502 543 regnavit,
1551 477 1645 531 sed
1687 478 1928 546 optimus
1958 479 2102 535 inter
2128 484 2368 552 optimos
2400 460 2658 542 exstitit:
2674 487 2732 544 ln
2765 460 2894 546 rem-
2931 494 3193 565 evestigio
3253 512 3468 564 eamus,

199 559 372 654 atque
399 553 578 622 palam
604 553 716 658 jam
749 572 968 630 quoque
1020 559 1306 628 faciamus,
1358 565 1412 618 in
1447 567 1774 636 quibusnam
1807 573 2150 640 potissimum
2184 577 2488 639 Studiorum
2530 581 2819 650 generibus
2846 553 3134 656 egregium
3164 602 3225 643 se
3260 553 3474 658 paesti-'-

198 645 333 700 terit
389 656 596 702 noster.
650 646 865 720 Optime
896 653 1254 723 perspiciens,
1287 665 1491 725 quanta
1539 658 1619 713 vis
1658 661 1948 717 verborum
1999 668 2218 721 ornatui
2264 668 2416 734 insit,
2449 677 2505 724 et
2534 645 2910 743 iquantoperev
2937 645 3192 733 conciliet
3253 645 3470 738 animos

194 746 424 808 compta
451 741 630 796 oratio
655 751 709 797 et
738 744 908 809 mitis,
937 746 990 799 in
1024 747 1262 817 graviter
1281 749 1496 805 dicendi
1527 750 1782 810 facultate
1814 765 2037 813 strenue
2068 774 2190 816 sese
2215 764 2480 818 exercuit.
2503 741 2648 820 Fieri
2681 741 2825 822 enim
2861 779 3040 838 patest
3057 771 3206 827 haud
3238 789 3385 841 raro,
3408 786 3470 831 ut

193 831 328 901 quis
361 844 506 888 recte
537 836 758 900 sentiat,
793 847 848 892 et
881 837 953 903 id,
981 840 1127 910 quod
1156 844 1341 909 sentit,
1375 845 1539 913 polite
1566 848 1749 918 eloqui
1782 865 1889 905 non
1930 853 2104 922 possit
2132 872 2146 920 ;
2181 855 2310 911 hinc
2339 858 2668 913 removendo
2699 859 2826 915 huic
2861 831 3250 931 impedimento
3282 831 3470 922 noster

194 941 420 998 quoque
445 939 577 984 ante
601 933 784 986 omnia
807 949 1028 1004 operam
1061 937 1298 1003 navavit,
1330 947 1383 992 et
1421 938 1494 994 ita
1520 943 1741 997 navavit
1770 943 2026 1010 feliciter,
2056 957 2116 1002 ut
2141 950 2195 1002 in
2233 950 2521 1007 rhetoricis
2550 961 2606 1008 et
2635 951 2942 1010 ﬂexanimis
2973 956 3181 1013 artibus
3224 960 3469 1030 insignes

193 1037 428 1092 prorsus
456 1022 647 1080 fecerit
676 1041 1020 1098 progressus.
1048 1028 1317 1102 Cumque,
1348 1032 1526 1088 Tullio
1553 1035 1728 1107 (6-64)
1762 1047 1918 1106 teste,
1945 1043 2124 1097 oratio
2143 1044 2338 1099 debeat
2359 1059 2482 1101 esse
2510 1047 2757 1102 ornatior
2783 1051 3068 1106 sententiis
3083 1067 3244 1121 quam
3263 1022 3466 1124 verbis,

192 1114 486 1170 altioribus
508 1133 726 1188 quoque
747 1121 962 1176 vacavit
989 1123 1312 1194 disciplinis,
1341 1127 1846 1203 philosophicisque
1867 1137 2070 1204 pariter
2096 1153 2161 1192 ac
2191 1139 2555 1196 divinioribus
2589 1149 2762 1197 totum
2787 1159 2908 1200 sese
2933 1149 3168 1201 sacravit
3194 1149 3465 1216 scientiis,

189 1212 253 1258 et
284 1214 548 1278 utrasque
578 1207 720 1264 felici
746 1214 1024 1268 connubio
1056 1216 1129 1270 ita
1157 1218 1263 1272 sibi
1286 1217 1494 1287 junxit,
1525 1231 1584 1276 ut
1607 1224 1810 1294 egregii
1841 1226 2152 1299 philosophi
2181 1239 2236 1286 et
2267 1237 2793 1294 consummatissimi
2827 1240 3059 1310 theologi
3091 1240 3279 1296 laudes
3303 1207 3468 1298 fuerit

189 1310 546 1357 consecutus.
579 1301 676 1358 llis
703 1305 946 1361 scientiis
969 1307 1290 1377 instructus,
1315 1322 1525 1380 poterat
1560 1330 1668 1372 non
1702 1316 1866 1372 modo
1909 1319 2257 1377 ethnicorum
2303 1324 2498 1382 allatas
2539 1338 2728 1384 contra
2769 1301 3050 1387 veritatem
3097 1333 3465 1390 Christianam

189 1391 346 1449 facili
395 1396 612 1467 negotio
651 1401 993 1456 contundere
1042 1403 1401 1473 objeotiones,
1437 1409 1532 1464 sed
1563 1419 1618 1465 et
1649 1410 1920 1467 haereticis
1951 1415 2170 1470 obviam
2204 1417 2282 1471 ire
2315 1419 2546 1487 valebat,
2593 1432 2648 1476 et
2700 1425 3090 1495 rempublicam
3124 1426 3364 1484 divinam
3395 1433 3466 1486 ab

185 1486 450 1544 omnibus
487 1497 603 1544 tum
636 1493 877 1548 externis
909 1503 1026 1548 tum
1071 1495 1344 1554 intestinis
1397 1499 1693 1558 defendere
1723 1503 2039 1561 insultibus.
2089 1506 2380 1566 Exstitisse
2412 1513 2595 1584 itaque
2627 1486 2936 1573 Melitonem
2967 1522 3319 1576 commodum
3355 1538 3465 1578 non

187 1579 360 1634 modo
413 1589 729 1651 oratorem,
779 1586 876 1640 sed
917 1597 975 1642 et
1019 1589 1284 1644 eximium
1331 1591 1758 1664 philosophum,
1817 1612 1921 1653 nec
1977 1599 2247 1656 minorem
2289 1579 2680 1676 philosophum
2737 1625 2902 1678 quam
2965 1613 3272 1684 theologum
3333 1630 3462 1684 pro-

187 1672 438 1777 bandum
493 1677 630 1733 mihi
685 1679 1005 1737 incumbere
1061 1683 1241 1740 video.
1301 1683 1590 1743 Oratorem
1617 1705 1748 1745 eum
1781 1689 1951 1747 fuisse
1980 1692 2285 1764 elegantem
2314 1710 2382 1750 ex
2413 1672 2731 1755 Tertulliani
2755 1672 2905 1772 apud
2934 1672 3464 1777 Hieron§mum(65l

183 1767 520 1824 auctoritate
549 1770 863 1827 edocemur.
898 1773 1148 1832 Eximius
1199 1777 1345 1832 enim
1381 1779 1472 1836 hic
1520 1783 1706 1838 saeculi
1737 1785 1965 1840 secundi
2013 1787 2270 1855 scriptor,
2325 1789 2418 1860 qui
2461 1801 2651 1861 postea
2722 1767 2902 1850 tamen
2951 1767 3155 1867 magno
3207 1767 3465 1854 Ecclesiae

183 1858 518 1916 detrimento
555 1863 623 1918 ad
649 1863 1010 1922 Hontanistas
1039 1867 1194 1935 abiit,
1227 1870 1448 1941 elegans
1479 1880 1534 1926 et
1561 1872 2012 1931 declamatorium
2059 1858 2641 1953 Melitonisvingenium
2685 1885 2929 1942 laudavit
2954 1889 3008 1942 in
3043 1858 3256 1959 septem
3285 1891 3463 1956 libris,

183 1968 332 2025 quos
362 1955 582 2025 scripsit
612 1957 874 2016 adversus
906 1959 1204 2023 Ecclesiam
1236 1977 1337 2031 pro
1381 1962 1660 2020 Montano.
1697 1965 1955 2037 Ejusdem
1987 1983 2155 2038 porro
2193 1981 2450 2028 ornatum
2493 1974 2708 2030 dicendi
2742 1992 2914 2046 genus
2946 1979 3029 2032 vel
3057 1955 3127 2033 es
3149 1981 3312 2035 unius
3339 1955 3466 2037 ora-

186 2046 382 2112 tionis,
419 2062 585 2119 quam
629 2063 730 2119 pro
778 2049 904 2105 fidei
951 2062 1158 2108 nostra:
1202 2052 1524 2111 defensione
1563 2060 1895 2128 composuit,
1943 2062 2238 2130 superstite
2280 2065 2423 2135 apud
2466 2065 2764 2124 Eusebium
2815 2069 2927 2139 (66)
2979 2068 3283 2142 fragmento
3327 2075 3462 2130 satis

177 2154 470 2211 superque
494 2156 792 2210 possumus
821 2145 1156 2215 perspicere,
1188 2160 1255 2201 ex
1282 2161 1468 2217 ungue
1494 2147 1735 2217 leonem,
1767 2151 1916 2220 quod
1941 2152 1995 2206 in
2028 2154 2323 2222 proverbio
2350 2155 2460 2212 dici
2485 2157 2645 2222 solet,
2668 2158 3000 2229 iudicantes.

1118 2353 1148 2425 ς
1217 2353 1355 2410 Vill.
1387 2354 1465 2410 De
1498 2356 1865 2428 philosOphica
1894 2357 2164 2414 Heliconis
2191 2359 2511 2416 eruditione.

255 2525 534 2594 Quantum
570 2530 624 2584 in
655 2531 998 2602 philosophia
1026 2533 1360 2602 praistiterit,
1380 2542 1652 2592 testantur
1675 2535 1801 2593 libri
1829 2535 1898 2593 de
1922 2537 2263 2608 gravissimis
2289 2537 2456 2609 hujus
2473 2539 2716 2595 scientia:
2733 2541 3025 2597 momentis
3041 2541 3110 2596 ab
3129 2555 3197 2596 eo
3213 2543 3462 2598 conscri-

176 2621 290 2691 pti,
309 2637 546 2692 quorum
577 2632 832 2679 auctores
866 2625 1031 2679 modo
1060 2626 1328 2680 nominati
1357 2625 1467 2699 (67)
1487 2627 1678 2683 titulos
1703 2628 1994 2684 dederunt.
2019 2626 2278 2698 Singulos
2293 2628 2504 2685 scilicet
2517 2629 2834 2686 etdiversos
2862 2631 3032 2685 edidit
3060 2639 3361 2688 tractatus:
3387 2633 3463 2687 De

175 2715 420 2769 universi
436 2715 593 2785 hujus
611 2717 900 2782 creatione,
917 2717 1060 2785 Περὶ
1074 2717 1376 2786 πλάσεωςο
1396 2718 1474 2774 De
1495 2720 1721 2776 hominis
1736 2730 1952 2785 natura,
1979 2718 2701 2790 Hepljgpiﬁo‘swcfdrﬂpdmov
2715 2739 2733 2753 ο
2763 2722 2842 2778 De
2854 2723 3110 2790 sensibus,
3125 2723 3189 2778 de
3209 2725 3391 2779 anima
3409 2736 3463 2780 et

177 2824 402 2881 corpore
421 2821 471 2866 et
498 2819 684 2879 mente,
701 2811 840 2880 Περὶ
858 2811 1068 2883 ψυχῆς
1088 2813 1185 2868 καὶ
1207 2812 1532 2888 σώματοςῆ
1549 2816 1754 2871 καὶνοό

1864 2825 1950 2871 :tc.
1969 2813 2041 2871 Ut
2067 2822 2252 2870 autem
2274 2815 2467 2870 harum
2492 2832 2674 2872 rerum
2690 2815 2926 2887 perfecta
2953 2817 3191 2888 cognitio
3204 2819 3271 2873 ad
3295 2819 3463 2873 vitam

175 2913 444 2962 uernam
467 2919 682 2975 semper
704 2904 845 2960 viam
864 2906 1076 2970 sternit,
1103 2905 1356 2963 homines
1373 2907 1578 2963 sensim
1601 2907 1916 2978 sensimque
1931 2906 1998 2961 ad
2011 2906 2224 2962 altioris
2247 2907 2599 2963 revelationis
2618 2909 2998 2964 necessitatem
3017 2908 3356 2973 deducendo,
3384 2918 3466 2962 ut-

176 3012 292 3068 que
307 2997 539 3068 proinde
551 3013 740 3053 earum
755 2999 1010 3054 tractatio
1026 2999 1172 3054 omni
1191 3007 1437 3070 tempore
1455 2999 1703 3070 perutilis
1728 3001 1941 3056 exstitit
1967 3015 2030 3055 ac
2053 3002 2394 3067 necessaria;
2429 3002 2508 3057 sic
2529 3003 2596 3058 de
2614 3001 2883 3072 ejusmodi
2901 3001 3466 3072 philosophiaecapiti-

176 3089 287 3146 bus
301 3091 406 3145 rite
424 3105 697 3161 exponere
723 3091 843 3148 istis
858 3093 1200 3161 temporibus
1227 3094 1469 3148 maxime
1486 3093 1850 3158 conducebat,
1865 3093 2066 3164 quibus
2081 3103 2266 3148 noster
2278 3086 2484 3158 tlorui't,
2498 3104 2554 3149 et
2568 3095 2771 3164 quibus
2790 3096 2994 3151 ethnici
3017 3113 3046 3152 a
3070 3111 3170 3152 sua
3191 3095 3462 3164 supersti-

176 3187 333 3242 tione
358 3185 709 3242 abstrahendi
731 3193 908 3252 erant,
946 3186 1424 3258 philosophisque,
1451 3187 1600 3242 haud
1626 3202 1801 3257 pauca
1828 3197 2026 3242 contra
2051 3187 2339 3258 religionis
2367 3187 2700 3242 Christiana:
2739 3188 3027 3244 veritatem
3057 3188 3462 3260 excipientihus

179 3288 629 3350 praepostereque
662 3279 835 3334 multa
867 3279 936 3334 de
962 3280 1233 3349 ejusmodi
1263 3279 1618 3349 dogmatibus
1634 3281 2018 3347 sentientibus,
2039 3289 2157 3335 erat
2187 3280 2625 3350 respondendum
2645 3279 2780 3351 (68).
2805 3279 2952 3336 Satis
2983 3281 3130 3336 enim
3180 3279 3462 3348 perspexit

176 3375 378 3432 beatus
433 3373 657 3438 Melito,
706 3381 970 3446 quantam
1017 3371 1215 3427 horum
1255 3373 1711 3446 philosophorum
1759 3375 1896 3430 scita
1945 3375 2193 3445 quaedam
2236 3373 2345 3428 vim
2375 3374 2641 3430 haberent
2682 3375 2752 3429 ad
2803 3375 3083 3446 religionis
3127 3374 3461 3433 Christiana

176 3469 265 3523 vel
301 3467 692 3522 retardandum
726 3480 1104 3538 progressum,
1138 3464 1224 3520 vel
1274 3472 1612 3520 structuram
1641 3463 2104 3531 labefactandam,
2153 3464 2260 3519 nisi
2305 3463 2482 3535 prima
2534 3465 2783 3534 ipsorum
2819 3465 3179 3522 fundamenta
3213 3467 3460 3526 suffode-

176 3567 397 3614 rentur.
432 3557 572 3614 llinc
595 3561 702 3614 hoc
733 3559 839 3614 sibi
869 3559 1014 3613 ultro
1048 3556 1291 3626 suscepit
1320 3555 1549 3625 negotii,
1579 3562 1641 3610 ut
1683 3556 1800 3612 haec
1833 3555 2422 3626 philosophiaacapita,
2453 3571 2590 3640 quze‘
2618 3556 2840 3610 maximi
2881 3559 2949 3612 ad
2983 3559 3144 3614 fidem
3183 3565 3449 3618 momenti

176 3663 336 3717 sunt,
369 3661 424 3709 et
452 3654 572 3710 sine
595 3653 800 3725 quibus
832 3667 943 3708 non
991 3660 1172 3722 potest
1198 3666 1326 3706 vera
1374 3650 1432 3705 in
1467 3648 1638 3704 Deum
1680 3651 1855 3720 pietas
1885 3664 2108 3721 surgere
2147 3660 2244 3705 aut
2271 3649 2596 3717 consistere,
2635 3651 2829 3706 sedulo
2853 3659 3244 3720 pertractaret,
3271 3661 3326 3708 et
3353 3669 3454 3724 pro

177 3746 387 3803 virium
415 3741 674 3804 facultate
698 3746 1028 3803 clarissimis
1053 3744 1364 3801 rationibus
1395 3742 1723 3799 suﬂ'ulciret.
1748 3741 1884 3798 Nam
1903 3751 2052 3798 certe
2076 3742 2181 3798 nisi
2211 3742 2574 3798 constitutum
2607 3742 2700 3808 sit,
2730 3743 2984 3812 quisnam
3019 3745 3260 3802 universi
3287 3746 3454 3817 hujus

252 3923 434 3994 (6-64)
458 3925 516 3980 In
536 3922 687 3978 Part.
719 3923 898 3988 0rat.,
927 3923 1063 3993 Opp.
1089 3931 1128 3978 t.
1157 3921 1455 3990 l,fol.109.
1473 3920 1619 3977 Edit.
1638 3918 1774 3975 Fro-

175 3997 310 4052 ben.
341 3996 498 4058 1540,
535 4011 586 4048 Iv
623 3996 729 4050 vol.

255 4067 369 4136 (65)
403 4067 460 4124 In
501 4065 756 4135 Catalogo
797 4063 1617 4136 scriptorumiecclesiost.,_cap.
1653 4062 1767 4119 Ἧι

175 4131 388 4190 Τοῦτόυ
431 4137 528 4208 τὴν
579 4131 806 4214 εὑφὺῒςν
835 4134 1071 4214 ὲτῖαινῶν
1093 4131 1536 4214 ιτερτοςριλιᾳνὸῆ
1568 4131 1771 4214 ἑνςερῖς

174 4209 328 4262 ἑπτα
361 4204 558 4274 λόγόις,
603 4204 696 4269 οὖς
742 4205 947 4278 ἔγραψε
979 4204 1118 4257 κατὰ
1147 4204 1247 4274 τῆς
1278 4204 1604 4275 Ἐκκλησίας
1628 4204 1768 4277 ὑπὲρ

1877 3921 2014 4003 alias
2047 3919 2225 4003 prima
2271 3920 2456 3975 vocari
2493 3921 2716 3989 suevit),
2745 3935 2880 4003 Icap.
2915 3921 2970 4003 8n,
3006 3937 3130 4003 pag.
3171 3923 3290 4003 ﬁt,
3315 3925 3466 4003 edit.‘

1877 3990 2351 4062 splendidissima,
2373 4005 2537 4062 quam
2576 4004 2659 4062 es
2682 3991 2899 4062 schedis
2929 3990 3216 4062 Grabianis
3250 3993 3450 4050 Oxonii

1879 4059 2040 4126 1705,
2073 4061 2212 4118 in-8.
2236 4059 2583 4115 dedit’ﬂenr.
2616 4059 2876 4124 Hutchin,
2913 4072 2966 4116 et
2998 4061 3196 4118 Euseb.
3232 4064 3268 4118 l.
3296 4081 3345 4121 c.
3378 4064 3449 4123 Il.

1878 4131 2156 4186 Lucianus
2186 4129 2605 4194 Samosatenus,
2637 4131 3027 4187 celeberrimus
3057 4133 3146 4187 ille
3175 4133 3450 4191 Christia-

1879 4218 2075 4257 norum
2101 4211 2385 4270 empaecta,
2427 4201 2586 4269 cujus
2615 4199 2791 4254 Vitam
2838 4217 2868 4256 a
2912 4201 2998 4256 Jo.
3033 4201 3347 4261 Burdelotio
3379 4221 3449 4263 ex

174 4279 482 4334 Μοντάνου.

255 4348 372 4419 (66)
406 4347 551 4401 Hist.
582 4345 766 4419 θεείῳ.
798 4345 1002 4419 lib.__i_v,
1027 4359 1146 4413 cap.
1181 4342 1272 4398 26.

255 4413 376 4495 (67)
395 4419 603 4495 “Euseb.
636 4417 844 4473 scilicet
881 4414 1024 4495 Ili-st.
1051 4419 1234 4495 eccles.
1271 4415 1476 4495 lib..tv,
1505 4429 1625 4485 cap.
1749 4459 1764 4483 ,

222 4484 308 4560 ag.
352 4484 479 4543 188.
525 4487 888 4558 Hieronymus
929 4484 1012 4566 ρο
1052 4487 1236 4554 script.
1281 4485 1475 4568 eccles.
1503 4484 1624 4554 cap.
1658 4485 1750 4540 24.

222 4560 436 4616 Lutlinus
475 4557 622 4612 Hist.
661 4557 873 4617 eccles.,
907 4556 1002 4609 lib.
1037 4571 1111 4618 IV,
1141 4571 1260 4625 cap.
1293 4557 1384 4610 25.
1414 4554 1756 4625 Nicephorus

175 4627 810 4706 Callisti__ﬂist.eccle_s.,_
841 4627 933 4706 lib.
972 4639 1046 4690 IV,
1081 4641 1204 4706 cap.
1237 4625 1326 4692 10,
1361 4626 1458 4706 fol.
1486 4626 1614 4706 ἓξλῇ
1671 4695 1683 4706 .

257 4700 374 4772 (68)
404 4698 684 4772 'falesqui
727 4699 847 4772 istis
877 4695 1448 4772 temporibusncontra
1482 4695 1756 4772 Christia-

179 4759 286 4830 nos
334 4759 513 4837 egere,
557 4759 778 4823 fu'erunt
807 4768 948 4820 inter
969 4759 1105 4819 alios
1130 4759 1499 4837 :|.Crescens,
1523 4768 1757 4837 philoso-

177 4836 619 4916 phus__CyniCus,
669 4841 836 4916 homo
863 4837 991 4890 vitai
1020 4836 1425 4916 impurissimis,
1457 4836 1756 4916 qni'Ense—

179 4905 275 4970 bio
313 4905 692 4986 His't.ieccles.,
736 4909 826 4986 lib.
862 4922 952 4986 IV).
968 4922 1088 4974 cap.
1126 4906 1396 4986 16,_audit
1436 4905 1755 4986 (peptbvopo;

177 4989 249 5058 τῇ
282 4985 496 5058 κυμικῇΔ
524 4975 866 5053 προσηγορίᾳ
901 4975 1014 5046 βίον
1055 4993 1114 5028 τε
1151 4976 1244 5057 θεαὶ
1268 4975 1757 5058 epotam—«ulnth

176 5047 346 5111 vEndi
397 5047 665 5107 rationem
691 5047 922 5119 prurSus
956 5047 1368 5119 con_venientem
1400 5047 1631 5119 Cynica:
1660 5061 1756 5114 ap-

252 5123 498 5178 llationis
526 5113 909 5182 aemulabatur,
935 5137 954 5169 ι
977 5127 1030 5172 et
1046 5114 1278 5171 Tatiano
1299 5113 1356 5166 in
1374 5113 1596 5186 Apblog.
1631 5113 1753 5186 cap.

215 5200 273 5260 Ξ,
317 5210 443 5265 pag.
473 5195 563 5259 Ἡ,
595 5193 724 5246 edit.
744 5187 1027 5265 _Worthii,
1060 5197 1326 5265 vocatur;
1361 5185 1757 5265 Πᾳιδεραστείᾳ

176 5256 831 5338 πάὶνέαξύπερενεγκὼν,
878 5256 1212 5338 φιλαργυρίᾳ
1259 5256 1316 5310 δὲ
1347 5257 1508 5338 ’πάνυ
1534 5256 1757 5337 ἡτροσεξ

176 5339 285 5412 χὴς
309 5335 408 5400 ὢν,
448 5355 465 5387 ι
490 5333 726 5412 maxime
753 5333 1000 5412 omnium
1033 5343 1327 5412 puerorum
1347 5333 1553 5412 incesto
1582 5333 1756 5382 amori

175 5397 403 5477 deditus
429 5415 484 5462 et
509 5403 769 5477 pecuniae.
787 5401 968 5454 studio
983 5398 1415 5477 addictissimus.
1447 5417 1465 5450 ι
1491 5397 1755 5477 Ηίθτριιγσ

177 5494 310 5534 mus
336 5476 414 5531 De
444 5468 628 5546 script.
661 5471 846 5546 coclea.
873 5485 996 5546 cap.
1026 5468 1116 5532 30,
1143 5484 1272 5525 eum
1303 5469 1532 5523 multum
1563 5469 1757 5546 adver:

176 5565 281 5606 sus
333 5537 690 5620 Christianos.
732 5537 1163 5620 blasphemasse.
1202 5548 1492 5620 memorat.
1551 5537 1757 5620 lustini

179 5619 444 5691 martyris
500 5609 877 5691 potissimum:
905 5609 1256 5691 antagonista
1313 5609 1460 5675 fuit,
1487 5683 1496 5691 _
1527 5611 1759 5691 ejusque

180 5679 434 5762 martyrii
468 5679 660 5744 causa.
683 5682 819 5739 Vide
831 5681 951 5752 ejus
972 5679 1283 5750 Apologiam
1305 5683 1589 5735 secundam
1613 5679 1758 5752 (quae

468 5805 745 5868 Ριτιιοι..
791 5799 910 5861 Gn.
952 5796 1028 5858 V.

1876 4273 2052 4342 ipsius
2091 4270 2580 4343 Lucianiscriptis
2620 4273 3005 4343 compositam,
3043 4276 3298 4343 notisque
3327 4279 3448 4332 suis

1873 4340 2095 4418 auctam
2141 4342 2287 4418 dedit
2386 4341 2453 4394 A.
2491 4340 2652 4418 lfabr.
2687 4344 2744 4418 in_
2771 4341 2912 4394 Bibl.
2961 4343 3061 4418 Gr.
3084 4345 3176 4398 lib.
3200 4340 3288 4418 iv,
3322 4363 3444 4418 cap.

1879 4414 1966 4486 1‘6,
1997 4428 2119 4482 pag.
2156 4411 2281 4466 485.
2301 4404 2638 4486 AHn‘nc‘falso
2666 4411 2903 4478 primum
2932 4414 3152 4486 quidem
3197 4404 3448 4486 Evange-

1858 4483 1916 4536 lii
1943 4481 2270 4554 ministrum
2277 4481 2608 4554 _Antio_c_hia:,
2640 4491 2834 4554 postea
2853 4481 3180 4554 παραϐάτην
3210 4496 3264 4539 et
3283 4481 3444 4541 ἄθέον

1857 4554 2091 4608 credunt
2115 4551 2204 4607 Jo.
2251 4550 2419 4606 Henr.
2455 4552 2749 4620 llottinger
2789 4550 2995 4606 Hister.
3037 4550 3333 4610 ecclesiast.
3373 4557 3439 4611 N.

1858 4623 1922 4676 T.
1965 4633 2116 4692 parte
2163 4640 2206 4682 ι,
2235 4637 2357 4692 pag.
2397 4622 2494 4684 55,
2529 4631 2584 4692 et
2614 4619 2699 4676 Jo.
2733 4619 2832 4676 Ph.
2869 4621 3182 4678 Treunerus
3209 4631 3262 4678 in
3300 4628 3438 4684 diss.

1857 4693 1935 4746 De
1969 4690 2250 4757 theoloqio
2279 4690 2690 4752 L’ucianiJi-nm
2730 4692 2888 4746 1697.
2939 4693 3032 4745 Hic
3065 4695 3284 4763 quidem
3339 4696 3434 4762 ju-

1850 4773 1994 4818 stum
2011 4763 2420 4833 opusadvcrsus
2442 4763 2794 4833 Christianos
2818 4777 2924 4816 non
2961 4763 3202 4831 scripsit,
3234 4765 3288 4818 in
3320 4767 3440 4819 dia-

1855 4834 1981 4903 logo
2009 4831 2190 4887 tamen
2221 4831 2377 4903 IIepr
2409 4831 2908 4903 tﬁcwﬂsperpirov
2951 4833 3239 4901 τελευτῆς
3277 4851 3436 4892 sacra

1857 4902 2047 4958 eorum
2084 4903 2336 4972 dogmata
2369 4902 2477 4954 imo
2505 4902 2786 4955 Christum
2817 4911 2869 4955 et
2900 4905 3178 4971 apostolos
3247 4924 3434 4965 sarca-

1851 4971 2261 5028 sticisludibi'iis
2293 4972 2638 5040 perstrinxit,
2669 4981 2723 5024 et
2749 4972 2800 5024 in
2826 4971 3182 5026 historiarum
3227 4989 3430 5027 monu-

1858 5044 2056 5098 mentis
2085 5045 2150 5097 dc
2182 5057 2248 5096 eo
2285 5044 2562 5095 memoriae
2578 5043 2845 5112 proditur,
2869 5044 3012 5112 quod
3047 5043 3432 5096 maximean-

1857 5113 2085 5167 ἅπτεται
2129 5112 2220 5184 τοῦ
2262 5110 2720 5183 Χριστιανισμοῦ,
2763 5112 2856 5166 καὶ
2889 5110 3071 5181 ξαὺτὸν
3125 5112 3435 5184 pias-emisi

1858 5183 2224 5262 Xpt_:_x-.dv._lll.
2253 5182 2465 5262 Celsus,
2501 5184 2596 5262 qui
2629 5199 2767 5262 opus
2808 5198 2967 5262 suum
2995 5193 3189 5262 contra
3218 5182 3435 5262 ludier

1857 5252 2275 5310 ct'Christianos
2306 5253 2441 5308 falso
2476 5252 2634 5306 titulo
2669 5253 2945 5322 inscripsit
2973 5253 3170 5320 Λόγον
3211 5253 3432 5322 ἀληθῆ,

1857 5327 1925 5394 de
1953 5340 2063 5394 quo
2080 5323 2344 5394 videndus
2374 5323 2571 5378 Euseb.
2607 5322 2750 5376 Hist.
2773 5323 2954 5378 eccles.
2983 5323 3073 5394 lib.
3109 5337 3180 5394 vi,
3201 5338 3321 5392 cap.
3341 5323 3434 5385 56,

1860 5391 2012 5464 Opus
2041 5395 2218 5464 ipsum
2251 5393 2398 5449 Celsi
2444 5394 2597 5448 libris
2628 5404 2751 5448 octo
2788 5391 3092 5448 confutavit
3133 5391 3432 5464 Origenes,

1855 5463 2110 5538 jamtuin
2141 5467 2496 5538 sexagenario
2528 5465 2734 5538 major;
2767 5465 2858 5534 qui
2893 5479 3065 5533 nuper
3092 5480 3122 5516 a
3148 5463 3346 5518 Carolo
3370 5465 3436 5538 de

1859 5535 1911 5591 la
1953 5535 2068 5590 Rue
2107 5537 2420 5590 accuratius
2462 5536 2738 5598 reccnsiti,
2787 5546 2840 5589 et
2875 5551 2905 5589 a
2937 5549 3149 5589 sulnmc
3176 5535 3431 5590 vcnerab.

1861 5606 2165 5678 Moshemio
2214 5607 2267 5678 in
2299 5605 2682 5662 Germanicam
2717 5607 2956 5678 linguam
2988 5605 3234 5660 translati
3265 5604 3432 5661 notis-

1861 5694 1968 5749 que
1999 5675 2255 5732 illustrati
2294 5683 2444 5732 sunt.

3041 5794 3119 5854 3'1
