3808 6206
178 359 320 418 1163
1130 363 1432 424 ΝΟΤΙΤΙΑ.
1469 399 1538 409 --
1571 369 1617 425 1.
1654 371 1682 425 Ῑ

1925 374 1945 426 ι
1985 373 2041 428 S.
2084 367 2477 428 MENTONIS.
3291 375 3429 433 “66

175 484 262 531 ter
283 478 567 548 restiterit,
606 491 662 538 et
690 484 750 539 in
781 501 1076 556 pravarum
1099 504 1292 545 eorum
1335 492 1658 562 opinionum
1695 493 2045 564 potissimum
2090 495 2335 566 origines
2362 496 2430 550 de
2472 493 2744 550 industria
2792 493 3162 566 inquisiverit.
3200 493 3433 550 Multum

177 572 326 626 enim
360 589 486 629 cum
513 577 692 633 valeat
736 581 804 635 ad
835 582 1266 639 abstrahendum
1293 585 1363 640 ab
1392 601 1584 642 errore
1618 588 1886 652 animum,
1925 602 2091 644 nosse
2128 603 2375 644 errones:
2416 589 2699 644 sententia:
2729 604 2955 658 causas;
2986 599 3174 647 noster
3211 604 3434 661 quoque

170 664 232 719 in
260 680 328 720 eo
353 681 576 736 operam
606 684 760 726 suam
793 676 1008 745 egregie
1045 691 1275 746 prorsus
1299 679 1519 745 locavit,
1554 681 1700 750 quod
1725 680 1932 750 scripto
1955 680 2194 750 quodam
2214 722 2230 746 ,
2265 690 2324 736 ut
2353 691 2544 738 auctor
2567 691 2651 738 est
2678 679 3045 754 Hieronymus
3073 681 3224 754 (78),
3267 697 3432 738 mon-

171 759 454 852 straverit,
481 775 547 814 ex
576 777 685 832 qua
709 766 1164 836 philosophorum
1192 779 1338 825 secta
1365 771 1594 842 singula:
1629 771 1953 852 in_Ecclesia
1983 774 2218 830 haereses
2247 771 2480 829 natalem
2506 773 2776 829 traxerint
2813 785 2977 845 atque
3019 773 3310 845 originem.
3336 769 3437 828 Vel

171 847 340 902 unico
364 848 547 920 itaque
591 852 696 908 hoc
721 867 883 923 Opere
905 856 1039 911 satis
1074 874 1351 930 superque
1386 863 1564 918 evinci
1591 847 1791 934 potést,
1822 879 1946 920 eum
1974 864 2029 920 in
2055 865 2554 936 phi1050phicarum
2581 879 2736 936 aeque
2761 880 2826 921 ac
2855 865 3292 936 theologicarum
3336 881 3430 923 re-

170 957 298 995 rum
331 939 658 1010 latifundiis,
689 945 832 1000 haud
861 958 1092 1018 angusta
1125 949 1458 1006 instructum
1485 950 1657 1014 fuisse
1686 954 1936 1010 scientia.
1964 948 2164 1010 Meruit
2187 953 2439 1025 proinde,
2471 954 2543 1010 ob
2566 953 2932 1011 eruditionem
2965 970 3196 1026 prorsus
3240 958 3434 1029 singu-

169 1037 366 1103 larem,
398 1052 693 1106 perennem
715 1040 785 1095 ad
809 1052 1057 1110 posteros
1080 1046 1424 1100 memoriam.
1451 1045 1650 1100 Meruit
1691 1048 1928 1104 oratoris
1955 1049 2266 1121 philosOphi
2303 1059 2464 1120 atque
2489 1047 2725 1122 theologi
2748 1062 2966 1119 nomen,
2994 1060 3193 1109 etcum
3217 1067 3433 1109 summa

165 1127 336 1184 laude
357 1129 579 1186 mewit.

1361 1252 1390 1326 ς
1418 1253 1486 1309 Χ.
1519 1254 1594 1310 De
1623 1255 1894 1310 Melitonis
1925 1257 2262 1312 castimonia.

237 1402 417 1470 Quem
471 1405 736 1461 hactenus
767 1407 1108 1476 argumentis
1160 1408 1500 1477 gravissimis
1532 1409 1778 1479 apprime
1808 1408 2032 1464 doctum
2065 1410 2226 1476 evici,
2266 1409 2408 1466 idem
2449 1424 2595 1467 nunc
2627 1425 2846 1482 quoque
2878 1413 3002 1483 pius
3034 1422 3088 1468 et
3121 1413 3427 1469 virtutibus

164 1498 412 1551 maxime
443 1496 663 1564 ﬂorens,
696 1498 977 1553 sistendus
1009 1498 1148 1553 mihi
1180 1499 1302 1564 erit,
1338 1514 1438 1554 nec
1469 1495 1756 1558 infeliciori
1779 1515 2062 1563 successu,
2087 1515 2188 1556 nec
2212 1501 2510 1557 levioribus
2543 1505 2882 1573 argumentis
2911 1505 2964 1560 id
2988 1514 3171 1561 actum
3205 1507 3270 1561 iri
3299 1521 3433 1561 con-

165 1589 302 1644 ﬁdo.
338 1591 444 1657 Qui
477 1593 622 1646 enim
655 1607 686 1647 e
713 1593 958 1663 diligenti
991 1593 1163 1647 variis
1191 1593 1410 1649 artibus
1443 1601 1498 1648 et
1527 1593 1772 1648 scientiis
1799 1594 2145 1666 ingeniorum
2169 1594 2411 1660 cultura,
2435 1605 2491 1651 et
2519 1611 2551 1652 e
2583 1612 2866 1652 sacrarum
2904 1597 3214 1654 litterarum
3237 1598 3435 1653 crebra

164 1682 406 1738 lectione
434 1685 487 1737 in
521 1683 806 1738 hominum
839 1683 978 1739 bene
1009 1693 1315 1753 praeparata
1348 1693 1570 1753 pectora
1610 1699 1870 1744 emanare
1899 1685 2077 1740 solent
2112 1684 2347 1750 fructus,
2396 1697 2458 1739 ut
2487 1687 2697 1742 scilicet
2725 1689 3075 1743 emolliantur
3105 1703 3309 1756 mores,
3333 1702 3434 1743 nec

162 1776 428 1832 ainantur
481 1778 733 1833 homines
765 1792 886 1834 esse
918 1777 1173 1848 improbi,
1227 1778 1262 1831 ii
1318 1786 1469 1833 tanto
1501 1778 1724 1836 uberius
1783 1779 1841 1833 in
1873 1779 2178 1850 piissimam
2225 1778 2499 1836 Melitonis
2553 1781 2792 1836 animam
2825 1791 3174 1850 emanarunt,
3224 1791 3434 1852 quanto

162 1870 371 1938 majori
403 1871 588 1927 studio
620 1873 840 1942 utrique
889 1887 1112 1942 operam
1169 1887 1400 1927 navasse
1435 1871 1702 1929 hactenus
1732 1873 1992 1929 vidimus.
2045 1872 2175 1928 Inde
2223 1873 2390 1944 igitur
2431 1874 2641 1930 exstitit
2681 1875 2880 1930 animae
2927 1876 3052 1946 ejus
3100 1889 3436 1944 morumque

159 1964 383 2032 paritas
416 2002 434 2029 ,
473 1964 598 2018 inde
628 1964 749 2034 ejus
783 1965 1098 2028 caelibatus,
1133 1972 1188 2018 et
1229 1965 1576 2031 castimonia,
1633 1977 1742 2035 qua
1776 1964 1920 2019 inter
1951 1964 2058 2019 alia
2089 1965 2356 2020 virtutum
2397 1966 2658 2022 exercitia
2705 1968 3040 2038 conspicuus
3087 1966 3211 2034 fuit,
3254 1977 3310 2024 et
3359 1969 3434 2025 ob

157 2067 333 2123 quam
368 2056 608 2111 eunuchi
642 2071 948 2128 cognomen
981 2057 1215 2127 accepit.
1247 2052 1328 2111 'lta
1361 2070 1600 2128 namque
1632 2066 1858 2114 vocatur
1889 2073 1920 2113 a
1953 2057 2238 2130 Polycrate
2263 2059 2376 2129 (79)
2420 2059 2477 2114 in
2509 2060 2739 2130 epistola
2768 2062 3027 2132 synodica
3061 2061 3130 2116 ad
3153 2059 3432 2118 Victorem

155 2163 364 2218 papam
395 2167 410 2203 :
445 2150 511 2202 Tl
540 2148 650 2222 γὰρ
679 2150 760 2203 δεῖ
789 2149 968 2218 λέγειν
1003 2151 1242 2222 Σάγαριν
1273 2151 1573 2207 ἐπίσκοπον
1604 2151 1701 2206 καὶ
1735 2152 2008 2224 μάρτυρα,
2040 2151 2100 2216 ὃς
2131 2152 2418 2225 Λαοδικείᾳ
2463 2155 2818 2226 κεκοίμηταις
2849 2155 2933 2208 ’ἔτι
2962 2156 3072 2227 γὰρ
3100 2156 3196 2209 καὶ
3225 2154 3434 2211 Παπεί-

154 2258 280 2314 ριον
309 2242 404 2295 τὸν
439 2243 726 2314 μακάριον,
761 2245 855 2297 καὶ
884 2243 1170 2298 Μελίτωνα
1199 2242 1291 2297 τὸν
1320 2243 1607 2314 εὐνοῦχον,
1640 2243 1732 2298 τὸν
1773 2245 1832 2296 ὲν
1863 2243 2004 2315 ἁγίῳ
2034 2242 2312 2315 Πνεύματι
2357 2244 2536 2300 πάντα
2567 2246 3059 2318 πολιτευσάμενον;
3094 2264 3148 2300 κ.
3186 2263 3236 2300 τ.
3270 2246 3320 2300 λ.
3369 2245 3428 2301 Id

152 2343 246 2389 est
278 2341 343 2388 ut
396 2334 558 2390 divus
596 2334 964 2405 Hieronymus
998 2334 1114 2406 (80)
1147 2335 1443 2390 verborum
1475 2333 1780 2405 Polycratis
1822 2332 2176 2404 interpretem
2209 2335 2360 2406 egit:
2400 2353 2420 2387 ι
2463 2334 2604 2403 Quid
2642 2352 2873 2394 necesse
2911 2347 2995 2393 est
3049 2337 3272 2410 Sagaris
3310 2338 3429 2407 epi-

156 2427 318 2498 scopi
355 2435 408 2482 et
440 2427 697 2498 martyris
729 2427 1029 2492 recordari,
1063 2427 1159 2497 qui
1198 2429 1252 2482 in
1295 2426 1566 2481 Laodicea
1600 2435 1926 2497 soporatur,
1966 2436 2021 2482 et
2052 2425 2256 2496 Papirii
2302 2426 2466 2493 beati,
2499 2435 2554 2483 et
2579 2427 2854 2486 Melitonis
2893 2430 2946 2484 in
2978 2439 3171 2486 sancto
3217 2430 3430 2501 Spiritu

153 2517 427 2581 eunuchi,
462 2519 556 2587 qui
598 2533 816 2588 semper
858 2517 1091 2572 Domino
1123 2517 1334 2585 servit?
1371 2535 1390 2569 ι
1430 2515 1598 2571 Audit
1624 2516 1810 2586 itaque
1843 2524 2032 2574 noster
2061 2519 2370 2574 eunuchus.
2403 2517 2652 2590 Cumque
2690 2518 2946 2576 Servator
2981 2522 3222 2590 optimus
3254 2523 3429 2576 maxi-

151 2621 285 2661 mus
314 2607 370 2660 in
403 2606 701 2679 Evangelio
728 2611 745 2640 ¹
779 2608 889 2680 (81)
909 2609 1012 2663 tria
1042 2609 1423 2663 cunuchorum
1449 2608 1655 2663 constit‘

1925 2623 1986 2676 'a,
2013 2608 2162 2665 aliud
2180 2610 2389 2667 scilicet
2405 2625 2618 2677 eorum,
2650 2613 2844 2676 οἵτινες
2873 2614 2939 2666 ὲκ
2968 2613 3180 2678 κοιλίας
3222 2615 3429 2687 μητρὸς

152 2700 532 2772 ἐγεννήθησαν
563 2701 725 2764 οὕτω,
766 2720 785 2752 ι
825 2702 894 2756 ab
925 2710 1050 2755 ortu
1080 2720 1100 2752 ι
1139 2701 1355 2765 talium,
1388 2702 1484 2770 qui
1515 2700 1584 2755 ad
1617 2699 1656 2754 V

1926 2700 2189 2759 inhabiles
2221 2703 2335 2758 nati
2365 2713 2528 2771 sunt;
2558 2705 2705 2760 aliud
2737 2706 2978 2772 illorum,
3013 2707 3208 2770 οἵτινες
3239 2708 3430 2761 εὐνου-

150 2793 428 2866 χῐσθησαν
457 2793 563 2846 ὑπὸ
593 2793 699 2850 τῶν
729 2792 1052 2866 ἀνθρώπων,
1077 2812 1095 2843 ι
1120 2793 1213 2863 qui
1238 2793 1308 2847 ab
1334 2793 1648 2848 hominibus

1927 2794 2017 2849 acti
2048 2804 2210 2862 sunt;
2237 2813 2256 2848 ›
2286 2804 2342 2850 et
2371 2797 2520 2852 aliud
2551 2797 2786 2867 denique
2816 2798 3080 2863 istorum,
3114 2799 3309 2863 οἵτινες
3336 2799 3431 2854 εὐ-

151 2886 416 2957 νούχισαν
448 2886 673 2948 ἑαυτοὺς
702 2884 790 2937 διὰ
819 2885 916 2954 τὴν
951 2882 1226 2954 βασιλείαν
1254 2882 1362 2936 τῶν
1391 2882 1655 2956 οὐρανῶν,

1921 2882 2066 2946 ipsos
2080 2893 2394 2940 castrarunt
2420 2895 2639 2956 propter
2669 2901 2897 2958 regnum
2923 2888 3219 2954 caelorum;
3255 2907 3272 2941 ι
3311 2903 3425 2943 non

149 2980 258 3035 abs
292 2995 355 3034 re
386 2980 491 3033 erit.
522 2979 829 3049 inquirere,
864 2979 932 3034 ad
964 2992 1259 3046 quamnam
1293 2992 1486 3032 eorum
1520 2978 1752 3033 classem
1784 2975 1968 3033 Melito
2000 2987 2189 3034 noster
2219 2979 2291 3034 sit
2321 2977 2661 3036 referendus.
2696 2978 2912 3036 Ultimae
2943 2991 3126 3036 autem
3152 2997 3278 3036 eum
3327 2983 3426 3036 ad-

150 3069 565 3126 numerandum
599 3085 754 3132 esse,
789 3085 853 3124 ex
905 3070 1119 3125 duabus
1176 3070 1486 3125 rationibus
1539 3071 1687 3125 haud
1743 3071 1978 3128 obscure
2021 3080 2198 3141 potest
2228 3071 2600 3141 comprobari.
2649 3073 2836 3128 Primo
2867 3072 3180 3144 Polycrates
3211 3075 3422 3129 nullam

151 3165 327 3218 aliam
362 3165 434 3218 ob
467 3179 691 3218 causam
723 3163 964 3219 eunuchi
998 3163 1327 3233 cognomine
1358 3162 1671 3219 Melitonem
1705 3164 1973 3236 insignire
2010 3165 2142 3220 mihi
2163 3166 2396 3230 videtur,
2417 3181 2584 3234 quam
2620 3174 2679 3220 ut
2701 3165 2866 3220 simul
2897 3166 3103 3236 aliquid
3140 3168 3192 3220 in
3227 3167 3424 3224 laudes

152 3266 328 3328 atque
359 3257 821 3313 existimationem
869 3256 989 3326 ejus
1039 3257 1264 3323 aﬂ‘erat;
1311 3265 1368 3311 et
1409 3256 1490 3312 sic
1535 3256 1821 3312 sententiae
1851 3271 1986 3322 suae,
2035 3271 2202 3327 quam
2249 3267 2442 3313 contra
2481 3255 2755 3311 Victorem
2798 3257 3079 3322 tuebatur,
3113 3256 3262 3312 haud
3305 3257 3426 3313 leve

150 3349 379 3420 pondus
411 3349 766 3417 superaddat,
802 3357 991 3418 utpote
1021 3365 1145 3419 qua:
1174 3357 1256 3403 tot
1287 3349 1762 3404 sanctissimorum
1795 3349 2040 3404 virorum
2081 3350 2412 3405 auctoritate
2443 3349 2808 3405 suﬂ‘ulciatur.
2849 3349 3110 3404 Eamdem
3144 3350 3330 3421 itaque
3348 3351 3422 3406 ob

150 3457 412 3506 causam,
444 3440 517 3495 ob
562 3456 726 3510 quam
778 3439 1040 3512 Sagarem
1090 3441 1363 3514 μάρτυρα,
1409 3452 1465 3497 et
1498 3441 1654 3512 Papir

1912 3443 2082 3515 ιάριον
2124 3454 2439 3511 vocaverat,
2472 3443 2790 3500 Melitonem
2837 3458 3056 3513 quoque
3095 3444 3416 3499 eunuchum

149 3535 399 3597 vocavit,
455 3531 592 3586 alias
624 3532 742 3586 sine
791 3533 901 3586 ullo
933 3547 1098 3603 scopo
1129 3532 1236 3588 hoc
1269 3533 1548 3602 epitheton
1601 3532 1924 3596 addidisset,
1963 3535 2110 3604 quod
2160 3535 2276 3590 sive
2307 3534 2377 3590 ob
2425 3545 2635 3590 natura:
2667 3535 2884 3600 vitium,
2934 3534 3050 3590 sive
3080 3534 3151 3589 ob
3183 3534 3422 3588 aliorum

150 3627 450 3682 hominum
500 3627 813 3683 violentiam
866 3628 944 3682 illi
979 3628 1285 3699 obtigisset,
1323 3627 1391 3682 ad
1440 3627 1630 3684 laudes
1661 3628 1784 3699 eius
1811 3667 1828 3693 ,
1881 3638 1937 3683 et
1967 3631 2523 3697 commendationem,
2573 3631 2684 3685 imo
2715 3639 2770 3684 et
2801 3630 2866 3684 ad
2901 3630 3248 3700 propositum
3282 3630 3422 3686 nihil

151 3735 395 3790 prorsus
427 3720 683 3774 conferre
713 3721 1003 3790 potuisset.
1043 3719 1102 3774 In
1136 3720 1408 3790 ejusmodi
1440 3730 1624 3776 autem
1657 3720 1910 3791 epistola,
1943 3737 2110 3791 quam
2144 3721 2392 3792 privatus
2425 3723 2492 3777 ad
2526 3723 2798 3792 privatum
2833 3723 3064 3776 minime
3087 3721 3234 3777 dedit
3259 3721 3422 3793 Poly-

148 3822 363 3880 crates,
398 3815 492 3869 sed
514 3829 680 3884 quam
717 3814 939 3884 publico
977 3816 1222 3880 nomine,
1257 3816 1350 3870 sed
1383 3831 1548 3885 quam
1583 3817 1805 3870 nomine
1835 3816 2079 3870 omnium
2115 3816 2285 3872 totius
2317 3816 2464 3877 Asini:
2501 3813 2872 3872 Ecclesiarum
2922 3814 2990 3869 ad
3014 3813 3289 3870 Victorem
3317 3813 3422 3868 Ec-

149 3909 498 3980 clesiamque
531 3909 856 3976 Romanam,
903 3912 960 3966 in
1001 3927 1082 3967 re.
1104 3913 1346 3966 maxime
1378 3912 1546 3975 seria,
1580 3909 1859 3977 exaravit,
1894 3919 1950 3966 et
1977 3925 2142 3980 quam
2187 3913 2241 3965 in
2277 3911 2488 3982 synodo
2520 3908 2751 3966 solemni
2785 3915 2864 3963 tot
2894 3907 3133 3978 episcopi
3161 3921 3420 3977 compro-

148 4006 446 4071 baverant,
487 4015 543 4060 et
579 4007 986 4076 subscriptione
1015 4006 1496 4071 conﬁrmaverant,
1521 4005 1732 4076 aliquid
1781 4014 1986 4061 temere
2017 4014 2074 4060 et
2119 4005 2259 4060 nihil
2301 4003 2367 4060 ad
2401 4019 2518 4060 rem
2552 4004 2826 4073 adjectum
2863 4001 3054 4069 fuisse,
3100 4003 3190 4057 vix
3238 4016 3305 4056 ac
3347 4017 3417 4058 ne

147 4100 248 4155 vix
285 4101 512 4169 quidem
546 4112 731 4157 mente
773 4117 1000 4172 possum
1043 4103 1354 4172 concipere.
1389 4101 1636 4157 Alterum
1681 4111 2064 4171 argumentum
2095 4117 2161 4157 ex
2205 4100 2400 4155 Latina
2444 4102 2644 4156 horum
2675 4100 2970 4156 verborum
3012 4099 3266 4155 versione
3289 4097 3418 4154 Hie-

148 4197 377 4267 ronymi
423 4205 587 4265 atque
630 4195 830 4251 Bullini
856 4203 1036 4267 potest
1065 4196 1302 4265 desumi,
1337 4211 1573 4266 quorum
1618 4196 1755 4250 alter
1785 4195 1897 4267 (82)
1931 4195 2240 4251 Melitonem
2275 4196 2331 4249 in
2366 4194 2569 4266 Spiritu
2598 4204 2790 4251 sancto
2829 4195 3146 4251 eunuchum
3172 4194 3413 4266 vocavit,

148 4287 300 4343 alter
331 4301 463 4342 vero
504 4287 619 4359 (85)
661 4285 966 4358 Polycratis
999 4287 1162 4342 verba
1198 4287 1270 4341 ita
1308 4288 1698 4357 interpretatus
1730 4296 1814 4341 est
1844 4304 1858 4341 :
1903 4305 1922 4338 ι
1959 4285 2063 4342 Sed
2095 4297 2150 4343 et
2178 4286 2480 4358 Papirium,
2511 4287 2810 4343 Macarium
2846 4287 2961 4360 (84)
3002 4296 3057 4342 et
3096 4285 3414 4342 Melitonem

149 4388 385 4453 propter
418 4394 646 4451 regnum
681 4379 778 4434 Dei
809 4387 865 4435 et
897 4381 1212 4435 eunuchum
1247 4390 1302 4435 et
1335 4379 1543 4450 Spiritu
1579 4386 1769 4436 sancto
1801 4382 2091 4451 repletum.
2125 4404 2143 4436 ι
2183 4383 2258 4438 Ita
2283 4392 2345 4440 ut
2365 4385 2673 4440 clarissime
2712 4383 2910 4440 exinde
2941 4391 3146 4454 pateat,
3180 4398 3278 4454 per
3305 4381 3412 4436 Po-

145 4475 385 4549 lycratis
417 4475 667 4546 εὐνοῦχον
701 4473 790 4529 τὸν
821 4476 881 4528 ἐν
909 4475 1050 4546 ἁγίῳ
1081 4475 1359 4546 Πνεύματι
1395 4475 1572 4529 πάντα
1605 4493 1649 4528 π

1909 4495 2064 4548 μενον
2096 4480 2308 4533 nullum
2342 4479 2490 4534 aliud
2523 4477 2900 4534 cunuchorum
2947 4492 3120 4548 genus
3164 4491 3289 4532 esse
3326 4476 3413 4530 in-

149 4570 537 4639 telligendum,
573 4584 738 4638 quam
773 4584 970 4623 eorum
1009 4568 1204 4632 οἵτινες
1234 4568 1325 4622 διὰ
1355 4568 1454 4640 τὴν
1488 4568 1653 4640 βασιλι

1936 4572 2180 4642 οὐρανῶν
2229 4573 2546 4645 εὐνούχισαν
2579 4572 2820 4628 ἑαυτούς,
2867 4591 2887 4625 ‹
2917 4573 3009 4643 qui
3051 4587 3110 4628 se
3142 4553 3291 4643 ipsos
3312 4586 3409 4626 ca-

149 4671 408 4719 strarunt
437 4672 657 4733 propter
688 4677 914 4732 regnum
949 4662 1272 4716 cmlorum.»
1297 4660 1458 4733 'Ergo
1505 4671 1726 4733 propter
1777 4678 2004 4733 regnum
2041 4665 2308 4720 caelorum
2347 4668 2698 4737 semetipsum
2748 4665 2977 4724 eviravit
3020 4664 3240 4720 Melito?
3265 4663 3411 4734 Ergo

226 4846 244 4875 ¹
280 4841 470 4898 Matth.
504 4857 621 4909 nx,
653 4841 742 4895 12.

248 4997 337 5068 78)
364 4995 606 5067 Epistola
635 4995 906 5068 85,_tom.
946 4993 1018 5068 1V
1047 4994 1379 5068 Opp.,parte
1407 5011 1470 5058 ιι,
1496 5010 1552 5064 p.
1581 4994 1687 5068 656
1713 5014 1727 5068 ς
1833 4993 2028 5068 Μοιοιι.
2054 4992 2325 5048 lnchoferi
2343 4992 2478 5068 diss.
2506 4993 2584 5046 De
2612 4994 2978 5068 eunuchismo;
3002 4994 3304 5068 Seldenum
3328 4996 3407 5068 De
3472 4954 3479 4960 .

149 5090 172 5122 ι
213 5063 360 5135 Quid
391 5063 591 5137 loquar
619 5067 689 5137 d_e
709 5065 962 5121 Melitone
987 5063 1728 5137 Sardensiepiscopoaquid
1823 5065 1948 5137 jure
1991 5073 2199 5137 natura
2245 5075 2295 5117 et
2328 5063 2579 5137 gentium,
2639 5079 2764 5137 pag.
2816 5064 2946 5125 658;
2998 5063 3291 5137 Saldenum
3350 5067 3405 5120 in

140 5133 602 5205 deﬁpolliriario
646 5135 1064 5206 Hierapolitanae
1107 5134 1365 5206 Ecclesiae
1412 5133 1725 5206 sacerdote,
1836 5135 1977 5189 Otiis
2021 5133 2246 5206 theolog.
2292 5149 2345 5206 p.
2378 5133 2483 5206 499
2514 5133 3164 5206 λειιίιχΡΙΨθξ-ξιιιοιοιθε
3191 5136 3259 5206 de
3300 5137 3408 5192 hoc

140 5203 417 5277 Dionysio
444 5203 853 5277 Corinthiorum
880 5207 1159 5275 episcopo,
1190 5213 1245 5277 et
1274 5203 1507 5277 Tatiano
1527 5215 1580 5259 et
1595 5204 1727 5258 Bar-
1829 5206 2052 5277 oraculo
2082 5205 2413 5277 evolvendos
2441 5203 2590 5258 dabit
2649 5203 2706 5258 S.
2749 5203 2816 5258 Β.
2853 5203 3092 5260 Wolfius
3122 5207 3178 5261 in
3209 5205 3367 5261 Curis
3387 5245 3404 5269 ,

139 5273 360 5334 desane
409 5277 506 5346 qui
554 5276 793 5346 origines
839 5273 1124 5346 hae—resemv
1171 5275 1511 5344 singularum
1557 5283 1726 5346 etiex
1829 5277 1937 5330 vol.
1966 5276 2016 5346 _l,
2050 5289 2179 5346 pag.
2215 5273 2338 5328 281.

136 5348 356 5425 quibus
398 5343 847 5425 philosophorum
899 5345 1144 5425 [antibus
1189 5343 1498 5400 emanarint
1540 5345 1725 5399 multis
1899 5344 2014 5425 (ξὲ)
2047 5343 2361 5425 ﬂierhonyin.
2395 5343 2508 5425 l."c_.
2537 5359 2657 5425 cap.

138 5413 526 5497 voluminibus
549 5413 930 5497 explicarunt?
964 5435 983 5468 ι
1056 5419 1085 5497 ς’
1142 5488 1154 5497 .
1635 5486 1642 5497 ι

2047 5413 2294 5497 Βρίῖὶῃιιε
2329 5414 2384 5468 in
2421 5413 2567 5468 Hist.
2602 5413 2786 5497 cccles.
2821 5414 2915 5497 lib.
2952 5431 3005 5482 ν,
3041 5429 3162 5484 cap.
3190 5414 3281 5468 24.
3314 5485 3329 5497 ⁹
3355 5485 3367 5496 _

122 5503 135 5540 ι
220 5486 338 5559 (τ9)
372 5485 525 5556 Apud
560 5484 762 5542 Enseb.
801 5487 1262 5545 Himecclesiast.
1287 5486 1382 5542 lib.
1413 5501 1465 5551 ν,
1490 5500 1614 5555 cap.
1635 5484 1729 5548 24,
1908 5484 2032 5567 (84),
2071 5484 2357 5566 Bullinus,
2406 5499 2598 5570 parum
2656 5486 2964 5568 attendens,
3016 5499 3258 5564 errorem
3314 5485 3406 5540 hic

139 5557 245 5613 fol.
282 5556 412 5610 244.
1833 5564 2129 5620 commlsu,
2157 5563 2318 5624 atque
2349 5569 2620 5624 μακαρίων
2647 5570 2748 5608 Vll‘l
2779 5570 2974 5609 nomen
2998 5569 3280 5624 proprium
3303 5569 3405 5622 pu-

218 5625 340 5696 (80)
377 5626 456 5681 De
485 5627 785 5681 illustribus
818 5626 1070 5683 Ecclesia:
1099 5628 1467 5696 scriptoribus,
1495 5641 1614 5696 cap.
1635 5624 1727 5678 24.
1835 5628 1991 5690 tavit,
2023 5634 2081 5696 et
2123 5623 2205 5679 sic
2254 5638 2361 5677 non
2398 5633 2458 5678 ut
2488 5623 2730 5696 _Hﬁieron.
2764 5641 2858 5695 per
2910 5642 2930 5676 ι
2961 5623 3204 5691 beatum,
3237 5641 3257 5676 ι
3306 5623 3404 5680 sed

220 5693 340 5821 (Si)
407 5696 483 5752 De
524 5698 728 5768 triplici
771 5700 875 5753 hoc
926 5693 1291 5753 eunuchismo
1320 5696 1510 5780 confer
1547 5693 1732 5784 Doug:
1832 5713 1930 5768 per
1965 5716 1983 5748 ι
2021 5695 2316 5750 Macarium
2353 5712 2371 5746 ›
2409 5693 2664 5750 reddidit.
2717 5699 2723 5706 ’

220 5783 237 5821 ι
346 5768 538 5821 nalect.
593 5784 759 5821 sacr..
818 5778 961 5821 part.
1019 5785 1080 5821 ιι.
1111 5785 1330 5821 excurs.
1388 5769 1479 5821 50.
1532 5781 1586 5821 ι).
1639 5765 1734 5821 74,

137 5765 239 5823 tzi
296 5765 538 5823 Analect.
593 5765 759 5834 sacr.,
817 5778 961 5840 part.
1019 5785 1080 5835 ιι,
1111 5785 1330 5826 excurs.
1388 5769 1479 5832 50,
1532 5781 1586 5837 p.
1639 5765 1734 5822 74;
