3808 6206
224 296 373 353 1169
1190 295 1492 354 NOTITIA.
1531 328 1600 338 -—
1634 297 1674 351 1.
1712 297 1753 352 D

1896 296 1997 355 [TA
2037 299 2095 354 S.
2137 295 2525 355 MELITONIS.
3343 294 3482 352 1170

222 417 461 485 γέγονας
492 417 810 490 παραϐάτης
832 417 1159 491 νόμου².Νθο
1185 419 1386 476 desunt
1419 420 1561 475 hanc
1597 420 1650 474 in
1681 436 1753 476 rei

1896 429 2066 476 terum
2090 435 2312 492 quoque
2339 418 2676 476 testimonia.
2704 417 3010 490 Scriptores
3033 413 3176 472 enim
3209 417 3301 486 qui
3336 417 3492 473 Meli-

224 517 418 562 tonem
465 518 712 563 nostrum
764 512 836 566 ob
879 511 1146 566 castitatis
1188 511 1433 566 studium
1464 511 1719 567 laudibus
1753 513 2090 578 extulerunt,
2124 513 2379 567 eumdem
2421 512 2586 571 etiam
2615 513 2684 566 ob
2720 509 2950 566 aliarum
2980 511 3242 566 virtutum
3283 514 3492 567 exerci-

225 599 369 654 tium
399 600 710 670 posteritati
742 607 1106 662 venerabilem
1141 607 1502 662 tradiderunt.
1538 607 1630 662 Sic
1671 607 1986 680 Polycrates
2019 610 2134 681 (95)
2179 610 2381 680 insigni
2431 609 2524 664 illa
2571 608 2747 671 laudis
2795 609 3319 663 commemoratione
3363 626 3492 663 eum

226 706 454 760 quoque
477 707 748 749 exornare
771 697 917 752 haud
938 697 1228 766 dubitavit,
1254 713 1362 769 qua
1392 699 1568 753 πάντα
1593 701 1651 753 ὲν
1678 700 1748 768 ἀγ

1896 701 2122 772 νεύματι
2146 700 2598 770 πολιτευσάμενον
2642 714 2768 757 eum
2806 702 3041 768 vocavit,
3101 702 3156 756 h.
3217 717 3267 756 e.
3312 701 3496 756 virum

229 779 475 853 Spiritus
496 786 672 840 sancti
707 786 889 844 afﬂatu
931 777 1121 848 omnia.
1149 808 1450 863 gerentem.
1485 793 1576 850 Sie
1605 793 1967 867 Hieronymus
2004 797 2141 867 (9t),
2183 795 2488 867 Polycratis
2525 796 2689 850 modo
2718 796 2775 854 in
2811 797 3050 852 medium
3086 797 3295 866 prolata
3326 797 3494 852 verba,

226 891 333 932 sua
363 877 590 948 faciens,
615 881 684 938 de
713 882 970 942 Melitone
993 889 1068 942 ita
1091 903 1256 958 porro
1281 890 1559 945 memoriae
1587 889 1846 959 prodidit,
1881 908 1899 941 ι
1941 889 2090 965 quod
2125 906 2342 960 semper
2369 888 2599 944 Domino
2626 887 2927 946 serviverit.
2961 906 2982 938 ι
3007 885 3074 940 Ει
3096 885 3342 942 Bullinus
3373 885 3488 956 (95)

226 969 456 1030 Eusebii
490 976 812 1034 notissimus
843 979 1136 1052 interpres,
1177 985 1421 1038 unanimi
1456 985 1695 1055 quodam
1732 998 2003 1041 consensu
2033 984 2103 1038 de
2128 993 2318 1039 nostro
2352 998 2573 1052 quoque
2605 991 2856 1052 testatur,
2883 979 3029 1050 quod
3063 978 3268 1050 Spiritu
3301 986 3492 1034 sancto

228 1081 452 1138 semper
481 1072 722 1140 repletus
762 1071 961 1144 fuerit;
1013 1078 1092 1131 ita
1133 1087 1192 1133 ut
1217 1078 1423 1134 affatim
1456 1094 1544 1134 me
1571 1078 1860 1148 probatum
1887 1079 2102 1134 dedisse
2134 1078 2374 1144 credam,
2408 1076 2746 1143 Melitenem,
2779 1075 2858 1131 uti
2897 1073 3222 1132 castimonia
3261 1073 3490 1146 reliquis

226 1159 503 1228 praestitit,
525 1162 600 1218 ita
623 1172 677 1219 et
704 1163 829 1220 aliis
853 1166 1150 1224 virtutibus
1182 1169 1498 1224 eminuisse.

1299 1260 1329 1335 ᾗ
1361 1261 1482 1320 ΧΠ,
1524 1262 1601 1317 De
1641 1262 1912 1318 Melitom’s
1945 1261 2082 1316 dono
2104 1261 2440 1332 prophetico.

297 1407 468 1467 Totus
502 1412 687 1482 itaque
714 1414 810 1468 uni
855 1413 964 1470 Deo
1000 1416 1241 1473 intentus
1274 1432 1398 1474 cum
1432 1427 1596 1485 esset,
1631 1418 1857 1488 contigit
1910 1417 2014 1487 ipsi
2044 1418 2234 1472 etiam
2269 1416 2544 1486 peculiare
2580 1413 2797 1485 aliquod
2822 1413 3008 1484 gratiae
3050 1412 3247 1469 divinae
3284 1412 3489 1468 donum

222 1503 478 1558 miraculi
499 1504 742 1574 plenum,
779 1508 1083 1576 prophetiae
1106 1509 1315 1565 scilicet
1347 1509 1611 1582 χάρισμα,
1641 1509 1809 1579 quod,
1851 1517 1910 1564 ut
1947 1508 2260 1562 notabiliter
2302 1507 2438 1562 dixit
2467 1505 2731 1574 Origenes
2762 1504 3099 1576 (96),,divini
3124 1515 3340 1574 semper
3371 1515 3491 1558 serv

219 1597 404 1652 monis
436 1598 720 1654 character
744 1600 952 1656 exstitit
977 1611 1034 1656 et
1056 1603 1181 1658 vita}
1208 1602 1319 1659 Deo
1353 1611 1588 1673 accepta:
1620 1603 1906 1660 familiaris
1932 1602 2082 1659 socia
2126 1616 2446 1672 comesque.
2481 1600 2687 1655 Futura
2719 1603 2863 1654 enim
2915 1613 3272 1670 praenoscere,
3314 1607 3490 1667 eaque

220 1690 341 1746 sine
373 1689 494 1746 falsi
523 1694 841 1763 suspicione
870 1699 1235 1768 praenuntiare
1259 1698 1434 1754 solius
1463 1697 1559 1752 Dei
1593 1698 1764 1753 virtus
1799 1707 1884 1752 est
1917 1704 1972 1752 et
2015 1695 2400 1766 prmrogativa,
2432 1694 2498 1747 ad
2529 1692 2905 1762 quam‘nullus
2939 1691 3028 1746 vel
3060 1690 3370 1746 mortalium
3399 1689 3488 1744 ve!

218 1784 532 1838 daemonum
570 1787 867 1844 ascendere
893 1797 1089 1860 potest,
1120 1790 1226 1845 nisi
1254 1790 1428 1859 ipsius
1452 1787 1547 1844 Dei
1595 1789 1822 1857 indicio,
1861 1788 1973 1843 falli
2027 1797 2192 1857 atque
2234 1785 2420 1840 fallere
2477 1784 2667 1839 nescii.
2721 1783 2855 1837 Θεοῦ
2918 1783 3087 1849 enim,
3134 1792 3196 1837 ut
3239 1782 3486 1853 Chryso-

219 1876 389 1932 stomi
421 1877 536 1949 (97)
569 1881 735 1934 verba
767 1896 888 1936 mea
915 1880 1134 1950 faciam,
1181 1883 1340 1937 τοῦτο
1385 1886 1617 1957 μάλιστα
1663 1882 1753 1939 tota

1931 1880 2110 1949 λέγειν
2157 1878 2228 1932 τὰ
2263 1878 2544 1950 μέλλοντα,
2586 1896 2604 1928 ι
2650 1875 2760 1930 Deo
2799 1875 3035 1930 maxime
3066 1874 3350 1944 pr0prium
3397 1885 3485 1932 est

219 1968 406 2025 futura
436 1973 753 2042 praedicere,
785 1995 804 2028 ι
835 1977 932 2047 qui
967 1977 1070 2032 hoc
1097 1977 1216 2046 ipso
1242 1993 1462 2050 quoque
1490 1979 1808 2036 charactere
1832 1991 1864 2030 a
1891 1974 2045 2030 falsis
2088 1973 2371 2044 gentilium
2410 1973 2516 2027 diis
2556 1970 2872 2039 lictitiisque
2904 1982 3092 2023 eorum
3124 1965 3282 2024 idolis
3309 1968 3362 2022 in
3389 1983 3474 2023 sa-

221 2061 332 2113 cris
376 2061 590 2132 paginis
617 2063 637 2094 ³
678 2063 940 2134 distingui
989 2065 1230 2121 maxime
1269 2068 1461 2123 voluit.
1509 2067 1588 2122 Ita
1621 2076 1685 2121 ut
1713 2066 1934 2121 mellitas
1971 2063 2297 2135 eloquentia:
2332 2070 2510 2133 pater,
2549 2061 2710 2132 cujus
2751 2060 2914 2116 modo
2957 2061 3010 2116 in
3049 2060 3288 2115 medium
3327 2060 3486 2116 attuli

217 2151 388 2205 verba
413 2153 661 2207 eamdem
692 2170 910 2226 quoque
935 2158 991 2210 in
1018 2172 1134 2211 rem
1165 2159 1381 2229 egregie
1403 2174 1631 2230 prorsus
1649 2156 2108 2228 prommtiaverit,
2140 2153 2360 2224 quando
2391 2151 2575 2206 futura
2604 2151 2932 2222 praedicendi
2963 2149 3277 2207 facultatem
3325 2149 3486 2224 ἔργον

215 2239 357 2294 Θεοῦ
377 2243 662 2312 appellavit
687 2243 822 2313 (98),
853 2245 990 2317 ὅπερ
1023 2247 1143 2301 οὐδὲ
1173 2249 1510 2322 μιμήσασθαι
1545 2249 1753 2304 δύναιντ

1900 2249 1951 2300 οἱ
1983 2247 2251 2316 δαίμονες,
2288 2243 2390 2298 κᾶν
2428 2244 2631 2316 σφόδρα
2663 2241 3025 2312 φιλονεικῶσι,
3059 2260 3078 2294 ι
3115 2241 3211 2296 Dei
3246 2243 3486 2300 maxime

216 2343 382 2398 opus,
413 2331 558 2400 quod
599 2347 777 2402 neque
813 2335 1089 2390 daemones
1130 2337 1337 2392 imitari
1375 2348 1628 2409 possunt,
1678 2338 1932 2410 quamvis
1987 2337 2256 2407 majorem
2286 2335 2340 2388 in
2379 2337 2598 2390 modum
2632 2334 2898 2388 nitantur.
2941 2352 2962 2385 ι
2994 2331 3152 2394 Licet
3187 2333 3335 2388 enim
3372 2333 3488 2390 dae;

216 2434 416 2476 mones
439 2421 636 2476 divinae
672 2422 838 2493 hujus
866 2425 1085 2480 virtutis
1131 2425 1436 2485 imitatores
1477 2443 1638 2502 agere
1687 2443 2061 2500 saepenumero
2116 2439 2213 2496 per
2237 2425 2462 2480 oracula
2500 2426 2642 2480 inter
2668 2423 2898 2494 gentiles
2940 2424 3289 2492 tentaverint,
3337 2424 3486 2481 infco

207 2514 355 2578 lices
378 2524 558 2572 tamen
585 2527 639 2572 et
668 2518 848 2573 hacin
889 2527 1043 2589 parte
1069 2520 1324 2578 Numinis
1351 2525 1584 2580 aemulos
1610 2531 1839 2594 egerunt
1870 2521 2028 2585 adeo,
2067 2529 2130 2576 ut
2161 2519 2285 2577 falsi
2316 2520 2478 2574 toties
2512 2519 2751 2575 convicti
2783 2513 3082 2574 ludibrium
3115 2520 3333 2576 tandem
3367 2521 3482 2578 suis

217 2609 388 2664 etiam
419 2609 674 2666 dederint
700 2612 1023 2667 cultoribus.
1059 2613 1262 2670 Eorum
1299 2617 1445 2672 enim
1482 2616 1844 2671 revelationes
1883 2613 2085 2685 partim
2123 2612 2297 2680 falsis,
2331 2613 2530 2684 partim
2554 2611 2867 2682 ﬂexiloquis
2896 2622 2950 2667 et
2979 2612 3235 2668 obscuris
3277 2614 3484 2668 consti-

217 2703 359 2758 tisse
380 2704 693 2766 enuntiatis,
733 2713 795 2759 ut
838 2705 1136 2777 interprete
1164 2709 1414 2780 eguerint
1454 2723 1638 2763 rerum
1672 2707 1982 2764 futurarum
2022 2707 2368 2776 interpretes,
2414 2706 2516 2774 ipsi
2561 2714 2832 2760 testantur
2887 2715 2942 2760 et
2983 2705 3166 2760 rident
3199 2705 3482 2776 gentilium

218 2797 520 2867 scriptores
550 2799 695 2855 haud
725 2799 883 2868 pauci
913 2801 1050 2871 (99).
1077 2800 1234 2868 Quod
1271 2803 1457 2873 itaque
1485 2817 1764 2858 summum
1793 2801 2004 2857 Numen
2041 2799 2351 2854 Melitenem
2402 2797 2712 2854 futurorum
2757 2813 2978 2870 quoque
3021 2800 3212 2860 notitia
3251 2814 3487 2855 exorna-

215 2892 380 2955 verit,
409 2908 666 2962 magnum
699 2893 889 2962 utique
916 2892 1101 2948 effusae
1129 2893 1183 2948 in
1213 2909 1338 2949 cum
1367 2896 1556 2966 gratiae
1603 2895 1992 2951 documentum
2033 2901 2138 2948 est.
2170 2891 2329 2952 Certe
2367 2900 2549 2945 autem
2580 2906 2703 2944 eum
2735 2893 3056 2961 prephetam
3095 2891 3265 2950 fuisse
3311 2898 3483 2946 testa-

218 2993 310 3038 tur
337 2984 451 3052 ipse
475 2983 834 3053 Hieronymus
863 2985 938 3051 (l)
983 2985 1056 3038 ita
1090 2985 1156 3040 de
1190 3001 1256 3040 eo
1286 2987 1533 3043 scribens
1570 3007 1583 3043 :
1627 3006 1646 3040 ι
1701 2983 1876 3057 Hujus
1910 2985 2132 3056 elegans
2165 2990 2219 3038 et
2253 2983 2702 3038 declamatorium
2748 2969 3023 3052 ingenium
3067 2982 3298 3044 laudans
3345 2981 3482 3037 Tcr-

215 3077 482 3133 tullianus
513 3076 566 3130 in
599 3087 805 3147 septem
837 3077 1012 3144 libris,
1039 3094 1177 3147 quos
1206 3079 1425 3148 scripsit
1455 3080 1718 3135 adversus
1739 3077 2042 3132 Ecclesiam
2077 3091 2175 3147 pro
2205 3075 2487 3141 Montano,
2525 3075 2658 3128 dicit
2703 3089 2828 3128 eum
2864 3089 2896 3128 a
2942 3075 3218 3145 plerisque
3265 3083 3479 3129 nostro-

213 3184 343 3225 rum
374 3170 691 3239 prophetam
729 3173 928 3242 putari.
972 3191 990 3224 ι
1023 3171 1194 3227 Deum
1231 3171 1445 3228 scilicet
1472 3171 1751 3242 promissi,
1792 3185 1904 3240 quo
1939 3168 2056 3224 Joel
2081 3170 2104 3202 ’⁵
2150 3168 2490 3222 internuntio
2528 3167 2637 3235 jam
2669 3167 2879 3236 pridem
2908 3179 3030 3223 sese
3083 3167 3480 3236 obstrinxerat,

215 3275 546 3328 memorem,
583 3277 687 3318 nec
709 3278 740 3316 a
773 3261 840 3316 N.
876 3263 941 3317 T.
975 3262 1216 3320 Ecclesia
1255 3263 1361 3318 hoc
1390 3263 1692 3333 prophetiae
1712 3261 1991 3317 charisma
2016 3261 2212 3315 abesse
2242 3274 2490 3330 prorsus,
2527 3269 2622 3313 aut
2669 3259 2809 3314 intra
2851 3259 3138 3331 apostolici
3182 3261 3280 3318 aeui
3307 3275 3482 3332 angu-

215 3355 356 3409 stias
394 3355 664 3410 contineri
702 3355 964 3418 voluisse,
1013 3355 1108 3410 sed
1149 3355 1281 3410 illud
1323 3355 1418 3410 uni
1465 3356 1712 3419 alterive,
1755 3353 1882 3408 licet
1920 3362 2365 3422 pro,temporum
2409 3351 2622 3406 ratione
2656 3350 2900 3420 parcius,
2936 3351 3116 3407 adhuc
3161 3351 3476 3407 communi-

213 3460 394 3512 casse,
419 3446 604 3516 negari
638 3463 744 3500 non
783 3456 977 3517 potest.
1025 3445 1093 3501 Et
1123 3463 1438 3518 quanquam
1476 3465 1494 3498 ι
1533 3449 1618 3501 lex
1644 3456 1698 3502 et
1722 3445 1998 3517 prophetae
2039 3459 2213 3513 usque
2236 3443 2301 3498 ad
2330 3441 2597 3498 Joannem
2625 3443 2875 3499 duraturi
2911 3445 3168 3500 dicantur
3187 3445 3230 3512 ⁵,
3253 3465 3272 3498 ι
3293 3454 3478 3502 tamen

210 3535 381 3590 verba
434 3536 536 3591 ista
583 3538 788 3592 mitiori
838 3538 1306 3606 interpretatione,
1345 3554 1508 3608 quam
1560 3547 1618 3593 ut
1670 3553 1887 3593 omnem
1935 3535 2234 3606 prophetiae
2275 3550 2436 3589 usum
2481 3534 2808 3602 excludant,
2859 3536 3172 3606 accipienda
3214 3552 3356 3605 esse,
3393 3542 3476 3595 vel

209 3622 780 3697 Agabi'aliorumque
812 3628 908 3696 qui
948 3627 1344 3700 Hierosolymis
1373 3630 1721 3684 Antiochiam
1758 3628 1989 3699 profecti
2031 3637 2408 3682 memorantur
2443 3637 2629 3682 vatum
2674 3627 2962 3698 exemplis,
3004 3638 3060 3683 et
3107 3629 3244 3684 bene
3289 3629 3478 3685 multis

211 3719 342 3773 aliis
361 3720 708 3788 testimoniis,
737 3737 859 3792 quae
887 3738 953 3777 ex
981 3722 1156 3778 tribus
1179 3722 1457 3792 prioribus
1492 3723 1707 3779 saeculis
1746 3723 1962 3794 collegit
2001 3723 2309 3778 Pfannerus
2359 3719 2460 3791 (2),
2491 3729 2671 3791 potest
2716 3724 2958 3793 probari.
3019 3721 3089 3777 Et
3134 3731 3282 3778 certe
3332 3722 3477 3777 inter

209 3807 422 3876 reliqua
461 3807 698 3880 Spiritus
729 3814 905 3887 sancti
930 3814 1094 3879 dona,
1119 3830 1241 3884 quae
1271 3815 1325 3868 in
1363 3816 1489 3870 novi
1524 3814 1750 3871 foederis
1794 3815 2040 3872 Ecclesia
2076 3814 2354 3871 distribuit
2391 3830 2666 3872 summum
2709 3815 2942 3880 Numen,
2984 3817 3149 3870 etiam
3186 3815 3473 3885 prophetia

209 3899 384 3955 Paulo
418 3902 495 3971 ('5)
523 3912 856 3968 recensetur,
884 3921 1015 3974 qua,
1049 3915 1108 3960 ut
1143 3913 1201 3959 ut
1229 3915 1283 3961 et
1307 3907 1411 3960 alia
1444 3909 1852 3975 contineantur,
1877 3908 2130 3962 notitiam
2168 3907 2480 3963 futurorum
2519 3919 2700 3964 tamen
2728 3909 2966 3964 maxime
3000 3907 3316 3977 significari,
3354 3908 3473 3978 ipsa

207 3997 504 4053 verborum
536 3999 744 4054 indoles
766 4016 1009 4070 ususque
1041 4002 1282 4056 indicare
1311 4002 1548 4056 videtur.
1577 4002 1693 4055 Hoc
1719 4016 1850 4071 ergo
1876 4001 2082 4056 donum
2108 4001 2168 4054 in
2217 4002 2435 4057 beatum
2468 4010 2720 4058 nostrum
2758 4001 3081 4057 Mclitonem.
3105 4017 3326 4080 quoque
3359 4006 3472 4062 col-

205 4089 379 4144 latum
408 4089 599 4158 fuisse,
625 4109 733 4147 non
760 4103 844 4149 est
873 4095 1016 4163 quod
1043 4095 1379 4151 dubitemus.
1411 4095 1512 4150 Ast
1543 4094 1816 4149 charisma
1840 4095 1962 4162 hoc,
1987 4096 2129 4165 quod
2162 4097 2310 4150 omni
2339 4111 2556 4166 semper
2595 4104 2752 4151 aetate
2799 4111 2830 4150 a
2877 4095 3129 4152 fidelibus
3181 4095 3472 4168 utriusque

197 4193 735 4336 .A’ciaci'rég’lés.‘
763 4197 916 4254 Isaia:
944 4213 1063 4269 cap.
1096 4215 1207 4265 xu,
1237 4199 1330 4266 22,
1357 4199 1460 4266 25;
1488 4217 1619 4266 χιιι,
1647 4200 1701 4264 9,
1727 4201 1826 4268 l2;
1855 4217 1999 4256 xttv.
2030 4201 2082 4266 6,
2111 4201 2161 4254 7.
2241 4202 2262 4233 ‘
2282 4202 2417 4259 Joel.
2445 4220 2564 4276 cap.
2598 4222 2680 4278 ιιι,
2713 4221 2768 4264 v.
2799 4207 2852 4274 1,
2881 4208 2935 4264 2.
3006 4208 3028 4242 ³
3051 4205 3242 4263 Matth.
3273 4223 3350 4275 χι,
3376 4207 3469 4266 15.

193 4382 344 4454 apud
380 4379 900 4454 GottingensesiFr.
937 4384 1074 4454 Cph.
1116 4383 1377 4442 Neubour
1411 4386 1466 4441 in
1515 4386 1768 4442 biblioth.

191 4449 673 4525 lli-emensicla—sse
703 4471 740 4518 ι,
773 4449 1038 4510 fasciculo
1067 4459 1121 4520 5,
1160 4473 1213 4525 p.
1256 4457 1360 4510 209
1403 4457 1533 4513 edit.
1562 4457 1778 4510 Amste-

192 4520 311 4574 lod.
349 4520 507 4598 1724,
549 4539 679 4598 sqq._
729 4525 914 4598 itidem
965 4541 1034 4580 ex
1083 4520 1447 4598 Demosthene
1502 4530 1778 4598 egregium

189 4591 488 4665 quemdam
525 4591 772 4665 eamdem
803 4595 856 4649 in
881 4611 1004 4665 irem
1045 4599 1314 4665 protraxit
1341 4591 1541 4651 locum.

268 4661 383 4738 (ἓξ)
423 4660 578 4738 apud
608 4663 805 4738 Euseb.
844 4664 985 4738 Πῦρ.
1016 4660 1222 4738 eccles.,
1253 4668 1345 4720 lib.
1368 4681 1432 4738 -ν,
1459 4683 1578 4738 cap.
1613 4668 1702 4724 24.

421 4733 504 4805 _De
521 4734 883 4805 scriptoribus
915 4735 1187 4797 Ecclesiae.
1210 4731 1338 4805 cap.
1362 4736 1454 4791 24.

265 4801 382 4874 (95)
421 4801 478 4874 ιιι
512 4801 657 4874 Hist.
691 4805 901 4867 ecclas"
927 4805 1021 4861 lib.
1057 4823 1110 4872 v,
1136 4823 1256 4874 cap.
1286 4801 1376 4860 24.

264 4871 379 4935 (96)
418 4872 615 4926 Contra
635 4873 860 4939 Celsum,
889 4875 980 4932 lib.
1004 4892 1080 4935 Vl.
1100 4871 1260 4930 num.
1294 4877 1348 4931 5.

420 4943 486 5016 I_n
513 4942 771 5016 Joannem
811 4944 1034 5016 bomilia
1065 4945 1152 5013 77,
1180 4964 1230 5016 p.
1254 4947 1376 5002 597.

421 5011 487 5086 [ιι
511 5012 771 5086 Joannem
809 5014 998 5069 homil.
1036 5011 1202 5086 17,1).
1234 5017 1324 5072 99.

263 5081 379 5150 (99)
420 5082 948 5158 Cbrysippi__ingens
985 5081 1262 5146 volumen.
1286 5088 1376 5158 fin,
1414 5104 1524 5158 quo
1570 5088 1770 5158 Apolli-

1880 4388 2038 4443 brum
2055 4386 2130 4440 De
2145 4387 2382 4457 falsitate
2399 4389 2738 4443 oraculorum
2752 4386 2989 4442 edidisse
3003 4386 3167 4442 refert
3184 4385 3460 4452 Socrates,

1888 4457 2096 4511 Histor.
2138 4457 2346 4522 eccles.,
2395 4459 2489 4526 lib.
2545 4475 2626 4520 ιιι,
2668 4473 2788 4526 cap.
2833 4458 2921 4512 19.
2957 4457 3109 4515 Idem.
3143 4458 3460 4512 institutum

1878 4598 2009 4668 πεῐᾳ
2039 4594 2363 4666 Ἑλληνικῶν
2407 4598 2618 4662 παθῶν,
2683 4597 2817 4668 Opp.
2855 4606 2989 4651 tom.
3038 4595 3128 4668 lY.
3182 4594 3460 4668 Lucianus

1878 4665 2066 4722 multis
2095 4665 2348 4737 dialogis,
2390 4684 2441 4722 v.
2473 4685 2523 4723 c.
2563 4665 2773 4722 Concil.‘
2802 4668 3039 4732 deorum,
3076 4665 3205 4737 Jun.
3256 4677 3310 4721 et
3358 4666 3458 4720 La—

1877 4747 2020 4802 ton.,
2051 4747 2179 4797 etc..
2220 4735 2442 4794 oracula
2488 4740 2742 4792 vanitatis
2789 4737 3046 4792 convicit.
3083 4735 3242 4792 Celso
3303 4752 3456 4801 vero,

1875 4823 2064 4861 eorum
2103 4810 2486 4862 auctoritatem
2525 4808 2850 4872 vindicanti,
2895 4821 3015 4862 sese
3044 4807 3301 4876 opposuit
3334 4806 3460 4862 Ori-

1873 4893 2040 4946 genes
2069 4878 2226 4948 libris
2265 4894 2359 4948 vn,
2401 4895 2540 4948 quos
2572 4878 2738 4931 edidit
2765 4876 2909 4931 Guil.
2942 4877 3204 4948 Spencer.

1945 4946 2127 5071 (non:
2182 4946 2436 5020 Catalogo
2468 4949 2789 5018 scriptorum
2842 4947 3315 5030 ecclesiast.,cap.
3363 4947 3454 5012 24,

1869 5033 2302 5158 p.(121)U.Diatribe
2331 5089 2394 5142 de
2437 5087 2861 5143 Charismatibus
2898 5089 3003 5141 sive
3030 5086 3183 5142 donis
3221 5088 3454 5140 miracu-

1879 4527 2772 4612 de,Dioge‘nianoacommemoravit
2796 4526 3265 4612 Theodoretus'in
3289 4528 3462 4608 Qapa~
3484 4529 3501 4546 ‘

185 5153 278 5226 nis
301 5154 525 5226 oracula
543 5154 806 5216 condidit,
826 5153 977 5226 salse
1008 5157 1325 5226 perstringit
1351 5153 1543 5214 Cicero
1576 5153 1670 5213 lib.
1705 5175 1766 5225 ιι,

185 5223 266 5275 De
303 5222 646 5298 divinatione,
683 5239 801 5298 cap.
845 5225 933 5298 56.
965 5222 1318 5298 Porphyrius,
1349 5230 1629 5298 gentilium
1664 5222 1768 5284 cae;

185 5245 266 5275 ue
303 5245 646 5302 utcrnatwue,
683 5245 801 5292 cap.
845 5245 933 5280 δυ.
965 5245 1318 5298 rorpnyrlus,
1348 5245 1629 5351 gentilium
1664 5245 1767 5284 ca:-

182 5301 442 5370 t_eroq_u_l_n
489 5293 893 5370 superstitionis
938 5297 1240 5370 acerrimus
1277 5299 1342 5370 de
1368 5315 1553 5364 ensor,
1590 5300 1683 5370 qui
1714 5308 1767 5354 et

180 5363 250 5416 de
298 5363 647 5439 philosophia
691 5380 758 5418 ex
803 5367 1041 5421 oraculis
1065 5368 1261 5439 petitis
1293 5368 1492 5423 librum
1523 5363 1760 5439 scripsit,

180 5433 409 5506 oracula
445 5443 706 5504 vatesque
735 5450 878 5504 saepe
911 5433 1127 5490 mentiri
1156 5437 1356 5492 fatetur
1385 5440 1527 5506 apud
1559 5433 1759 5495 Euseb.

180 5501 492 5576 Praeparat.
554 5501 831 5576 βάκτροις
876 5506 970 5560 lib.
1014 5523 1089 5569 vr,
1139 5523 1258 5576 cap.
1307 5509 1360 5564 5.
1397 5501 1758 5574 (Enomaum,

179 5573 568 5650 philosophum
600 5573 1249 5650 .Cy’nicutn,.Porphyri_o
1301 5582 1463 5648 paulo
1511 5573 1761 5650 superio4

179 5657 343 5720 rem,_
379 5644 643 5720 Apollinis
666 5644 934 5720 loraculis
994 5644 1192 5716 saepius
1221 5644 1535 5720 deceptum
1565 5644 1596 5713 ,’
1641 5651 1758 5720 ejus

179 5713 469 5771 mendacia
518 5715 776 5774 vaticinia
831 5717 886 5773 in
936 5713 1105 5775 unum
1149 5713 1454 5792 collegisse,
1493 5713 1755 5794 atque'li-

1869 5158 1998 5213 losis
2022 5161 2252 5228 antiquo:
2287 5158 2561 5221 Ecclesice,
2589 5174 2710 5229 cap.
2744 5158 2797 5223 6,
2825 5158 2860 5229 §_
2880 5159 2936 5222 4,
2970 5174 3022 5227 p.
3049 5158 3175 5229 297,
3204 5172 3356 5229 seqq.

1941 5177 1998 5213 ns
2022 5173 2252 5245 antiqua?
2287 5173 2561 5221 Ecctesraz,
2589 5174 2710 5226 cap.
2744 5173 2797 5223 υ,
2825 5173 2851 5229 9
2880 5173 2936 5222 4,
3049 5173 3175 5220 2w,
3204 5173 3356 5279 segg.

1941 5231 2018 5298 (5)
2057 5231 2078 5282 Ι
2111 5229 2359 5283 Corinth.
2395 5245 2494 5295 xu,
2530 5230 2582 5294 7,
2625 5228 2680 5293 8,
2713 5229 2767 5291 9,
2805 5226 2872 5281 10
2915 5246 2927 5281 :
2988 5226 3240 5298 Εκάστῳ
3369 5225 3456 5278 δί-

1866 5297 2031 5372 δρται
2051 5301 2088 5369 ἡ
2103 5299 2456 5372 φανέρωσις
2485 5300 2590 5372 toi)
2626 5300 2977 5372 Hred‘uawg
3003 5297 3154 5365 πρὸς
3185 5297 3256 5372 to
3278 5309 3456 5372 __0"U]l-

1865 5353 2176 5440 φέρονίθῼ
2199 5353 2315 5438 μὲῖε
2511 5353 2609 5424 διὰ
2652 5353 2798 5424 toﬁ.
2825 5353 3170 5440 Πνεῖὺμᾶτὸς
3227 5353 3454 5440 (Sidera;

1864 5437 2043 5510 λόγος
2074 5437 2314 5508 σκιφίας,
2343 5437 2511 5508 ἇλξὶῳ
2550 5441 2618 5494 δὲ
2655 5441 2836 5510 λόγος
2867 5438 3163 5510 γνώσεως,
3188 5437 3342 5510 θεατὰ
3384 5439 3451 5510 τὸ

1863 5507 2006 5564 (adeo
2037 5507 2301 5581 Πνεῦμα.
2332 5507 2543 5579 Ἑτέρῳ
2568 5511 2636 5564 δὲ
2667 5507 2960 5581 πίστις-γὲν
2985 5507 3242 5581 τῷαύτῷ
3262 5508 3453 5581 Πιῖεύς

1856 5598 2016 5650 ματιθ
2053 5575 2222 5646 ἅλλῴ
2255 5581 2324 5634 δὲ
2376 5575 2714 5651 χαρίόματα
2748 5580 3022 5651 (agricol-1c,
3059 5579 3132 5651 ἐν
3165 5578 3244 5642 τῷ
3292 5575 3453 5651 ᾳύτῷ

1861 5646 2178 5723 Πνεύματι·
2219 5646 2887 5723 ᾶλλώδέὲὶοεργήμάτα
2921 5647 3251 5720 δυνάμεων,
3287 5646 3454 5710 ἄλλῳ

1861 5721 1927 5776 δὲ
1968 5723 2312 5793 προφητεία,
2338 5739 2389 5776 κ.
2427 5739 2475 5775 τ.
2514 5722 2563 5777 λ.

3563 269 3593 286 ρ
