3808 6206
430 337 572 393 1175
1477 354 1535 412 S.
1576 357 1835 418 MELITO
1877 359 2184 424 SARDIUM
2223 369 2620 458 EPISCOPUS.
3549 387 3679 442 H76

428 461 778 577 septem
808 468 954 577 asiae
981 469 1354 577 Ecclesiarum
1381 479 1813 577 descriptionem
1839 486 2010 557 dedit,
2034 499 2089 546 et
2123 491 2177 546 in
2220 493 2320 550 has
2360 503 2630 552 terrarum
2659 507 2842 568 partes
2864 501 2967 556 iter
2996 502 3234 559 instituit
3260 503 3399 575 ipse,
3428 505 3676 577 ipsasque

427 563 688 665 regiones
715 563 1008 665 oculorum
1033 569 1518 665 aciei‘subjiciens,
1552 573 1754 632 Sardes
1780 577 1834 630 in
1859 577 2127 639 Sardibus
2151 585 2404 654 quaesivit
2431 596 2486 642 et
2517 563 2678 644 triste
2719 590 3014 647 admodum
3048 593 3239 650 habuit
3274 563 3674 665 spectaculum.

425 660 530 752 pec
553 660 718 708 tanta:
743 655 896 713 urbis
924 659 1101 717 ruinis
1131 662 1459 736 illacrymari
1495 668 1709 736 puduit.
1736 668 1948 726 Floruit
1980 674 2036 728 in
2067 674 2172 731 hac
2201 677 2336 733 urbe
2371 678 2501 734 olim
2529 679 2842 737 Christiana
2874 685 3029 752 ﬁdes,
3058 701 3274 741 omnem
3303 655 3454 742 enim
3498 687 3675 743 Asiam

426 736 968 851 minoremnmature
1017 752 1312 811 admodum
1361 757 1518 814 Pauli
1553 771 1608 816 et
1651 761 1795 817 Petri
1834 766 2219 834 prmdicatione
2262 769 2540 842 Evangelii
2584 775 2911 831 illustratum
2966 736 3155 845 fuisse,
3197 779 3368 834 latere
3422 795 3526 835 nos
3579 797 3676 834 non

423 833 633 942 faciunt
672 837 935 942 Ili-storias
954 860 1125 902 sacrae
1165 856 1554 909 monumenta'
1584 855 1718 926 (25).
1743 855 2022 929 Praecipue
2048 879 2180 920 vero
2213 833 2624 923 sanctoJoanni
2666 870 2794 926 Asia
2825 871 3039 942 obtigit,
3071 833 3163 942 qui
3197 871 3293 927 diu
3325 873 3406 927 ibi
3436 888 3676 928 commoo

424 935 578 1032 iatn-5
603 941 707 1032 est,
727 932 1002 1032 Ecclesiae
1023 943 1310 998 constituit
1330 946 1532 1013 varias,
1560 962 1624 1003 ac
1646 947 1848 1018 Ephesi
1871 951 2164 1025 episcopus
2189 959 2407 1013 tandem
2432 961 2569 1015 obiit
2593 959 2728 1032 (24).
2757 961 2918 1018 Forte
2943 932 3132 1032 itaque
3160 971 3214 1017 et
3235 962 3324 1018 hic
3354 961 3674 1017 Sardianam

423 1017 727 1124 Ecclesium
759 1025 1028 1098 fundavit,
1051 1032 1210 1103 cujus
1244 1037 1447 1106 praesul
1475 1017 1808 1096 constitutus
1835 1017 2022 1112 postea
2055 1017 2159 1102 fuit
2184 1047 2387 1105 Melito.
2421 1049 2523 1105 Cui
2558 1017 2741 1107 autem
2790 1017 2845 1108 in
2889 1017 2994 1109 bac
3025 1017 3290 1124 dignitate
3328 1055 3676 1119 successerit,

420 1125 476 1172 et
502 1120 629 1188 quis
659 1135 785 1176 eum
813 1124 1094 1182 insecutus
1125 1129 1214 1197 sit,
1247 1147 1356 1186 non
1383 1147 1608 1203 possum
1638 1137 1894 1207 deﬁnire;
1926 1141 1977 1194 id
2013 1149 2222 1198 tantum
2254 1159 2364 1198 non
2388 1155 2569 1200 tacere
2596 1146 2788 1214 debeo,
2822 1120 3146 1202 Sardianain
3178 1145 3490 1203 Ecclesiam
3521 1164 3678 1204 unam

419 1226 486 1309 ex
540 1222 744 1309 septem
787 1216 909 1309 istis
949 1220 1206 1277 Asiaticis
1244 1237 1386 1291 esse,
1411 1224 1479 1280 de
1499 1227 1701 1296 quibus
1726 1227 1790 1283 D.
1817 1229 2056 1287 Joannes
2088 1233 2146 1286 in
2185 1233 2534 1306 Apocalypsi,
2566 1236 2864 1306 ordineque
2892 1237 3164 1307 quintam,
3189 1253 3332 1309 quae,
3355 1239 3681 1294 observante

424 1301 757 1371 Spanhemio
790 1307 1181 1380 (25),primum
1217 1313 1271 1367 in
1307 1315 1588 1384 provincia
1611 1320 1980 1377 ecclesiastica
2018 1321 2201 1394 Lydiae
2228 1301 2332 1378 sibi
2367 1301 2667 1380 vindicavit
2702 1301 2905 1382 locum.

900 1464 928 1535 ς
968 1464 1112 1521 XIV.
1149 1468 1230 1521 An
1260 1485 1353 1538 per
1381 1471 1626 1541 angelum
1655 1472 1908 1530 Ecclesia:
1944 1475 2158 1545 Sardis,
2187 1477 2353 1548 Apoc.
2385 1494 2469 1547 ιιι,
2500 1477 2684 1534 Melita
2710 1481 2782 1534 sit
2804 1481 3198 1554 intelligendus.

489 1612 632 1671 Sunt
674 1617 903 1688 proinde
953 1621 1096 1676 inter
1139 1624 1383 1679 eruditos
1429 1627 1703 1693 nonnulli,
1737 1627 1830 1697 qui
1877 1644 2003 1684 cum
2051 1629 2108 1683 in
2157 1629 2774 1702 ApocalypsiaJoanne
2815 1632 3097 1690 Sardiana:
3127 1634 3390 1692 Ecclesia
3437 1636 3681 1708 episcopi

413 1708 747 1764 mentionem
771 1709 969 1766 factam
998 1728 1119 1768 esse
1141 1714 1442 1782 inveniant,
1465 1716 1774 1774 Melitonem
1801 1735 1928 1776 eum
1957 1735 2079 1777 esse
2103 1722 2355 1785 credunt,
2382 1723 2451 1778 ad
2472 1739 2635 1794 quem
2653 1723 2715 1780 Β.
2739 1724 2980 1783 Joannes
3011 1727 3172 1784 verba
3203 1729 3484 1797 direxit';
3511 1739 3571 1785 et
3594 1732 3679 1801 qui

413 1813 513 1869 per
544 1803 789 1871 angelum
815 1802 1069 1860 Ecclesia
1098 1803 1309 1873 Sardis,
1340 1810 1428 1864 cui
1461 1824 1618 1867 sacer
1645 1817 1908 1884 propheta
1933 1815 2156 1886 scripsit
2185 1833 2199 1869 :
2232 1813 2372 1872 Novi
2403 1826 2494 1871 tua
2524 1818 2692 1888 facta,
2718 1819 2809 1888 qui
2843 1835 2960 1872 cum
2991 1820 3208 1876 uiuentis
3238 1837 3430 1876 nam
3463 1823 3680 1884 habeas.

415 1901 658 1986 mortuus
684 1907 764 1986 es,
785 1897 1132 1958 etc.,nullum
1155 1899 1325 1954 alium
1358 1901 1769 1974 intelligendum
1797 1922 1921 1962 esse
1955 1910 2314 1974 contendunt,
2345 1925 2511 1980 quam
2554 1921 2828 1967 nostrum.
2873 1910 3050 1983 Hujus
3087 1917 3374 1970 sententiae
3416 1926 3685 1986 patronos

413 1984 666 2040 nominat
688 1983 1013 2054 Halloixius,
1045 1987 1265 2045 Petrum
1297 1991 1619 2062 Aureolum,
1647 1995 1880 2054 Eccam
1912 1997 2182 2070 Sylvium,
2208 2001 2519 2072 Philippum
2549 1999 2922 2072 Bergomatem
2938 2013 2995 2059 et
3017 2005 3351 2062 Antiochum
3371 1983 3682 2064 Bromium.

485 2075 599 2134 Bos
629 2077 772 2134 inter
797 2081 1042 2134 omnium
1080 2084 1545 2144 conﬁdentissime
1582 2091 1955 2158 pronuntiavit
1991 2093 2244 2150 Brondus
2279 2094 2394 2165 (26)
2425 2095 2571 2150 hunc
2599 2093 2654 2149 in
2692 2096 2915 2151 modum
2946 2116 2959 2151 :
2991 2116 3009 2148 α
3053 2097 3365 2154 Melitenen:
3403 2099 3685 2157 Ecclesia!

418 2165 679 2226 Bardensi
728 2173 1012 2240 praefuisse
1045 2185 1294 2247 tempore
1319 2194 1432 2250 quo
1463 2183 1889 2252 archipropheta
1922 2183 2165 2242 Joannes
2195 2188 2316 2244 bzec
2340 2187 2616 2244 scribebat
2647 2187 2858 2258 liquido
2887 2200 3100 2246 constat
3126 2206 3194 2246 ex
3233 2189 3487 2248 Historia
3515 2195 3687 2250 eccle-

419 2263 662 2319 siastica.
706 2263 976 2331 Quoniam
1015 2269 1284 2327 Eusebius
1314 2273 1672 2330 Caesariensis
1701 2276 1796 2332 lib.
1827 2293 1901 2346 Iv,
1934 2296 2056 2353 cap.
2090 2283 2179 2350 15,
2210 2281 2280 2338 de
2308 2281 2563 2338 Melitone
2593 2281 2674 2338 sic
2703 2282 2934 2339 scribit:
2973 2282 3048 2339 De
3077 2283 3164 2340 bis
3195 2285 3385 2357 itaque
3408 2287 3587 2357 gestis
3616 2295 3687 2342 te-

415 2364 592 2410 statur
631 2358 795 2412 etiam
834 2358 1018 2420 Melita
1061 2359 1351 2420 Sardensis
1375 2367 1653 2434 parochias
1690 2372 2002 2443 episcopus,
2042 2392 2062 2426 ι
2096 2385 2204 2432 etc.
2236 2373 2514 2431 Hactenus
2543 2376 2655 2431 ille.
2684 2375 2754 2430 At
2795 2375 3008 2430 inﬁrma
3036 2376 3280 2447 nullique
3321 2377 3689 2434 emunctioris

415 2450 539 2542 nasi
569 2451 786 2508 erudito
806 2454 1034 2523 probata
1060 2459 1355 2514 sententia.
1381 2459 1596 2525 Quaeris
1622 2464 1754 2533 quid
1786 2468 2022 2536 Optimos
2046 2470 2216 2526 hosce
2239 2470 2390 2525 viros
2411 2471 2466 2525 in
2492 2471 2634 2525 hanc
2657 2471 2982 2524 sententiam
3004 2469 3316 2539 deduxerit;
3349 2472 3684 2542 respondeo,

421 2540 568 2598 aliud
599 2543 757 2610 nihil,
779 2561 943 2615 quam
972 2549 1118 2618 quod
1145 2560 1340 2618 praeter
1359 2551 1672 2608 Melitonem
1710 2557 1852 2614 alius
1882 2558 2138 2614 Sardiani
2171 2561 2416 2632 episcopi
2453 2562 2507 2616 in
2542 2562 2716 2618 sacris
2745 2560 3034 2616 annalibus
3072 2561 3276 2615 nullam
3309 2540 3570 2619 invenire

407 2645 637 2691 tuerunt
666 2640 1023 2696 mentionem.
1056 2640 1226 2708 Quasi
1259 2658 1387 2702 vero
1411 2646 1502 2702 ille
1534 2649 1752 2717 unicus,
1783 2651 2039 2722 idemque
2055 2655 2266 2722 primus
2285 2665 2340 2710 et
2359 2654 2606 2720 ultimus,
2631 2653 2796 2723 hujus
2825 2653 3097 2709 cathedrae
3122 2653 3431 2709 exstitisset
3457 2657 3686 2724 praesul!

415 2727 474 2783 Si
507 2744 605 2785 eos
636 2747 916 2802 urgemus,
944 2736 1189 2793 rationes
1205 2748 1266 2793 ut
1285 2740 1535 2808 afferant,
1564 2744 1710 2799 unde
1731 2746 1912 2818 colligi
1937 2747 2133 2818 possit,
2166 2746 2473 2803 Melitenem
2502 2756 2652 2812 tunc,
2685 2762 2810 2802 cum
2827 2747 3065 2802 Joannes
3090 2745 3206 2800 haec
3237 2747 3538 2811 scriberet,
3569 2747 3689 2802 Sar-

409 2823 563 2878 dium
595 2825 766 2882 fuisse
794 2830 1112 2900 episcopum
1136 2876 1150 2897 ,
1175 2834 1346 2889 altum
1376 2835 1577 2908 ubique
1603 2839 1904 2894 silentium.
1940 2841 2191 2899 Brondus
2211 2843 2434 2913 quidem
2477 2843 2544 2898 ad
2582 2842 2908 2908 Eusebium,
2940 2858 3040 2912 pro
3070 2843 3400 2899 stabilienda
3432 2859 3544 2898 sua
3573 2843 3689 2912 opi-

409 2916 596 2981 nione,
627 2923 964 2990 provocavit,
1002 2934 1088 2980 ast
1106 2927 1269 2981 verba
1307 2927 1472 2999 hujus
1501 2931 1788 3001 scriptoris
1811 2933 1886 2986 nil

2187 2945 2265 2990 nt.
2292 2935 2370 2989 En
2402 2935 2501 2990 tibi
2526 2949 2623 2990 ea:
2657 2935 2880 2998 Τούτοις
2899 2935 3042 2988 οὕτω
3068 2936 3409 3005 χωρήσασιν,
3447 2936 3691 3006 ἐπιμαρ-

408 3007 588 3078 τυρῶν
618 3010 890 3074 Μελίτων,
917 3014 1016 3084 τῆς
1042 3017 1100 3068 ὲν
1126 3016 1384 3088 Σάρδεσιν
1419 3019 1746 3092 Ἐκκλησίας
1775 3023 2093 3090 ἐπίσκοπος,
2136 3027 2256 3079 κατ’
2289 3024 2421 3078 αὐτὸ
2448 3025 2846 3096 γνωριζόμενος
2874 3024 2965 3078 τοῦ
3005 3026 3221 3097 χρόνου,
3254 3024 3422 3097 δῆλός
3449 3027 3609 3080 ἐστιν
3633 3028 3693 3079 bi

408 3101 850 3176 τῶνείρημένων
879 3108 1028 3180 αὐτῷ
1058 3113 1116 3164 ὲν
1149 3106 1182 3186 ᾖ
1207 3114 1500 3185 πεποίηται
1531 3116 1666 3187 πρὸς
1692 3116 1784 3169 τὸν
1800 3119 2175 3192 αὐτοκράτορα
2215 3121 2426 3192 Οὐῆρον
2473 3121 2612 3193 ὑπὲρ
2644 3118 2736 3174 τοῦ
2773 3119 2894 3174 καθ’
2923 3120 3069 3192 ἡμᾶς
3092 3120 3362 3192 δόγματος
3399 3137 3692 3193 χρησιμω-

409 3194 552 3268 τάτῃ
573 3197 860 3270 ἀπολογίᾳ,
886 3201 924 3254 i.
959 3216 1008 3255 e.
1051 3220 1069 3252 α
1099 3201 1223 3259 Haec
1248 3204 1321 3258 ita
1353 3206 1638 3273 accidisse,
1671 3207 1853 3264 Melito
1877 3210 2160 3268 Sardianae
2183 3211 2441 3268 Ecclesiae
2469 3211 2781 3283 cpiscopus,
2812 3212 2908 3282 qui
2934 3213 3123 3267 eodem
3150 3211 3248 3266 illo
3277 3212 3528 3268 ﬂorebat
3558 3223 3692 3269 ten-

412 3301 567 3356 pore,
607 3288 898 3346 manifeste
940 3301 1171 3348 testatur
1207 3295 1277 3349 iis
1315 3295 1497 3364 dictis,
1530 3314 1652 3368 qua:
1697 3302 1753 3357 in
1794 3318 1892 3358 sua
1937 3319 2036 3374 pro
2067 3304 2350 3375 religionis
2390 3312 2591 3358 nostrae
2635 3302 2890 3373 dogmate
2926 3303 2994 3358 ad
3040 3303 3437 3374 imperatorem
3486 3303 3689 3360 Veru-

414 3381 703 3437 utilissima
736 3383 982 3454 apologia
1018 3388 1223 3454 posuit.
1261 3407 1282 3440 ι
1318 3387 1387 3444 At
1409 3405 1476 3445 ne
1509 3391 1736 3447 verbum
1771 3396 1993 3464 quidem
2024 3396 2338 3453 Melitonem
2362 3405 2606 3465 tempore
2637 3394 2866 3452 Joannis
2903 3393 3230 3452 Sartlianum
3259 3396 3445 3454 fuisse
3477 3400 3693 3470 episco—

410 3489 560 3542 pum.
588 3472 823 3531 Tantum
852 3478 999 3532 enim
1026 3479 1177 3546 dicit,
1203 3494 1268 3533 ea
1293 3495 1418 3550 quae
1447 3482 1562 3553 ipse
1592 3485 1904 3541 immediate
1927 3497 2050 3542 ante
2084 3488 2340 3542 attulerat
2367 3487 2434 3541 de
2460 3487 2807 3558 superiorum
2834 3487 3224 3558 imperatorum
3257 3487 3319 3542 in
3341 3488 3692 3546 Christianos

413 3565 820 3636 benevolentia,
844 3571 1068 3626 Adriani
1097 3571 1308 3627 scilicet
1331 3580 1384 3627 et
1404 3573 1669 3628 Antonini
1693 3573 1799 3640 Pii,
1830 3591 1895 3629 ex
1929 3577 2102 3646 ipsius
2126 3593 2344 3648 quoque
2369 3575 2643 3634 Melitonis
2665 3578 2730 3633 ad
2755 3577 2923 3634 Marc.
2953 3577 3087 3633 Aur.
3114 3577 3469 3633 Antoninum
3502 3579 3694 3648 Apolo-

412 3661 504 3731 gia
525 3663 839 3718 conﬁrmari
869 3677 1054 3733 posse,
1097 3665 1192 3734 qui
1239 3663 1423 3720 Melito
1458 3666 1672 3734 eadem,
1707 3683 1816 3737 qua
1849 3666 1908 3722 S.
1939 3666 2210 3736 Justinus,
2239 3670 2307 3724 de
2340 3670 2502 3740 cujus
2549 3671 2809 3742 Apologia
2851 3671 3028 3741 capite
3083 3671 3451 3727 antecedente
3487 3686 3691 3743 egerat,

412 3762 569 3808 mtate
594 3754 821 3809 vixisset
848 3764 902 3811 et
929 3753 1228 3811 ﬂoruisset.
1259 3755 1492 3812 Obstant
1521 3773 1686 3826 porro
1710 3759 1839 3815 huic
1871 3761 2156 3816 sententim
2183 3772 2475 3832 sequentes
2497 3765 2760 3818 rationes.
2790 3761 3000 3829 Primo,
3037 3763 3302 3833 temporis
3328 3764 3487 3819 ratio
3511 3766 3567 3820 id
3591 3781 3693 3820 non

411 3847 727 3918 permittere
757 3848 994 3917 videtur,
1020 3849 1123 3905 nisi
1162 3864 1408 3906 asserere
1449 3852 1701 3915 velimus,
1743 3851 2006 3910 Nostrum
2031 3871 2187 3912 suam
2211 3857 2378 3911 vitam
2404 3857 2468 3912 ad
2500 3872 2668 3912 unum
2696 3871 2749 3912 et
2782 3857 3070 3912 dimidium
3109 3857 3224 3912 fere
3257 3859 3537 3915 saeculum
3569 3874 3692 3930 pro-

410 3939 656 4008 duxisse,
675 3941 1021 4000 etrEcclesiae
1046 3943 1328 4001 Sardianze
1365 3961 1464 4016 per
1493 3948 1770 4018 octoginta
1803 3958 1859 4004 et
1886 3951 2070 4020 plures
2095 3967 2269 4006 annos
2301 3951 2612 4021 praefuisse;
2646 3951 2793 4022 quod
2826 3964 2886 4006 ut
2921 3950 2975 4005 in
3013 3966 3071 4006 se
3101 3952 3248 4006 omni
3280 3952 3694 4020 probabilitatis

413 4038 597 4106 specie
626 4046 794 4103 caret,
827 4038 900 4092 ita
920 4045 973 4092 et
1003 4054 1034 4093 a
1057 4040 1275 4094 nemine
1287 4041 1626 4110 scriptorum
1649 4045 1924 4098 memoria:
1946 4045 2261 4100 mandatum
2283 4053 2376 4099 aut
2406 4045 2602 4100 litteris
2625 4045 3006 4114 consignatum
3025 4044 3321 4098 invenitur.
3349 4043 3533 4103 Divus
3551 4049 3691 4104 enim

411 4131 652 4187 Joannes
683 4149 831 4188 anno
872 4131 1164 4188 Domitiani
1206 4134 1295 4200 14,
1326 4135 1422 4204 qui
1453 4135 1508 4190 in
1539 4153 1745 4194 annmn
1777 4139 1982 4194 Christi
2007 4140 2077 4195 95
2119 4140 2329 4207 incidit,
2353 4154 2384 4194 e
2444 4135 2636 4192 Patmo
2691 4138 3077 4192 revelationem
3111 4153 3268 4191 suam
3300 4139 3540 4208 scripsit
3562 4140 3690 4211 (τι).

414 4226 614 4282 Debuit
638 4228 822 4296 itaque
853 4227 960 4282 isto
989 4236 1232 4298 tempore
1260 4230 1518 4286 Ecclesiae
1545 4247 1659 4288 suae
1689 4248 1788 4302 per
1813 4233 2025 4303 aliquot
2049 4249 2225 4288 annos
2249 4233 2364 4302 jam
2389 4232 2673 4302 praefuisse
2696 4231 2898 4296 Melite,
2929 4239 2982 4286 et
3013 4239 3307 4300 antequam
3339 4233 3420 4286 illi
3449 4236 3689 4303 praeﬁce-

413 4331 586 4389 retur,
614 4322 801 4376 debuit
831 4337 1054 4392 quoque
1083 4333 1298 4379 aetatem
1331 4326 1692 4396 pontiﬁcium,
1720 4343 1818 4384 seu
1844 4330 2104 4400 episc0p0
2130 4328 2506 4392 constitutam,
2546 4327 2811 4396 attigisse.
2847 4324 3260 4380 Constitutioncs
3285 4336 3484 4380 autem
3515 4327 3593 4380 ita
3612 4325 3691 4380 di-

418 4425 520 4471 cta:
551 4415 860 4485 apostolica:
901 4415 1221 4485 episcopum
1252 4416 1446 4472 volunt
1477 4434 1653 4474 annos
1702 4421 2097 4491 quinquaginta
2128 4419 2356 4474 vivendo
2404 4420 2735 4491 transegisse
2777 4417 2911 4490 (28),
2956 4425 3247 4486 antequam
3289 4418 3611 4488 ordinetur,
3641 4433 3691 4478 et

487 4533 507 4562 τ
530 4532 655 4586 Act.
681 4547 837 4598 xvnt,
865 4533 952 4600 19,
975 4533 1080 4599 20;
1119 4535 1163 4588 ll
1186 4533 1313 4589 Cor.
1345 4550 1406 4600 ιι,
1445 4535 1532 4589 12.
1617 4536 1640 4568 ⁸
1668 4537 1892 4606 Apocal.
1916 4553 1991 4606 ca]

825 4575 837 4598 ,
865 4533 952 4600 19,
975 4533 1080 4599 20;
1119 4535 1163 4588 ll
1186 4533 1313 4589 Cor.
1345 4550 1406 4600 ιι,
1445 4535 1532 4589 12.
1617 4536 1640 4568 ⁸
1668 4537 1892 4606 Apocal.
1916 4553 2036 4606 cap.
2072 4553 2154 4603 ιιι,
2191 4537 2244 4603 1,
2275 4536 2329 4591 6.

411 4651 764 4722 «iitnnsitum
794 4651 1086 4722 descripsit
1120 4650 1208 4704 ille
1232 4667 1352 4720 pag.
1390 4652 1479 4717 77,
1511 4653 1595 4722 his
1625 4652 1805 4706 verbis
1838 4671 1851 4706 :
1883 4653 1988 4706 But
2091 4653 2374 4722 Chrysost.
2439 4650 2628 4704 homil.
2679 4647 2759 4702 De
2823 4662 2901 4702 xu
2969 4647 3175 4719 discip.,
3220 4655 3363 4702 tom.
3415 4647 3493 4703 Vl
3561 4650 3687 4720 Opp.

411 4721 726 4790 whatfoeuer
774 4721 877 4792 this
909 4721 1017 4790 city
1063 4737 1168 4773 was
1199 4724 1255 4792 in
1302 4723 1500 4790 former
1531 4721 1697 4791 Days,
1733 4723 1774 4775 it
1804 4724 1850 4776 is
1880 4739 1992 4776 now
2097 4721 2223 4792 pag.
2258 4722 2386 4792 269.

411 4793 537 4861 only
556 4787 592 4844 a
626 4805 757 4862 popr
780 4787 1081 4845 habitation
1106 4791 1167 4860 of
1186 4787 1467 4861 Sheperds,
1495 4787 1657 4862 livin'g
1684 4787 1866 4862 inglow
1889 4793 1995 4846 and
2099 4787 2114 4792 ’
2171 4787 2286 4862 [25)
2319 4789 2613 4862 ζὶεοθταρὴ.
2644 4805 2812 4862 sacrm
2840 4796 2889 4840 et
2920 4787 3210 4862 ecclesiast.
3247 4803 3378 4859 pag.
3411 4789 3508 4846 65.

413 4857 636 4918 humble
669 4859 952 4931 Cottaqes';
992 4857 1393 4916 howsoever'the
1421 4857 1854 4986 antient'lpillars
1891 4863 1996 4916 and
2173 4857 2285 4931 (26)
2313 4860 2371 4915 Ιιι
2398 4857 2693 4914 comment.
2713 4861 2766 4912 in
2794 4857 3178 4928 Apocalypsees
3207 4857 3460 4929 capiti],
3496 4865 3684 4935 disput.

413 4935 562 4986 ruins
596 4932 686 4986 lift
711 4948 780 4986 un
819 4931 953 4985 their
971 4931 1152 4986 heads.
1181 4931 1546 4986 as.unwillina
1573 4943 1625 4986 to
1671 4948 1757 4986 οδε
1781 4933 1864 4986 the
1888 4950 1999 4986 me-
2101 4933 2300 4986 prima.
2321 4931 2624 4986 quaestione
2656 4930 2838 4983 unica.

411 4935 562 4987 ruins
596 4932 686 5005 lift
711 4948 795 5005 up
819 4930 1152 5005 theirheads‘,
1181 4931 1625 5005 as.unwilling‘to
1650 4930 1760 5005 lose
1781 4933 1864 5005 the
1888 4950 1999 5005 me:
2101 4930 2300 5005 prima,
2321 4931 2624 5005 quaestione
2656 4930 2838 5005 unica.

411 5019 564 5071 φησι-ει
613 4997 674 5071 of
693 4997 828 5055 their
849 5003 1051 5055 antient
1079 5003 1252 5073 glory,
1279 5018 1404 5057 once
1431 4997 1676 5058 the'Seat
1697 5001 1764 5072 of
1779 5003 1862 5058 the
1890 5003 2001 5058 rich
2101 4997 2121 5005 ’
2176 4997 2293 5072 (27)
2340 4997 2418 5055 lta
2468 5008 2697 5055 testatur
2725 4998 3122 5073 _Irena3us__lib.
3174 5015 3228 5066 v;
3285 4997 3508 5073 Euseb.
3558 5002 3682 5057 Hist.

414 5067 701 5144 Croesus.“
1021 5142 1041 5144 _7
1079 5067 1099 5072 ⁷
1457 5142 1466 5144 _
1731 5067 1742 5072 ⁷
1830 5143 1844 5144 γ
2103 5067 2286 5130 εοὸιεδ.
2307 5073 2400 5128 lib.
2427 5087 2508 5134 nt,
2534 5086 2654 5144 cap.
2684 5070 2771 5144 18,
2796 5081 2850 5124 et
2874 5069 2931 5124 S.
2959 5067 3328 5144 Hieronymus
3352 5071 3684 5144 in_Catalogo

486 5142 600 5214 (23)
644 5140 972 5214 Hieronym.
1009 5142 1086 5214 De
1138 5143 1325 5212 script.
1357 5142 1542 5197 eccles.
1585 5158 1708 5212 cap.
1741 5146 1794 5198 1.
1823 5143 1997 5201 Doro-
2104 5145 2420 5212 scriptorum
2443 5137 2941 5214 ecclesiasticarum;
2976 5137 3533 5214 Natalfglexander.
3559 5137 3681 5196 me.

409 5208 594 5269 theus'
638 5213 692 5266 in
743 5208 968 5283 Synbpsi
1014 5213 1086 5283 de,
1114 5208 1316 5268 vitaet
1353 5225 1519 5267 morte
1550 5208 1923 5282 prophetarum
1951 5225 2000 5268 et
2101 5208 2284 5270 eccles.
2322 5229 2448 5268 saec.
2494 5229 2532 5270 ι.
2565 5227 2683 5281 cap.
2719 5211 2807 5277 12,
2836 5211 2994 5283 artic.
3023 5210 3080 5276 2,
3111 5208 3138 5280 §
3175 5210 3232 5276 5,
3271 5227 3404 5282 pag.
3444 5231 3528 5280 ιιι,
3553 5214 3609 5268 38
3634 5213 3682 5267 b.

409 5281 801 5352 apostolorum,
850 5281 998 5355 tem.
1023 5282 1112 5336 Vll
1167 5283 1424 5355 Biblioth.
1475 5281 1705 5338 Patrum
1749 5286 1997 5355 maxima:
2177 5284 2618 5355 l28)_77(_.'onsti_tut.
2660 5281 2884 5355 apostol.
2925 5282 3019 5334 lib.
3062 5296 3125 5355 ιι,
3157 5295 3284 5355 cap.
3314 5281 3548 5355 l,_pag.
3571 5283 3681 5355 215,

410 5355 512 5414 fol.
546 5355 671 5420 101,
706 5363 760 5408 et
799 5357 940 5423 apud
973 5354 1212 5410 Caveum
1256 5353 1529 5409 Hist.litt.
1563 5355 1747 5423 script.
1766 5354 1996 5421 Eccles.,
2101 5356 2232 5409 edit.
2273 5351 2661 5416 'Wistonianm,
2707 5353 2762 5404 in
2807 5353 2892 5423 the
2938 5351 3125 5423 second
3177 5353 3287 5406 uol.
3332 5353 3402 5422 of
3418 5351 3686 5422 primitias

409 5440 539 5498 pag.
564 5440 642 5502 In.
670 5421 1072 5502 194._lsidorus
1110 5423 1338 5502 _Dc.vita
1366 5433 1419 5502 et
1461 5435 1627 5478 morte
1666 5421 1992 5502 sanctorum,
2101 5424 2452 5502 Christianity
2489 5423 2678 5476 reviv’d
2703 5437 2729 5502 ξ
2758 5422 2874 5502 ῌΤρν
2897 5421 3167 5502 ίποιμένα,
3211 5421 3682 5502 ςεὸνῇκαθιςτᾴμξ-

414 5491 538 5564 izap.
571 5494 662 5550 69.
695 5495 1068 5564 Sophronicus
1093 5494 1172 5549 De
1205 5495 1500 5561 laboribus,
1543 5497 1916 5550 certaminibus

2180 5513 2187 5542 ν
2221 5491 2662 5564 euinci-tow"...
2699 5491 2778 5544 δεῖ
2805 5491 3138 5564 ὑπάρχειν...
3171 5492 3275 5545 οὐκ
3313 5493 3547 5547 ἔλαττον
3566 5491 3684 5545 ὲὲῶν

417 5560 1061 5636 peregrinationibusSS.
1100 5565 1245 5636 Petri
1288 5577 1336 5619 et
1400 5560 1584 5636 Pauli,
1620 5574 1750 5620 tom.
1789 5564 1921 5620 Vill

2179 5561 2725 5636 vrﬁxovca.tf)p0rtet
2753 5577 2898 5627 eum,
2921 5560 3034 5630 qui
3067 5572 3258 5631 pastor
3287 5573 3377 5617 est
3398 5575 3453 5617 et
3490 5565 3683 5636 episco-

419 5632 607 5706 bliot'h.
633 5635 860 5706 Patrum
894 5635 1067 5698 Μαπ..
1091 5634 1186 5691 fol.
1221 5637 1343 5692 108.
1569 5632 1578 5636 ⁷
2105 5652 2228 5706 pus,
2261 5632 2400 5696 esse
2446 5651 2574 5706 non,
2598 5632 2863 5706 minorem
2892 5641 3022 5706 natu
3041 5647 3206 5701 quam
3230 5648 3522 5706 annorum
3533 5632 3686 5706 quiu-

497 5701 614 5770 (24)
662 5704 824 5776 Juxta
884 5706 1087 5762 Euseb.
1143 5706 1292 5762 Hist.
1337 5706 1522 5761 eccles.
1555 5707 1648 5762 lib.
1677 5723 1764 5774 ιιι,
1795 5723 1913 5776 cap.
1946 5709 1996 5761 1.
2105 5701 2384 5775 quaginta.
2426 5723 2443 5755 ι
2479 5703 2752 5776 Quidquid
2779 5703 2979 5776 eruditi
3008 5710 3212 5776 contra
3238 5703 3448 5776 harum
3481 5701 3685 5776 Consti-

427 5773 654 5844 Gregor.
688 5774 942 5830 Nazianz.
975 5785 1114 5832 orat.
1152 5777 1243 5845 25,
1294 5787 1426 5834 tom.
1458 5781 1479 5832 l
1514 5777 1671 5846 0pp.,
1703 5772 1824 5848 pag.
1863 5772 1996 5832 2158.
2109 5772 2368 5831 tutionum
2407 5774 2759 5846 genuitatcm,
2797 5772 3075 5828 hodierna:
3103 5773 3465 5845 potissimum
3508 5772 3676 5829 editio-
