3808 6206
187 315 329 371 H77
1135 311 1441 370 NOTITIA.
1484 343 1552 354 -—
1587 313 1631 368 1.
1672 311 1762 367 DE
1802 311 1964 369 VITA
2004 311 2064 368 S.
2103 310 2498 368 MELITONIS.
3308 306 3448 364 1178

185 438 304 492 sedi
334 437 553 492 cuidam
576 451 810 507 magnae,
847 437 1027 508 qualis
1068 436 1340 493 Sardiana
1368 448 1506 506 erat,
1539 440 1710 494 totius
1734 438 1917 511 Lydiae
1948 437 2290 508 metropolis,
2329 444 2678 508 prteponatur
2723 431 2860 504 (29).
2895 431 3038 503 Ergo
3075 446 3221 487 anno
3242 430 3446 486 Christi

185 529 257 584 95
306 528 492 584 llelito
529 529 919 598 sexagenarius
945 530 1164 585 circiter
1185 531 1412 601 jamjam
1443 532 1780 598 exstitisset;
1811 545 1955 586 anno
1986 538 2168 586 autem
2196 529 2476 599 sequentis
2511 525 2695 581 saeculi
2715 523 3116 595 septuagesimo
3147 522 3324 592 primo
3354 530 3450 576 aut

181 619 430 675 secundo
459 620 766 691 apologiam
801 617 870 674 Μ.
924 621 1144 676 Aurelio
1181 622 1499 692 imperatori
1547 622 1786 678 tradidit.
1825 621 1969 692 Ergo
2009 622 2372 693 quadraginta
2413 628 2468 674 et
2509 627 2728 673 centum
2767 615 2985 670 circiter
3018 629 3192 668 annos
3216 612 3450 666 vivendo

181 712 479 782 attigisset,
503 713 660 783 cujus
686 729 813 770 cum
846 715 974 771 talis
1004 724 1138 772 aetas
1169 731 1200 770 a
1233 717 1385 770 nullo
1417 717 1746 787 scriptorum
1775 726 2128 789 agnoscatur,
2155 717 2349 772 merito
2387 729 2608 786 quoque
2629 711 2964 776 dubitamus,
2989 724 3113 764 eum
3135 707 3364 762 Joannis
3392 707 3447 760 in

180 805 377 860 Patmo
415 806 718 864 exsulantis
758 817 1025 879 tempore,
1065 806 1320 862 Sardium
1366 807 1542 866 fuisse
1583 810 1924 881 episcopum.
1957 808 2132 864 Porro
2161 809 2296 865 viris
2333 807 2653 878 apostolicis
2685 822 2780 863 seu
2813 803 3085 875 ejusmodi
3110 801 3265 865 viris,
3305 814 3451 868 quos

177 897 418 968 apostoli
447 899 849 966 instruxerunt,
881 915 912 955 a
946 899 1163 955 nemine
1187 901 1603 966 adnumeratur,
1637 902 1785 971 quod
1830 913 1978 958 certe
2014 901 2233 957 silentio
2270 916 2378 956 non
2422 899 2851 971 prmterivissent
2893 905 3104 952 veteres
3131 891 3446 961 scriptores,

174 999 371 1060 utpote
403 991 498 1059 qui
533 990 931 1046 studiosissime
958 991 1064 1047 hoc
1091 1001 1338 1061 egerunt,
1365 1001 1422 1047 ut
1445 993 1646 1062 quibus
1677 993 1768 1047 hic
1794 992 1971 1047 honor
1999 991 2304 1059 obtigisset,
2329 991 2702 1060 posteritatem
2743 1006 2850 1045 non
2879 989 3092 1050 lateret,
3123 985 3234 1038 imo
3264 981 3454 1052 potius

171 1083 386 1135 lrenzeo
406 1082 638 1152 aliisque
653 1081 765 1153 (30)
780 1097 902 1137 eum
921 1093 1271 1153 postponunt,
1290 1099 1450 1154 quem
1469 1086 1632 1153 ἐγγὺς
1649 1083 1741 1138 τῶι

1881 1083 2080 1137 στόλων
2096 1083 2405 1154 γενόμενον,
2431 1101 2449 1134 ι
2475 1097 2583 1136 non
2602 1083 2758 1151 longe
2775 1096 2805 1135 a
2822 1078 3156 1149 temporibus
3171 1075 3451 1146 apostolo-

173 1187 300 1227 rum
317 1173 1090 1246 distantem,ivocarunt(31).
1108 1174 1347 1232 Tandem
1363 1191 1581 1247 quoque
1598 1179 1712 1248 ipsa
1730 1177 1890 1234 verba
1908 1177 2016 1231 scio
2033 1192 2191 1245 opera
2217 1185 2330 1243 tua,
2353 1177 2482 1245 quia
2509 1191 2694 1229 nomen
2718 1174 2875 1226 habes
2891 1170 3030 1242 quod
3054 1171 3215 1235 vivas,
3233 1177 3282 1222 et
3302 1182 3414 1219 mor
3427 1195 3446 1206 -

177 1269 302 1318 tuus
335 1282 413 1329 es,
447 1267 500 1320 in
527 1266 838 1322 Melitonem
869 1269 1094 1324 minime
1122 1270 1414 1338 quadrant,
1460 1270 1545 1324 liis
1573 1269 1718 1324 enim
1750 1268 1981 1325 indicari
2010 1269 2227 1324 videtur
2259 1269 2410 1324 illius
2436 1269 2698 1338 episcopi,
2727 1266 2982 1337 quisquis
3034 1264 3220 1325 fuerit,
3253 1261 3450 1316 miser-

172 1356 354 1412 rimus
385 1369 561 1415 s'atus
586 1368 640 1415 et
668 1359 872 1414 exitiali
912 1376 1174 1430 oppressa
1213 1371 1434 1430 peccato
1465 1361 1828 1428 conscientia;
1857 1361 1924 1416 de
1964 1361 2217 1416 Melitoue
2246 1369 2428 1416 autem
2470 1375 2634 1430 supra
2666 1359 2997 1423 audivimus,
3033 1365 3296 1427 quantum
3339 1353 3448 1407 vir-

172 1448 386 1505 tutibus
415 1460 471 1506 et
497 1452 620 1507 vita
649 1451 759 1508 Deo
783 1463 1016 1522 acceptae
1043 1452 1334 1508 vacaverit.
1373 1452 1490 1509 Hoc
1523 1453 1708 1524 itaque
1745 1454 1902 1508 triste
1928 1453 2214 1508 oraculum
2248 1454 2500 1509 evincere
2532 1459 2732 1521 potest,
2767 1451 2897 1504 illud
2927 1449 2994 1505 de
3029 1449 3158 1514 alio,
3189 1461 3352 1517 quam
3379 1444 3449 1500 de

170 1552 366 1601 nostro
399 1545 569 1603 fuisse
595 1548 990 1618 conscriptum.

1153 1659 1180 1733 §
1208 1658 1323 1714 XV.
1350 1659 1424 1714 De
1449 1676 1648 1716 canone
1683 1659 1749 1714 V.
1786 1659 1849 1716 T.
1877 1677 1910 1714 a
1941 1659 2192 1715 Melitone
2216 1667 2488 1715 enarrata.

237 1774 343 1830 Ast
369 1773 560 1830 relicta
584 1775 686 1830 hac
709 1777 1105 1838 controversia,
1127 1775 1317 1844 paucis
1346 1775 1524 1830 adhuc
1551 1775 1854 1840 videamus,
1878 1787 2042 1842 quam
2065 1771 2280 1844 egregie
2299 1771 2538 1841 episc0pi
2568 1770 2671 1827 sibi
2703 1769 3019 1827 mandatum
3043 1784 3244 1824 munus
3264 1783 3450 1839 gesse-

165 1868 264 1933 rit,
291 1876 348 1923 et
375 1883 540 1938 quam
570 1869 800 1924 miriﬁce
826 1883 929 1924 suo
955 1867 1212 1938 praesidio
1245 1868 1529 1924 Sardiante
1561 1883 1670 1924 non
1695 1876 1927 1934 tantum,
1960 1864 2056 1921 sed
2085 1872 2140 1920 et
2168 1863 2438 1920 universae
2478 1862 2734 1918 Ecclesiae
2776 1863 3062 1919 commoda
3093 1860 3445 1931 promoverit.

165 1957 325 2016 Haud
358 1962 613 2019 ultimum
644 1963 794 2018 verbi
826 1964 996 2020 divini
1023 1963 1506 2028 administratoris,
1529 1971 1583 2016 et
1605 1959 1846 2032 episcopi
1872 1957 2145 2030 inprimis,
2173 1955 2406 2013 cilicium
2423 1965 2526 2023 est,
2553 1957 2697 2014 sacri
2725 1957 2952 2014 canonis
2979 1955 3450 2012 sccuratissimam

163 2070 361 2111 curam
394 2058 618 2126 habere,
645 2058 796 2120 Θείας
823 2058 1153 2130 παραδόσεις
1184 2059 1437 2127 κατέχειν
1464 2058 1512 2122 ⁸,
1556 2065 1608 2109 et
1649 2053 1734 2109 div

1894 2052 1950 2106 in
1984 2065 2145 2108 sacro
2177 2064 2389 2106 canone
2421 2057 2709 2106 contentos
2734 2050 2904 2106 libros
2937 2049 3012 2104 ita
3035 2048 3347 2114 custodire,
3390 2058 3452 2104 ut

161 2167 352 2224 neque
393 2155 626 2211 addatur
653 2169 831 2225 neque
857 2153 1180 2209 detrahatur
1210 2151 1436 2218 aliquid.
1461 2149 1578 2208 Hoc
1603 2150 1726 2205 istis
1748 2145 2101 2218 potissimum
2135 2145 2497 2216 temporibus,
2523 2143 2728 2214 quibus
2757 2141 3218 2212 interpolationis,
3248 2154 3451 2210 suppo-

163 2246 393 2304 sitionls
417 2259 466 2302 et
500 2248 918 2304 adulterationis
961 2245 1228 2301 librorum
1259 2259 1544 2301 sacrorum
1588 2242 1772 2297 nullus
1795 2239 1908 2295 fere
1943 2238 2069 2294 ﬁnis
2091 2237 2210 2303 fuit,
2243 2236 2482 2292 maxime
2515 2244 2634 2290 erat
2663 2235 3056 2290 necessarium.
3101 2231 3240 2288 Huic
3267 2233 3454 2302 itaque

161 2335 348 2397 υσὶεἱο
381 2352 479 2392 nec
501 2341 560 2393 Se
583 2339 847 2393 subduxit
868 2337 1052 2394 Melito
1075 2347 1284 2402 noster,
1314 2335 1411 2392 sed
1439 2333 1716 2406 profectus
1742 2339 1828 2386 est
1853 2331 1908 2384 in
1935 2329 2235 2396 Orientem,
2258 2337 2316 2384 et
2341 2327 2410 2383 ad
2439 2327 2617 2382 locum
2635 2328 2828 2395 ipsum
2851 2325 2954 2381 iter
2981 2325 3237 2388 instituit,
3265 2323 3320 2378 in
3337 2337 3451 2394 quo

161 2450 292 2506 quae
323 2433 381 2488 in
410 2429 710 2502 Scripturis
749 2441 1066 2497 narrantur,
1099 2443 1249 2501 gesta
1278 2429 1410 2485 olim
1439 2427 1681 2494 fuerunt,
1721 2433 1784 2481 ut
1811 2423 2022 2480 Veteris
2050 2422 2388 2480 Testamenti
2424 2423 2597 2477 libros
2634 2421 2922 2491 diligenter
2959 2421 3277 2490 comperiat,
3307 2435 3451 2489 quo-

165 2544 293 2584 rum
322 2527 487 2582 etiam
533 2534 850 2594 sequentem
891 2524 958 2580 ad
989 2525 1310 2579 Onesimum
1341 2522 1588 2588 fratrem,
1626 2534 1790 2590 quem
1821 2515 2586 2587 OnesiphorumNicephorus
2619 2515 2734 2588 (32)
2761 2525 2940 2581 vocat,
2973 2515 3280 2572 transmisit
3306 2516 3445 2571 indi-

165 2635 314 2681 cem,
348 2629 507 2688 prout
531 2616 800 2672 Eusebius
819 2633 884 2672 ex
909 2617 1178 2686 prommio
1200 2616 1323 2670 libri
1343 2613 1626 2681 cujusdam
1651 2609 1924 2665 Melitonis
1939 2625 2102 2679 quem
2134 2607 2718 2678 Excerptainscripsit,
2738 2605 2987 2660 eumdem
3020 2605 3269 2661 recitavit
3295 2607 3446 2676 (35):

174 2730 196 2762 ι
231 2711 440 2782 Moysis
466 2710 588 2764 libri
615 2725 682 2762 v:
714 2708 964 2776 Genesis,
997 2709 1236 2776 Exodus,
1269 2707 1566 2772 Leviticus,
1609 2704 1854 2770 Numeri,
1893 2702 2411 2767 Deuteronomium;
2470 2699 2630 2756 Jesus
2670 2697 2838 2773 Nave,
2859 2699 3100 2766 Iudices,
3138 2699 3308 2763 Ruth,
3340 2699 3452 2756 Re-

173 2822 306 2875 gum
356 2808 480 2862 libri
533 2825 606 2873 ιν,
652 2805 1106 2878 Paralipomenon
1158 2805 1290 2871 duo,
1323 2802 1528 2860 Psalmi
1556 2801 1806 2866 Davidis;
1833 2798 2146 2854 Salomonis
2168 2794 2484 2862 Proverbia,
2509 2811 2631 2866 quae
2659 2803 2714 2848 et
2739 2793 3039 2866 Sapientia.
3067 2794 3447 2866 Ecclesiastes,

169 2897 463 2954 Canticum
478 2899 835 2964 canticorum,
853 2897 975 2963 Job,
991 2897 1410 2968 Prophetarum.
1445 2890 2116 2968 nempelsaiteJeremiaa,
2143 2896 2200 2944 et
2219 2887 2506 2944 duodecim
2536 2884 2952 2958 prophetarum,
2982 2887 3118 2942 liber
3147 2903 3308 2944 unus.
3336 2885 3448 2946 .Da-

171 2988 305 3051 niel,
344 2989 618 3055 Ezechiel,
652 2988 876 3046 Es-lras.
912 3008 930 3040 ›

245 3146 266 3178 ⁸
293 3145 312 3198 l
337 3142 462 3204 Cor.
496 3160 572 3208 ιι,
593 3143 659 3209 2;
688 3143 734 3196 II
769 3141 966 3198 Thess.
993 3159 1056 3209 ιι,
1085 3145 1180 3212 15ς
1211 3162 1294 3212 ιιι,
1321 3145 1388 3214 6;
1411 3145 1532 3205 Gal.
1561 3147 1713 3215 1,14.

170 3289 286 3352 nis.
317 3305 428 3345 non
461 3289 579 3344 sine
609 3286 964 3361 fundamento
1001 3291 1296 3360 excipiant,
1339 3299 1518 3361 tamen
1561 3306 1760 3361 negare

171 3375 283 3414 non
307 3369 557 3429 possunt.
583 3360 862 3414 continere
891 3361 1110 3415 easdem
1139 3371 1379 3415 veterum
1411 3360 1763 3416 Constitutioo

169 3445 300 3482 unt
322 3443 377 3483 et
394 3429 698 3494 Διατάξεων
722 3430 1097 3484 ἁποστολικῶν
1123 3431 1345 3493 rudera,
1375 3433 1562 3486 multis
1593 3433 1764 3487 inter-

247 3500 541 3554 lationibus
577 3501 646 3554 ab
689 3500 892 3555 Ariano
923 3500 1062 3556 forte
1105 3502 1403 3569 impostore
1432 3503 1759 3558 intermista.

169 3569 368 3626 Nullus
401 3571 583 3638 itaque
611 3569 824 3638 dubito,
849 3571 990 3625 hanc
1019 3570 1471 3625 Constitutiunum
1499 3572 1667 3638 legem
1694 3573 1764 3626 ab

167 3639 436 3712 apostolis
464 3640 595 3708 ipsis
618 3640 783 3712 latam
815 3650 870 3696 et
897 3651 1142 3710 tempore
1169 3643 1296 3706 isto,
1329 3656 1441 3712 quo
1468 3639 1652 3696 Melito
1681 3643 1765 3696 vi-

169 3709 274 3774 xit,
305 3711 654 3766 observatam
695 3709 865 3766 fuisse
912 3709 1168 3778 credere;
1211 3709 1635 3776 cum‘Arianus,
1669 3723 1766 3767 aut

166 3781 483 3850 cuicunque
527 3789 690 3835 secta:
737 3781 989 3836 addictus
1038 3782 1201 3843 alius,
1249 3782 1455 3836 nullam
1509 3781 1766 3839 habuerit

165 3865 397 3907 causam
441 3850 719 3906 adulteras
761 3867 958 3906 manus
1001 3851 1131 3906 huic
1159 3853 1282 3907 loco
1323 3851 1544 3917 inferre,
1575 3861 1766 3921 utpote

163 3921 381 3992 nullius
411 3921 794 3992 cujuscunque
824 3923 1046 3992 demum
1079 3923 1361 3992 sententiae
1389 3936 1635 3977 errones:
1671 3937 1765 3992 pa-

163 3989 465 4062 trocinium
487 3991 542 4044 in
573 4006 640 4046 eo
661 3989 907 4062 invenire
929 4001 1161 4061 poterat.
1196 3991 1477 4062 Wistonus
1497 3989 1764 4062 singulari

162 4060 339 4127 lino,
383 4075 551 4133 quem
574 4078 651 4133 an
680 4060 854 4132 Essay
892 4060 960 4115 on
989 4063 1072 4116 the
1117 4061 1443 4133 Apostolical
1485 4060 1762 4117 Constitu-

165 4133 337 4194 tions,
366 4131 592 4204 inherein
635 4132 682 4186 is
717 4131 932 4204 proceri,
968 4133 1082 4204 that
1110 4131 1226 4204 they
1267 4149 1356 4204 are
1395 4132 1503 4204 the_
1515 4143 1651 4187 most
1673 4150 1763 4188 sa-

162 4204 293 4255 cred
326 4201 389 4270 of
423 4202 506 4255 the
538 4201 814 4256 canonica!
854 4202 1027 4256 Books
1076 4203 1136 4270 of
1165 4201 1250 4258 the
1281 4202 1410 4257 New
1461 4201 1764 4258 Testament

163 4271 476 4340 inscripsit,
503 4281 558 4327 et
587 4273 679 4341 qui
712 4280 922 4328 tomum
960 4272 1030 4326 ιιι
1065 4272 1464 4328 Christianismi
1503 4274 1761 4341 primitivi

161 4341 414 4406 coniicit,
440 4342 513 4418 de
540 4343 609 4398 iis
637 4343 768 4418 egit,
792 4358 994 4418 easque
1020 4360 1128 4418 non
1157 4343 1762 4418 modo_genuinas,__sed

161 4417 230 4482 et
255 4414 550 4468 canonicas
601 4413 861 4474 maxime,
905 4412 1192 4468 et'eadem
1231 4412 1436 4480 divina,
1481 4428 1590 4482 qua
1623 4412 1761 4470 Novi

163 4479 510 4537 Testamenti
561 4483 766 4552 scripta
808 4483 1142 4538 θεόπνευστα
1187 4479 1514 4539 auctoritate
1552 4483 1761 4540 instru-

164 4558 289 4608 ctas
313 4567 436 4608 esse
464 4553 734 4622 probavit,
753 4563 808 4607 et
835 4555 908 4608 ita
931 4554 1150 4624 quidem
1186 4555 1454 4624 probavit,
1487 4562 1549 4609 ut

741 4663 755 4676 .
777 4663 791 4677 .
812 4667 826 4681 .
845 4665 858 4677 .
878 4662 892 4677 .
912 4665 926 4677 .
945 4623 961 4678 ζ
979 4623 1037 4678 Si
1068 4623 1331 4694 Pergama
1359 4624 1550 4677 dextra

321 4691 542 4762 Defendi
565 4695 988 4764 possenttetiam
1017 4697 1116 4750 hac
1145 4691 1360 4764 defensa
1394 4695 1638 4762 fuissent.

813 4763 972 4820 Vtac.
999 4763 1219 4819 zEneid.
1249 4781 1310 4830 ιι,
1333 4763 1459 4831 290,
1491 4765 1616 4820 291.

165 4833 403 4892 Clariss.
431 4842 485 4888 et
526 4834 789 4903 praecocis
820 4835 1022 4905 ingenii
1067 4834 1402 4896 Baraterius,
1433 4835 1595 4904 cujus
1622 4851 1760 4904 prae-

163 4915 448 4962 maturam
497 4914 731 4960 mortem
771 4906 923 4960 orbis
965 4905 1234 4960 litteratus
1264 4905 1459 4960 merito
1505 4905 1673 4973 dolet,
1704 4907 1758 4960 in

162 4977 318 5032 binis
349 4975 417 5029 de
449 4975 929 5031 Coustitutionibus
963 4977 1270 5046 apostolicis
1307 4975 1762 5031 elaboratissimis

162 5046 652 5103 dissertationibus
693 5062 882 5100 earum
939 5045 1047 5101 non
1096 5048 1259 5101 modo
1303 5045 1670 5101 sinceritatem
1710 5054 1766 5100 et

165 5117 557 5184 antiquitatem
589 5116 657 5171 ad
689 5114 912 5171 Eusebii
964 5132 1138 5186 usque
1168 5126 1415 5186 tempora
1460 5117 1646 5172 multis
1676 5132 1766 5171 ra-

167 5187 417 5244 tionibus
445 5188 701 5253 asseruit,
749 5188 845 5243 sed
876 5197 927 5242 et
975 5189 1290 5242 earumdem
1320 5195 1532 5242 aetatem
1563 5187 1630 5242 ad
1658 5202 1763 5241 sae-

165 5257 282 5329 culi
308 5274 346 5329 ll
370 5260 554 5329 prima
581 5255 734 5311 initia
783 5258 986 5329 retulit.
1029 5256 1151 5329 Has,
1179 5257 1595 5329 dissertationes
1627 5257 1761 5329 sub-

164 5327 353 5400 junxit
371 5327 494 5400 sua:
522 5327 896 5397 Disquisitioni
921 5327 1315 5400 Chronologicw
1343 5327 1406 5400 de
1434 5327 1760 5400 successione

167 5396 551 5468 antiquissima
579 5396 943 5468 episcoporum
975 5396 1333 5452 Romanorum
1365 5398 1485 5468 inde
1527 5415 1559 5451 a
1597 5396 1757 5453 Petro

165 5467 334 5538 usque
370 5469 438 5523 ad
477 5467 763 5534 Victorem,
787 5484 908 5538 quae
954 5468 1234 5538 Ultrajecti
1273 5468 1444 5536 1740,
1473 5467 1528 5522 in
1558 5477 1757 5538 quarto

166 5539 394 5610 prodiit.
427 5538 494 5594 Et
523 5539 642 5594 ista:
682 5538 919 5594 Wistoni
965 5541 1284 5609 applausum
1326 5541 1462 5594 adeo
1493 5541 1754 5610 tulerunt,

166 5609 231 5679 ιη
253 5625 349 5664 eas
375 5627 480 5679 non
506 5611 666 5664 modo
701 5611 755 5664 in
787 5611 1024 5679 linguan:
1055 5610 1409 5678 Anglicanam
1450 5609 1757 5665 transfusas

168 5678 357 5734 denuo
371 5678 604 5736 Londini
627 5678 888 5745 ediderit,
904 5682 999 5736 sed
1025 5690 1078 5736 ct
1107 5692 1163 5734 ut
1185 5679 1522 5734 Baraterium
1549 5694 1752 5748 praece-

177 5759 391 5820 ptorem
429 5767 590 5808 suum
615 5766 809 5807 vocare
836 5751 1080 5824 mihique
1113 5752 1236 5822 plus
1269 5751 1500 5823 simplici
1527 5749 1643 5806 vice
1670 5748 1752 5805 fa-

1869 3291 1970 3346 teri
2009 3291 2155 3347 haud
2195 3294 2498 3360 erubuerit,
2528 3310 2588 3350 se
2613 3294 2784 3350 multa
2815 3310 2881 3350 ex
2928 3293 3032 3348 hoc
3068 3293 3272 3362 scripto
3306 3299 3442 3354 edo-

1866 3362 2241 3435 ctumAfuisse,
2281 3380 2404 3433 quae
2436 3373 2594 3419 antea
2630 3366 2939 3435 ignorasset
2974 3364 3108 3435 ipse.
3152 3363 3266 3435 ιι]ιο
3297 3381 3452 3435 pror-

1866 3447 1962 3487 sus
1989 3432 2093 3503 sibi
2124 3432 2447 3503 persuasum
2479 3432 2733 3499 habebat,
2767 3435 3048 3489 Baralerio
3073 3433 3141 3488 de
3167 3432 3446 3494 Constitu-

1868 3502 2096 3558 tionibus
2127 3502 2297 3576 hisce
2327 3505 2576 3559 eamdem
2625 3521 2690 3576 ac
2719 3505 2821 3576 sibi
2851 3505 3060 3560 sedisse
3109 3505 3444 3576 opinionem,

1865 3573 2286 3644 eumquejllam
2329 3577 2507 3644 palam
2551 3575 2794 3644 proﬁteri
2845 3583 3056 3629 tantum
3106 3585 3215 3627 non
3249 3573 3448 3634 ausum

1865 3641 2056 3699 fuisse.
2087 3642 2214 3700 Haec
2235 3641 2427 3717 saltem
2452 3641 2578 3717 eum
2598 3646 2663 3717 in
2687 3646 2853 3717 ﬁnem
2877 3645 3023 3717 dicta
3044 3653 3228 3717 sunto,
3261 3657 3322 3700 ut
3349 3664 3446 3717 ps-

1867 3722 1998 3779 teat,
2024 3729 2111 3768 me
2136 3731 2246 3769 non
2276 3716 2505 3771 omnino
2542 3715 2736 3770 frivole
2764 3715 2831 3769 ad
2875 3714 3258 3784 interpolatum
3287 3714 3447 3776 caste-

1865 3785 2060 3858 roquin
2074 3784 2426 3858 antiquitatis
2443 3786 2706 3858 scriptum
2737 3799 3081 3855 provocasse,
3099 3793 3288 3858 utpote
3301 3790 3448 3858 quod

1865 3854 2091 3923 genuini
2138 3856 2258 3909 auri
2303 3871 2413 3911 non
2464 3854 2627 3910 modo
2667 3854 2913 3909 ramenta
2967 3855 3227 3922 continet,
3274 3854 3367 3913 sed
3393 3869 3449 3914 et

1863 3924 2044 3995 quod,
2063 3925 2110 3979 si
2151 3926 2320 3980 etiam
2365 3933 2538 3980 totum
2569 3941 2710 3995 Opus
2751 3924 3160 3995 supposititium
3203 3927 3294 3990 sit,
3343 3930 3449 3984 sub

1864 3994 2490 4067 saeculisecundiinitia
2515 3994 2746 4067 jamjam
2773 3994 3070 4061 exstitisse,
3105 3996 3446 4054 eruditorum

1864 4064 2115 4121 nonnulli
2147 4066 2518 4120 crediderunt.

1936 4135 2049 4205 (29)
2081 4135 2254 4190 Aliter
2283 4143 2464 4190 autem
2495 4135 2617 4206 ﬁeri
2641 4142 2874 4206 poterat,
2905 4133 2960 4188 in
2993 4148 3157 4206 parva
3181 4140 3443 4206 parmcia.

1862 4209 1942 4286 ita
1965 4204 2111 4286 enim
2131 4221 2299 4286 porro
2340 4206 2542 4286 eadem
2584 4204 3002 4286 COnstitutiones
3043 4205 3079 4258 Ι.
3116 4204 3443 4286 epronun-

1862 4277 2033 4330 tiant;
2072 4293 2090 4326 ι
2131 4275 2225 4330 Sin
2258 4291 2390 4331 vero
2427 4275 2481 4329 in
2521 4291 2688 4346 parva
2724 4275 2961 4346 quadam
2984 4275 3242 4346 Aparaacia
3287 4285 3447 4334 atate

1859 4353 2152 4420 provectus
2175 4360 2281 4400 non
2306 4344 2632 4420 reperiatur,
2658 4356 2713 4402 et
2732 4344 2803 4420 sit
2830 4344 3050 4420 aliquis,
3074 4359 3200 4420 _c_um
3219 4361 3326 4417 quo
3349 4351 3446 4420 qui

1860 4415 2060 4472 versati
2113 4424 2263 4479 sunt,
2319 4415 2696 4472 testimonium
2751 4415 3003 4469 dederint
3055 4415 3280 4483 dignum
3323 4415 3446 4474 esse

1865 4486 1960 4556 qui
1988 4488 2081 4541 tiat
2117 4486 2428 4556 episcopus,
2465 4488 2562 4556 qui
2588 4488 2644 4541 in
2675 4485 3045 4556 adolescentia
3086 4498 3370 4543 mansuete
3391 4499 3446 4546 et

1868 4553 2169 4624 composite
2205 4553 2720 4623 vivendo,'senilem
2751 4563 2964 4610 aetatem
2989 4553 3147 4624 plane
3170 4559 3442 4624 ostendat,

1867 4630 1913 4682 si
1938 4624 2127 4708 talium
2150 4626 2471 4708 testimonio
2484 4628 2769 4708 probatur,
2786 4624 2933 4708 quod
2961 4625 3015 4678 in
3039 4639 3172 4704 pace
3187 4629 3299 4695 liat,
3326 4639 3448 4708 esto

1867 4697 2176 4766 episcopus.
2219 4715 2239 4766 ι
2273 4695 2600 4752 Recentiora
2643 4695 2877 4752 concilia
2913 4695 2968 4748 in
3003 4695 3260 4765 epiSCOpo
3289 4701 3443 4754 ordi-

1865 4765 2067 4822 nando
2088 4765 2333 4820 eamdem
2363 4767 2447 4820 vel
2474 4767 2542 4822 ad
2584 4767 2869 4822 minimum
2911 4766 3131 4836 triginta
3170 4782 3442 4826 annorum

1865 4845 2076 4908 tetatem
2107 4837 2412 4906 requirunt,
2453 4837 2800 4908 rationesque
2836 4835 3066 4908 reddunt
3103 4835 3263 4903 duas,
3294 4841 3441 4908 quod

1866 4907 1984 4976 ipse
2008 4905 2476 4978 Servatorinoster
2499 4907 2696 4961 docere
2717 4905 2838 4961 ’non
2868 4907 3098 4978 coeperit
3125 4915 3253 4978 ante
3274 4905 3442 4978 quam

1867 4975 2029 5032 natus
2054 4986 2199 5032 esset
2221 4977 2439 5046 triginta
2462 4991 2656 5044 annos,
2677 4985 2732 5032 et
2768 4975 2913 5046 quod
2945 4977 3059 5046 haec
3086 4975 3188 5029 viri
3215 4975 3440 5046 perfecti

1862 5057 1995 5119 tetas
2023 5049 2114 5119 sit.
2143 5045 2309 5119 Conl.
2335 5045 2701 5119 l_3ingham>u_m
2736 5045 2795 5100 in
2829 5045 3134 5114 Originibus
3175 5045 3314 5102 δάεν.
3341 5049 3436 5105 lib.

1863 5117 1922 5185 ιι,
1948 5133 2068 5187 cap.
2096 5118 2182 5183 10,
2207 5118 2314 5171 vol.
2341 5115 2380 5180 Ι,
2405 5115 2526 5187 pag.
2555 5117 2658 5171 142
2686 5133 2770 5186 sq.

1937 5187 2242 5261 (50)‘Quo_s
2292 5187 2526 5261 sqpra__§
2571 5188 2606 5242 5
2647 5187 3055 5261 nominavimus
3096 5205 3164 5243 ex
3212 5187 3434 5261 Hieron.

1867 5257 2041 5328 epist.
2061 5258 2161 5324 85;
2195 5258 2395 5312 Euseb.
2436 5257 2584 5313 Hist.
2614 5257 2798 5312 eccles.
2826 5258 2921 5312 lib.
2953 5274 3028 5326 tv,
3056 5273 3176 5320 can.
3217 5259 3314 5328 l9;
3343 5259 3440 5316 Ni-

1863 5330 2102 5400 cephoro
2126 5329 2220 5382 lib.
2241 5344 2314 5393 tv,
2344 5343 2464 5397 cap.
2497 5328 2550 5383 9.

1939 5393 2051 5470 (51)
2082 5397 2161 5470 lita
2187 5393 2514 5470 vocatur—ab
2544 5397 2834 5470 Augustin.
2874 5402 3058 5452 contra
3082 5393 3290 5452 Julian.
3337 5399 3433 5456 lib.

1863 5486 1906 5542 t_,
1939 5467 2058 5542 cap.
2085 5469 2163 5542 ξς
2209 5467 2418 5542 Basilio
2432 5467 2735 5542 DeASpiritu
2766 5478 2948 5523 sancto
2974 5485 3093 5541 cap.
3123 5471 3212 5539 9.9,
3236 5472 3436 5528 citante

1862 5538 2042 5595 Cavéb
2070 5538 2217 5595 Hist.
2251 5538 2360 5592 litt.
2396 5538 2492 5594 fol.
2516 5540 2606 5594 39.

1938 5611 2050 5682 (52)
2078 5609 2224 5682 Hist.
2256 5609 2439 5682 eccles.
2474 5610 2568 5682 lib.
2604 5626 2678 5674 tv,
2709 5626 2828 5679 cap.
2869 5610 2954 5666 10.

1936 5679 2050 5755 (35)
2075 5681 2222 5737 Hist.
2255 5681 2436 5737 eccles.
2472 5679 2565 5738 lib.
2591 5699 2666 5747 tv,
2701 5697 2817 5752 cap.
2847 5681 2936 5736 26.
