3808 6206
429 324 569 382 ΙΠ9
1488 324 1548 380 S.
1585 322 1845 380 MELITO
1884 323 1933 381 S.

2230 321 2630 381 EPISCOPUS.
3552 325 3707 380 1180-

505 439 786 499 Nehemie
812 449 868 498 et
899 440 1151 498 Esther-is
1176 440 1302 497 libri
1340 442 1414 500 ibi
1447 441 1848 501 desiderantur.
1882 442 2087 500 Verum
2123 445 2215 501 ille
2246 445 2556 502 continetur
2596 442 2700 500 sub
2733 441 2920 502 Esdrte
2959 441 3379 514 nomine,un
3417 441 3692 496 familiare

423 535 670 605 antiquis
699 534 872 590 fuisse
902 545 1172 592 monstrat
1202 551 1415 592 summe
1441 537 1770 592 venerabilis
1795 536 2137 607 Carpzovius
2167 537 2314 608 (54):
2349 537 2438 591 hic
2467 552 2598 591 vero
2628 545 2682 591 et
2705 537 2773 591 ab
2801 537 2922 590 aliis
2946 545 3031 590 est
3056 534 3315 599 omissus,
3345 551 3402 589 v.
3436 549 3490 588 c.
3519 535 3691 586 Atha-

423 631 582 685 nasio
609 630 746 700 (55),
773 629 1040 701 Gregorio
1066 629 1411 686 Nazianzeno
1443 630 1581 701 (56),
1610 641 1664 686 et
1693 630 1924 688 Leontio

2182 632 2303 700 ujus
2334 631 2410 685 rei
2441 646 2666 686 causam
2703 630 2928 700 coniicit
2960 629 3147 686 Sixtus
3179 629 3451 686 Senensis
3485 629 3603 698 (58)
3636 630 3686 683 in

421 723 818 790 additamenta,
875 723 908 776 7
954 732 1228 794 postrema
1290 723 1469 794 capita
1528 724 1889 789 absolventia,
1929 740 2053 796 qua:
2108 740 2365 794 magnam
2397 734 2607 794 partem
2643 741 2711 781 ex
2767 724 2990 794 Josephi
3018 726 3114 779 lib.
3177 740 3232 778 xi
3283 725 3689 793 Antiquitatam

420 814 776 870 Iudaicarum
828 817 898 871 ab
927 816 1135 871 incerto
1189 824 1321 870 sunt
1371 816 1581 884 addita,
1645 826 1700 871 et
1743 832 1774 872 e
1823 815 2030 872 Graecis
2074 818 2359 874 codicibus
2402 818 2456 871 in
2503 815 2795 887 Vulgatam
2843 817 3124 881 translata,
3180 815 3513 870 auctoritate
3558 829 3689 869 con-

420 909 533 967 cilii
587 908 913 975 Tridentini,
953 910 1023 964 ad
1067 925 1336 965 canonem
1382 910 1544 964 hodie
1585 925 1807 980 quoque
1851 908 2198 977 referuntur;
2227 911 2348 966 ideo
2395 927 2426 966 a
2465 911 2719 966 Melitone
2741 910 2976 982 etGreg.
3014 909 3272 965 Nazianz.
3304 911 3476 965 istum
3500 905 3687 961 Esdra:

419 1001 621 1057 librum
654 1001 1007 1072 praeteritum,
1038 1002 1106 1057 ab
1135 1002 1436 1058 Athanasio
1465 1017 1596 1056 vero
1630 1011 1894 1072 tanqu-am
1931 1003 2178 1072 spurium
2208 1018 2239 1056 e
2265 1003 2512 1074 catalogo
2541 1018 2827 1059 sacrorum
2849 1003 3079 1073 ejectum
3112 1002 3307 1058 fuisse.
3333 1002 3472 1060 Mihi
3505 1011 3685 1057 tamen

417 1090 594 1161 magis
623 1090 907 1160 probabile
939 1091 1174 1155 videtur,
1203 1103 1328 1144 eum
1377 1090 1590 1146 incuria
1638 1089 1851 1143 librarii
1887 1091 2158 1146 omissum
2193 1089 2391 1159 fuisse,
2423 1092 2537 1147 sive
2575 1094 2720 1162 quod
2772 1091 3088 1159 festinaret,
3111 1095 3230 1148 sive
3261 1094 3414 1164 quod
3452 1093 3687 1148 afﬁnitas

416 1181 704 1240 nominum
749 1179 954 1236 Esdras
1001 1190 1055 1236 et
1090 1177 1288 1236 Esther
1334 1181 1547 1246 fecerit,
1583 1192 1642 1237 ut
1683 1191 1980 1252 utrumque
2017 1198 2120 1254 pro
2151 1183 2341 1238 eodem
2373 1184 2646 1240 habuerit.
2683 1185 2864 1240 Mclito
2896 1187 3041 1241 enim
3071 1187 3218 1242 hunc
3252 1187 3497 1241 indicem
3529 1202 3563 1240 a
3591 1185 3692 1242 lu-

416 1273 550 1330 dteis
579 1273 827 1342 accepit;
856 1272 911 1326 hi
937 1288 1067 1327 vero
1091 1272 1392 1328 canonicos
1426 1274 1596 1329 libros
1629 1273 1690 1330 V.
1719 1273 1784 1329 Τ.
1819 1273 2008 1342 viginti
2062 1283 2116 1328 et
2160 1274 2303 1328 duos
2339 1284 2722 1340 numerarunt,
2754 1276 2835 1330 uti
2866 1285 3015 1346 patet
3051 1292 3113 1332 ex
3145 1275 3373 1346 Josephi
3411 1278 3686 1336 librorum

417 1365 486 1422 ν.
521 1364 587 1419 Τ.
617 1365 1011 1420 canonicorum
1043 1366 1294 1434 catalogo
1325 1365 1462 1434 (59),
1493 1382 1654 1435 quem
1689 1366 1855 1421 etiam
1884 1366 2016 1420 citat
2044 1364 2314 1421 Eusebius
2345 1357 2490 1436 (40),
2511 1367 2787 1438 huiusque
2813 1370 2890 1423 rei
2919 1385 3140 1424 causam
3157 1370 3319 1424 nobis
3354 1371 3536 1439 aperit
3565 1369 3690 1424 Ori-

415 1473 582 1524 genes
613 1456 725 1527 (41)
759 1457 834 1510 ita
867 1457 1150 1513 scribens:
1184 1477 1202 1508 ι
1238 1457 1308 1512 Ut
1336 1458 1550 1514 duabus
1599 1467 1654 1512 et
1692 1458 1886 1528 viginti
1931 1459 2126 1513 litteris
2159 1457 2523 1517 Hebraeorum
2560 1460 2890 1515 introductio
2921 1462 2986 1516 ad
3013 1462 3340 1532 sapientiam
3369 1462 3461 1516 his
3495 1460 3690 1519 formis

414 1549 682 1620 impressa
715 1551 1029 1606 hominibus
1059 1566 1182 1607 esse
1221 1552 1455 1617 videtur,
1484 1553 1564 1608 sic
1589 1554 1657 1609 ad
1680 1553 2010 1623 sapientiam
2033 1552 2127 1607 Dei
2157 1562 2212 1607 et
2235 1569 2420 1609 rerum
2448 1554 2759 1608 divinarum
2789 1555 3033 1611 notitiam
3063 1555 3489 1610 fundamentum
3523 1562 3691 1623 atque

414 1642 746 1698 introductio
773 1654 902 1699 sunt
935 1644 1060 1698 libri
1093 1642 1395 1714 Scriptum
1423 1647 1534 1702 duo
1565 1656 1620 1702 et
1649 1647 1866 1718 viginti.
1895 1665 1913 1698 ι
1957 1645 2223 1702 Eumdem
2261 1648 2446 1718 itaque
2486 1663 2775 1704 numerum
2813 1656 2867 1702 et
2897 1646 3081 1702 Melito
3105 1649 3261 1718 sequi
3297 1649 3516 1703 debuit.
3547 1649 3688 1702 Cum

412 1741 598 1789 autem
638 1751 782 1790 unus
811 1744 866 1790 et
888 1735 1079 1805 viginti
1111 1736 1235 1791 libri
1282 1745 1494 1793 tantum
1544 1739 1598 1794 in
1648 1741 1973 1796 recensione
2012 1741 2132 1810 ejus
2163 1751 2459 1810 ponantur,
2493 1758 2731 1812 cumque
2763 1743 2817 1798 in
2851 1741 3160 1798 Judamrum
3201 1743 3385 1797 indice
3417 1741 3613 1797 Esdrae
3638 1749 3688 1794 et

410 1821 609 1881 Esther
648 1827 773 1883 libri
815 1827 1129 1882 immediate
1182 1845 1304 1885 sese
1333 1832 1631 1901 excipiant,
1657 1832 1731 1886 ita
1760 1841 1821 1888 ut
1844 1833 2017 1888 errori
2042 1833 2097 1887 in
2123 1833 2484 1888 describendo
2507 1833 2763 1889 facillime
2784 1834 2938 1888 locus
2965 1849 3086 1888 esse
3113 1833 3377 1902 potuerit,
3396 1830 3692 1902 probabile

409 1916 710 1972 admodum
735 1928 840 1984 est,
871 1920 1020 1975 hunc
1041 1920 1242 1976 librum
1278 1923 1489 1978 incuria
1515 1932 1726 1977 tantum
1754 1923 2060 1978 scribarum
2086 1939 2153 1978 ex
2179 1924 2431 1994 catalogo
2452 1923 2725 1980 Melitonis
2746 1923 3035 1978 excidisse.
3062 1922 3287 1995 Egregie
3310 1931 3498 1977 autem
3526 1940 3687 1993 pror-

413 2027 510 2067 sus
532 2011 636 2066 hac
665 2027 762 2066 sua
792 2027 954 2082 opera
989 2013 1056 2068 de
1102 2013 1345 2070 Ecclesia
1396 2017 1649 2072 universa
1677 2017 1879 2070 meruit
1905 2017 2200 2086 episcopus
2245 2023 2469 2083 noster,
2505 2023 2566 2070 ut
2597 2026 2722 2087 pote
2751 2019 2844 2089 qui
2904 2017 3116 2088 primus
3173 2017 3321 2070 inter
3380 2016 3689 2087 scriptores

410 2104 756 2160 Christianos
778 2146 791 2171 ,
825 2107 1304 2161 accuratissimum
1333 2105 1398 2162 V.
1428 2108 1494 2164 Τ.
1519 2125 1782 2165 canonem
1814 2108 2024 2164 dederit
2051 2107 2189 2180 (42).

481 2194 560 2250 Ex
615 2197 709 2251 illo
765 2206 946 2252 autem
990 2214 1205 2254 canone
1256 2201 1401 2279 male
1449 2203 1901 2266 concluderetur,
1958 2201 2016 2256 S.
2073 2200 2383 2257 Melitonem
2451 2199 2742 2270 Sapientia:
2783 2200 2983 2256 librum
3037 2201 3178 2254 inter
3225 2202 3535 2257 canonicos
3580 2201 3688 2257 Ve-

407 2287 542 2341 teris
609 2286 940 2342 Testamenti
1024 2290 1383 2348 rccensuisse.
1468 2291 1605 2347 Eum
1674 2294 1824 2348 enim
1924 2307 2022 2362 per
2070 2289 2441 2362 Sapientiam,
2512 2308 2679 2363 quam
2754 2291 3069 2347 Proverbiis
3145 2290 3470 2348 Salomonis
3550 2293 3686 2348 sub-

400 2376 628 2447 jungit,
689 2393 800 2433 non
859 2381 1192 2437 intellexisse
1260 2383 1461 2438 librum
1517 2383 1834 2454 Sapientiae,
1903 2385 2095 2440 Graeco
2126 2385 2390 2440 idiomate
2419 2384 2488 2439 ab
2517 2385 2727 2438 incerto
2756 2393 2979 2439 auctore
3006 2385 3397 2453 compositum,
3436 2385 3535 2439 sed
3569 2385 3685 2453 ipsa

406 2469 702 2526 Proverbia
737 2471 1072 2542 Salomonis,
1096 2478 1452 2547 sequentibus
1488 2480 1737 2535 evincam
1770 2481 2095 2536 rationibus.
2125 2477 2315 2535 Primo
2344 2479 2581 2550 genuina
2611 2479 2771 2534 lectio
2799 2479 3105 2534 adhibenda
3136 2489 3239 2545 cst,
3273 2495 3399 2549 qua
3434 2494 3552 2533 non
3589 2479 3686 2531 ha-

407 2561 520 2629 bet,
553 2565 634 2619 uti
663 2565 931 2623 editiones
957 2571 1234 2625 nonnullae
1256 2570 1474 2626 Eusebii
1504 2574 1724 2643 legunt:
1757 2575 1906 2645 Παρο

2178 2612 2182 2625 ,
2210 2574 2245 2644 ή
2283 2572 2470 2642 Σοφία,
2501 2571 2595 2627 sed
2631 2579 2692 2626 ut
2727 2587 2796 2626 ex
2826 2572 2931 2626 ﬁde
2958 2572 3560 2643 praestantissimorum
3583 2581 3682 2623 eo-

398 2657 586 2714 dicum
620 2673 652 2713 a
686 2655 904 2714 Valesio
937 2659 1147 2731 (45-44)
1179 2659 1484 2714 restituitur
1517 2679 1529 2713 :
1567 2661 1866 2732 Παροιμίαι
1896 2684 1902 2715 ι

2187 2660 2290 2732 pta,
2315 2661 2389 2717 ita
2411 2667 2473 2717 ut
2497 2659 2791 2718 Proverbia
2825 2659 3134 2716 Salomonis
3167 2673 3260 2727 per
3280 2659 3691 2726 appositionem

399 2756 815 2827 grammaticam
846 2755 1125 2826 Sapientia
1147 2771 1366 2827 quoque
1387 2767 1668 2812 vocentur.
1698 2756 1902 2812 Deinde
1925 2757 2020 2810 toti
2044 2756 2394 2826 antiquorum
2421 2754 2589 2808 choro
2615 2753 2884 2807 familiare
2906 2751 3031 2817 fuit,
3057 2751 3347 2806 Proverbia
3372 2750 3695 2806 Salomonis

401 2849 738 2922 Sapientiam
774 2865 992 2915 vocare,
1028 2859 1164 2906 teste
1190 2851 1428 2907 Eusebio
1451 2851 1561 2922 (45)
1591 2861 1645 2906 et
1666 2850 1973 2906 Lombardo
2001 2851 2140 2922 (46),
2164 2851 2258 2921 qui
2293 2849 2482 2904 multis
2510 2857 2634 2920 post
2659 2847 2938 2903 Christum
2966 2847 3180 2902 seculis
3203 2847 3364 2902 titulo
3393 2846 3695 2917 Sapientia:

400 2940 696 2996 Proverbia
728 2941 931 2997 citavit.
967 2939 1122 2997 Unde
1155 2942 1322 2997 etiam
1371 2941 1602 3012 ipsemet
1636 2941 1886 2998 Valesius
1929 2953 2114 2997 contra
2168 2941 2385 2997 sodales
2420 2939 2688 3012 agnoscit,
2721 2938 3031 2993 Melitonem
3065 2954 3160 3008 per
3182 2936 3534 3008 Sapientiam
3565 2936 3695 2992 Pro-

398 3034 586 3089 verbia
616 3036 718 3090 hoc
750 3035 870 3090 loco
903 3034 1240 3106 indigitasse.
1274 3033 1444 3089 Porro
1471 3049 1713 3106 provoco
1745 3033 1812 3089 ad
1849 3031 2045 3088 Ruﬂini
2077 3033 2410 3101 versionem,
2440 3032 2534 3103 qui
2581 3033 2654 3087 ita
2687 3031 2966 3088 transtulit
3001 3048 3016 3084 :
3046 3048 3064 3082 ι
3107 3029 3424 3086 Salomonis
3456 3030 3692 3087 Prover-

398 3131 513 3197 bia,
547 3149 668 3202 qua
701 3141 756 3188 et
785 3131 1087 3202 Sapientia.
1126 3149 1145 3182 ι
1177 3129 1244 3184 Ει
1277 3138 1338 3185 ut
1381 3130 1602 3186 tandem
1647 3130 1866 3200 penitus
1898 3145 2014 3186 rem
2051 3128 2368 3194 conficiam,
2402 3143 2733 3198 omnemque
2775 3124 3090 3197 scrupulum
3119 3124 3382 3186 eximam,
3421 3139 3496 3179 ex
3527 3125 3695 3195 ipsius

401 3222 679 3280 Melitouis
708 3225 871 3290 libro,
893 3241 1056 3297 quem
1088 3225 1294 3282 Clavim
1325 3227 1562 3291 vocavit,
1593 3225 1820 3281 afferam
1847 3225 2051 3294 locum,
2087 3227 2143 3281 in
2169 3241 2280 3296 quo
2305 3241 2372 3281 ex
2406 3224 2697 3295 Sapientia:
2727 3223 2866 3277 libro
2888 3220 3074 3276 citavit
3100 3218 3265 3274 verba
3293 3217 3350 3272 in
3374 3215 3691 3275 Proverbiis

400 3314 744 3384 reperienda.
779 3314 878 3370 Est
901 3331 1140 3388 namque
1174 3319 1475 3388 pretiosum
1506 3317 1674 3373 hocce
1715 3318 2060 3388 antiquitatis
2082 3326 2500 3395 monumentum
2529 3317 2665 3388 (47),
2698 3315 2840 3385 quod
2869 3313 3076 3368 Clavim
3101 3310 3340 3373 vocavit,
3373 3324 3554 3379 penes
3585 3324 3688 3376 me,

399 3418 468 3460 ex
506 3405 715 3475 duplici
749 3407 938 3463 codice
974 3407 1227 3465 Parisino
1270 3407 1627 3478 descriptum,
1668 3407 1856 3476 ibique
1893 3413 1949 3462 In
1984 3408 2091 3463 isto
2141 3405 2343 3475 capite,
2381 3405 2529 3473 quod
2572 3403 2653 3459 De
2678 3404 2839 3458 variis
2873 3400 3224 3467 aediﬁciorum
3251 3399 3539 3453 vocabulis
3564 3401 3688 3468 agit,

411 3499 480 3549 ad
512 3508 702 3549 vocem
735 3492 936 3548 Domus
974 3503 1294 3563 sequentem
1328 3493 1513 3548 inveni
1541 3493 2002 3560 explicationem:
2045 3511 2063 3545 ε
2095 3491 2320 3558 Domus,
2356 3506 2487 3546 caro
2533 3489 2841 3545 Salvatoris
2875 3499 3192 3557 assumpta,
3225 3488 3313 3541 vel
3346 3498 3550 3544 sancta
3586 3489 3684 3543 Ec-

407 3585 605 3652 clesia;
631 3586 686 3640 in
721 3584 1032 3640 Salomonis
1063 3583 1377 3654 Sapientia:
1413 3582 1723 3640 Edificavit
1754 3583 1858 3639 sibi
1886 3583 2110 3638 domum
2145 3581 2448 3652 sapientia;
2480 3589 2536 3637 et
2567 3582 2622 3636 in
2644 3579 2896 3635 Psalmo:
2925 3577 2984 3631 ln
3015 3578 3182 3632 domo
3212 3575 3439 3632 Domini
3479 3579 3683 3635 ibimus

405 3692 534 3735 cum
561 3693 858 3734 consensu.
889 3696 910 3730 ι
944 3677 1124 3734 Locus
1147 3685 1352 3745 autem,
1387 3677 1456 3732 de
1493 3677 1774 3748 Sapientia
1823 3676 1930 3732 sibi
1964 3676 2189 3731 domum
2233 3675 2556 3737 aedificante,
2589 3673 2847 3728 Proverb.
2877 3685 3000 3740 cap.
3030 3687 3106 3735 ix,
3144 3686 3292 3724 vers.
3325 3671 3376 3733 l,
3411 3680 3510 3726 est
3539 3673 3681 3726 inve.

409 3769 663 3828 alendus.
711 3767 854 3840 Ergo
881 3770 1002 3825 luce
1039 3770 1338 3825 meridiana
1379 3769 1584 3824 clarius
1615 3781 1719 3836 est,
1749 3784 1845 3838 per
1873 3767 2209 3842 Sapientiam
2237 3767 2572 3832 Salomonis,
2629 3764 2927 3821 Proverbia
2964 3763 3304 3822 intellexisse
3331 3761 3672 3820 Melitonem.

407 3862 555 3936 Ergo
579 3879 689 3920 non
715 3863 899 3934 plures
925 3878 1092 3934 quam
1124 3876 1229 3920 nos
1259 3862 1317 3919 in
1346 3877 1561 3921 canone
1583 3863 1926 3919 enumeravit
1947 3863 2140 3921 libros.

479 4103 603 4177 (54)
627 4104 692 4177 in
719 4102 1117 4160 Introductionc
1151 4105 1221 4160 ad
1262 4104 1426 4177 libros
1461 4106 1740 4162 canonicos
1774 4104 1985 4162 Biblia-
2087 4103 2168 4177 sis
2199 4103 2428 4177 illustris
2453 4105 2728 4175 quondam
2758 4106 3224 4177 syndicus,Gerh.
3247 4121 3358 4160 van
3384 4104 3672 4177 Mastricht

405 4175 526 4230 rum
560 4175 621 4229 V.
650 4175 713 4230 Τ.
747 4184 898 4246 parte
920 4193 960 4243 ι,
989 4191 1111 4246 cap.
1149 4177 1235 4241 l9,
1271 4175 1299 4248 ᾗ
1326 4176 1381 4241 5,
1414 4191 1540 4247 pag.
1578 4177 1704 4232 545.
2088 4176 2144 4248 i_n
2175 4177 2308 4231 diss.
2349 4175 2425 4229 De
2449 4193 2648 4248 canone
2665 4175 2958 4245 Scriptum
2977 4193 3147 4248 sacrae
3172 4191 3295 4244 quae
3323 4176 3668 4248 exstatBibl.

479 4268 593 4339 (55)
622 4267 681 4322 In
706 4245 949 4338 Epistola
971 4245 1168 4322 Festali
1202 4245 1292 4335 59,
1314 4245 1450 4322 tom.
1494 4245 1538 4322 ll
1591 4266 1983 4339 0pp.,pag.4t.

2165 4262 2268 4300 “em.
2303 4255 2436 4301 tom.
2469 4245 2582 4313 Vll,
2611 4247 2745 4302 fasc.
2779 4263 2818 4312 l,
2859 4262 2981 4316 pag.
3008 4247 3060 4309 l,
3106 4255 3161 4301 et
3209 4248 3312 4299 hac
3359 4246 3418 4299 in
3453 4263 3516 4301 re
3540 4263 3669 4302 con-

2165 4317 2221 4369 'ri
2248 4316 2330 4369 vel
2371 4318 2610 4369 maxime
2651 4317 2828 4369 debet.
2886 4315 2996 4369 Nec
3032 4317 3216 4369 minus
3249 4332 3377 4369 cum
3420 4316 3512 4369 his
3539 4334 3669 4369 con-

2114 4317 2221 4371 erri
2248 4316 2330 4370 vel
2371 4318 2610 4370 maxime
2651 4317 2828 4370 debet.
2861 4315 2996 4370 Nec
3032 4317 3216 4371 minus
3249 4332 3377 4369 cum
3420 4316 3512 4372 his
3539 4334 3669 4371 con-

476 4358 686 4460 (:56le
719 4359 961 4460 cétgmine
1003 4357 1076 4413 De
1109 4361 1347 4430 genuinis
1393 4360 1692 4430 scripturis,
1737 4367 1874 4414 tom.
1942 4357 1988 4413 ll

407 4427 872 4526 ορξοέρξιεχρεο-
1111 4427 1126 4430 ⁷
1276 4522 1300 4526 _
1397 4523 1408 4526 Α
1501 4427 1508 4430 “
1598 4521 1628 4526 _
1699 4520 1713 4526 _
1867 4520 1917 4526 __
2088 4427 2235 4510 ἱῖὁὶἱὲ
2249 4427 3668 4526 JEiJLId‘JﬁaR1U:'Saﬁfiﬁagvsﬁi€533.31:

477 4523 589 4595 (57)
620 4521 675 4595 lu
706 4523 803 4577 lib.
835 4522 910 4576 De
933 4525 1111 4595 sectis,
1139 4531 1242 4595 act.
1271 4522 1328 4587 2,
1361 4523 1562 4595 citante
1589 4520 1834 4595 Gerh._v.
1867 4520 1983 4576 Ma—
2085 4520 2349 4594 reperies'
2370 4526 2474 4579 155
2517 4520 2816 4591 schemata,
2845 4520 3304 4595 in'quib'us'libri
3351 4527 3549 4582 biblici
3585 4528 3666 4582 di-

403 4593 604 4664 stricht
639 4593 934 4664 liLCthOﬂG
955 4595 1015 4650 S.
1047 4593 1339 4664 Scriptura:
1359 4592 1643 4647 secundum
1665 4592 1852 4645 seriem
1879 4607 1982 4646 aw—
2078 4592 2240 4651 verso
2273 4595 2466 4651 ordine
2495 4596 2848 4650 exhibentur.

401 4661 644 4715 culorum
669 4661 745 4717 N.
770 4662 830 4716 Τ.
863 4665 1101 4718 collecto.

473 4755 589 4825 (58)
617 4753 874 4810 Biblioth.
897 4771 1064 4811 sacris
1103 4754 1202 4812 lib.
1246 4770 1286 4823 ι,
1320 4752 1605 4825 ρδθᾷξᾼθι
1631 4768 1753 4824 pag.
1785 4753 1876 4825 20.

2154 4729 2359 4825 (45ζξ4)
2391 4731 2456 4785 In
2503 4729 2647 4785 notis
2694 4725 2764 4783 ad
2809 4723 3010 4782 Euseb.
3058 4724 3200 4784 libro
3248 4739 3332 4790 tv,
3369 4733 3545 4796 caput
3577 4721 3658 4787 26.

474 4756 589 4893 (58)
617 4756 874 4810 Biblioth.
897 4771 1064 4811 sacrm
1103 4756 1202 4812 lib.
1246 4770 1286 4823 ι,
1320 4768 1442 4825 pag.
1470 4756 1505 4808 5
1549 4760 1605 4808 et
1631 4768 1753 4834 pag.
1785 4756 1876 4809 20.

474 4826 564 4897 (59
603 4825 817 4897 _C_ontra
862 4827 1175 4897 Appionem,
1222 4827 1406 4896 pagin.
1440 4823 1567 4891 562,
1607 4825 1740 4881 edit.
1773 4822 1976 4880 Genev.

815 4756 874 4809 1h.
897 4771 1064 4811 sacrm
1103 4756 1202 4812 lib.
1246 4770 1286 4823 ι,
1320 4768 1442 4825 pag.
1470 4756 1505 4808 5
1549 4760 1605 4808 et
1631 4768 1753 4824 pag.
1785 4756 1876 4809 20.
2149 4756 2319 4801 μυ-ιιίί

815 4846 817 4873 :
862 4827 1175 4897 Appionem,
1222 4827 1406 4896 pagin.
1440 4823 1567 4891 562,
1607 4825 1740 4881 edit.
1773 4822 1976 4880 Genev.
2072 4815 2198 4872 1³³8·
2231 4799 2319 4857 ⁷4ο

402 4893 749 5009 ’ϐηόκῂῖῑξιιξ
783 4981 864 5009 In-
894 4981 1012 5009 nam
1058 4967 1124 5009 10
1161 4963 1300 5009 Hist-
1343 4963 1528 5009 ἀπειρη-
1551 4973 1607 5009 et
1642 4963 1738 5009 lih-
1770 4980 1906 5009 v1-0a

2153 4938 2264 5009 (45)
2290 4935 2413 4992 Lib.
2437 4951 2511 5002 tv,
2530 4950 2649 5006 cap.
2667 4933 2762 5009 22,
2776 4934 2836 5009 in
2857 4933 2968 5009 fine
2987 4951 2999 4986 :
3020 4931 3333 5005 Πανάρετον
3354 4934 3554 5002 σοφίαν
3571 4932 3657 4996 τὰς

475 4964 587 5036 (40)
631 4964 750 5020 Lib.
783 4981 866 5028 ιιι,
894 4981 1014 5036 cap.
1058 4967 1124 5023 lO
1156 4963 1300 5020 Hist.
1343 4963 1529 5020 eccles.
1551 4973 1607 5018 et
1642 4963 1738 5019 lib.
1770 4980 1976 5034 vt,cap.
2077 4963 2287 5036 “Egi.

398 5003 493 5091 25‘.
519 5003 870 5091 Recentiores
894 5003 1270 5090 tlurdaaivhunc
1300 5003 1844 5104 quoquenumcrum’
1876 5049 1902 5088 ο

1515 5003 1978 5091 “SE:
2076 5003 2422 5081 Σολομῶντος
2449 5003 2744 5077 παροὶμίας
2772 5003 3019 5062 ἐκάλουν.

403 5116 644 5172 servant,
680 5106 843 5160 veluti
892 5105 957 5160 Β.
988 5105 1160 5160 David
1210 5094 1380 5161 Ganz.
1408 5094 1464 5159 in
1499 5103 1756 5160 Tzemach
1781 5101 1976 5172 Davia‘,
2150 5101 2260 5175 (46)
2294 5099 2414 5156 Lib.
2444 5115 2482 5166 ι,
2513 5098 2764 5153 distinct.
2811 5094 2877 5162 2,
2906 5095 3110 5149 citante
3147 5094 3358 5152 Grabio
3401 5098 3465 5152 in
3493 5097 3564 5154 Η.
3595 5096 3654 5152 Ε.

401 5186 554 5250 parte
573 5191 640 5250 gn,
667 5191 788 5246 pag.
818 5175 913 5250 _10,
940 5177 1158 5245 aliique.
1180 5245 1236 5250 ψ
1308 5245 1336 5250 _
1686 5244 1699 5250 _
2077 5190 2252 5250 ms‘.__g
2277 5244 2337 5250 ___
2359 5245 2374 5250 _
2903 5243 2940 5250 __
2969 5241 3001 5250 _
3107 5237 3139 5250 η
3183 5235 3244 5250 m
3343 5238 3358 5250 ‘
3443 5239 3456 5249 _

474 5247 588 5328 (41)
623 5235 682 5300 lii
723 5235 914 5328 pvsalm}
944 5263 983 5311 ι,
1015 5235 1144 5328 ρξιιςἱ
1163 5245 1258 5328 ΗΛ
1297 5244 1974 5328 ρορηπιεηιαηρηιεαεταμη
2083 5314 2117 5328 Α
2277 5244 2410 5298 Vide
2427 5260 2643 5328 summe
2663 5235 3656 5328 reverendiCrpsii,_'£beplogizeapud

406 5307 762 5391 Scripturani,
782 5307 1282 5391 Rothobiagil668,
1311 5315 1428 5391 fol.,
1456 5331 1577 5385 pag.
1615 5314 1803 5391 μεθ,
1833 5324 1886 5369 et
1920 5316 1976 5370 in
2079 5307 2748 5391 Goettingensesprofess.
2782 5315 2944 5384 longe
2971 5307 3316 5391 celeberrimi
3346 5307 3567 5391 patrpni
3587 5318 3656 5391 at.

401 5381 709 5460 Plu'localia
733 5401 852 5460 cap.
896 5387 949 5460 5h.
997 5381 1254 5460 Ea'mdem
1297 5381 1562 5460 rationem
1599 5386 1691 5460 dat
1717 5383 1977 5460 liierony-
2079 5401 2185 5455 que
2204 5381 2688 5460 prafceptori'smei
2718 5381 2934 5460 summo
2956 5381 3323 5460 observantiae
3339 5381 3526 5460 studio
3540 5389 3658 5460 Ξκι-

405 5461 614 5530 lllltgjn
646 5448 874 5530 litato-go
906 5454 1148 5530 Calcato_
1163 5471 1271 5530 non
1305 5456 1536 5530 multum
1572 5456 1641 5510 ab
1672 5455 1850 5530 initio.
1919 5448 1937 5456 ⁷
2080 5448 2579 5530 tem'dcven'erandi
2595 5448 3416 5530 dissertationernepistolicam
3441 5452 3508 5505 ad
3533 5451 3652 5504 Chr.

474 5525 590 5601 (42)
641 5524 791 5581 Alias
809 5520 1081 5601 'canonis
1115 5525 1516 5601 Scriptura:__S.
1560 5525 1976 5601 constitutiones
2080 5525 2647 5601 Wormiuni_pag.l5.
2667 5527 2756 5580 ubi
2789 5526 2935 5580 hunc
2958 5520 3228 5601 Mclitonis
3253 5520 3655 5601 libi-umquam

405 5587 736 5662 scriptorum
784 5587 1277 5652 ecclesiasticorum
1318 5597 1560 5650 studiose
1607 5594 1842 5664 collegit,
1887 5611 1976 5650 se-
2079 5596 2206 5650 tivis
2250 5587 2858 5664 prctii'mbnumentum
2899 5595 3130 5657 vocavit,
3167 5587 3574 5664 et_Fabric‘iuni
3606 5589 3652 5641 iu

406 5661 643 5735 eundum
663 5665 862 5735 seriem
889 5668 1210 5721 saaculorum
1233 5664 1300 5735 Ν.
1319 5665 1383 5719 Τ.
1408 5666 1696 5735 disposuit,
1724 5661 1978 5735 notisque
2078 5661 2331 5719 Biblio'th.
2359 5668 2495 5723 med.
2530 5678 2578 5723 et
2603 5667 2799 5735 inﬁma:
2828 5663 3162 5728 Latinitatis,
3191 5661 3291 5716 lib.
3328 5662 3432 5728 x’n,
3467 5663 3572 5715 vol.
3599 5664 3650 5716 γ.

409 5733 700 5800 illustravit
716 5734 1183 5802 πολυμαθέστατος
1213 5734 1366 5791 Jctus
1401 5745 1456 5792 et
1469 5733 1697 5808 reipubl.
1721 5734 1910 5792 Brcme

851 5737 1183 5802 μαθέστατος
1213 5734 1366 5791 Jctus
1401 5745 1456 5792 et
1469 5733 1697 5808 reipubl.
1721 5734 1976 5792 Brcmen-
2079 5751 2200 5807 pag.
2230 5736 2351 5792 204.
