3808 6206
448 309 590 368 uss
1512 305 1572 363 s.
1612 299 1868 359 unum
1906 299 2215 358 SARDIUM
2251 272 2647 359 Episcopus;
3568 296 3704 355 n84

446 429 718 500 majorum
760 439 984 481 suorum
1035 438 1162 493 erga
1201 419 1552 477 Christianos
1599 416 2070 484 benevolentiam,
2113 430 2349 488 quorum
2393 415 2698 472 clementia
2740 411 2986 486 exempla
3028 412 3209 483 petitis
3247 427 3414 483 quam
3473 411 3698 466 istorum

445 523 646 592 flagitia
689 519 953 574 imitanda
988 533 1110 573 esse
1150 517 1430 571 monebat.
1484 515 1657 585 Cujus
1690 512 1962 584 Apologia!
2001 511 2093 566 hic
2123 511 2288 565 etiam
2329 521 2450 566 erat
2490 511 2940 582 exoptatissimus
2982 518 3248 572 eventus,
3300 517 3362 562 ut
3407 507 3702 577 imperator

445 628 730 688 paternam
768 615 1082 683 avitamque
1125 612 1180 666 in
1207 612 1552 668 Christianos
1597 609 1991 666 humanitatem
2037 606 2368 662 imitaretur.
2417 605 2540 676 Ipsa
2567 607 2817 677 quidem,
2850 604 2994 676 quod
3039 604 3228 672 utique
3267 600 3572 656 dolendum
3602 610 3700 663 est,

444 713 609 784 periit
640 710 969 776 lucubratio,
1017 709 1166 764 illius
1197 717 1378 762 tamen
1415 722 1587 777 pauca
1620 705 1959 776 fragmenta,
1997 702 2280 774 quantivis
2309 703 2536 757 omnino
2564 702 2755 772 pretii,
2792 701 3091 757 asservavit
3119 697 3389 753 Eusebius
3413 696 3565 767 (55),
3589 709 3703 764 qua:

444 822 514 859 ex
556 820 623 860 eo
665 805 830 859 etiam
873 819 998 858 cum
1047 803 1528 858 observationibus
1570 800 1901 871 quibusdam
1953 798 2114 854 alteri
2169 813 2306 853 meae
2356 797 2731 853 dissertationi
2774 799 3033 852 inseram.
3082 793 3402 866 Olympiade
3432 804 3702 851 ccxxxvu,

444 915 589 971 quae,
620 907 681 954 ut
714 914 879 970 supra
921 898 1336 954 observavimus
1357 939 1373 963 ,
1424 898 1478 951 iu
1524 911 1698 950 annos
1730 895 1937 950 Christi
1970 892 2211 949 169472
2257 893 2486 960 incidit,
2519 893 2830 963 Apologiam
2863 907 3019 946 suam
3057 889 3372 960 imperatori
3417 885 3706 941 tradidisse

442 993 754 1048 Melitenem
775 1034 791 1059 ,
828 992 994 1047 refert
1021 991 1320 1059 Eusebius;
1357 992 1586 1046 ulterius
1617 1006 1746 1046 vero
1776 989 2052 1061 progressi
2083 998 2214 1044 sunt
2248 987 2558 1044 Dodwellus
2591 987 2705 1059 (56)
2733 997 2788 1044 et
2813 988 2943 1042 Ant.
2977 985 3107 1057 Pagi
3134 985 3270 1053 (57),
3311 984 3408 1054 qui
3439 996 3591 1036 anno
3610 978 3706 1034 ίῖθ

442 1095 567 1156 post
609 1086 785 1155 prima
828 1087 1163 1152 vicennalia,
1208 1086 1367 1141 Mart.
1401 1087 1460 1140 l7
1507 1087 1560 1141 id
1603 1085 1808 1140 factum
1859 1085 2032 1141 fuisse
2079 1085 2311 1151 docent,
2355 1085 2413 1139 in
2456 1099 2688 1154 quorum
2737 1093 2920 1138 tamen
2962 1082 3205 1136 rationes
3251 1094 3363 1133 non
3410 1077 3707 1146 inquiram.

443 1179 696 1236 Valesius
729 1182 845 1251 (58)
886 1198 1048 1252 porro
1085 1181 1359 1237 Melitonis
1405 1183 1707 1238 orationem
1756 1181 1894 1236 nihil
1931 1180 2080 1236 aliud
2120 1179 2324 1244 fuisse,
2365 1194 2530 1250 quam
2578 1178 2823 1233 libellum
2867 1176 3202 1247 supplicem,
3238 1188 3340 1244 pro
3381 1169 3710 1226 Christianis

439 1275 761 1344 imperatori
806 1277 1084 1340 oblatum,
1137 1292 1204 1332 ex
1250 1281 1370 1346 ejus
1410 1275 1749 1348 fragmento,
1790 1277 1936 1347 quod
1980 1276 2210 1347 protulit
2239 1274 2508 1331 Eusebius
2551 1273 2914 1344 conjecturat.
2967 1271 3241 1326 Dederunt
3279 1277 3338 1322 et
3380 1267 3481 1320 alii
3527 1263 3709 1319 eadem

440 1372 826 1439 persecutione
855 1373 1090 1442 scriptas
1127 1389 1158 1428 a
1188 1389 1246 1429 se
1276 1373 1557 1443 apologias
1585 1374 1759 1428 eidem
1793 1373 2164 1428 M.Antonino
2195 1371 2550 1442 imperatori,
2581 1368 2831 1426 Justinus
2862 1367 2980 1424 scil.
3014 1376 3220 1438 martyr
3246 1375 3300 1418 et
3331 1360 3712 1434 philosophus.

440 1467 774 1538 Apollinaris
840 1478 894 1524 et
929 1470 1308 1540 Athenagoras
1369 1475 1472 1526 sub
1514 1471 1676 1525 titulo
1717 1469 2004 1540 legationis
2051 1484 2152 1540 pro
2181 1467 2547 1534 Christianis,
2587 1482 2725 1538 quos
2758 1465 2998 1536 ejusdem
3049 1460 3367 1518 certaminis
3395 1457 3711 1528 participes,

441 1563 658 1618 debitus
689 1564 830 1618 idem
865 1565 917 1618 in
948 1565 1102 1619 libris
1134 1566 1310 1621 honos
1350 1565 1652 1635 eademque
1692 1567 1746 1618 in
1779 1565 1921 1619 coelo
1952 1565 2121 1635 gloria
2164 1563 2426 1618 manebit.
2459 1561 2840 1616 Tillemontius
2871 1559 2982 1629 (59)
3013 1573 3080 1612 ex
3114 1571 3246 1610 voce
3272 1553 3575 1613 ἐπέδωκεν,
3610 1564 3716 1618 qua

441 1671 578 1711 usus
605 1666 689 1710 est
724 1654 994 1713 Eusebius
1025 1659 1079 1712 in
1111 1657 1370 1713 Chronico
1392 1701 1408 1725 ,
1454 1669 1507 1714 et
1535 1675 1701 1730 quam
1735 1659 1789 1713 in
1823 1660 2074 1714 versione
2100 1675 2199 1714 sua
2230 1673 2451 1729 quoque
2479 1657 2705 1712 retinuit
2735 1653 3120 1724 Hieronymus,
3148 1649 3375 1719 colligit,
3403 1645 3717 1700 Melitonem

441 1753 645 1822 ipsum,
678 1754 871 1810 itinere
894 1753 1126 1809 Romam
1162 1755 1434 1821 instituto,
1473 1755 1791 1825 imperatori
1825 1755 2091 1810 obtulisse
2123 1755 2436 1825 Apologiam
2468 1769 2647 1822 suam,
2681 1752 2826 1823 quod
2857 1751 2942 1806 vel
2973 1751 3114 1804 hanc
3139 1761 3362 1818 quoque
3389 1745 3466 1799 ob
3496 1754 3715 1797 causam

440 1849 574 1904 mihi
632 1866 742 1904 non
793 1849 1009 1906 videtur
1062 1851 1454 1922 improbabile,
1521 1853 1783 1922 quoniam
1835 1866 1902 1906 ex
1959 1850 2086 1924 με
2136 1857 2392 1918 constat,
2441 1865 2566 1905 eum
2623 1849 2694 1904 ab
2744 1845 2958 1902 itineris
3009 1842 3273 1899 molestiis
3323 1852 3562 1910 prorsus
3611 1849 3718 1888 non

443 1944 802 2001 abstinuisse.

1624 2041 1652 2114 ε
1693 2039 1880 2097 XVIII.
1925 2040 2002 2096 De
2038 2039 2307 2095 Melitonis
2349 2048 2534 2094 morte.

529 2194 776 2252 Tandem
810 2211 1102 2254 commune
1145 2197 1404 2254 omnibus
1446 2197 1551 2252 iter
1588 2213 1736 2252 anno
1777 2197 1997 2254 circiter
2027 2197 2134 2252 I75
2181 2210 2474 2268 aggressus
2516 2202 2642 2260 est,
2675 2192 3002 2264 cunctisque
3049 2187 3376 2250 calcaudas,
3416 2195 3476 2240 et
3519 2200 3586 2239 ex
3617 2184 3718 2238 hac

441 2292 508 2347 ad
551 2292 778 2348 alteram
831 2293 998 2348 vitam
1052 2293 1318 2348 ducentes
1381 2294 1612 2349 semitas
1655 2309 1875 2364 quoque
1927 2293 2183 2349 calcavit.
2249 2292 2320 2347 At
2363 2306 2496 2346 vero
2527 2290 2840 2345 Melitonem
2893 2288 3036 2342 circa
3093 2287 3198 2340 hoc
3253 2284 3438 2354 ipsum
3507 2291 3722 2350 tempus

441 2388 648 2444 obiisse
670 2428 687 2454 ,
737 2389 842 2443 hoc
879 2397 966 2444 est
1004 2389 1150 2459 quod
1189 2389 1324 2444 mihi
1359 2390 1693 2459 persuadet:
1729 2388 1809 2444 Ex
1841 2387 2087 2457 Epistola
2120 2387 2423 2460 Polycratis
2454 2385 2798 2440 adVictorem
2829 2382 2943 2454 (60)
2982 2383 3188 2451 liquet,
3229 2392 3356 2432 eum
3397 2374 3720 2430 defunctum

444 2481 616 2539 fuisse
637 2523 651 2548 ,
686 2499 812 2540 cum
844 2485 960 2540 haec
994 2487 1370 2541 controversia
1398 2487 1465 2541 de
1490 2485 1761 2542 Paschate
1790 2495 2123 2549 moveretur,
2150 2493 2207 2540 et
2229 2500 2337 2540 non
2369 2484 2543 2539 multo
2576 2491 2702 2537 ante
2741 2488 3020 2535 mortuum
3063 2475 3234 2530 fuisse
3261 2471 3392 2527 inde
3424 2468 3719 2526 concludo.

441 2579 589 2648 quod
616 2576 930 2650 Polycrates
963 2580 1289 2636 illustriores
1318 2581 1574 2638 doctores
1605 2581 1974 2638 Ecclesiarum
2010 2582 2376 2640 Asiaticarum
2419 2594 2714 2635 recensens
2743 2577 3052 2631 Melitonem
3083 2572 3275 2626 ultimo
3307 2569 3435 2622 loco
3470 2566 3720 2629 collucet,

443 2670 648 2725 indicio
679 2687 803 2727 eum
830 2673 1080 2728 ultimum
1107 2676 1344 2742 obiisse,
1383 2692 1482 2732 nec
1514 2685 1636 2746 post
1666 2693 1792 2732 eum
1835 2679 1974 2733 alios
2003 2676 2149 2732 fama
2188 2679 2242 2732 in
2272 2676 2518 2732 Ecclesia
2563 2674 2810 2731 celebres
2846 2671 3074 2726 obiisse.
3115 2665 3532 2721 Permultorum
3563 2676 3722 2732 porro

443 2762 709 2818 librorum
743 2775 937 2822 auctor
967 2767 1069 2822 fuit
1094 2769 1326 2836 Melito,
1350 2770 1596 2841 adeoque
1634 2788 1742 2827 non
1781 2771 1943 2828 facile
1983 2789 2012 2829 a
2042 2774 2199 2829 libris
2236 2773 2546 2829 scribendis
2579 2769 2810 2842 quievit.
2851 2766 3061 2821 Iudicat
3092 2773 3273 2818 tamen
3307 2759 3590 2814 Eusebius
3611 2756 3718 2826 (6|)

445 2857 760 2928 Apologiam
785 2861 906 2930 ejus
937 2864 1188 2918 ultimum
1225 2880 1364 2935 opus
1391 2865 1559 2922 fuisse
1591 2869 1734 2938 quod
1766 2871 2070 2940 scripserit.
2099 2869 2237 2924 Nam
2267 2869 2480 2926 caneris
2513 2865 2821 2928 recensitis,
2843 2865 2937 2916 ἐπὶ
2967 2862 3123 2927 πᾶσι,
3144 2859 3344 2928 inquit,
3378 2854 3716 2924 Apologiam.

442 2949 632 3022 Itaque
675 2953 892 3009 circiter
925 2953 1302 3024 quinquennio
1335 2955 1655 3027 priusquam
1689 2958 1812 3014 lites
1839 2959 1905 3014 de
1934 2957 2202 3014 Paschate
2236 2962 2377 3014 inter
2406 2945 2683 3013 Victorem
2716 2967 2770 3012 et
2795 2955 3139 3027 Polycratem
3171 2952 3368 3005 iterum
3401 2958 3718 3019 agerentur,

444 3056 696 3104 mortuus
739 3048 859 3104 fuit.
897 3050 1162 3106 Sardibus
1206 3067 1236 3105 e
1266 3052 1375 3106 vita
1420 3053 1700 3120 discessit,
1742 3064 1905 3125 atque
1953 3054 2151 3110 ibidem
2197 3064 2356 3110 terrae
2397 3068 2616 3124 quoque
2659 3052 2957 3107 mandatus
3002 3044 3126 3103 fuit.
3169 3047 3234 3099 Τί
3281 3045 3341 3098 δὲ
3381 3044 3473 3097 δεῖ
3523 3041 3718 3108 λέγειν,

442 3142 520 3196 ait
548 3140 856 3214 Polycrates
893 3145 1028 3215 (62),
1066 3147 1357 3202 Μελίτωνα
1405 3149 1494 3201 τὸν
1537 3149 1812 3221 εὐνοῦχον,
1849 3153 1940 3205 τὸν
1979 3153 2038 3205 ὲν
2081 3151 2221 3222 ἁγίῳ
2253 3151 2533 3222 Πνεύματι
2576 3149 2756 3204 πάντα
2798 3147 3287 3216 πολιτευσάμενον·
3336 3141 3397 3204 ὃς
3452 3142 3634 3192 κεῖται
3670 3138 3720 3190 ἐν

443 3238 699 3309 Σάρδεσι,
732 3242 1042 3312 περιμένων
1073 3244 1172 3316 τὴν
1205 3245 1313 3299 ἀπὸ
1356 3245 1447 3298 τοῦ
1477 3245 1706 3318 οὐρανοῦ
1738 3249 1947 3300 ὲπισκοτ

2213 3249 2253 3301 ii
2282 3247 2546 3302 Sardibus
2575 3245 2716 3302 situs
2749 3254 2854 3309 est,
2897 3242 3120 3297 Domini
3160 3241 3226 3294 de
3258 3237 3420 3293 cmlis
3448 3233 3717 3290 visitatio—

443 3349 604 3398 nem,
649 3336 702 3389 in
736 3353 840 3406 qua
887 3349 1298 3396 resurrecturus
1338 3350 1458 3406 est,
1506 3351 1850 3412 exspectans.
1891 3363 1908 3393 ›
1957 3340 2093 3397 Utut
2136 3343 2392 3414 martyris
2434 3359 2641 3398 corona
2686 3341 2914 3397 minime
2953 3341 3188 3394 donatus
3226 3333 3394 3388 fuerit
3429 3331 3574 3402 (65),
3611 3329 3718 3394 ejus

446 3440 625 3482 tamen
667 3431 864 3486 natalis
901 3433 955 3486 in
990 3449 1179 3489 sacros
1217 3434 1475 3491 Ecclesia:
1520 3436 1692 3493 fastos
1735 3437 1839 3492 fuit
1878 3439 2085 3494 relatus
2117 3446 2170 3492 et
2207 3455 2352 3494 nunc
2383 3440 2713 3509 quibusdam
2758 3439 2813 3492 in
2849 3431 3249 3506 Martyrologiis
3294 3429 3437 3499 ipsis
3465 3422 3720 3482 Kalendis

445 3517 645 3590 Aprilis
681 3521 791 3594 (64)
823 3525 1094 3597 ascriptus
1122 3528 1569 3602 deprehenditur.
1602 3529 1729 3586 Ilaac
1757 3532 1824 3588 de
1854 3533 1962 3586 vita
1996 3541 2051 3587 et
2077 3533 2374 3590 virtutibus
2409 3535 2550 3590 beati
2583 3533 2857 3590 Melitonis
2887 3531 3030 3586 dicta
3061 3527 3355 3583 suliiciant.

1431 3985 1535 4045 DE
1573 3987 1922 4050 SCRIPTIS
1954 3989 2236 4051 SANCTI
2293 3989 2752 4051 MELITONIS.

1920 4107 2252 4164 Institutum.

522 4216 767 4286 Coeptam
799 4226 925 4272 aule
958 4234 1137 4274 annos
1165 4219 1369 4290 aliquot
1402 4220 1470 4276 de
1492 4219 1750 4278 Mclitone
1773 4263 1788 4288 ,
1833 4223 2091 4279 Sanlium
2122 4225 2178 4279 in
2223 4224 2355 4279 Asia
2396 4239 2660 4295 epise0po
2689 4263 2705 4290 ,
2757 4223 2917 4278 telam
2970 4226 3073 4278 hac
3105 4219 3412 4290 scriptione
3441 4230 3714 4290 pertexere

451 4321 614 4381 atque
636 4313 960 4366 continuare
981 4312 1342 4368 constitutum
1375 4313 1570 4369 habeo.
1606 4313 1889 4384 Superiori
1918 4316 1985 4371 de
2022 4317 2127 4373 hoc
2162 4326 2486 4386 argumento
2521 4317 2866 4372 meletemate
2906 4317 2974 4371 de
3006 4315 3116 4370 vita
3167 4312 3453 4368 Melitonis
3494 4313 3711 4382 ejusque

449 4404 506 4459 in
534 4403 834 4459 Ecclesiam
861 4402 1067 4457 meritis
1097 4403 1360 4473 exposui;
1387 4419 1620 4474 magnus
1651 4405 1984 4475 scriptorum
2013 4407 2083 4462 ab
2120 4407 2312 4462 eodem
2344 4418 2697 4463 exaratorum
2726 4422 2993 4462 numerus
3023 4420 3200 4458 meam
3233 4419 3388 4458 nunc
3419 4405 3710 4458 merebitur

449 4500 805 4568 diligentiam,
841 4497 1114 4568 hujusque
1153 4500 1567 4569 scriptiuncula:
1597 4502 1894 4556 constituet
1925 4516 2335 4573 argumentum.
2374 4501 2532 4568 Quod
2569 4518 2637 4557 ne
2673 4518 2899 4572 prorsus
2929 4500 3217 4570 displiceat
3249 4497 3604 4558 institutum,
3630 4497 3709 4548 be-

451 4590 702 4646 nevolum
753 4591 1010 4646 lectorem
1060 4589 1322 4660 majorem
1354 4593 1406 4646 in
1440 4593 1660 4646 modum
1691 4608 1886 4662 precor
1916 4602 2081 4666 atque
2111 4594 2380 4658 obtestor,
2413 4610 2509 4664 spe
2539 4593 2730 4653 fretus.
2763 4609 2850 4647 me
2894 4594 2973 4646 vel
3020 4594 3163 4646 ineo
3192 4591 3258 4645 de
3308 4588 3505 4643 favore
3541 4586 3707 4641 erudi-

450 4695 633 4740 torum
663 4700 832 4739 sacrm
858 4686 1204 4755 antiquitatis
1232 4686 1614 4755 indagatorum
1640 4701 1750 4740 non
1783 4687 1924 4742 male
1949 4689 2273 4744 meriturum
2304 4703 2448 4755 esse,
2489 4687 2536 4742 si
2570 4689 2622 4742 in
2647 4687 2970 4758 colligendis
3011 4686 3252 4755 undique
3272 4683 3377 4737 viri
3405 4682 3577 4751 hujus
3596 4694 3707 4734 san-

454 4823 655 4887 Scalig.
689 4823 866 4876 Amst.
896 4822 1056 4876 1638.
1111 4823 1223 4879 ΟΛ.
1279 4821 1426 4875 ΣΛΖ.
1476 4823 1516 4875 l.
1557 4823 1710 4875 POA.
1753 4824 2029 4876 ΚΛΑΡΟΣ
2132 4825 2389 4891 illustres,
2413 4839 2626 4880 comme
2658 4825 2704 4878 si
2740 4822 2795 4878 S.
2854 4822 3075 4878 Méliton
3101 4819 3286 4875 l‘avait
3323 4807 3706 4888 présente'elﬂi-

451 4895 540 4975 T_0
592 4894 834 4978 I3,MKAI
868 4893 1232 4978 ξςξῖΘι-ξιςοε..
1261 4891 1510 4978 Μξλίτξιξν
1546 4892 1857 4978 Σαρὸιῆνίῖξν
1899 4895 2030 4978 331:;
2134 4898 2332 4978 metue.
2368 4915 2398 4978 Δι

451 4965 551 5034 τῆς
580 4955 776 5045 Λρδίᾳς
809 4963 1010 5045 Rutilio»)
1051 4964 1404 5032 Ἀπολογίας
1433 4955 1714 5033 ’Λντονίνῳ
1730 4963 1869 5035 ὑπὲρ
1898 4965 1955 5035 Χ]

2355 4965 2511 5045 ᾼ-ριιὰ
2542 4963 2742 5045 Euseb.
2777 4963 2923 5045 Hist.
2952 4963 3134 5017 eccies.
3182 4955 3642 5045 libzv,‘cap.”2.f.

453 5027 1067 5106 aitdvtbvnénélitoxsvm
1278 5027 1288 5032 ’
1381 5027 1391 5028 ί
1444 5103 1501 5106 __
1685 5027 1697 5033 ⁷
1838 5027 1850 5035 ’
1951 5027 1957 5036 ’

2205 5027 2320 5106 (61)
2359 5027 2567 5089 Hister.
2593 5035 2778 5088 eccles.
2831 5035 3026 5106 lib.i_v,
3059 5048 3181 5101 cap.
3217 5029 3316 5098 26,
3349 5030 3492 5084 item
3530 5027 3695 5080 Hiero-

526 5105 642 5173 (55)
675 5104 818 5176 Hist.
845 5105 1028 5158 eccles.
1058 5105 1150 5176 lib.
1180 5120 1254 5176 tv,
1289 5119 1408 5176 cap.
1642 5174 1686 5176 Η
1910 5175 1915 5176 γ
1953 5175 1957 5176 ί

1499 5104 1528 5176 ἦ.
1642 5174 1686 5176 Η
1910 5175 1915 5176 ί
1953 5175 1957 5176 ί
2132 5103 2281 5176 nym.
2302 5103 2394 5160 'De
2426 5105 2727 5172 scriptorib.
2759 5120 2882 5175 cap.
2912 5104 3003 5158 24.

551 5177 641 5242 56)
673 5175 729 5229 In
765 5175 1046 5230 Dissertat.
1075 5164 1431 5247 Cyprianicis,
1463 5174 1598 5230 diss.
1618 5174 1720 5247 71_l,
1751 5191 1873 5247 pag.
1897 5175 2022 5230 264.
2173 5164 2314 5247 ’(62)
2351 5177 2507 5247 Apud
2533 5164 2734 5230 Euseb.
2783 5164 2902 5247 l.:c.
2931 5184 2986 5228 et
3020 5172 3162 5247 apud
3191 5168 3428 5247 Hieron.
3471 5182 3599 5247 cap:

551 5232 641 5318 57)
669 5247 869 5318 Critica
904 5247 956 5299 in
988 5232 1186 5318 Baro“.
1219 5255 1354 5318 tom.
1389 5232 1429 5308 Ι,
1461 5260 1585 5318 pag.
1610 5232 1734 5310 170',
1753 5232 1794 5316 ’ᾗ
1824 5232 1878 5301 3.
2347 5232 2464 5301 Hoc
2491 5262 2560 5318 est
2585 5247 2802 5318 silentio
2829 5232 3110 5318 Pochai-pi
3140 5241 3286 5318 apud
3314 5232 3695 5318 Eusebi—11.5.

527 5305 641 5385 (58)
672 5315 728 5369 1η
760 5316 951 5370 Adnot.
982 5317 1050 5369 ad
1085 5315 1273 5370 Euseb.
1304 5305 1425 5385 pag.
1460 5305 1563 5369 '75..
1721 5305 1731 5310 ’
2129 5305 2224 5371 lib.
2260 5305 2313 5382 ν,
2343 5317 2580 5386 cap—26,
2619 5316 2868 5386 probavit
2901 5305 3286 5386 Tillemontius
3320 5312 3650 5386 citatoloco-

532 5383 646 5458 (759’)
678 5386 826 5440 Dans
872 5389 944 5440 les
972 5383 1424 5458 dlémoirespour
1469 5386 1634 5438 servir
1672 5387 1706 5438 ὰ
1750 5384 2027 5458 t’llistoire
2129 5457 2167 5458 η
2204 5387 2317 5454 (64)
2355 5383 2446 5442 Sic
2488 5387 2545 5458 in
2585 5383 2884 5458 Maurolyei
2931 5383 3346 5458 Martyrologio,
3398 5383 3698 5458 pt_-rh_ibeute

454 5457 852 5527 erciésiastique
879 5474 1000 5528 pag.
1031 5457 1140 5528 444
1163 5473 1176 5509 :
1212 5477 1230 5508 (
1261 5455 1301 5528 ll
1327 5471 1587 5528 composa
1618 5472 1724 5528 une
1754 5457 2026 5528 Apologia,
2128 5457 2432 5522 IIalloixio,
2477 5457 2680 5528 factrum
2737 5453 2878 5528 fuit:
2927 5458 3006 5528 sic
3036 5469 3256 5528 quoque
3297 5453 3354 5504 in
3423 5454 3574 5528 Actis
3594 5465 3700 5502 su-

457 5528 592 5597 qu’il
621 5524 844 5600 adressa
874 5524 1312 5600 (προσεφὼνησε)
1343 5526 1374 5580 ἐι
1405 5525 1477 5600 Μ,
1497 5525 1719 5600 Auréle.
1758 5524 1842 5600 La
1861 5524 2027 5600 (ἰήϊε-ο·
2128 5541 2335 5584 ctorum
2354 5570 2368 5593 ,
2398 5539 2464 5600 et
2484 5529 2536 5581 in
2565 5526 3070 5600 FerrariiCatalogo
3104 5525 3582 5600 scriptorum,_qut
3609 5531 3694 5600 non

455 5589 609 5670 dique
653 5589 918 5670 (ιίξυεριξθ
944 5589 1002 5654 ὲε
1029 5589 1141 5670 sert
1169 5589 1246 5670 dit
1286 5589 1401 5650 mot
1438 5597 1505 5670 de
1545 5596 1777 5660 donner,
1821 5597 2031 5670 _éné6w-
2134 5609 2263 5670 sunt
2311 5589 2365 5652 in
2413 5597 2799 5669 Martyrologio
2831 5589 3094 5663 Romano,
3141 5589 3217 5649 ad
3249 5593 3402 5649 diem
3453 5593 3479 5646 1
3524 5589 3696 5660 Aprilis

460 5665 596 5751 ite'v;
629 5667 772 5751 etus.
828 5667 1047 5749 IérOme
1086 5668 1135 5722 la
1166 5668 1278 5751 suit
1310 5674 1425 5751 tant
1445 5665 1592 5751 ἐμιυὲ
1614 5666 2027 5751 'saltraduction
2135 5669 2251 5738 ejus
2285 5671 2390 5724 vita
2428 5665 2765 5725 recensctur.

462 5738 530 5792 de
574 5753 623 5791 ia
657 5737 981 5808 Cbronique,
1029 5753 1136 5809 que
1177 5739 1315 5794 dans
1354 5737 1404 5792 le
1445 5735 1626 5792 Traité
1673 5737 1761 5791 des
1802 5737 2030 5792 hommea
