3808 6206
98 292 260 348 1185
998 293 1300 351 NOTITIA.
1333 325 1400 335 -
1430 292 1493 352 II.
1533 297 1620 354 DE
1663 297 1977 356 SCRIPTIS
2014 300 2069 356 S.
2109 301 2504 358 MELITONIS.
3243 299 3384 360 “86

94 416 351 471 ctissimi
383 416 706 490 fragmentis
740 418 964 474 sedulus
985 419 1206 490 insuper
1236 418 1414 486 fcero,
1438 421 1595 491 sique
1618 423 1875 478 nonnulla
1898 438 2090 478 eorum
2115 425 2256 495 typis
2292 425 2471 481 adhuc
2511 423 2754 479 nondum
2790 423 3063 494 exscripta
3109 423 3164 479 in
3198 425 3377 480 lucem

94 512 394 582 publicam
425 523 768 584 protraxero.

737 651 766 724 ὅ
801 649 844 707 I.
887 652 1071 708 Melita
1112 654 1283 709 multa
1319 657 1537 726 scripsit
1562 657 1788 714 erudite.
1831 659 1906 714 De
1933 659 2046 730 ejus
2067 661 2364 715 eruditione
2389 662 2711 719 testimonia.

178 787 331 844 Bene
355 799 409 844 et
432 789 705 860 sapienter
725 789 882 857 dixit,
910 791 1000 861 qui
1029 788 1191 858 dixit,
1213 791 1577 849 eruditionem
1612 811 1712 850 nec
1734 796 1931 866 jactari
1958 799 2176 867 debere,
2210 816 2309 855 nec
2331 799 2592 856 abscondi
2613 802 2726 872 (63)
2751 821 2765 865 ;
2799 805 3188 878 poeticumque
3221 810 3380 878 illud,

1071 920 1086 936 .
1128 922 1143 936 .
1188 921 1206 938 .
1250 922 1266 939 .
1307 884 1430 939 bene
1459 886 1550 956 qui
1580 885 1761 955 latuit,
1800 888 1924 943 bene
1949 891 2106 958 vixit,
2132 931 2147 945 .
2193 930 2210 948 .
2254 932 2269 948 .
2315 932 2331 946 .

2100 983 2259 1038 Ot'tn.
2297 984 2460 1040 Trist.
2490 1003 2573 1051 Ill,
2612 987 2665 1054 4,
2687 988 2779 1044 ‘25.

97 1069 235 1124 illos
267 1066 653 1122 tantummodo
678 1075 855 1137 potest
885 1069 1098 1138 juvarc,
1123 1070 1327 1139 quibus
1353 1072 1632 1128 tenuitatis
1658 1089 1773 1127 suae
1807 1075 2143 1132 conscientia
2175 1078 2344 1132 altum
2379 1094 2593 1149 semper
2642 1080 2696 1133 in
2722 1080 3089 1138 litteratorum
3117 1086 3383 1143 societate

95 1161 346 1230 imponit
379 1160 674 1215 silentium.
711 1158 821 1216 Nec
851 1177 1005 1217 suam
1051 1163 1416 1221 eruditionem
1446 1167 1637 1223 beatus
1672 1167 1854 1223 Melito
1876 1170 2240 1238 abscondidit,
2277 1188 2466 1228 verum
2508 1175 2739 1245 egregiis
2763 1175 2963 1246 ingenii
2997 1177 3198 1235 fetibus
3231 1196 3382 1235 eam-

94 1251 231 1306 dem
259 1260 496 1307 testatus
520 1260 625 1316 est,
661 1260 714 1305 et
745 1253 811 1306 ad
837 1256 1208 1323 posteritatem
1241 1263 1562 1330 propagavit
1588 1262 1682 1326 ita,
1716 1269 1775 1316 ut
1805 1261 1860 1316 in
1887 1279 1953 1318 eo
1977 1279 2198 1335 quoque
2231 1266 2472 1322 nominis
2493 1267 2578 1321 sui
2604 1284 2884 1330 nunquam
2903 1272 3376 1330 i'ntermorituram

96 1343 214 1398 sibi
250 1341 446 1398 fecerit
470 1342 864 1411 celebritatem,
895 1346 1042 1414 quod
1077 1363 1107 1401 a
1143 1349 1452 1406 scribendis
1483 1352 1638 1408 libris
1685 1367 1795 1408 non
1828 1353 2175 1408 abstinuerit.
2209 1351 2346 1410 Utut
2374 1357 2521 1411 enim
2546 1371 2710 1426 quam
2743 1358 2998 1426 plurimis
3019 1399 3034 1422 ,
3069 1375 3192 1430 qua:
3238 1377 3378 1432 proe-

95 1438 288 1492 sulem
321 1435 580 1492 Ecclesia:
608 1436 801 1491 decent
821 1438 958 1492 bene
988 1449 1309 1506 merentem,
1336 1455 1632 1512 oppressus
1660 1451 1781 1499 erat
1809 1445 2285 1513 occupationibus,
2318 1461 2350 1500 a
2391 1447 2786 1516 componendis
2809 1451 3002 1504 'tamen
3047 1459 3211 1521 atque
3247 1469 3378 1522 per-

98 1529 390 1601 poliendis
421 1530 590 1585 variis
618 1528 791 1598 frugis
828 1531 1048 1598 optima:
1078 1529 1236 1586 libris
1280 1533 1525 1594 animum
1578 1549 1887 1605 manusque
1936 1551 2218 1606 nunquam
2261 1536 2540 1600 cohibuit,
2583 1538 2715 1607 quin
2755 1538 2940 1607 potius
2966 1581 2981 1605 ,
3035 1543 3382 1610 amplissimo

95 1635 306 1676 eorum
355 1637 586 1675 numero
609 1661 624 1687 ,
657 1623 836 1677 locum
867 1622 972 1677 sibi
1013 1621 1142 1679 fecit
1195 1624 1340 1680 inter
1368 1624 1736 1696 polygraphos
1772 1641 1948 1696 usque
1991 1625 2129 1682 adeo
2161 1627 2478 1697 scriptores.
2528 1626 2931 1699 Polygraphum
2984 1634 3204 1702 quidem
3243 1636 3381 1706 dici,

97 1716 258 1770 haud
291 1732 488 1786 magna
521 1733 735 1787 semper
762 1719 882 1773 laus
909 1729 1013 1785 est,
1039 1735 1142 1774 nec
1169 1736 1281 1789 quo
1306 1721 1432 1790 quis
1457 1723 1639 1790 plures
1669 1721 2100 1792 grandioresque
2123 1722 2295 1777 libros
2318 1722 2585 1787 condidit,
2619 1737 2685 1777 eo
2710 1725 3000 1792 eru-litior,
3032 1729 3376 1801 reliquisque

98 1809 463 1877 praestantior
493 1824 706 1879 semper
730 1820 815 1865 est
842 1811 1152 1867 censendus
1177 1830 1191 1877 ;
1222 1811 1365 1866 haud
1393 1812 1548 1882 pauci
1577 1813 1747 1877 enim,
1773 1827 1913 1882 quos
1941 1820 2088 1868 tenet
2115 1814 2420 1869 insanabile
2443 1814 2718 1869 scribendi
2750 1816 3061 1881 cacoethes,
3103 1818 3216 1886 ipsa
3241 1834 3375 1888 ope-

97 1916 230 1954 rum
270 1916 500 1955 suorum
535 1902 907 1973 magnitudine
936 1903 1074 1956 (lunt
1107 1903 1370 1958 minores.
1415 1901 1599 1958 Prima
1646 1903 1812 1974 igitur
1841 1903 2113 1974 unicaque
2151 1903 2421 1960 Melitonis
2450 1905 2569 1960 laus
2599 1905 2714 1960 hth
2762 1906 2985 1960 minime
3023 1917 3141 1962 esto
3164 1947 3180 1974 ,
3228 1910 3378 1978 quod

96 1997 415 2051 multorum
447 1998 828 2052 tantummodo
849 1998 1116 2053 librorum
1149 2006 1342 2052 auctor
1367 1998 1671 2064 exstiterit;
1707 1999 1800 2054 sed
1828 1998 1931 2053 hoc
1959 1999 2146 2068 potius
2171 1999 2228 2054 in
2251 2000 2514 2054 honorem
2541 1999 2660 2069 ejus
2687 2010 2893 2073 vergat,
2935 2003 3082 2070 quod
3114 2003 3380 2060 elabora-

97 2089 458 2144 tissimorum
488 2091 816 2159 scriptorum
852 2107 1078 2146 suorum
1113 2093 1270 2162 copia
1301 2090 1652 2161 polygraphis
1675 2089 2030 2146 eruditissimi
2060 2090 2262 2162 ingenii
2302 2090 2495 2145 debeat
2525 2091 2899 2156 adnumerari,
2936 2093 3028 2160 qui
3072 2095 3376 2148 multorum

97 2183 455 2236 voluminum
482 2183 853 2251 publicatione
883 2184 1105 2238 nomina
1151 2199 1250 2238 sua
1284 2183 1642 2237 reddiderunt
1683 2182 1942 2238 illustria.
1991 2181 2049 2236 In
2078 2196 2144 2237 eo
2191 2182 2336 2237 enim
2386 2183 2525 2236 mire
2565 2183 2918 2238 consentiunt
2966 2199 3159 2240 omnes
3185 2226 3200 2250 ,
3232 2202 3377 2257 quos

99 2277 314 2345 prisca,
354 2291 494 2346 quos
525 2275 705 2330 media
738 2277 860 2331 tulit
905 2287 1070 2342 :etas,
1105 2277 1428 2345 scriptores,
1465 2283 1518 2330 et
1540 2289 1650 2329 uno
1680 2275 1843 2345 quasi
1889 2289 1986 2330 ore
2016 2274 2368 2338 conﬁtentur,
2401 2273 2710 2329 Melitonem
2732 2315 2748 2342 ,
2780 2275 2852 2330 ob
2879 2275 3149 2347 insignem
3178 2280 3374 2334 erudi-

97 2369 314 2422 tionem
347 2375 402 2422 et
441 2366 783 2437 egregiorum
813 2367 1144 2436 scriptorum
1176 2365 1412 2436 copiam,
1442 2365 1560 2420 suis
1591 2365 1930 2433 temporibus
1961 2379 2134 2419 unum
2177 2364 2426 2421 omnium
2476 2365 2714 2420 maxime
2761 2367 3040 2422 exstitisse
3079 2369 3372 2427 celebrem.

95 2457 427 2530 Polycrates
459 2457 594 2528 (66),
627 2457 829 2528 Ephesi
860 2460 1174 2528 episcopus,
1208 2459 1261 2512 in
1287 2473 1384 2512 sua
1411 2457 1480 2511 ad
1522 2455 1793 2511 Victorem
1822 2456 2053 2526 epistola
2085 2457 2345 2528 synodica
2371 2457 2985 2512 honoriﬁcentissimam
3033 2460 3154 2529 ejus
3184 2462 3378 2533 injecit

97 2550 470 2616 mentionem,
495 2549 858 2620 eumdemque
886 2550 1029 2605 inter
1071 2550 1346 2620 principes
1378 2548 1546 2604 totius
1596 2549 1740 2604 Asia:
1769 2548 1990 2618 ingenio
2023 2547 2380 2619 doctrinaque
2405 2549 2556 2604 viros
2583 2549 2907 2604 numeravit.
2949 2549 3196 2609 Bullinus
3235 2556 3372 2625 (67),

96 2641 480 2715 fragmentum
505 2658 570 2698 cx
595 2642 716 2712 ejus
749 2643 1006 2713 Apologia
1035 2642 1301 2705 alierens,
1339 2661 1357 2693 ι
1386 2642 1504 2696 haec
1547 2650 1601 2696 et
1634 2643 1806 2697 multa
1854 2641 1962 2696 alia
1997 2641 2252 2697 nobiliter
2285 2642 2355 2696 ab
2401 2657 2466 2698 eo
2505 2641 2708 2711 scripta
2753 2642 2960 2704 fuisse.
2993 2663 3012 2696 ι
3065 2647 3370 2720 subiungit.

97 2735 384 2791 Eusebius
407 2733 543 2806 (68),
579 2745 771 2792 contra
793 2737 1144 2790 Artemonem
1171 2743 1226 2788 et
1251 2733 1482 2788 Paulum
1514 2734 1957 2790 Samosatensem
1991 2734 2139 2789 edita
2163 2734 2365 2805 scripta
2383 2750 2700 2801 recensens,
2726 2735 2801 2790 ita
2827 2737 3048 2792 tandem
3071 2741 3371 2798 exclamat.

97 2832 184 2885 Τὰ
206 2830 267 2883 δὲ
295 2830 585 2900 Εἰρηναίου
617 2847 675 2882 τε
709 2829 803 2883 καὶ
835 2827 1164 2892 Μελίτωνος,
1193 2826 1414 2880 καὶτῶν
1445 2826 1601 2880 λοιπᾶ

1868 2829 1990 2880 ’νοεῖ
2019 2826 2234 2897 piata;
2272 2845 2291 2879 α
2319 2826 2510 2884 [renati
2541 2843 2672 2883 vero
2711 2837 2764 2883 et
2789 2828 3094 2896 Melitonis,
3137 2840 3372 2890 caetero-

97 2941 348 2994 rumque
381 2924 655 2978 volumina
687 2925 811 2994 quis
839 2924 1098 2994 ignorat?
1128 2942 1146 2974 ι
1180 2921 1326 2977 Idem
1349 2920 1624 2978 Eusebius
1655 2921 1804 2993 (69),
1859 2921 2165 2994 praecipuos
2213 2922 2374 2978 istius
2412 2924 2590 2979 aetatis
2625 2924 2920 2993 scriptores
2959 2926 3361 2982 ecclesiasticos

98 3030 471 3079 enumerans;
500 3014 806 3069 Melitonem
835 3030 1054 3084 quoque
1081 3015 1222 3068 inter
1251 3028 1347 3068 eos
1381 3028 1490 3068 non
1521 3014 1762 3081 reticuit,
1791 3015 1885 3069 sed
1915 3015 1988 3068 ita
2012 3015 2115 3069 sub
2153 3015 2314 3070 linem
2346 3014 2546 3083 capitis
2577 3015 2818 3072 addidit:
2849 3009 2949 3068 Ὧν
2981 3016 3075 3069 καὶ
3100 3018 3182 3080 εἰς
3219 3019 3374 3088 ἡμᾶς

95 3107 200 3176 τῆς
232 3105 600 3175 ἀποπολικῆς
633 3105 981 3177 παραδόσεως
1010 3107 1043 3177 ἡ
1066 3105 1164 3177 τῆς
1185 3104 1372 3175 ὑγιοῦς
1400 3105 1599 3158 πίστεω

1865 3122 1944 3174 ρος
1973 3105 2240 3176 κατῆλθεν
2266 3104 2544 3176 ὀρθοδοξία
2570 3146 2586 3172 ,
2622 3125 2640 3159 ι
2674 3121 2908 3176 quorum
2944 3108 3188 3162 omnium
3223 3108 3369 3175 libri,

100 3199 384 3253 sinceram
410 3197 724 3266 apostolica:
767 3197 1079 3251 traditionis
1109 3212 1175 3251 ac
1202 3212 1346 3251 verae
1385 3195 1510 3251 tidei
1556 3196 1863 3252 doctrinam
1894 3198 2260 3263 continentes,
2315 3195 2386 3250 ad
2437 3212 2540 3252 nos
2590 3213 2764 3267 usque
2814 3209 3203 3268 pervenerunt.
3228 3219 3247 3252 ι
3305 3199 3371 3256 Et

99 3290 233 3344 alibi
269 3288 419 3359 (70):
463 3290 588 3343 Ἐπὶ
620 3289 787 3342 τῶνδε
819 3289 912 3344 καὶ
943 3289 1192 3344 Μελετων
1209 3288 1308 3360 τῆς
1327 3289 1384 3342 ὲν
1413 3287 1642 3359 Σάρδεσι
1674 3288 1964 3360 παροικίας
1983 3287 2304 3352 ἐπίσκοπος,
2339 3289 2749 3362 ’Δπολλινάριός
2774 3308 2836 3344 τε
2852 3291 2953 3362 τῆς
2983 3294 3041 3346 ὲν
3074 3293 3370 3364 Ἱεραπόλει

95 3380 426 3454 διαπρεπῶς
457 3379 725 3453 ἤκμαζον.
759 3401 778 3434 ί
807 3381 1006 3437 Iisdem
1043 3381 1385 3452 temporibus
1416 3379 1599 3436 Melito

1865 3397 1930 3435 us
1962 3389 2015 3436 et
2041 3380 2374 3451 Apollinaris
2395 3380 2835 3453 Hierapolitanus
2862 3384 3126 3454 episcOpi,
3152 3399 3369 3439 summa

99 3474 268 3529 laude
302 3475 616 3544 viguerunt.
654 3494 675 3528 ι
715 3474 1052 3531 Tertulliano
1074 3474 1475 3545 ornatumejus
1497 3473 1715 3530 dicendi
1767 3475 2152 3544 scribendique
2186 3489 2360 3545 genus
2410 3475 2609 3530 mirum
2644 3476 2699 3529 in
2734 3475 2957 3530 modum
3000 3475 3204 3537 arrisit,
3231 3483 3371 3532 teste

99 3567 443 3640 Hieronymo
471 3568 607 3636 (71),
631 3570 722 3639 qui
752 3570 974 3636 elegans
1005 3571 1126 3640 ejus
1153 3578 1205 3624 et
1223 3569 1678 3624 declamatorium
1710 3568 1988 3640 ingenium
2010 3569 2264 3624 laudasse
2291 3566 2692 3624 Tertullianum
2714 3569 2996 3624 memoria:
3020 3568 3284 3639 prodidit,
3311 3577 3370 3625 et

98 3661 222 3729 ipse
248 3661 318 3715 de
351 3644 610 3716 Melitone
640 3671 833 3718 nostro
874 3664 947 3718 ita
980 3678 1199 3733 quoque
1244 3663 1372 3718 alibi
1420 3661 1571 3733 (72):
1607 3680 1627 3714 ι
1661 3663 1804 3731 Quid
1851 3663 2049 3733 loquar
2077 3661 2146 3717 de
2176 3660 2457 3726 Melitane,
2497 3659 2756 3716 Sardensi
2791 3661 3071 3730 episcopo,
3125 3660 3256 3729 quid
3298 3659 3368 3714 de

99 3753 467 3824 Apollinario,
495 3755 728 3824 etc..qui
756 3755 994 3825 origines
1023 3755 1316 3811 hzeresium
1359 3759 1728 3830 singularum,
1766 3764 1821 3811 et
1848 3770 1917 3810 ex
1941 3754 2141 3825 quibus
2167 3754 2627 3824 philosophorum
2670 3753 2916 3810 fontibus
2962 3753 3363 3819 emanaverint,

98 3843 296 3897 multis
321 3842 693 3897 voluminibus
728 3844 1104 3914 explicarunt?
1132 3865 1149 3897 ι
1179 3844 1304 3903 Haec
1334 3849 1468 3904 satis
1492 3850 1606 3920 jam
1627 3847 1741 3918 jam
1763 3860 2036 3917 superque
2059 3845 2338 3911 evincunt,
2382 3843 2655 3900 Melitonis
2693 3845 2896 3914 scripta
2920 3859 3028 3899 non
3052 3845 3365 3916 proletaria,

95 3935 197 3990 sed
230 3934 432 3990 eximia
458 3950 687 4004 prorsus
717 3935 911 4003 fuisse,
939 3941 1305 4012 eumdemque
1335 3943 1476 3996 inter
1506 3950 1732 3996 caeteros
1755 3955 1869 3993 sua:
1896 3939 2071 3994 aetatis
2089 3937 2261 4002 viros,
2293 3937 2360 3992 de
2390 3934 2636 3991 Ecclesia
2683 3934 2778 3991 Dei
2802 3945 2856 3991 et
2881 3935 3028 3992 fama
3061 3945 3116 3991 et
3144 3937 3369 4006 scriptis

99 4027 267 4098 longe
304 4027 712 4093 meritissimos,
752 4029 990 4085 maxime
1020 4032 1302 4088 exstitisse
1323 4033 1613 4087 celebrem.
1644 4029 1864 4086 Possem
1896 4040 2156 4100 praeterea
2184 4029 2241 4082 in
2267 4027 2801 4083 commendationem
2834 4028 3166 4098 scriptorum
3200 4043 3230 4083 a
3250 4027 3366 4082 Me-

99 4121 275 4175 litone
307 4129 656 4174 exaratorum
689 4121 821 4177 illud
853 4140 1074 4194 quoque
1095 4123 1319 4181 Eusebii
1342 4125 1456 4195 (75)
1480 4123 1726 4179 curatius
1741 4131 2016 4186 excutere,
2042 4122 2135 4176 ubi
2163 4121 2465 4192 generatim
2489 4118 2770 4175 memoriae
2789 4119 2856 4174 de
2881 4119 3070 4176 iisdem
3099 4120 3360 4192 prodidit.

104 4230 123 4262 ι
158 4209 372 4265 Christi
403 4211 742 4268 divinitatem
777 4215 830 4268 in
866 4215 1058 4270 iisdem
1085 4218 1280 4282 astrui,
1308 4217 1672 4286 eumdemque
1699 4214 1866 4269 Deum
1891 4214 2056 4271 simul
2096 4223 2261 4284 atque
2304 4214 2583 4269 hominem
2606 4213 2894 4284 praedicari
2923 4213 2979 4267 in
3008 4212 3106 4278 iis,
3140 4230 3159 4264 ι
3194 4214 3252 4266 ὲν
3280 4209 3363 4277 οἷς

98 4309 277 4362 ἅπασι
312 4309 638 4380 θεολογεῖται
661 4316 689 4368 ὁ
719 4313 1019 4385 Χριστός...
1056 4313 1236 4384 βιϐλία
1272 4313 1406 4368 Θεὸν
1445 4313 1541 4367 καὶ
1573 4311 1858 4384 ἄνθρωπον
1900 4311 2344 4381 καταγγέλλοντα
2377 4311 2468 4364 τὸν
2497 4310 2748 4382 Χριστόν.
2790 4309 3014 4365 Possem
3037 4309 3258 4378 insuper
3293 4308 3362 4362 ad

97 4398 460 4456 Anastasium
487 4401 755 4459 Sinaitam
784 4405 897 4476 (74)
932 4420 1256 4474 provocare,
1280 4405 1375 4474 qui
1401 4405 1598 4460 cumde

1857 4404 1940 4457 mi
1962 4403 2235 4471 πάνσοφον
2270 4401 2328 4454 ὲν
2349 4399 2712 4463 διδασκάλοις,
2765 4400 3012 4454 divinum
3048 4407 3103 4453 et
3142 4400 3361 4468 sapien-

97 4493 381 4548 tissimum
407 4493 545 4549 inter
570 4496 842 4561 doctores,
869 4496 1145 4566 θεόσοφον,
1171 4497 1380 4553 οωιθειί
1408 4497 1722 4567 cognitione
1745 4497 2122 4558 excellentem,
2155 4493 2389 4548 vocavit.
2413 4491 2640 4548 Possem
2671 4489 2967 4561 Nicephori
3012 4490 3359 4562 aliorumque

100 4585 480 4641 recentiorum
511 4587 566 4642 in
604 4587 844 4643 medium
877 4587 1127 4659 proferre
1162 4589 1500 4655 testimonia,
1538 4589 1741 4660 quibus
1780 4588 2005 4657 scriptis
2029 4586 2398 4642 Melitonianis
2429 4585 2663 4656 pretium
2688 4593 2962 4639 statuatur
2987 4583 3132 4639 haud
3160 4583 3286 4639 vile.

320 4741 347 4814 §
386 4743 451 4797 ll.
490 4741 773 4798 Librorum
796 4761 830 4797 a
867 4743 1117 4798 Melitone
1144 4745 1464 4814 scriptorum
1493 4743 1800 4813 catalogum
1834 4741 1990 4795 multi
2008 4739 2284 4795 dederunt.
2320 4737 2538 4793 Eusebii
2559 4738 2859 4793 earumdem
2882 4737 3179 4810 catalogus.

175 4898 290 4955 Sed
323 4898 482 4954 mitto
502 4900 640 4968 btec,
667 4901 903 4971 noloque
925 4900 1134 4956 diutius
1160 4900 1214 4954 in
1245 4900 1362 4970 ipso
1387 4898 1572 4954 statim
1605 4896 1796 4951 limine
1823 4896 2053 4961 haerere,
2079 4893 2213 4964 quin
2235 4893 2421 4962 potius
2451 4877 2520 4947 ad
2547 4891 2822 4948 Melitonis
2857 4891 3191 4947 recensenda
3219 4893 3357 4947 scri-

97 5004 192 5064 pta
217 5008 474 5063 propero,
499 5007 736 5063 quorum
763 5008 872 5046 non
899 5007 1041 5046 unus
1093 4991 1299 5046 alterve
1327 4998 1563 5057 ,tantum
1591 5027 1607 5053 ,
1649 4987 1744 5042 sed
1775 4983 2166 5056 quamplurimi
2198 4992 2443 5038 veterum
2490 4990 2746 5036 exactum
2800 4982 2933 5038 dare
2979 4982 3356 5057 allaborarunt

98 5087 437 5156 catalogum.
461 5085 756 5142 Contexuit
773 5100 964 5140 eorum
1003 5085 1308 5140 indiculum
1335 5098 1446 5139 non
1484 5081 1650 5138 modo
1679 5079 1950 5136 Eusebius
1982 5077 2120 5150 (75),
2151 5075 2333 5132 omnis
2354 5074 2602 5130 historia:
2629 5089 2799 5130 sacrm
2824 5072 2946 5129 fons
2974 5084 3136 5144 atque
3164 5083 3352 5128 scatu-

195 5241 290 5359 65)
333 5241 540 5297 Seneca
569 5241 782 5311 epistol.
814 5240 904 5325 I9.
1182 5309 1195 5324 ο
1855 5232 1968 5359 (572)
2007 5231 2153 5313 Idem
2192 5229 2352 5312 epist.
2376 5227 2468 5296 8'5,
2493 5237 2626 5284 tom.
2657 5225 2724 5280 IV
2758 5226 2920 5299 0pp.,
2951 5237 3088 5297 part.
3137 5242 3207 5285 ιι.
3253 5227 3346 5284 fol.

196 5313 268 5359 66
333 5313 485 5359 Annd
515 5312 712 5359 Euseb-
764 5311 906 5359 Hist-
948 5310 1133 5359 coclea.
1161 5309 1255 5359 III).
1289 5325 1343 5359 ν-
1375 5323 1493 5359 can.
1532 5306 1623 5359 υ.
1784 5304 1853 5359 65
1895 5345 1909 5359 .
1937 5305 2067 5359 edlt.
2103 5301 2355 5357 Martian.

195 5242 268 5297 65
333 5241 540 5297 Seneca
569 5241 782 5311 epistol.
814 5241 904 5296 i9.

330 5313 486 5382 Apud
514 5312 712 5394 Euseb.
760 5311 906 5365 Hist.
943 5310 1133 5399 coclea.
1161 5309 1255 5364 lib.
1289 5325 1343 5375 v,
1375 5323 1493 5380 cap.
1532 5306 1623 5364 24.

196 5383 267 5436 b7
328 5382 524 5437 Ruﬂin.
569 5381 714 5436 Hist.
743 5381 926 5436 eccles.
951 5381 1044 5435 ltb.
1070 5397 1142 5444 tv,
1170 5395 1288 5444 cap.
1314 5381 1404 5435 25.

1845 5241 1968 5359 £12)
2007 5241 2153 5313 idem
2192 5241 2352 5312 epist.
2376 5241 2468 5296 δῦ,
2493 5241 2626 5284 tom.
2657 5241 2717 5280 tv
2758 5241 2920 5299 Upp.,
2951 5241 3088 5297 part.
3137 5242 3207 5285 ιι.
3253 5241 3346 5284 tot.

1845 5301 2376 5444 ’(75ῗᾱὲι1εἷίιῗιὶῗὶῗξ.
2401 5368 2586 5424 eccles.
2613 5366 2709 5422 lib.
2740 5383 2795 5435 ν,
2824 5382 2946 5437 cap.
2971 5365 3042 5421 28
3060 5407 3076 5434 ,
3124 5367 3191 5422 de
3238 5381 3349 5438 quo

172 5395 291 5451 (15⁷1)
331 5395 524 5437 ﬂutltn.
569 5395 714 5466 H.181.
743 5395 926 5436 866168.
943 5395 1044 5463 III).
1070 5397 1142 5446 ιν,
1170 5395 1288 5450 03p.
1314 5395 1404 5435 2i).

171 5452 288 5594 (ἐξ)
324 5449 1395 5594 mihi:f‘gc‘i‘iiif‘dibf'.§i?'aii:
1482 5588 1512 5594 _
1598 5587 1618 5594 _

1961 5395 1966 5424 Ρ
1997 5395 2196 5427 nuscu.
2233 5395 2376 5424 Πιδι.
2401 5395 2586 5424 εσσιεδ.
2614 5395 2709 5422 ιιυ.
2747 5395 2795 5435 ν,
2824 5395 2946 5437 cap.
2974 5395 3042 5421 ΖΟ
3060 5407 3076 5434 ,
3124 5395 3191 5422 uc
3238 5395 3350 5438 ’μιν

1965 5443 2173 5498 lnribus
2204 5441 2368 5494 infra.
3453 5444 3465 5454 '

1961 5546 1962 5555 ι
1989 5511 2314 5594 Anastasius
2343 5507 2806 5594 inn'pdnrchsgu
2834 5505 3135 5594 ρει-θερίας.
3162 5506 3347 5594 ad‘vero

173 5536 288 5594 (ου)
324 5536 469 5578 Idem
503 5536 648 5576 mat.
677 5536 858 5578 ecctes.
891 5536 983 5577 ιιι).
1011 5538 1085 5585 ιν,
1118 5536 1237 5590 cap.
1279 5536 1370 5574 21.

176 5592 285 5665 (70)
326 5592 470 5646 Idem
504 5591 647 5648 Hist.
676 5594 858 5674 εεςιρυε,
905 5593 998 5647 lib.
1035 5607 1116 5652 tv.
1167 5607 1286 5660 cap.
1329 5589 1419 5644 26.
1473 5587 1613 5644 Conl

109 5664 308 5717 Ruliin.
340 5663 484 5716 Hist.
515 5663 697 5717 eccles.
727 5663 817 5717 ltb.
852 5677 926 5726 ιν,
961 5678 1079 5732 cap.
1104 5661 1195 5716 25.
1277 5731 1283 5732 ί
1544 5731 1565 5732 η
1588 5728 1601 5732 _

1852 5536 1962 5588 (ιιι)
1989 5536 2314 5568 unaunam:
2344 5536 2397 5563 III
2451 5536 2678 5580 υυηῖψ.
2710 5536 2806 5562 acu
2837 5536 2979 5588 utnec
3022 5536 3115 5560 υιω
3162 5536 3343 5561 uuurr-

1841 5603 1866 5640 s
1890 5583 2208 5666 _Acephaios,
2235 5595 2357 5650 cap.
2393 5579 2482 5646 15,
2507 5595 2632 5650 pag.
2663 5577 2792 5646 258,
2821 5578 2952 5632 edit.
2987 5574 3174 5632 Jacoh.
3210 5577 3343 5632 Gre-

1839 5672 1926 5710 ΞΓΙ.

157 5680 308 5717 utnn.
340 5680 484 5716 ηιετ.
515 5680 697 5717 866188.
727 5680 817 5717 Ill).
852 5680 926 5726 ιν,
961 5680 1079 5726 cap.
1104 5680 1195 5716 ID.
1775 5680 1926 5711 tSCI‘I.

173 5715 1360 5806 (71)Ϋηίει“οὴ)’ἰη(σαώσῃ.έσιῖὶιῖιονξεεριεε.
1385 5745 1508 5800 cap.
1538 5728 1628 5781 ⁸24.
1846 5726 1963 5797 (75)
1990 5722 2190 5780 Euseb'
2236 5721 2381 5776 "m'
2410 5719 2602 5775 cule“
2633 5718 2726 5775 “b'
2751 5734 2836 5786 iw’
2859 5732 2978 5788 cap.
3006 5715 3097 5771 26.
