  <div class='ocr_page' id='page_1' title='image "/cluster/home/n/w/nwhite01/storage/ocr_20150623/5/nnc1.0046978607/601.png"; bbox 0 0 3808 6206; ppageno 0'>
   <div class='ocr_carea' id='block_1_1' title="bbox 493 285 3734 394">
    <p class='ocr_par' dir='ltr' id='par_1_1' title="bbox 493 285 3734 394">
     <span class='ocr_line' id='line_1_1' title="bbox 493 285 3734 394; baseline 0.017 -55"><span class='ocrx_word' id='word_1_1' title='bbox 493 285 629 344; x_wconf 87' lang='grc'><strong>1187</strong></span> <span class='ocrx_word' id='word_1_2' title='bbox 1546 302 1605 356; x_wconf 91' lang='lat' dir='ltr'><strong>S.</strong></span> <span class='ocrx_word' id='word_1_3' title='bbox 1646 303 1904 360; x_wconf 81' lang='lat' dir='ltr'><strong>MELITO</strong></span> <span class='ocrx_word' id='word_1_4' title='bbox 1942 306 2250 367; x_wconf 66' lang='lat' dir='ltr'><strong>SAliDlUﬂ</strong></span> <span class='ocrx_word' id='word_1_5' title='bbox 2286 313 2684 379; x_wconf 78' lang='lat' dir='ltr'><strong>EPISCOPUS.</strong></span> <span class='ocrx_word' id='word_1_6' title='bbox 3611 338 3734 394; x_wconf 76' lang='grc'><strong>1188</strong></span> 
     </span>
    </p>
   </div>
   <div class='ocr_carea' id='block_1_2' title="bbox 489 408 3732 526">
    <p class='ocr_par' dir='ltr' id='par_1_2' title="bbox 489 408 3732 526">
     <span class='ocr_line' id='line_1_2' title="bbox 489 408 3732 526; baseline 0.008 -40"><span class='ocrx_word' id='word_1_7' title='bbox 489 408 2262 526; x_wconf 36' lang='lat' dir='ltr'><strong>&#39;18“;Offa?{ﬁeriWes“lffjt‘mjiiemlymus{76l3_iiuliinus</strong></span> <span class='ocrx_word' id='word_1_8' title='bbox 2297 435 2452 507; x_wconf 87' lang='grc'><strong>(77),</strong></span> <span class='ocrx_word' id='word_1_9' title='bbox 2497 438 2774 500; x_wconf 78' lang='lat' dir='ltr'><strong>Honorius</strong></span> <span class='ocrx_word' id='word_1_10' title='bbox 2821 447 3334 518; x_wconf 76' lang='lat' dir='ltr'><strong>Augustodunensis</strong></span> <span class='ocrx_word' id='word_1_11' title='bbox 3381 453 3537 526; x_wconf 89' lang='grc'><strong>(78),</strong></span> <span class='ocrx_word' id='word_1_12' title='bbox 3584 455 3732 514; x_wconf 78' lang='lat' dir='ltr'><strong>Nice-</strong></span> 
     </span>
    </p>
   </div>
   <div class='ocr_carea' id='block_1_3' title="bbox 484 505 3728 609">
    <p class='ocr_par' dir='ltr' id='par_1_3' title="bbox 484 505 3728 609">
     <span class='ocr_line' id='line_1_3' title="bbox 484 505 3728 609; baseline 0.013 -49"><span class='ocrx_word' id='word_1_13' title='bbox 484 505 694 578; x_wconf 88' lang='lat' dir='ltr'><strong>phorus</strong></span> <span class='ocrx_word' id='word_1_14' title='bbox 718 507 852 609; x_wconf 61' lang='grc'><strong>(71)),</strong></span> <span class='ocrx_word' id='word_1_15' title='bbox 884 505 1385 609; x_wconf 39' lang='lat' dir='ltr'><strong>Trithemiu-s-(so),</strong></span> <span class='ocrx_word' id='word_1_16' title='bbox 1417 511 1605 570; x_wconf 79' lang='lat' dir='ltr'><strong>Sixtus</strong></span> <span class='ocrx_word' id='word_1_17' title='bbox 1624 515 1884 573; x_wconf 87' lang='lat' dir='ltr'><strong>Senensis</strong></span> <span class='ocrx_word' id='word_1_18' title='bbox 1914 520 2051 589; x_wconf 88' lang='grc'><strong>(81),</strong></span> <span class='ocrx_word' id='word_1_19' title='bbox 2081 524 2288 595; x_wconf 82' lang='lat' dir='ltr'><strong>aliique</strong></span> <span class='ocrx_word' id='word_1_20' title='bbox 2305 505 2640 589; x_wconf 74' lang='lat' dir='ltr'><strong>recentiores</strong></span> <span class='ocrx_word' id='word_1_21' title='bbox 2690 551 2831 606; x_wconf 89' lang='lat' dir='ltr'><strong>quos</strong></span> <span class='ocrx_word' id='word_1_22' title='bbox 2873 505 3049 609; x_wconf 58' lang='lat' dir='ltr'><strong>taceo.</strong></span> <span class='ocrx_word' id='word_1_23' title='bbox 3103 505 3728 608; x_wconf 86' lang='lat' dir='ltr'><strong>Cum</strong></span> 
     </span>
    </p>
   </div>
   <div class='ocr_carea' id='block_1_4' title="bbox 482 598 3724 710">
    <p class='ocr_par' dir='ltr' id='par_1_4' title="bbox 482 598 3724 710">
     <span class='ocr_line' id='line_1_4' title="bbox 482 598 3724 710; baseline 0.013 -56"><span class='ocrx_word' id='word_1_24' title='bbox 482 614 676 710; x_wconf 64' lang='lat' dir='ltr'><strong>omnes</strong></span> <span class='ocrx_word' id='word_1_25' title='bbox 704 613 770 710; x_wconf 48' lang='lat' dir='ltr'><strong>ei.</strong></span> <span class='ocrx_word' id='word_1_26' title='bbox 793 598 1143 672; x_wconf 83' lang='lat' dir='ltr'><strong>Hieronymo,</strong></span> <span class='ocrx_word' id='word_1_27' title='bbox 1165 600 1713 710; x_wconf 33' lang='lat' dir='ltr'><strong>‘Hieronymus‘vero‘</strong></span> <span class='ocrx_word' id='word_1_28' title='bbox 1734 623 1811 710; x_wconf 39' lang='lat' dir='ltr'><strong>ex.</strong></span> <span class='ocrx_word' id='word_1_29' title='bbox 1824 609 2063 710; x_wconf 83' lang='lat' dir='ltr'><strong>Eusebio</strong></span> <span class='ocrx_word' id='word_1_30' title='bbox 2087 630 2198 710; x_wconf 81' lang='lat' dir='ltr'><strong>sua</strong></span> <span class='ocrx_word' id='word_1_31' title='bbox 2211 617 2468 686; x_wconf 85' lang='lat' dir='ltr'><strong>habeant,</strong></span> <span class='ocrx_word' id='word_1_32' title='bbox 2496 625 2564 678; x_wconf 82' lang='lat' dir='ltr'><strong>ad</strong></span> <span class='ocrx_word' id='word_1_33' title='bbox 2599 598 2864 697; x_wconf 75' lang='lat' dir='ltr'><strong>majorem</strong></span> <span class='ocrx_word' id='word_1_34' title='bbox 2886 598 2968 685; x_wconf 77' lang='lat' dir='ltr'><strong>rei</strong></span> <span class='ocrx_word' id='word_1_35' title='bbox 2995 598 3598 710; x_wconf 35' lang='lat' dir='ltr'><strong>perspicuitatem-ips;</strong></span> 
     </span>
    </p>
   </div>
   <div class='ocr_carea' id='block_1_5' title="bbox 483 691 3730 796">
    <p class='ocr_par' dir='ltr' id='par_1_5' title="bbox 483 691 3730 796">
     <span class='ocr_line' id='line_1_5' title="bbox 483 691 3730 796; baseline 0.011 -49"><span class='ocrx_word' id='word_1_36' title='bbox 483 691 618 747; x_wconf 88' lang='lat' dir='ltr'><strong>sebii</strong></span> <span class='ocrx_word' id='word_1_37' title='bbox 639 691 802 747; x_wconf 87' lang='lat' dir='ltr'><strong>verba</strong></span> <span class='ocrx_word' id='word_1_38' title='bbox 830 707 1100 796; x_wconf 84' lang='lat' dir='ltr'><strong>apponam</strong></span> <span class='ocrx_word' id='word_1_39' title='bbox 1164 695 1457 796; x_wconf 37' lang='lat' dir='ltr'><strong>tum-quod-</strong></span> <span class='ocrx_word' id='word_1_40' title='bbox 1504 697 1576 752; x_wconf 90' lang='lat' dir='ltr'><strong>sit</strong></span> <span class='ocrx_word' id='word_1_41' title='bbox 1601 700 2022 796; x_wconf 84' lang='lat' dir='ltr'><strong>antiquissimus</strong></span> <span class='ocrx_word' id='word_1_42' title='bbox 2052 708 2300 764; x_wconf 88' lang='lat' dir='ltr'><strong>omnium</strong></span> <span class='ocrx_word' id='word_1_43' title='bbox 2334 714 2573 784; x_wconf 87' lang='lat' dir='ltr'><strong>scriptor</strong></span> <span class='ocrx_word' id='word_1_44' title='bbox 2596 757 2612 781; x_wconf 98' lang='lat'><strong>,</strong></span> <span class='ocrx_word' id='word_1_45' title='bbox 2646 691 3078 793; x_wconf 55' lang='lat' dir='ltr'><strong>dulciusqueex</strong></span> <span class='ocrx_word' id='word_1_46' title='bbox 3284 691 3438 786; x_wconf 74' lang='lat' dir='ltr'><strong>fonte</strong></span> <span class='ocrx_word' id='word_1_47' title='bbox 3474 691 3730 789; x_wconf 46' lang='lat' dir='ltr'><strong>bibatur-Ir</strong></span> 
     </span>
    </p>
   </div>
   <div class='ocr_carea' id='block_1_6' title="bbox 481 788 3730 894">
    <p class='ocr_par' dir='ltr' id='par_1_6' title="bbox 481 788 3730 894">
     <span class='ocr_line' id='line_1_6' title="bbox 481 788 3730 894; baseline 0.012 -56"><span class='ocrx_word' id='word_1_48' title='bbox 663 803 678 850; x_wconf 90' lang='lat'><strong>;</strong></span> <span class='ocrx_word' id='word_1_49' title='bbox 709 795 833 894; x_wconf 56' lang='lat' dir='ltr'><strong>tum</strong></span> <span class='ocrx_word' id='word_1_50' title='bbox 865 788 1009 887; x_wconf 74' lang='lat' dir='ltr'><strong>quod</strong></span> <span class='ocrx_word' id='word_1_51' title='bbox 1037 790 1107 843; x_wconf 91' lang='lat' dir='ltr'><strong>sit</strong></span> <span class='ocrx_word' id='word_1_52' title='bbox 1127 788 1588 894; x_wconf 68' lang='lat' dir='ltr'><strong>locupletissimus</strong></span> <span class='ocrx_word' id='word_1_53' title='bbox 1609 794 2132 894; x_wconf 37' lang='lat' dir='ltr'><strong>eiactisslimu-sque;</strong></span> <span class='ocrx_word' id='word_1_54' title='bbox 2155 810 2268 856; x_wconf 86' lang='lat' dir='ltr'><strong>tum</strong></span> <span class='ocrx_word' id='word_1_55' title='bbox 2287 805 2507 864; x_wconf 87' lang='lat' dir='ltr'><strong>demum</strong></span> <span class='ocrx_word' id='word_1_56' title='bbox 2529 811 2671 878; x_wconf 89' lang='lat' dir='ltr'><strong>ideo,</strong></span> <span class='ocrx_word' id='word_1_57' title='bbox 2693 818 2837 883; x_wconf 89' lang='lat' dir='ltr'><strong>quod</strong></span> <span class='ocrx_word' id='word_1_58' title='bbox 2861 788 3170 889; x_wconf 65' lang='lat' dir='ltr'><strong>catalognm</strong></span> <span class='ocrx_word' id='word_1_59' title='bbox 3198 837 3362 876; x_wconf 91' lang='lat' dir='ltr'><strong>suum</strong></span> <span class='ocrx_word' id='word_1_60' title='bbox 3383 838 3451 876; x_wconf 78' lang='lat' dir='ltr'><strong>ex</strong></span> <span class='ocrx_word' id='word_1_61' title='bbox 3493 824 3730 894; x_wconf 82' lang='lat' dir='ltr'><strong>ipsismet</strong></span> 
     </span>
    </p>
   </div>
   <div class='ocr_carea' id='block_1_7' title="bbox 481 873 3729 975">
    <p class='ocr_par' dir='ltr' id='par_1_7' title="bbox 481 873 3729 975">
     <span class='ocr_line' id='line_1_7' title="bbox 481 873 3729 975; baseline 0.014 -45"><span class='ocrx_word' id='word_1_62' title='bbox 481 873 754 975; x_wconf 48' lang='lat' dir='ltr'><strong>Kelitonis</strong></span> <span class='ocrx_word' id='word_1_63' title='bbox 772 877 948 975; x_wconf 74' lang='lat' dir='ltr'><strong>libris,</strong></span> <span class='ocrx_word' id='word_1_64' title='bbox 978 894 1121 948; x_wconf 88' lang='lat' dir='ltr'><strong>quos</strong></span> <span class='ocrx_word' id='word_1_65' title='bbox 1167 879 1596 937; x_wconf 85' lang='lat' dir='ltr'><strong>instructissima</strong></span> <span class='ocrx_word' id='word_1_66' title='bbox 1649 882 2005 941; x_wconf 74' lang='lat' dir='ltr'><strong>Caesariensis</strong></span> <span class='ocrx_word' id='word_1_67' title='bbox 2046 895 2302 951; x_wconf 85' lang='lat' dir='ltr'><strong>servabat</strong></span> <span class='ocrx_word' id='word_1_68' title='bbox 2340 873 2668 958; x_wconf 82' lang='lat' dir='ltr'><strong>bibliotheca</strong></span> <span class='ocrx_word' id='word_1_69' title='bbox 2693 873 3729 975; x_wconf 46' lang='lat' dir='ltr'><strong>,&#39;conleeisseuvideatur._</strong></span> 
     </span>
    </p>
   </div>
   <div class='ocr_carea' id='block_1_8' title="bbox 481 966 3142 1068">
    <p class='ocr_par' dir='ltr' id='par_1_8' title="bbox 481 966 3142 1068">
     <span class='ocr_line' id='line_1_8' title="bbox 481 966 3142 1068; baseline 0.013 -49"><span class='ocrx_word' id='word_1_70' title='bbox 481 966 706 1068; x_wconf 73' lang='lat' dir='ltr'><strong>insuper</strong></span> <span class='ocrx_word' id='word_1_71' title='bbox 725 967 1010 1068; x_wconf 56' lang='lat' dir='ltr'><strong>indicabo,</strong></span> <span class='ocrx_word' id='word_1_72' title='bbox 1041 970 1246 1039; x_wconf 78' lang='lat' dir='ltr'><strong>quibus</strong></span> <span class='ocrx_word' id='word_1_73' title='bbox 1271 972 1325 1026; x_wconf 91' lang='lat' dir='ltr'><strong>in</strong></span> <span class='ocrx_word' id='word_1_74' title='bbox 1352 971 1517 1068; x_wconf 78' lang='lat' dir='ltr'><strong>rebus</strong></span> <span class='ocrx_word' id='word_1_75' title='bbox 1550 973 1808 1030; x_wconf 82' lang='lat' dir='ltr'><strong>ditl&#39;erant</strong></span> <span class='ocrx_word' id='word_1_76' title='bbox 1837 979 2057 1050; x_wconf 88' lang='lat' dir='ltr'><strong>reliqui,</strong></span> <span class='ocrx_word' id='word_1_77' title='bbox 2080 994 2135 1038; x_wconf 89' lang='lat' dir='ltr'><strong>et</strong></span> <span class='ocrx_word' id='word_1_78' title='bbox 2160 988 2291 1055; x_wconf 83' lang='lat' dir='ltr'><strong>quid</strong></span> <span class='ocrx_word' id='word_1_79' title='bbox 2321 991 2392 1044; x_wconf 88' lang='lat' dir='ltr'><strong>ab</strong></span> <span class='ocrx_word' id='word_1_80' title='bbox 2416 992 2608 1056; x_wconf 79' lang='lat' dir='ltr'><strong>iisdem</strong></span> <span class='ocrx_word' id='word_1_81' title='bbox 2649 966 2813 1053; x_wconf 79' lang='lat' dir='ltr'><strong>fuerit</strong></span> <span class='ocrx_word' id='word_1_82' title='bbox 2837 1011 3142 1068; x_wconf 90' lang='lat' dir='ltr'><strong>peccatum.</strong></span> 
     </span>
    </p>
   </div>
   <div class='ocr_carea' id='block_1_9' title="bbox 553 1060 3729 1170">
    <p class='ocr_par' dir='ltr' id='par_1_9' title="bbox 553 1060 3729 1170">
     <span class='ocr_line' id='line_1_9' title="bbox 553 1060 3729 1170; baseline 0.014 -56"><span class='ocrx_word' id='word_1_83' title='bbox 553 1060 645 1115; x_wconf 89' lang='lat' dir='ltr'><strong>Sic</strong></span> <span class='ocrx_word' id='word_1_84' title='bbox 667 1061 832 1170; x_wconf 75' lang='lat' dir='ltr'><strong>igitur</strong></span> <span class='ocrx_word' id='word_1_85' title='bbox 865 1062 1173 1170; x_wconf 45' lang='lat' dir='ltr'><strong>iﬂusebius:</strong></span> <span class='ocrx_word' id='word_1_86' title='bbox 1203 1065 1338 1170; x_wconf 42' lang='lat' dir='ltr'><strong>cli-3x</strong></span> <span class='ocrx_word' id='word_1_87' title='bbox 1367 1065 1520 1170; x_wconf 75' lang='lat' dir='ltr'><strong>libris</strong></span> <span class='ocrx_word' id='word_1_88' title='bbox 1543 1073 2058 1170; x_wconf 40' lang='lat' dir='ltr'><strong>autem-utriusque</strong></span> <span class='ocrx_word' id='word_1_89' title='bbox 2099 1079 2317 1138; x_wconf 87' lang='lat' dir='ltr'><strong>illorum</strong></span> <span class='ocrx_word' id='word_1_90' title='bbox 2359 1085 2676 1148; x_wconf 75' lang='lat' dir='ltr'><strong>(Melitonis</strong></span> <span class='ocrx_word' id='word_1_91' title='bbox 2726 1060 2938 1148; x_wconf 82' lang='lat' dir='ltr'><strong>scilicet</strong></span> <span class='ocrx_word' id='word_1_92' title='bbox 2979 1094 3265 1162; x_wconf 81' lang='lat' dir='ltr'><strong>Sardiani,</strong></span> <span class='ocrx_word' id='word_1_93' title='bbox 3302 1109 3360 1153; x_wconf 91' lang='lat' dir='ltr'><strong>et</strong></span> <span class='ocrx_word' id='word_1_94' title='bbox 3403 1101 3729 1170; x_wconf 80' lang='lat' dir='ltr'><strong>Apollinaris</strong></span> 
     </span>
    </p>
   </div>
   <div class='ocr_carea' id='block_1_10' title="bbox 481 1153 3723 1267">
    <p class='ocr_par' dir='ltr' id='par_1_10' title="bbox 481 1153 3723 1267">
     <span class='ocr_line' id='line_1_10' title="bbox 481 1153 3723 1267; baseline 0.014 -58"><span class='ocrx_word' id='word_1_95' title='bbox 481 1153 884 1225; x_wconf 82' lang='lat' dir='ltr'><strong>Hierapolitani</strong></span> <span class='ocrx_word' id='word_1_96' title='bbox 911 1159 1200 1230; x_wconf 81' lang='lat' dir='ltr'><strong>episcopi),</strong></span> <span class='ocrx_word' id='word_1_97' title='bbox 1239 1159 1316 1228; x_wconf 79' lang='grc' dir='ltr'><strong>Ιιί,</strong></span> <span class='ocrx_word' id='word_1_98' title='bbox 1341 1176 1481 1231; x_wconf 84' lang='lat' dir='ltr'><strong>quos</strong></span> <span class='ocrx_word' id='word_1_99' title='bbox 1508 1161 1657 1218; x_wconf 81' lang='lat' dir='ltr'><strong>inira</strong></span> <span class='ocrx_word' id='word_1_100' title='bbox 1677 1164 2012 1235; x_wconf 71' lang='lat' dir='ltr'><strong>subiecimus</strong></span> <span class='ocrx_word' id='word_1_101' title='bbox 2039 1211 2054 1235; x_wconf 90' lang='lat'><strong>,</strong></span> <span class='ocrx_word' id='word_1_102' title='bbox 2095 1177 2162 1230; x_wconf 86' lang='lat' dir='ltr'><strong>ad</strong></span> <span class='ocrx_word' id='word_1_103' title='bbox 2197 1191 2443 1235; x_wconf 84' lang='lat' dir='ltr'><strong>nostram</strong></span> <span class='ocrx_word' id='word_1_104' title='bbox 2489 1186 2738 1239; x_wconf 86' lang='lat' dir='ltr'><strong>notitiam</strong></span> <span class='ocrx_word' id='word_1_105' title='bbox 2765 1199 3151 1255; x_wconf 86' lang='lat' dir='ltr'><strong>pervenerunt.</strong></span> <span class='ocrx_word' id='word_1_106' title='bbox 3207 1153 3488 1250; x_wconf 44' lang='lat' dir='ltr'><strong>M&#39;elitoni&#39;s</strong></span> 
     </span>
    </p>
   </div>
   <div class='ocr_carea' id='block_1_11' title="bbox 475 1262 640 1307">
    <p class='ocr_par' dir='ltr' id='par_1_11' title="bbox 475 1262 640 1307">
     <span class='ocr_line' id='line_1_11' title="bbox 475 1262 640 1307; baseline -0.006 0"><span class='ocrx_word' id='word_1_107' title='bbox 475 1262 640 1307; x_wconf 81' lang='lat' dir='ltr'><strong>sunt:</strong></span> 
     </span>
    </p>
   </div>
   <div class='ocr_carea' id='block_1_12' title="bbox 511 1365 2015 1460">
    <p class='ocr_par' dir='ltr' id='par_1_12' title="bbox 511 1365 1280 1428">
     <span class='ocr_line' id='line_1_12' title="bbox 511 1365 1280 1428; baseline 0.003 -8"><span class='ocrx_word' id='word_1_108' title='bbox 511 1366 563 1420; x_wconf 92' lang='grc'><strong>1.</strong></span> <span class='ocrx_word' id='word_1_109' title='bbox 605 1365 755 1419; x_wconf 85' lang='lat' dir='ltr'><strong>Libri</strong></span> <span class='ocrx_word' id='word_1_110' title='bbox 778 1366 882 1418; x_wconf 87' lang='lat' dir='ltr'><strong>duo</strong></span> <span class='ocrx_word' id='word_1_111' title='bbox 907 1366 970 1420; x_wconf 88' lang='lat' dir='ltr'><strong>de</strong></span> <span class='ocrx_word' id='word_1_112' title='bbox 1000 1365 1280 1428; x_wconf 73' lang='lat' dir='ltr'><strong>Pass/tate,</strong></span> 
     </span>
    </p>
   </div>
   <div class='ocr_carea' id='block_1_13' title="bbox 1572 1365 3076 1460">
    <p class='ocr_par' dir='ltr' id='par_1_13' title="bbox 2192 1388 3076 1460">
     <span class='ocr_line' id='line_1_13' title="bbox 2192 1388 3076 1460; baseline 0.01 -21"><span class='ocrx_word' id='word_1_113' title='bbox 2192 1388 2243 1439; x_wconf 89' lang='grc'><strong>1.</strong></span> <span class='ocrx_word' id='word_1_114' title='bbox 2291 1389 2367 1442; x_wconf 86' lang='grc' dir='ltr'><em>Τὰ</em></span> <span class='ocrx_word' id='word_1_115' title='bbox 2390 1390 2528 1458; x_wconf 71' lang='grc' dir='ltr'><em>Περὶ</em></span> <span class='ocrx_word' id='word_1_116' title='bbox 2560 1391 2665 1446; x_wconf 86' lang='grc' dir='ltr'><em>τοῦ</em></span> <span class='ocrx_word' id='word_1_117' title='bbox 2683 1391 2919 1460; x_wconf 78' lang='grc' dir='ltr'><em>Πάσχα,</em></span> <span class='ocrx_word' id='word_1_118' title='bbox 2947 1392 3076 1460; x_wconf 84' lang='grc' dir='ltr'><em>δύο,</em></span> 
     </span>
    </p>
   </div>
   <div class='ocr_carea' id='block_1_14' title="bbox 507 1457 2011 1561">
    <p class='ocr_par' dir='ltr' id='par_1_14' title="bbox 507 1457 2011 1532">
     <span class='ocr_line' id='line_1_14' title="bbox 507 1457 2011 1532; baseline 0.005 -20"><span class='ocrx_word' id='word_1_119' title='bbox 507 1459 562 1512; x_wconf 73' lang='grc'><strong>2.</strong></span> <span class='ocrx_word' id='word_1_120' title='bbox 604 1457 680 1510; x_wconf 87' lang='lat' dir='ltr'><strong>De</strong></span> <span class='ocrx_word' id='word_1_121' title='bbox 698 1469 837 1512; x_wconf 89' lang='lat' dir='ltr'><strong>recta</strong></span> <span class='ocrx_word' id='word_1_122' title='bbox 856 1459 1058 1511; x_wconf 79' lang='lat' dir='ltr'><strong>vivendi</strong></span> <span class='ocrx_word' id='word_1_123' title='bbox 1084 1460 1288 1513; x_wconf 78' lang='lat' dir='ltr'><strong>ratione</strong></span> <span class='ocrx_word' id='word_1_124' title='bbox 1308 1470 1356 1512; x_wconf 93' lang='lat' dir='ltr'><strong>et</strong></span> <span class='ocrx_word' id='word_1_125' title='bbox 1379 1460 1442 1514; x_wconf 83' lang='lat' dir='ltr'><strong>de</strong></span> <span class='ocrx_word' id='word_1_126' title='bbox 1456 1461 1756 1532; x_wconf 82' lang='lat' dir='ltr'><strong>prophetisl</strong></span> <span class='ocrx_word' id='word_1_127' title='bbox 1763 1465 1872 1517; x_wconf 88' lang='lat' dir='ltr'><strong>iber</strong></span> <span class='ocrx_word' id='word_1_128' title='bbox 1886 1481 2011 1519; x_wconf 74' lang='lat' dir='ltr'><strong>unui</strong></span> 
     </span>
    </p>
   </div>
   <div class='ocr_carea' id='block_1_15' title="bbox 2020 1457 3524 1561">
    <p class='ocr_par' dir='ltr' id='par_1_15' title="bbox 2020 1457 3524 1561">
     <span class='ocr_line' id='line_1_15' title="bbox 2020 1457 3524 1561; baseline 0.013 -32"><span class='ocrx_word' id='word_1_129' title='bbox 2020 1485 2044 1520; x_wconf 72' lang='grc' dir='ltr'><em>τ·</em></span> <span class='ocrx_word' id='word_1_130' title='bbox 2187 1480 2240 1532; x_wconf 73' lang='grc'><strong>2.</strong></span> <span class='ocrx_word' id='word_1_131' title='bbox 2285 1482 2396 1535; x_wconf 87' lang='lat' dir='ltr'><strong>Kal</strong></span> <span class='ocrx_word' id='word_1_132' title='bbox 2422 1457 2488 1534; x_wconf 74' lang='grc' dir='ltr'><strong>τὸ</strong></span> <span class='ocrx_word' id='word_1_133' title='bbox 2519 1485 2652 1552; x_wconf 73' lang='grc' dir='ltr'><em>περὶ</em></span> <span class='ocrx_word' id='word_1_134' title='bbox 2691 1457 3014 1553; x_wconf 78' lang='grc' dir='ltr'><em>πολιτείας,</em></span> <span class='ocrx_word' id='word_1_135' title='bbox 3045 1457 3144 1542; x_wconf 66' lang='lat' dir='ltr'><strong>real</strong></span> <span class='ocrx_word' id='word_1_136' title='bbox 3175 1491 3524 1561; x_wconf 70' lang='grc' dir='ltr'><em>προφητῶν.</em></span> 
     </span>
    </p>
   </div>
   <div class='ocr_carea' id='block_1_16' title="bbox 505 1548 2009 1643">
    <p class='ocr_par' dir='ltr' id='par_1_16' title="bbox 505 1548 1305 1615">
     <span class='ocr_line' id='line_1_16' title="bbox 505 1548 1305 1615; baseline 0 -11"><span class='ocrx_word' id='word_1_137' title='bbox 505 1549 562 1604; x_wconf 79' lang='lat'><strong>5.</strong></span> <span class='ocrx_word' id='word_1_138' title='bbox 605 1549 758 1602; x_wconf 84' lang='lat' dir='ltr'><strong>Alius</strong></span> <span class='ocrx_word' id='word_1_139' title='bbox 783 1550 906 1602; x_wconf 89' lang='lat' dir='ltr'><strong>item</strong></span> <span class='ocrx_word' id='word_1_140' title='bbox 929 1550 992 1603; x_wconf 89' lang='lat' dir='ltr'><strong>de</strong></span> <span class='ocrx_word' id='word_1_141' title='bbox 1040 1548 1305 1615; x_wconf 85' lang='lat' dir='ltr'><strong>Ecclesia,</strong></span> 
     </span>
    </p>
   </div>
   <div class='ocr_carea' id='block_1_17' title="bbox 1529 1548 3033 1643">
    <p class='ocr_par' dir='ltr' id='par_1_17' title="bbox 2185 1548 3033 1643">
     <span class='ocr_line' id='line_1_17' title="bbox 2185 1548 3033 1643; baseline 0.012 -21"><span class='ocrx_word' id='word_1_142' title='bbox 2185 1570 2238 1623; x_wconf 72' lang='grc' dir='ltr'><strong>δ.</strong></span> <span class='ocrx_word' id='word_1_143' title='bbox 2282 1572 2392 1624; x_wconf 89' lang='lat' dir='ltr'><strong>Kal</strong></span> <span class='ocrx_word' id='word_1_144' title='bbox 2423 1575 2456 1625; x_wconf 86' lang='grc' dir='ltr'><strong><em>ό</em></strong></span> <span class='ocrx_word' id='word_1_145' title='bbox 2487 1548 2619 1640; x_wconf 66' lang='grc' dir='ltr'><em>περι</em></span> <span class='ocrx_word' id='word_1_146' title='bbox 2657 1548 3033 1643; x_wconf 48' lang='lat' dir='ltr'><strong>sumas.)</strong></span> 
     </span>
    </p>
   </div>
   <div class='ocr_carea' id='block_1_18' title="bbox 502 1641 2006 1740">
    <p class='ocr_par' dir='ltr' id='par_1_18' title="bbox 502 1641 1286 1698">
     <span class='ocr_line' id='line_1_18' title="bbox 502 1641 1286 1698; baseline -0.003 0"><span class='ocrx_word' id='word_1_147' title='bbox 502 1642 561 1698; x_wconf 75' lang='grc'><strong>4.</strong></span> <span class='ocrx_word' id='word_1_148' title='bbox 601 1642 752 1695; x_wconf 75' lang='lat' dir='ltr'><strong>Alius</strong></span> <span class='ocrx_word' id='word_1_149' title='bbox 781 1641 845 1694; x_wconf 90' lang='lat' dir='ltr'><strong>de</strong></span> <span class='ocrx_word' id='word_1_150' title='bbox 873 1642 959 1694; x_wconf 90' lang='lat' dir='ltr'><strong>die</strong></span> <span class='ocrx_word' id='word_1_151' title='bbox 985 1641 1286 1696; x_wconf 87' lang='lat' dir='ltr'><strong>Dominica.</strong></span> 
     </span>
    </p>
   </div>
   <div class='ocr_carea' id='block_1_19' title="bbox 1656 1641 3160 1740">
    <p class='ocr_par' dir='ltr' id='par_1_19' title="bbox 2185 1641 3160 1740">
     <span class='ocr_line' id='line_1_19' title="bbox 2185 1641 3160 1740; baseline 0.006 -22"><span class='ocrx_word' id='word_1_152' title='bbox 2185 1665 2238 1718; x_wconf 77' lang='grc'><strong>4.</strong></span> <span class='ocrx_word' id='word_1_153' title='bbox 2281 1665 2390 1719; x_wconf 87' lang='lat' dir='ltr'><strong>Kal</strong></span> <span class='ocrx_word' id='word_1_154' title='bbox 2414 1669 2448 1718; x_wconf 83' lang='grc' dir='ltr'><em>ό</em></span> <span class='ocrx_word' id='word_1_155' title='bbox 2470 1668 2603 1734; x_wconf 75' lang='grc' dir='ltr'><em>περὶ</em></span> <span class='ocrx_word' id='word_1_156' title='bbox 2634 1641 2938 1735; x_wconf 70' lang='grc' dir='ltr'><em>Κυριακῆς</em></span> <span class='ocrx_word' id='word_1_157' title='bbox 2963 1641 3160 1740; x_wconf 76' lang='grc' dir='ltr'><em>λόγος.</em></span> 
     </span>
    </p>
   </div>
   <div class='ocr_carea' id='block_1_20' title="bbox 501 1731 2005 1832">
    <p class='ocr_par' dir='ltr' id='par_1_20' title="bbox 501 1731 1699 1800">
     <span class='ocr_line' id='line_1_20' title="bbox 501 1731 1699 1800; baseline 0.002 -13"><span class='ocrx_word' id='word_1_158' title='bbox 501 1732 559 1788; x_wconf 78' lang='grc' dir='ltr'><strong>ὅ.</strong></span> <span class='ocrx_word' id='word_1_159' title='bbox 601 1731 697 1785; x_wconf 86' lang='lat' dir='ltr'><strong>Est</strong></span> <span class='ocrx_word' id='word_1_160' title='bbox 725 1743 775 1785; x_wconf 89' lang='lat' dir='ltr'><strong>et</strong></span> <span class='ocrx_word' id='word_1_161' title='bbox 800 1732 864 1784; x_wconf 91' lang='lat' dir='ltr'><strong>de</strong></span> <span class='ocrx_word' id='word_1_162' title='bbox 894 1742 1088 1785; x_wconf 86' lang='lat' dir='ltr'><strong>natura</strong></span> <span class='ocrx_word' id='word_1_163' title='bbox 1119 1731 1349 1785; x_wconf 89' lang='lat' dir='ltr'><strong>hominis</strong></span> <span class='ocrx_word' id='word_1_164' title='bbox 1379 1731 1512 1787; x_wconf 87' lang='lat' dir='ltr'><strong>liber</strong></span> <span class='ocrx_word' id='word_1_165' title='bbox 1532 1751 1699 1800; x_wconf 89' lang='lat' dir='ltr'><strong>unus,</strong></span> 
     </span>
    </p>
   </div>
   <div class='ocr_carea' id='block_1_21' title="bbox 1833 1731 3337 1832">
    <p class='ocr_par' dir='ltr' id='par_1_21' title="bbox 2183 1731 3337 1832">
     <span class='ocr_line' id='line_1_21' title="bbox 2183 1731 3337 1832; baseline 0.008 -23"><span class='ocrx_word' id='word_1_166' title='bbox 2183 1758 2237 1810; x_wconf 79' lang='grc'><strong>5.</strong></span> <span class='ocrx_word' id='word_1_167' title='bbox 2285 1760 2404 1811; x_wconf 85' lang='grc' dir='ltr'><em>Ἔτι</em></span> <span class='ocrx_word' id='word_1_168' title='bbox 2427 1758 2495 1811; x_wconf 79' lang='grc' dir='ltr'><strong>δὲ</strong></span> <span class='ocrx_word' id='word_1_169' title='bbox 2585 1731 2980 1829; x_wconf 37' lang='grc' dir='ltr'><em>περὶνφύσειυς</em></span> <span class='ocrx_word' id='word_1_170' title='bbox 3003 1731 3337 1832; x_wconf 41' lang='grc' dir='ltr'><em>ἁυθρώπου,</em></span> 
     </span>
    </p>
   </div>
   <div class='ocr_carea' id='block_1_22' title="bbox 503 1841 2007 1918">
    <p class='ocr_par' dir='ltr' id='par_1_22' title="bbox 503 1841 1241 1910">
     <span class='ocr_line' id='line_1_22' title="bbox 503 1841 1241 1910; baseline -0.003 -12"><span class='ocrx_word' id='word_1_171' title='bbox 503 1843 557 1898; x_wconf 84' lang='grc'><strong>6.</strong></span> <span class='ocrx_word' id='word_1_172' title='bbox 600 1841 670 1896; x_wconf 85' lang='lat' dir='ltr'><strong>Et</strong></span> <span class='ocrx_word' id='word_1_173' title='bbox 698 1843 762 1897; x_wconf 89' lang='lat' dir='ltr'><strong>de</strong></span> <span class='ocrx_word' id='word_1_174' title='bbox 791 1844 1057 1898; x_wconf 73' lang='lat' dir='ltr'><strong>creatione</strong></span> <span class='ocrx_word' id='word_1_175' title='bbox 1083 1861 1241 1910; x_wconf 90' lang='lat' dir='ltr'><strong>unus,</strong></span> 
     </span>
    </p>
   </div>
   <div class='ocr_carea' id='block_1_23' title="bbox 1437 1841 2941 1918">
    <p class='ocr_par' dir='ltr' id='par_1_23' title="bbox 2182 1851 2941 1918">
     <span class='ocr_line' id='line_1_23' title="bbox 2182 1851 2941 1918; baseline 0.005 -16"><span class='ocrx_word' id='word_1_176' title='bbox 2182 1851 2238 1904; x_wconf 88' lang='lat'><strong>6.</strong></span> <span class='ocrx_word' id='word_1_177' title='bbox 2276 1851 2386 1904; x_wconf 97' lang='lat' dir='ltr'><strong>Kal</strong></span> <span class='ocrx_word' id='word_1_178' title='bbox 2418 1853 2452 1904; x_wconf 86' lang='grc' dir='ltr'><em>ό</em></span> <span class='ocrx_word' id='word_1_179' title='bbox 2479 1852 2611 1918; x_wconf 78' lang='grc' dir='ltr'><em>περὶ</em></span> <span class='ocrx_word' id='word_1_180' title='bbox 2645 1852 2941 1918; x_wconf 80' lang='grc' dir='ltr'><em>πλάσεως.</em></span> 
     </span>
    </p>
   </div>
   <div class='ocr_carea' id='block_1_24' title="bbox 501 1930 2005 2019">
    <p class='ocr_par' dir='ltr' id='par_1_24' title="bbox 501 1930 1622 2006">
     <span class='ocr_line' id='line_1_24' title="bbox 501 1930 1622 2006; baseline 0.003 -18"><span class='ocrx_word' id='word_1_181' title='bbox 501 1930 559 1988; x_wconf 87' lang='grc'><strong>7.</strong></span> <span class='ocrx_word' id='word_1_182' title='bbox 601 1935 754 1988; x_wconf 77' lang='lat' dir='ltr'><strong>Alius</strong></span> <span class='ocrx_word' id='word_1_183' title='bbox 783 1936 846 1989; x_wconf 88' lang='lat' dir='ltr'><strong>de</strong></span> <span class='ocrx_word' id='word_1_184' title='bbox 874 1936 1172 1989; x_wconf 76' lang='lat' dir='ltr'><strong>obedientia</strong></span> <span class='ocrx_word' id='word_1_185' title='bbox 1201 1953 1450 1990; x_wconf 87' lang='lat' dir='ltr'><strong>sensuum</strong></span> <span class='ocrx_word' id='word_1_186' title='bbox 1473 1937 1622 2006; x_wconf 81' lang='lat' dir='ltr'><strong>ﬁdei,</strong></span> 
     </span>
    </p>
   </div>
   <div class='ocr_carea' id='block_1_25' title="bbox 2174 1930 3678 2019">
    <p class='ocr_par' dir='ltr' id='par_1_25' title="bbox 2183 1943 3678 2019">
     <span class='ocr_line' id='line_1_25' title="bbox 2183 1943 3678 2019; baseline 0.007 -24"><span class='ocrx_word' id='word_1_187' title='bbox 2183 1943 2236 1995; x_wconf 92' lang='grc'><strong>7.</strong></span> <span class='ocrx_word' id='word_1_188' title='bbox 2277 1945 2387 1997; x_wconf 80' lang='grc' dir='ltr'><strong>Καὶ</strong></span> <span class='ocrx_word' id='word_1_189' title='bbox 2421 1947 2454 1997; x_wconf 83' lang='grc' dir='ltr'><em>ό</em></span> <span class='ocrx_word' id='word_1_190' title='bbox 2487 1947 2619 2012; x_wconf 76' lang='grc' dir='ltr'><em>περὶ</em></span> <span class='ocrx_word' id='word_1_191' title='bbox 2659 1945 2936 2013; x_wconf 71' lang='grc' dir='ltr'><em>ὑπακοῆς</em></span> <span class='ocrx_word' id='word_1_192' title='bbox 2969 1946 3227 2014; x_wconf 72' lang='grc' dir='ltr'><em>πίστεως</em></span> <span class='ocrx_word' id='word_1_193' title='bbox 3252 1951 3678 2019; x_wconf 66' lang='grc' dir='ltr'><em>αὶσθηττψίων,</em></span> 
     </span>
    </p>
   </div>
   <div class='ocr_carea' id='block_1_26' title="bbox 501 2025 2005 2112">
    <p class='ocr_par' dir='ltr' id='par_1_26' title="bbox 501 2025 1753 2098">
     <span class='ocr_line' id='line_1_26' title="bbox 501 2025 1753 2098; baseline 0.002 -18"><span class='ocrx_word' id='word_1_194' title='bbox 501 2026 558 2080; x_wconf 84' lang='grc'><strong>8.</strong></span> <span class='ocrx_word' id='word_1_195' title='bbox 602 2025 868 2081; x_wconf 73' lang='lat' dir='ltr'><strong>Pmlerea</strong></span> <span class='ocrx_word' id='word_1_196' title='bbox 895 2037 945 2081; x_wconf 89' lang='lat' dir='ltr'><strong>et</strong></span> <span class='ocrx_word' id='word_1_197' title='bbox 971 2027 1104 2081; x_wconf 86' lang='lat' dir='ltr'><strong>liber</strong></span> <span class='ocrx_word' id='word_1_198' title='bbox 1131 2028 1195 2081; x_wconf 79' lang='lat' dir='ltr'><strong>de</strong></span> <span class='ocrx_word' id='word_1_199' title='bbox 1232 2029 1414 2081; x_wconf 88' lang='lat' dir='ltr'><strong>anima</strong></span> <span class='ocrx_word' id='word_1_200' title='bbox 1439 2037 1488 2081; x_wconf 88' lang='lat' dir='ltr'><strong>et</strong></span> <span class='ocrx_word' id='word_1_201' title='bbox 1518 2045 1753 2098; x_wconf 87' lang='lat' dir='ltr'><strong>corpore.</strong></span> 
     </span>
    </p>
   </div>
   <div class='ocr_carea' id='block_1_27' title="bbox 2217 2025 3721 2112">
    <p class='ocr_par' dir='ltr' id='par_1_27' title="bbox 2220 2036 3721 2112">
     <span class='ocr_line' id='line_1_27' title="bbox 2220 2036 3721 2112; baseline 0.008 -25"><span class='ocrx_word' id='word_1_202' title='bbox 2220 2075 2232 2087; x_wconf 96' lang='lat'><strong>.</strong></span> <span class='ocrx_word' id='word_1_203' title='bbox 2273 2036 2384 2089; x_wconf 82' lang='lat' dir='ltr'><strong>Kal</strong></span> <span class='ocrx_word' id='word_1_204' title='bbox 2418 2036 2569 2103; x_wconf 72' lang='grc' dir='ltr'><em>πρὸς</em></span> <span class='ocrx_word' id='word_1_205' title='bbox 2593 2038 2827 2103; x_wconf 81' lang='grc' dir='ltr'><strong>τούτοις</strong></span> <span class='ocrx_word' id='word_1_206' title='bbox 2848 2041 2882 2092; x_wconf 85' lang='grc' dir='ltr'><em>ὀ</em></span> <span class='ocrx_word' id='word_1_207' title='bbox 2903 2039 3032 2106; x_wconf 76' lang='grc' dir='ltr'><em>περὶ</em></span> <span class='ocrx_word' id='word_1_208' title='bbox 3055 2039 3264 2109; x_wconf 70' lang='grc' dir='ltr'><em>ψυχῆς</em></span> <span class='ocrx_word' id='word_1_209' title='bbox 3300 2042 3398 2096; x_wconf 70' lang='grc' dir='ltr'><em>καὶ</em></span> <span class='ocrx_word' id='word_1_210' title='bbox 3429 2041 3721 2112; x_wconf 78' lang='grc' dir='ltr'><em>σώματος.</em></span> 
     </span>
    </p>
   </div>
   <div class='ocr_carea' id='block_1_28' title="bbox 501 2116 2005 2197">
    <p class='ocr_par' dir='ltr' id='par_1_28' title="bbox 501 2116 1589 2174">
     <span class='ocr_line' id='line_1_28' title="bbox 501 2116 1589 2174; baseline 0.001 -2"><span class='ocrx_word' id='word_1_211' title='bbox 501 2117 560 2172; x_wconf 88' lang='grc'><strong>9.</strong></span> <span class='ocrx_word' id='word_1_212' title='bbox 603 2116 753 2172; x_wconf 85' lang='lat' dir='ltr'><strong>Inter</strong></span> <span class='ocrx_word' id='word_1_213' title='bbox 779 2118 902 2172; x_wconf 85' lang='lat' dir='ltr'><strong>illos</strong></span> <span class='ocrx_word' id='word_1_214' title='bbox 933 2119 1092 2172; x_wconf 90' lang='lat' dir='ltr'><strong>etiam</strong></span> <span class='ocrx_word' id='word_1_215' title='bbox 1115 2128 1229 2172; x_wconf 87' lang='lat' dir='ltr'><strong>erat</strong></span> <span class='ocrx_word' id='word_1_216' title='bbox 1252 2118 1316 2172; x_wconf 86' lang='lat' dir='ltr'><strong>de</strong></span> <span class='ocrx_word' id='word_1_217' title='bbox 1352 2117 1589 2174; x_wconf 85' lang='lat' dir='ltr'><strong>lavacro.</strong></span> 
     </span>
    </p>
   </div>
   <div class='ocr_carea' id='block_1_29' title="bbox 1732 2116 3236 2197">
    <p class='ocr_par' dir='ltr' id='par_1_29' title="bbox 2177 2121 3236 2197">
     <span class='ocr_line' id='line_1_29' title="bbox 2177 2121 3236 2197; baseline 0.004 -17"><span class='ocrx_word' id='word_1_218' title='bbox 2177 2125 2232 2180; x_wconf 88' lang='lat'><strong>9.</strong></span> <span class='ocrx_word' id='word_1_219' title='bbox 2274 2121 2385 2179; x_wconf 80' lang='grc' dir='ltr'><strong>Ἦν</strong></span> <span class='ocrx_word' id='word_1_220' title='bbox 2412 2127 2483 2179; x_wconf 81' lang='grc' dir='ltr'><strong>ἐν</strong></span> <span class='ocrx_word' id='word_1_221' title='bbox 2510 2122 2603 2192; x_wconf 76' lang='grc' dir='ltr'><strong>οἷς</strong></span> <span class='ocrx_word' id='word_1_222' title='bbox 2628 2127 2724 2180; x_wconf 83' lang='grc' dir='ltr'><em>καὶ</em></span> <span class='ocrx_word' id='word_1_223' title='bbox 2745 2130 2779 2181; x_wconf 84' lang='grc' dir='ltr'><strong><em>ό</em></strong></span> <span class='ocrx_word' id='word_1_224' title='bbox 2801 2127 2935 2196; x_wconf 76' lang='grc' dir='ltr'><em>περὶ</em></span> <span class='ocrx_word' id='word_1_225' title='bbox 2958 2129 3236 2197; x_wconf 85' lang='grc' dir='ltr'><em>λουτροῦ,</em></span> 
     </span>
    </p>
   </div>
   <div class='ocr_carea' id='block_1_30' title="bbox 465 2207 1969 2285">
    <p class='ocr_par' dir='ltr' id='par_1_30' title="bbox 465 2207 1194 2277">
     <span class='ocr_line' id='line_1_30' title="bbox 465 2207 1194 2277; baseline -0.001 -14"><span class='ocrx_word' id='word_1_226' title='bbox 465 2207 556 2263; x_wconf 88' lang='grc'><strong>10.</strong></span> <span class='ocrx_word' id='word_1_227' title='bbox 602 2207 669 2261; x_wconf 82' lang='lat' dir='ltr'><strong>Et</strong></span> <span class='ocrx_word' id='word_1_228' title='bbox 690 2209 754 2262; x_wconf 81' lang='lat' dir='ltr'><strong>de</strong></span> <span class='ocrx_word' id='word_1_229' title='bbox 781 2211 999 2264; x_wconf 81' lang='lat' dir='ltr'><strong>veritate</strong></span> <span class='ocrx_word' id='word_1_230' title='bbox 1027 2209 1194 2277; x_wconf 88' lang='lat' dir='ltr'><strong>liber,</strong></span> 
     </span>
    </p>
   </div>
   <div class='ocr_carea' id='block_1_31' title="bbox 1428 2207 2932 2285">
    <p class='ocr_par' dir='ltr' id='par_1_31' title="bbox 2144 2215 2932 2285">
     <span class='ocr_line' id='line_1_31' title="bbox 2144 2215 2932 2285; baseline 0.005 -17"><span class='ocrx_word' id='word_1_231' title='bbox 2144 2215 2231 2270; x_wconf 87' lang='grc' dir='ltr'><strong>1ο.</strong></span> <span class='ocrx_word' id='word_1_232' title='bbox 2266 2217 2376 2270; x_wconf 85' lang='lat' dir='ltr'><strong>Kal</strong></span> <span class='ocrx_word' id='word_1_233' title='bbox 2407 2216 2443 2266; x_wconf 88' lang='grc' dir='ltr'><em>ό</em></span> <span class='ocrx_word' id='word_1_234' title='bbox 2469 2218 2600 2285; x_wconf 73' lang='grc' dir='ltr'><em>περὶ</em></span> <span class='ocrx_word' id='word_1_235' title='bbox 2627 2219 2932 2285; x_wconf 75' lang='grc' dir='ltr'><strong>ἀληθείας,</strong></span> 
     </span>
    </p>
   </div>
   <div class='ocr_carea' id='block_1_32' title="bbox 467 2299 1971 2378">
    <p class='ocr_par' dir='ltr' id='par_1_32' title="bbox 467 2299 1864 2372">
     <span class='ocr_line' id='line_1_32' title="bbox 467 2299 1864 2372; baseline 0.004 -19"><span class='ocrx_word' id='word_1_236' title='bbox 467 2299 557 2355; x_wconf 90' lang='grc'><strong>11.</strong></span> <span class='ocrx_word' id='word_1_237' title='bbox 601 2299 670 2353; x_wconf 83' lang='lat' dir='ltr'><strong>Et</strong></span> <span class='ocrx_word' id='word_1_238' title='bbox 697 2301 834 2355; x_wconf 87' lang='lat' dir='ltr'><strong>alius</strong></span> <span class='ocrx_word' id='word_1_239' title='bbox 858 2302 922 2356; x_wconf 89' lang='lat' dir='ltr'><strong>de</strong></span> <span class='ocrx_word' id='word_1_240' title='bbox 947 2301 1164 2356; x_wconf 83' lang='lat' dir='ltr'><strong>conditu</strong></span> <span class='ocrx_word' id='word_1_241' title='bbox 1187 2312 1239 2356; x_wconf 89' lang='lat' dir='ltr'><strong>et</strong></span> <span class='ocrx_word' id='word_1_242' title='bbox 1279 2303 1615 2372; x_wconf 77' lang='lat' dir='ltr'><strong>generatione</strong></span> <span class='ocrx_word' id='word_1_243' title='bbox 1643 2303 1864 2360; x_wconf 79' lang='lat' dir='ltr'><strong>Christi.</strong></span> 
     </span>
    </p>
   </div>
   <div class='ocr_carea' id='block_1_33' title="bbox 2059 2299 3563 2378">
    <p class='ocr_par' dir='ltr' id='par_1_33' title="bbox 2143 2306 3563 2378">
     <span class='ocr_line' id='line_1_33' title="bbox 2143 2306 3563 2378; baseline 0.003 -18"><span class='ocrx_word' id='word_1_244' title='bbox 2143 2307 2231 2360; x_wconf 90' lang='grc'><strong>11.</strong></span> <span class='ocrx_word' id='word_1_245' title='bbox 2272 2307 2382 2361; x_wconf 88' lang='lat' dir='ltr'><strong>Kal</strong></span> <span class='ocrx_word' id='word_1_246' title='bbox 2409 2307 2542 2375; x_wconf 79' lang='grc' dir='ltr'><em>περὶ</em></span> <span class='ocrx_word' id='word_1_247' title='bbox 2567 2309 2819 2374; x_wconf 79' lang='grc' dir='ltr'><em>κτίσεως</em></span> <span class='ocrx_word' id='word_1_248' title='bbox 2848 2308 2946 2362; x_wconf 73' lang='grc' dir='ltr'><em>καὶ</em></span> <span class='ocrx_word' id='word_1_249' title='bbox 2970 2306 3258 2378; x_wconf 70' lang='grc' dir='ltr'><em>γενέσεως</em></span> <span class='ocrx_word' id='word_1_250' title='bbox 3277 2309 3563 2376; x_wconf 81' lang='grc' dir='ltr'><strong>Χριστοῦ.</strong></span> 
     </span>
    </p>
   </div>
   <div class='ocr_carea' id='block_1_34' title="bbox 467 2391 1971 2469">
    <p class='ocr_par' dir='ltr' id='par_1_34' title="bbox 467 2391 1372 2466">
     <span class='ocr_line' id='line_1_34' title="bbox 467 2391 1372 2466; baseline 0.007 -20"><span class='ocrx_word' id='word_1_251' title='bbox 467 2391 558 2460; x_wconf 67' lang='grc'><strong>12.</strong></span> <span class='ocrx_word' id='word_1_252' title='bbox 607 2391 672 2446; x_wconf 84' lang='lat' dir='ltr'><strong>Et</strong></span> <span class='ocrx_word' id='word_1_253' title='bbox 691 2393 824 2447; x_wconf 88' lang='lat' dir='ltr'><strong>liber</strong></span> <span class='ocrx_word' id='word_1_254' title='bbox 849 2394 962 2463; x_wconf 86' lang='lat' dir='ltr'><strong>ejus</strong></span> <span class='ocrx_word' id='word_1_255' title='bbox 983 2395 1047 2449; x_wconf 86' lang='lat' dir='ltr'><strong>de</strong></span> <span class='ocrx_word' id='word_1_256' title='bbox 1067 2397 1341 2466; x_wconf 80' lang='lat' dir='ltr'><strong>prophetia</strong></span> <span class='ocrx_word' id='word_1_257' title='bbox 1357 2441 1372 2466; x_wconf 95' lang='lat'><strong>,</strong></span> 
     </span>
    </p>
   </div>
   <div class='ocr_carea' id='block_1_35' title="bbox 1869 2391 3373 2469">
    <p class='ocr_par' dir='ltr' id='par_1_35' title="bbox 2145 2397 3373 2469">
     <span class='ocr_line' id='line_1_35' title="bbox 2145 2397 3373 2469; baseline 0.002 -18"><span class='ocrx_word' id='word_1_258' title='bbox 2145 2398 2230 2452; x_wconf 73' lang='grc'><strong>12.</strong></span> <span class='ocrx_word' id='word_1_259' title='bbox 2270 2398 2378 2452; x_wconf 86' lang='lat' dir='ltr'><strong>Kal</strong></span> <span class='ocrx_word' id='word_1_260' title='bbox 2407 2399 2590 2468; x_wconf 77' lang='grc' dir='ltr'><em>λόγος</em></span> <span class='ocrx_word' id='word_1_261' title='bbox 2610 2397 2796 2452; x_wconf 87' lang='grc' dir='ltr'><em>αὐτοῦ</em></span> <span class='ocrx_word' id='word_1_262' title='bbox 2827 2399 2961 2466; x_wconf 74' lang='grc' dir='ltr'><em>περὶ</em></span> <span class='ocrx_word' id='word_1_263' title='bbox 2992 2399 3373 2469; x_wconf 73' lang='grc' dir='ltr'><strong>προφητείας,</strong></span> 
     </span>
    </p>
   </div>
   <div class='ocr_carea' id='block_1_36' title="bbox 470 2484 1974 2562">
    <p class='ocr_par' dir='ltr' id='par_1_36' title="bbox 470 2484 1348 2557">
     <span class='ocr_line' id='line_1_36' title="bbox 470 2484 1348 2557; baseline 0.006 -18"><span class='ocrx_word' id='word_1_264' title='bbox 470 2484 560 2539; x_wconf 78' lang='grc'><strong>15.</strong></span> <span class='ocrx_word' id='word_1_265' title='bbox 603 2485 672 2540; x_wconf 81' lang='lat' dir='ltr'><strong>Et</strong></span> <span class='ocrx_word' id='word_1_266' title='bbox 706 2503 840 2540; x_wconf 88' lang='lat' dir='ltr'><strong>unus</strong></span> <span class='ocrx_word' id='word_1_267' title='bbox 863 2487 927 2541; x_wconf 86' lang='lat' dir='ltr'><strong>de</strong></span> <span class='ocrx_word' id='word_1_268' title='bbox 960 2488 1348 2557; x_wconf 84' lang='lat' dir='ltr'><strong>hospitalitate,</strong></span> 
     </span>
    </p>
   </div>
   <div class='ocr_carea' id='block_1_37' title="bbox 1516 2484 3020 2562">
    <p class='ocr_par' dir='ltr' id='par_1_37' title="bbox 2142 2490 3020 2562">
     <span class='ocr_line' id='line_1_37' title="bbox 2142 2490 3020 2562; baseline -0.001 -17"><span class='ocrx_word' id='word_1_269' title='bbox 2142 2492 2230 2546; x_wconf 78' lang='grc'><strong>13.</strong></span> <span class='ocrx_word' id='word_1_270' title='bbox 2269 2492 2379 2546; x_wconf 88' lang='lat' dir='ltr'><strong>Kal</strong></span> <span class='ocrx_word' id='word_1_271' title='bbox 2407 2495 2440 2546; x_wconf 83' lang='grc' dir='ltr'><strong><em>ό</em></strong></span> <span class='ocrx_word' id='word_1_272' title='bbox 2463 2491 2596 2561; x_wconf 76' lang='grc' dir='ltr'><em>περὶ</em></span> <span class='ocrx_word' id='word_1_273' title='bbox 2635 2490 2984 2562; x_wconf 68' lang='grc' dir='ltr'><strong>φιλοξενίας</strong></span> <span class='ocrx_word' id='word_1_274' title='bbox 3005 2531 3020 2557; x_wconf 91' lang='grc'><strong>,</strong></span> 
     </span>
    </p>
   </div>
   <div class='ocr_carea' id='block_1_38' title="bbox 463 2575 1967 2655">
    <p class='ocr_par' dir='ltr' id='par_1_38' title="bbox 463 2575 1505 2649">
     <span class='ocr_line' id='line_1_38' title="bbox 463 2575 1505 2649; baseline 0.006 -19"><span class='ocrx_word' id='word_1_275' title='bbox 463 2576 552 2630; x_wconf 72' lang='lat' dir='ltr'><strong>ﬂ.</strong></span> <span class='ocrx_word' id='word_1_276' title='bbox 596 2575 664 2630; x_wconf 84' lang='lat' dir='ltr'><strong>Et</strong></span> <span class='ocrx_word' id='word_1_277' title='bbox 687 2579 826 2631; x_wconf 87' lang='lat' dir='ltr'><strong>alius</strong></span> <span class='ocrx_word' id='word_1_278' title='bbox 856 2581 947 2649; x_wconf 86' lang='lat' dir='ltr'><strong>qui</strong></span> <span class='ocrx_word' id='word_1_279' title='bbox 973 2578 1147 2635; x_wconf 84' lang='lat' dir='ltr'><strong>Clavis</strong></span> <span class='ocrx_word' id='word_1_280' title='bbox 1178 2581 1505 2637; x_wconf 71' lang='lat' dir='ltr'><strong>inscribitur.</strong></span> 
     </span>
    </p>
   </div>
   <div class='ocr_carea' id='block_1_39' title="bbox 1169 2575 2673 2655">
    <p class='ocr_par' dir='ltr' id='par_1_39' title="bbox 1178 2581 2673 2655">
     <span class='ocr_line' id='line_1_39' title="bbox 1178 2581 2673 2655; baseline 0.003 -21"><span class='ocrx_word' id='word_1_281' title='bbox 1178 2581 1505 2637; x_wconf 71' lang='lat' dir='ltr'><strong>inscribitur.</strong></span> <span class='ocrx_word' id='word_1_282' title='bbox 2144 2587 2233 2639; x_wconf 78' lang='grc'><strong>14.</strong></span> <span class='ocrx_word' id='word_1_283' title='bbox 2274 2587 2382 2641; x_wconf 85' lang='lat' dir='ltr'><strong>Kal</strong></span> <span class='ocrx_word' id='word_1_284' title='bbox 2413 2588 2451 2655; x_wconf 72' lang='grc' dir='ltr'><strong><em>ἡ</em></strong></span> <span class='ocrx_word' id='word_1_285' title='bbox 2474 2587 2673 2652; x_wconf 82' lang='grc' dir='ltr'><strong>Κλείς.</strong></span> 
     </span>
    </p>
   </div>
   <div class='ocr_carea' id='block_1_40' title="bbox 464 2667 1968 2749">
    <p class='ocr_par' dir='ltr' id='par_1_40' title="bbox 464 2667 1437 2737">
     <span class='ocr_line' id='line_1_40' title="bbox 464 2667 1437 2737; baseline 0.003 -15"><span class='ocrx_word' id='word_1_286' title='bbox 464 2667 556 2722; x_wconf 81' lang='grc'><strong>15.</strong></span> <span class='ocrx_word' id='word_1_287' title='bbox 595 2667 720 2722; x_wconf 82' lang='lat' dir='ltr'><strong>Alia</strong></span> <span class='ocrx_word' id='word_1_288' title='bbox 737 2669 866 2722; x_wconf 85' lang='lat' dir='ltr'><strong>item</strong></span> <span class='ocrx_word' id='word_1_289' title='bbox 889 2670 1087 2734; x_wconf 85' lang='lat' dir='ltr'><strong>scripta</strong></span> <span class='ocrx_word' id='word_1_290' title='bbox 1113 2671 1176 2725; x_wconf 91' lang='lat' dir='ltr'><strong>de</strong></span> <span class='ocrx_word' id='word_1_291' title='bbox 1201 2671 1437 2737; x_wconf 82' lang='lat' dir='ltr'><strong>diabolo,</strong></span> 
     </span>
    </p>
   </div>
   <div class='ocr_carea' id='block_1_41' title="bbox 1593 2667 3097 2749">
    <p class='ocr_par' dir='ltr' id='par_1_41' title="bbox 2143 2677 3097 2749">
     <span class='ocr_line' id='line_1_41' title="bbox 2143 2677 3097 2749; baseline 0.002 -19"><span class='ocrx_word' id='word_1_292' title='bbox 2143 2677 2230 2732; x_wconf 82' lang='grc'><strong>15.</strong></span> <span class='ocrx_word' id='word_1_293' title='bbox 2273 2680 2381 2733; x_wconf 89' lang='lat' dir='ltr'><strong>Kal</strong></span> <span class='ocrx_word' id='word_1_294' title='bbox 2419 2681 2493 2734; x_wconf 86' lang='grc' dir='ltr'><strong>τὰ</strong></span> <span class='ocrx_word' id='word_1_295' title='bbox 2515 2678 2777 2749; x_wconf 72' lang='grc' dir='ltr'><em>περὶτοῦ</em></span> <span class='ocrx_word' id='word_1_296' title='bbox 2795 2679 3097 2742; x_wconf 77' lang='grc' dir='ltr'><em>διαϐόλου,</em></span> 
     </span>
    </p>
   </div>
   <div class='ocr_carea' id='block_1_42' title="bbox 469 2760 1973 2840">
    <p class='ocr_par' dir='ltr' id='par_1_42' title="bbox 469 2760 1383 2836">
     <span class='ocr_line' id='line_1_42' title="bbox 469 2760 1383 2836; baseline 0.008 -21"><span class='ocrx_word' id='word_1_297' title='bbox 469 2760 560 2820; x_wconf 87' lang='grc'><strong>16.</strong></span> <span class='ocrx_word' id='word_1_298' title='bbox 598 2764 664 2816; x_wconf 83' lang='grc' dir='ltr'><em>Ει</em></span> <span class='ocrx_word' id='word_1_299' title='bbox 682 2769 746 2816; x_wconf 86' lang='lat' dir='ltr'><strong>de</strong></span> <span class='ocrx_word' id='word_1_300' title='bbox 780 2764 1099 2836; x_wconf 69' lang='lat' dir='ltr'><strong>Apocalypsi</strong></span> <span class='ocrx_word' id='word_1_301' title='bbox 1131 2765 1383 2834; x_wconf 82' lang='lat' dir='ltr'><strong>Joannis,</strong></span> 
     </span>
    </p>
   </div>
   <div class='ocr_carea' id='block_1_43' title="bbox 2006 2760 3510 2840">
    <p class='ocr_par' dir='ltr' id='par_1_43' title="bbox 2140 2767 3510 2840">
     <span class='ocr_line' id='line_1_43' title="bbox 2140 2767 3510 2840; baseline 0 -16"><span class='ocrx_word' id='word_1_302' title='bbox 2140 2769 2231 2825; x_wconf 88' lang='grc'><strong>16.</strong></span> <span class='ocrx_word' id='word_1_303' title='bbox 2263 2771 2374 2825; x_wconf 85' lang='lat' dir='ltr'><strong>Kal</strong></span> <span class='ocrx_word' id='word_1_304' title='bbox 2411 2770 2549 2840; x_wconf 74' lang='grc' dir='ltr'><em>περὶ</em></span> <span class='ocrx_word' id='word_1_305' title='bbox 2571 2770 2682 2839; x_wconf 82' lang='grc' dir='ltr'><em>τῆς</em></span> <span class='ocrx_word' id='word_1_306' title='bbox 2717 2771 3171 2838; x_wconf 73' lang='grc' dir='ltr'><strong>’Ἀποκωιύψεως</strong></span> <span class='ocrx_word' id='word_1_307' title='bbox 3212 2767 3510 2836; x_wconf 79' lang='grc' dir='ltr'><em>Ἰωάννου,</em></span> 
     </span>
    </p>
   </div>
   <div class='ocr_carea' id='block_1_44' title="bbox 465 2853 1969 2930">
    <p class='ocr_par' dir='ltr' id='par_1_44' title="bbox 465 2853 1208 2928">
     <span class='ocr_line' id='line_1_44' title="bbox 465 2853 1208 2928; baseline 0.007 -19"><span class='ocrx_word' id='word_1_308' title='bbox 465 2853 554 2909; x_wconf 88' lang='grc'><strong>17.</strong></span> <span class='ocrx_word' id='word_1_309' title='bbox 598 2853 668 2909; x_wconf 85' lang='lat' dir='ltr'><strong>Et</strong></span> <span class='ocrx_word' id='word_1_310' title='bbox 690 2857 754 2910; x_wconf 88' lang='lat' dir='ltr'><strong>de</strong></span> <span class='ocrx_word' id='word_1_311' title='bbox 776 2857 882 2912; x_wconf 86' lang='lat' dir='ltr'><strong>Deo</strong></span> <span class='ocrx_word' id='word_1_312' title='bbox 911 2870 1208 2928; x_wconf 86' lang='lat' dir='ltr'><strong>corporato.</strong></span> 
     </span>
    </p>
   </div>
   <div class='ocr_carea' id='block_1_45' title="bbox 1664 2853 3168 2930">
    <p class='ocr_par' dir='ltr' id='par_1_45' title="bbox 2140 2859 3168 2930">
     <span class='ocr_line' id='line_1_45' title="bbox 2140 2859 3168 2930; baseline 0.002 -18"><span class='ocrx_word' id='word_1_313' title='bbox 2140 2859 2228 2912; x_wconf 88' lang='grc'><strong>17.</strong></span> <span class='ocrx_word' id='word_1_314' title='bbox 2262 2861 2372 2914; x_wconf 83' lang='lat' dir='ltr'><strong>Kal</strong></span> <span class='ocrx_word' id='word_1_315' title='bbox 2403 2863 2436 2914; x_wconf 86' lang='grc' dir='ltr'><em>ὀ</em></span> <span class='ocrx_word' id='word_1_316' title='bbox 2465 2861 2597 2928; x_wconf 73' lang='grc' dir='ltr'><em>περὶ</em></span> <span class='ocrx_word' id='word_1_317' title='bbox 2625 2859 2974 2930; x_wconf 79' lang='grc' dir='ltr'><em>ὲνσωμάτου</em></span> <span class='ocrx_word' id='word_1_318' title='bbox 3001 2859 3168 2914; x_wconf 84' lang='grc' dir='ltr'><em>Θεοῦ.</em></span> 
     </span>
    </p>
   </div>
   <div class='ocr_carea' id='block_1_46' title="bbox 463 2943 1967 3020">
    <p class='ocr_par' dir='ltr' id='par_1_46' title="bbox 463 2943 1967 3006">
     <span class='ocr_line' id='line_1_46' title="bbox 463 2943 1967 3006; baseline 0.005 -9"><span class='ocrx_word' id='word_1_319' title='bbox 463 2943 552 3000; x_wconf 90' lang='grc'><strong>18.</strong></span> <span class='ocrx_word' id='word_1_320' title='bbox 598 2946 902 3003; x_wconf 81' lang='lat' dir='ltr'><strong>Postremus</strong></span> <span class='ocrx_word' id='word_1_321' title='bbox 927 2951 1161 3003; x_wconf 83' lang='lat' dir='ltr'><strong>omnium</strong></span> <span class='ocrx_word' id='word_1_322' title='bbox 1196 2960 1272 3005; x_wconf 86' lang='lat' dir='ltr'><strong>est</strong></span> <span class='ocrx_word' id='word_1_323' title='bbox 1309 2949 1520 3004; x_wconf 87' lang='lat' dir='ltr'><strong>libellus</strong></span> <span class='ocrx_word' id='word_1_324' title='bbox 1545 2950 1616 3004; x_wconf 82' lang='lat' dir='ltr'><strong>ad</strong></span> <span class='ocrx_word' id='word_1_325' title='bbox 1642 2951 1967 3006; x_wconf 73' lang='lat' dir='ltr'><strong>Antoninum</strong></span> 
     </span>
    </p>
   </div>
   <div class='ocr_carea' id='block_1_47' title="bbox 2211 2943 3715 3020">
    <p class='ocr_par' dir='ltr' id='par_1_47' title="bbox 2211 2950 3715 3020">
     <span class='ocr_line' id='line_1_47' title="bbox 2211 2950 3715 3020; baseline 0 -16"><span class='ocrx_word' id='word_1_326' title='bbox 2211 2991 2226 3004; x_wconf 94' lang='lat'><strong>.</strong></span> <span class='ocrx_word' id='word_1_327' title='bbox 2281 2951 2402 3005; x_wconf 75' lang='grc' dir='ltr'><strong>Ἐπὶ</strong></span> <span class='ocrx_word' id='word_1_328' title='bbox 2423 2951 2575 3007; x_wconf 72' lang='grc' dir='ltr'><em>πᾶσι</em></span> <span class='ocrx_word' id='word_1_329' title='bbox 2603 2951 2792 3005; x_wconf 76' lang='grc' dir='ltr'><em>καὶτὸ</em></span> <span class='ocrx_word' id='word_1_330' title='bbox 2834 2950 2984 3020; x_wconf 74' lang='grc' dir='ltr'><em>πρὸς</em></span> <span class='ocrx_word' id='word_1_331' title='bbox 3031 2951 3374 3006; x_wconf 61' lang='grc' dir='ltr'><em>Ἁντωνῐυον</em></span> <span class='ocrx_word' id='word_1_332' title='bbox 3386 2950 3715 3016; x_wconf 77' lang='grc' dir='ltr'><em>βιελίὄισν.</em></span> 
     </span>
    </p>
   </div>
   <div class='ocr_carea' id='block_1_48' title="bbox 527 3088 2943 3166">
    <p class='ocr_par' dir='ltr' id='par_1_48' title="bbox 527 3088 2943 3166">
     <span class='ocr_line' id='line_1_48' title="bbox 527 3088 2943 3166; baseline 0 -23"><span class='ocrx_word' id='word_1_333' title='bbox 527 3088 760 3157; x_wconf 87' lang='lat' dir='ltr'><strong>Quibus,</strong></span> <span class='ocrx_word' id='word_1_334' title='bbox 790 3093 1128 3165; x_wconf 86' lang='lat' dir='ltr'><strong>interpositis</strong></span> <span class='ocrx_word' id='word_1_335' title='bbox 1153 3093 1472 3166; x_wconf 78' lang='lat' dir='ltr'><strong>fragmentis</strong></span> <span class='ocrx_word' id='word_1_336' title='bbox 1493 3098 1793 3166; x_wconf 86' lang='lat' dir='ltr'><strong>nonnullis,</strong></span> <span class='ocrx_word' id='word_1_337' title='bbox 1829 3099 2046 3154; x_wconf 90' lang='lat' dir='ltr'><strong>tandem</strong></span> <span class='ocrx_word' id='word_1_338' title='bbox 2085 3096 2189 3152; x_wconf 94' lang='lat' dir='ltr'><strong>sub</strong></span> <span class='ocrx_word' id='word_1_339' title='bbox 2233 3095 2394 3150; x_wconf 82' lang='lat' dir='ltr'><strong>linem</strong></span> <span class='ocrx_word' id='word_1_340' title='bbox 2441 3091 2637 3162; x_wconf 78' lang='lat' dir='ltr'><strong>capitis</strong></span> <span class='ocrx_word' id='word_1_341' title='bbox 2665 3090 2943 3146; x_wconf 88' lang='lat' dir='ltr'><strong>adduntur</strong></span> 
     </span>
    </p>
   </div>
   <div class='ocr_carea' id='block_1_49' title="bbox 463 3203 1967 3279">
    <p class='ocr_par' dir='ltr' id='par_1_49' title="bbox 463 3206 1269 3276">
     <span class='ocr_line' id='line_1_49' title="bbox 463 3206 1269 3276; baseline 0.002 -14"><span class='ocrx_word' id='word_1_342' title='bbox 463 3206 554 3262; x_wconf 85' lang='grc'><strong>19.</strong></span> <span class='ocrx_word' id='word_1_343' title='bbox 597 3206 979 3276; x_wconf 72' lang='grc' dir='ltr'><em>Επενριοηιιπ</em></span> <span class='ocrx_word' id='word_1_344' title='bbox 1009 3207 1135 3262; x_wconf 85' lang='lat' dir='ltr'><strong>libri</strong></span> <span class='ocrx_word' id='word_1_345' title='bbox 1158 3224 1269 3264; x_wconf 68' lang='lat' dir='ltr'><strong>sex.</strong></span> 
     </span>
    </p>
   </div>
   <div class='ocr_carea' id='block_1_50' title="bbox 1404 3203 2908 3279">
    <p class='ocr_par' dir='ltr' id='par_1_50' title="bbox 2124 3203 2908 3279">
     <span class='ocr_line' id='line_1_50' title="bbox 2124 3203 2908 3279; baseline -0.01 -15"><span class='ocrx_word' id='word_1_346' title='bbox 2124 3212 2211 3267; x_wconf 68' lang='lat'><strong>19.</strong></span> <span class='ocrx_word' id='word_1_347' title='bbox 2267 3208 2560 3279; x_wconf 70' lang='grc' dir='ltr'><em>Ἐκλοώ</em></span> <span class='ocrx_word' id='word_1_348' title='bbox 2586 3203 2653 3272; x_wconf 79' lang='grc' dir='ltr'><strong>ἐξ</strong></span> <span class='ocrx_word' id='word_1_349' title='bbox 2679 3207 2908 3271; x_wconf 78' lang='grc' dir='ltr'><em>βιϐλία.</em></span> 
     </span>
    </p>
   </div>
   <div class='ocr_carea' id='block_1_51' title="bbox 522 3338 3712 3415">
    <p class='ocr_par' dir='ltr' id='par_1_51' title="bbox 522 3338 3712 3415">
     <span class='ocr_line' id='line_1_51' title="bbox 522 3338 3712 3415; baseline 0.003 -22"><span class='ocrx_word' id='word_1_350' title='bbox 522 3338 636 3395; x_wconf 88' lang='lat' dir='ltr'><strong>lloc</strong></span> <span class='ocrx_word' id='word_1_351' title='bbox 659 3338 850 3394; x_wconf 87' lang='lat' dir='ltr'><strong>ordine</strong></span> <span class='ocrx_word' id='word_1_352' title='bbox 873 3341 1084 3410; x_wconf 87' lang='lat' dir='ltr'><strong>haeque</strong></span> <span class='ocrx_word' id='word_1_353' title='bbox 1124 3343 1264 3398; x_wconf 87' lang='lat' dir='ltr'><strong>serie</strong></span> <span class='ocrx_word' id='word_1_354' title='bbox 1289 3341 1645 3399; x_wconf 68' lang='lat' dir='ltr'><strong>Caesariensis</strong></span> <span class='ocrx_word' id='word_1_355' title='bbox 1674 3343 1947 3400; x_wconf 84' lang='lat' dir='ltr'><strong>Melitonis</strong></span> <span class='ocrx_word' id='word_1_356' title='bbox 1970 3344 2312 3399; x_wconf 84' lang='lat' dir='ltr'><strong>enumeravit</strong></span> <span class='ocrx_word' id='word_1_357' title='bbox 2337 3343 2564 3414; x_wconf 80' lang='lat' dir='ltr'><strong>scripta,</strong></span> <span class='ocrx_word' id='word_1_358' title='bbox 2603 3357 2864 3412; x_wconf 85' lang='lat' dir='ltr'><strong>quorum,</strong></span> <span class='ocrx_word' id='word_1_359' title='bbox 2885 3358 2952 3396; x_wconf 82' lang='lat' dir='ltr'><strong>ex</strong></span> <span class='ocrx_word' id='word_1_360' title='bbox 2976 3343 3168 3398; x_wconf 87' lang='lat' dir='ltr'><strong>eodem</strong></span> <span class='ocrx_word' id='word_1_361' title='bbox 3221 3358 3450 3415; x_wconf 86' lang='lat' dir='ltr'><strong>quoque</strong></span> <span class='ocrx_word' id='word_1_362' title='bbox 3487 3355 3712 3404; x_wconf 75' lang='lat' dir='ltr'><strong>auctore</strong></span> 
     </span>
    </p>
   </div>
   <div class='ocr_carea' id='block_1_52' title="bbox 449 3433 3710 3512">
    <p class='ocr_par' dir='ltr' id='par_1_52' title="bbox 449 3433 3710 3512">
     <span class='ocr_line' id='line_1_52' title="bbox 449 3433 3710 3512; baseline 0.002 -21"><span class='ocrx_word' id='word_1_363' title='bbox 449 3437 763 3506; x_wconf 81' lang='lat' dir='ltr'><strong>eatalogum</strong></span> <span class='ocrx_word' id='word_1_364' title='bbox 787 3435 936 3490; x_wconf 89' lang='lat' dir='ltr'><strong>dedit</strong></span> <span class='ocrx_word' id='word_1_365' title='bbox 963 3433 1266 3493; x_wconf 78' lang='lat' dir='ltr'><strong>lialloixius</strong></span> <span class='ocrx_word' id='word_1_366' title='bbox 1284 3437 1419 3509; x_wconf 79' lang='lat'><strong>(8‘2),</strong></span> <span class='ocrx_word' id='word_1_367' title='bbox 1445 3448 1530 3494; x_wconf 87' lang='lat' dir='ltr'><strong>ast</strong></span> <span class='ocrx_word' id='word_1_368' title='bbox 1551 3439 1707 3494; x_wconf 81' lang='lat' dir='ltr'><strong>valde</strong></span> <span class='ocrx_word' id='word_1_369' title='bbox 1725 3440 2003 3494; x_wconf 88' lang='lat' dir='ltr'><strong>diversum</strong></span> <span class='ocrx_word' id='word_1_370' title='bbox 2026 3455 2056 3493; x_wconf 91' lang='lat' dir='ltr'><strong>a</strong></span> <span class='ocrx_word' id='word_1_371' title='bbox 2079 3449 2297 3504; x_wconf 88' lang='lat' dir='ltr'><strong>nostro;</strong></span> <span class='ocrx_word' id='word_1_372' title='bbox 2321 3454 2490 3492; x_wconf 91' lang='lat' dir='ltr'><strong>unum</strong></span> <span class='ocrx_word' id='word_1_373' title='bbox 2516 3439 2661 3491; x_wconf 86' lang='lat' dir='ltr'><strong>enim</strong></span> <span class='ocrx_word' id='word_1_374' title='bbox 2683 3447 2737 3490; x_wconf 92' lang='lat' dir='ltr'><strong>et</strong></span> <span class='ocrx_word' id='word_1_375' title='bbox 2755 3437 2947 3506; x_wconf 81' lang='lat' dir='ltr'><strong>viginti</strong></span> <span class='ocrx_word' id='word_1_376' title='bbox 2978 3449 3249 3503; x_wconf 85' lang='lat' dir='ltr'><strong>numerat,</strong></span> <span class='ocrx_word' id='word_1_377' title='bbox 3274 3440 3373 3505; x_wconf 91' lang='lat' dir='ltr'><strong>ita,</strong></span> <span class='ocrx_word' id='word_1_378' title='bbox 3398 3450 3460 3496; x_wconf 87' lang='lat' dir='ltr'><strong>ut</strong></span> <span class='ocrx_word' id='word_1_379' title='bbox 3483 3457 3710 3512; x_wconf 83' lang='lat' dir='ltr'><strong>prorsus</strong></span> 
     </span>
    </p>
   </div>
   <div class='ocr_carea' id='block_1_53' title="bbox 448 3529 3706 3605">
    <p class='ocr_par' dir='ltr' id='par_1_53' title="bbox 448 3529 3706 3605">
     <span class='ocr_line' id='line_1_53' title="bbox 448 3529 3706 3605; baseline 0.001 -19"><span class='ocrx_word' id='word_1_380' title='bbox 448 3529 713 3594; x_wconf 75' lang='lat' dir='ltr'><strong>nesciam,</strong></span> <span class='ocrx_word' id='word_1_381' title='bbox 742 3543 1038 3598; x_wconf 73' lang='lat' dir='ltr'><strong>quemnam</strong></span> <span class='ocrx_word' id='word_1_382' title='bbox 1081 3530 1392 3588; x_wconf 83' lang='lat' dir='ltr'><strong>adhibuerit</strong></span> <span class='ocrx_word' id='word_1_383' title='bbox 1431 3532 1651 3589; x_wconf 84' lang='lat' dir='ltr'><strong>Eusebii</strong></span> <span class='ocrx_word' id='word_1_384' title='bbox 1701 3534 2018 3589; x_wconf 90' lang='lat' dir='ltr'><strong>editionem.</strong></span> <span class='ocrx_word' id='word_1_385' title='bbox 2066 3531 2270 3586; x_wconf 78' lang='lat' dir='ltr'><strong>Valesii</strong></span> <span class='ocrx_word' id='word_1_386' title='bbox 2304 3542 2358 3586; x_wconf 91' lang='lat' dir='ltr'><strong>et</strong></span> <span class='ocrx_word' id='word_1_387' title='bbox 2394 3531 2680 3601; x_wconf 79' lang='lat' dir='ltr'><strong>Readingii</strong></span> <span class='ocrx_word' id='word_1_388' title='bbox 2710 3531 2844 3584; x_wconf 85' lang='lat' dir='ltr'><strong>mihi</strong></span> <span class='ocrx_word' id='word_1_389' title='bbox 2891 3531 2959 3584; x_wconf 90' lang='lat' dir='ltr'><strong>ad</strong></span> <span class='ocrx_word' id='word_1_390' title='bbox 2999 3547 3196 3586; x_wconf 88' lang='lat' dir='ltr'><strong>manus</strong></span> <span class='ocrx_word' id='word_1_391' title='bbox 3219 3531 3342 3600; x_wconf 80' lang='lat' dir='ltr'><strong>iuit,</strong></span> <span class='ocrx_word' id='word_1_392' title='bbox 3379 3549 3417 3588; x_wconf 82' lang='lat' dir='ltr'><strong>a</strong></span> <span class='ocrx_word' id='word_1_393' title='bbox 3445 3551 3558 3605; x_wconf 89' lang='lat' dir='ltr'><strong>qua</strong></span> <span class='ocrx_word' id='word_1_394' title='bbox 3602 3550 3706 3590; x_wconf 76' lang='lat' dir='ltr'><strong>non</strong></span> 
     </span>
    </p>
   </div>
   <div class='ocr_carea' id='block_1_54' title="bbox 449 3621 1002 3679">
    <p class='ocr_par' dir='ltr' id='par_1_54' title="bbox 449 3621 1002 3679">
     <span class='ocr_line' id='line_1_54' title="bbox 449 3621 1002 3679; baseline 0.005 -3"><span class='ocrx_word' id='word_1_395' title='bbox 449 3621 553 3678; x_wconf 90' lang='lat' dir='ltr'><strong>nisi</strong></span> <span class='ocrx_word' id='word_1_396' title='bbox 581 3623 750 3678; x_wconf 89' lang='lat' dir='ltr'><strong>semel</strong></span> <span class='ocrx_word' id='word_1_397' title='bbox 773 3623 1002 3679; x_wconf 84' lang='lat' dir='ltr'><strong>recessi.</strong></span> 
     </span>
    </p>
   </div>
   <div class='ocr_carea' id='block_1_55' title="bbox 1256 3716 2896 3790">
    <p class='ocr_par' dir='ltr' id='par_1_55' title="bbox 1256 3716 2896 3790">
     <span class='ocr_line' id='line_1_55' title="bbox 1256 3716 2896 3790; baseline -0.002 -17"><span class='ocrx_word' id='word_1_398' title='bbox 1256 3718 1283 3790; x_wconf 61' lang='grc' dir='ltr'>ᾗ</span> <span class='ocrx_word' id='word_1_399' title='bbox 1313 3716 1408 3773; x_wconf 84' lang='grc' dir='ltr'><strong>ΠΙ.</strong></span> <span class='ocrx_word' id='word_1_400' title='bbox 1447 3718 1662 3773; x_wconf 84' lang='lat' dir='ltr'><strong>Eusebii</strong></span> <span class='ocrx_word' id='word_1_401' title='bbox 1685 3718 1974 3790; x_wconf 86' lang='lat' dir='ltr'><strong>Catalogus</strong></span> <span class='ocrx_word' id='word_1_402' title='bbox 2006 3735 2125 3773; x_wconf 88' lang='lat' dir='ltr'><strong>cum</strong></span> <span class='ocrx_word' id='word_1_403' title='bbox 2153 3717 2570 3787; x_wconf 80' lang='lat' dir='ltr'><strong>Hieronymiano</strong></span> <span class='ocrx_word' id='word_1_404' title='bbox 2603 3716 2896 3786; x_wconf 78' lang='lat' dir='ltr'><strong>confertur.</strong></span> 
     </span>
    </p>
   </div>
   <div class='ocr_carea' id='block_1_56' title="bbox 514 3871 3702 3946">
    <p class='ocr_par' dir='ltr' id='par_1_56' title="bbox 514 3871 3702 3946">
     <span class='ocr_line' id='line_1_56' title="bbox 514 3871 3702 3946; baseline 0.002 -20"><span class='ocrx_word' id='word_1_405' title='bbox 514 3871 600 3927; x_wconf 78' lang='lat' dir='ltr'><strong>Ab</strong></span> <span class='ocrx_word' id='word_1_406' title='bbox 631 3871 866 3927; x_wconf 88' lang='lat' dir='ltr'><strong>Eusebio</strong></span> <span class='ocrx_word' id='word_1_407' title='bbox 887 3872 941 3926; x_wconf 91' lang='lat' dir='ltr'><strong>in</strong></span> <span class='ocrx_word' id='word_1_408' title='bbox 967 3872 1160 3942; x_wconf 80' lang='lat' dir='ltr'><strong>paucis</strong></span> <span class='ocrx_word' id='word_1_409' title='bbox 1183 3872 1439 3929; x_wconf 85' lang='lat' dir='ltr'><strong>diversus</strong></span> <span class='ocrx_word' id='word_1_410' title='bbox 1470 3883 1554 3931; x_wconf 88' lang='lat' dir='ltr'><strong>est</strong></span> <span class='ocrx_word' id='word_1_411' title='bbox 1579 3873 1968 3946; x_wconf 82' lang='lat' dir='ltr'><strong>Hieronymus.</strong></span> <span class='ocrx_word' id='word_1_412' title='bbox 1992 3873 2306 3943; x_wconf 78' lang='lat' dir='ltr'><strong>Apologiam</strong></span> <span class='ocrx_word' id='word_1_413' title='bbox 2333 3873 2478 3926; x_wconf 88' lang='lat' dir='ltr'><strong>enim</strong></span> <span class='ocrx_word' id='word_1_414' title='bbox 2523 3872 2703 3941; x_wconf 85' lang='lat' dir='ltr'><strong>primo</strong></span> <span class='ocrx_word' id='word_1_415' title='bbox 2731 3872 2855 3927; x_wconf 90' lang='lat' dir='ltr'><strong>loco</strong></span> <span class='ocrx_word' id='word_1_416' title='bbox 2884 3872 3184 3938; x_wconf 87' lang='lat' dir='ltr'><strong>recensuit,</strong></span> <span class='ocrx_word' id='word_1_417' title='bbox 3217 3887 3388 3942; x_wconf 88' lang='lat' dir='ltr'><strong>quam</strong></span> <span class='ocrx_word' id='word_1_418' title='bbox 3424 3873 3702 3932; x_wconf 84' lang='lat' dir='ltr'><strong>Eusebius</strong></span> 
     </span>
    </p>
   </div>
   <div class='ocr_carea' id='block_1_57' title="bbox 442 3961 1946 4037">
    <p class='ocr_par' dir='ltr' id='par_1_57' title="bbox 442 3966 1944 4037">
     <span class='ocr_line' id='line_1_57' title="bbox 442 3966 1944 4037; baseline -0.002 -15"><span class='ocrx_word' id='word_1_419' title='bbox 442 3966 661 4032; x_wconf 88' lang='lat' dir='ltr'><strong>ultimo,</strong></span> <span class='ocrx_word' id='word_1_420' title='bbox 684 3966 947 4037; x_wconf 87' lang='lat' dir='ltr'><strong>temporis</strong></span> <span class='ocrx_word' id='word_1_421' title='bbox 969 3983 1076 4020; x_wconf 91' lang='lat' dir='ltr'><strong>non</strong></span> <span class='ocrx_word' id='word_1_422' title='bbox 1110 3968 1294 4022; x_wconf 87' lang='lat' dir='ltr'><strong>habita</strong></span> <span class='ocrx_word' id='word_1_423' title='bbox 1321 3967 1552 4024; x_wconf 87' lang='lat' dir='ltr'><strong>ratione.</strong></span> <span class='ocrx_word' id='word_1_424' title='bbox 1584 3967 1790 4023; x_wconf 84' lang='lat' dir='ltr'><strong>Deinde</strong></span> <span class='ocrx_word' id='word_1_425' title='bbox 1820 3969 1944 4023; x_wconf 72' lang='lat' dir='ltr'><strong>libri</strong></span> 
     </span>
    </p>
   </div>
   <div class='ocr_carea' id='block_1_58' title="bbox 2194 3961 3698 4037">
    <p class='ocr_par' dir='ltr' id='par_1_58' title="bbox 2219 3961 3698 4036">
     <span class='ocr_line' id='line_1_58' title="bbox 2219 3961 3698 4036; baseline 0.001 -17"><span class='ocrx_word' id='word_1_426' title='bbox 2219 3967 2458 4036; x_wconf 69' lang='grc' dir='ltr'><em>φύσεως</em></span> <span class='ocrx_word' id='word_1_427' title='bbox 2485 3964 2802 4033; x_wconf 77' lang='grc' dir='ltr'><em>ἀνθρώπου</em></span> <span class='ocrx_word' id='word_1_428' title='bbox 2837 3967 3049 4020; x_wconf 90' lang='lat' dir='ltr'><strong>omisit.</strong></span> <span class='ocrx_word' id='word_1_429' title='bbox 3084 3961 3259 4019; x_wconf 87' lang='lat' dir='ltr'><strong>Porro</strong></span> <span class='ocrx_word' id='word_1_430' title='bbox 3301 3966 3514 4022; x_wconf 88' lang='lat' dir='ltr'><strong>librum</strong></span> <span class='ocrx_word' id='word_1_431' title='bbox 3566 3969 3698 4036; x_wconf 79' lang='grc' dir='ltr'><em>Περὶ</em></span> 
     </span>
    </p>
   </div>
   <div class='ocr_carea' id='block_1_59' title="bbox 441 4056 1945 4130">
    <p class='ocr_par' dir='ltr' id='par_1_59' title="bbox 441 4059 1942 4130">
     <span class='ocr_line' id='line_1_59' title="bbox 441 4059 1942 4130; baseline 0 -17"><span class='ocrx_word' id='word_1_432' title='bbox 441 4059 718 4127; x_wconf 80' lang='grc' dir='ltr'><em>ὑπακοῆς</em></span> <span class='ocrx_word' id='word_1_433' title='bbox 749 4060 1007 4125; x_wconf 85' lang='grc' dir='ltr'><em>πίστεως</em></span> <span class='ocrx_word' id='word_1_434' title='bbox 1041 4060 1460 4128; x_wconf 77' lang='grc' dir='ltr'><em>αἰσθητηρίων,</em></span> <span class='ocrx_word' id='word_1_435' title='bbox 1481 4075 1646 4130; x_wconf 89' lang='lat' dir='ltr'><strong>quem</strong></span> <span class='ocrx_word' id='word_1_436' title='bbox 1667 4061 1903 4129; x_wconf 88' lang='lat' dir='ltr'><strong>septimo</strong></span> <span class='ocrx_word' id='word_1_437' title='bbox 1927 4061 1942 4112; x_wconf 95' lang='lat' dir='ltr'><strong>l</strong></span> 
     </span>
    </p>
   </div>
   <div class='ocr_carea' id='block_1_60' title="bbox 2194 4056 3698 4130">
    <p class='ocr_par' dir='ltr' id='par_1_60' title="bbox 2194 4056 3698 4124">
     <span class='ocr_line' id='line_1_60' title="bbox 2194 4056 3698 4124; baseline 0.003 -13"><span class='ocrx_word' id='word_1_438' title='bbox 2194 4058 2418 4113; x_wconf 88' lang='lat' dir='ltr'><strong>Eusebio</strong></span> <span class='ocrx_word' id='word_1_439' title='bbox 2441 4058 2870 4117; x_wconf 80' lang='lat' dir='ltr'><strong>nominavimus.</strong></span> <span class='ocrx_word' id='word_1_440' title='bbox 2903 4056 3092 4112; x_wconf 86' lang='lat' dir='ltr'><strong>divisit</strong></span> <span class='ocrx_word' id='word_1_441' title='bbox 3128 4058 3183 4111; x_wconf 93' lang='lat' dir='ltr'><strong>in</strong></span> <span class='ocrx_word' id='word_1_442' title='bbox 3220 4057 3362 4112; x_wconf 91' lang='lat' dir='ltr'><strong>duos</strong></span> <span class='ocrx_word' id='word_1_443' title='bbox 3391 4099 3410 4124; x_wconf 95' lang='lat'><strong>,</strong></span> <span class='ocrx_word' id='word_1_444' title='bbox 3449 4070 3514 4114; x_wconf 91' lang='lat' dir='ltr'><strong>ut</strong></span> <span class='ocrx_word' id='word_1_445' title='bbox 3556 4076 3698 4115; x_wconf 79' lang='lat' dir='ltr'><strong>unus</strong></span> 
     </span>
    </p>
   </div>
   <div class='ocr_carea' id='block_1_61' title="bbox 443 4148 3699 4220">
    <p class='ocr_par' dir='ltr' id='par_1_61' title="bbox 443 4148 3699 4220">
     <span class='ocr_line' id='line_1_61' title="bbox 443 4148 3699 4220; baseline 0 -13"><span class='ocrx_word' id='word_1_446' title='bbox 443 4151 518 4207; x_wconf 87' lang='lat' dir='ltr'><strong>sit</strong></span> <span class='ocrx_word' id='word_1_447' title='bbox 542 4150 620 4204; x_wconf 84' lang='lat' dir='ltr'><strong>De</strong></span> <span class='ocrx_word' id='word_1_448' title='bbox 653 4151 777 4220; x_wconf 78' lang='lat' dir='ltr'><strong>fide,</strong></span> <span class='ocrx_word' id='word_1_449' title='bbox 805 4151 942 4206; x_wconf 85' lang='lat' dir='ltr'><strong>alter</strong></span> <span class='ocrx_word' id='word_1_450' title='bbox 962 4150 1039 4205; x_wconf 88' lang='lat' dir='ltr'><strong>De</strong></span> <span class='ocrx_word' id='word_1_451' title='bbox 1069 4150 1328 4205; x_wconf 76' lang='lat' dir='ltr'><strong>sensibus.</strong></span> <span class='ocrx_word' id='word_1_452' title='bbox 1373 4151 1441 4206; x_wconf 90' lang='lat' dir='ltr'><strong>Et</strong></span> <span class='ocrx_word' id='word_1_453' title='bbox 1468 4151 1689 4206; x_wconf 89' lang='lat' dir='ltr'><strong>tandem</strong></span> <span class='ocrx_word' id='word_1_454' title='bbox 1734 4151 1881 4206; x_wconf 83' lang='lat' dir='ltr'><strong>circa</strong></span> <span class='ocrx_word' id='word_1_455' title='bbox 1909 4151 2110 4205; x_wconf 88' lang='lat' dir='ltr'><strong>librum</strong></span> <span class='ocrx_word' id='word_1_456' title='bbox 2144 4148 2281 4217; x_wconf 75' lang='grc' dir='ltr'><em>Περὶ</em></span> <span class='ocrx_word' id='word_1_457' title='bbox 2315 4150 2677 4218; x_wconf 66' lang='grc' dir='ltr'><em>προφητείας</em></span> <span class='ocrx_word' id='word_1_458' title='bbox 2715 4149 3117 4220; x_wconf 86' lang='lat' dir='ltr'><strong>aliquantulum</strong></span> <span class='ocrx_word' id='word_1_459' title='bbox 3142 4148 3409 4206; x_wconf 85' lang='lat' dir='ltr'><strong>desciscit</strong></span> <span class='ocrx_word' id='word_1_460' title='bbox 3448 4167 3483 4208; x_wconf 84' lang='lat' dir='ltr'><strong>a</strong></span> <span class='ocrx_word' id='word_1_461' title='bbox 3524 4153 3699 4208; x_wconf 79' lang='lat' dir='ltr'><strong>verbis</strong></span> 
     </span>
    </p>
   </div>
   <div class='ocr_carea' id='block_1_62' title="bbox 445 4243 2428 4314">
    <p class='ocr_par' dir='ltr' id='par_1_62' title="bbox 445 4243 2428 4314">
     <span class='ocr_line' id='line_1_62' title="bbox 445 4243 2428 4314; baseline -0.001 -17"><span class='ocrx_word' id='word_1_462' title='bbox 445 4243 690 4301; x_wconf 84' lang='lat' dir='ltr'><strong>Eusebii.</strong></span> <span class='ocrx_word' id='word_1_463' title='bbox 727 4243 986 4314; x_wconf 84' lang='lat' dir='ltr'><strong>Reliquas</strong></span> <span class='ocrx_word' id='word_1_464' title='bbox 1009 4244 1272 4299; x_wconf 87' lang='lat' dir='ltr'><strong>minutias</strong></span> <span class='ocrx_word' id='word_1_465' title='bbox 1301 4259 1410 4300; x_wconf 89' lang='lat' dir='ltr'><strong>non</strong></span> <span class='ocrx_word' id='word_1_466' title='bbox 1443 4259 1601 4311; x_wconf 86' lang='lat' dir='ltr'><strong>curo,</strong></span> <span class='ocrx_word' id='word_1_467' title='bbox 1636 4259 1737 4299; x_wconf 90' lang='lat' dir='ltr'><strong>nec</strong></span> <span class='ocrx_word' id='word_1_468' title='bbox 1758 4243 2138 4312; x_wconf 66' lang='lat' dir='ltr'><strong>euraboapud</strong></span> <span class='ocrx_word' id='word_1_469' title='bbox 2166 4243 2428 4313; x_wconf 87' lang='lat' dir='ltr'><strong>reliquos.</strong></span> 
     </span>
    </p>
   </div>
   <div class='ocr_carea' id='block_1_63' title="bbox 1518 4393 2613 4469">
    <p class='ocr_par' dir='ltr' id='par_1_63' title="bbox 1518 4393 2613 4469">
     <span class='ocr_line' id='line_1_63' title="bbox 1518 4393 2613 4469; baseline -0.004 -16"><span class='ocrx_word' id='word_1_470' title='bbox 1518 4399 1545 4469; x_wconf 61' lang='grc' dir='ltr'>ᾗ</span> <span class='ocrx_word' id='word_1_471' title='bbox 1575 4396 1664 4453; x_wconf 75' lang='grc' dir='ltr'><strong>Ν.</strong></span> <span class='ocrx_word' id='word_1_472' title='bbox 1701 4397 1957 4451; x_wconf 75' lang='lat' dir='ltr'><strong>Eusebius</strong></span> <span class='ocrx_word' id='word_1_473' title='bbox 1980 4412 2101 4449; x_wconf 89' lang='lat' dir='ltr'><strong>cum</strong></span> <span class='ocrx_word' id='word_1_474' title='bbox 2133 4393 2337 4464; x_wconf 69' lang='grc' dir='ltr'><em>Βηθεηο</em></span> <span class='ocrx_word' id='word_1_475' title='bbox 2366 4393 2613 4449; x_wconf 89' lang='lat' dir='ltr'><strong>collatus.</strong></span> 
     </span>
    </p>
   </div>
   <div class='ocr_carea' id='block_1_64' title="bbox 510 4547 3695 4623">
    <p class='ocr_par' dir='ltr' id='par_1_64' title="bbox 510 4547 3695 4623">
     <span class='ocr_line' id='line_1_64' title="bbox 510 4547 3695 4623; baseline -0.001 -12"><span class='ocrx_word' id='word_1_476' title='bbox 510 4556 756 4610; x_wconf 75' lang='lat' dir='ltr'><strong>Bullinus</strong></span> <span class='ocrx_word' id='word_1_477' title='bbox 779 4557 836 4608; x_wconf 89' lang='lat' dir='ltr'><strong>in</strong></span> <span class='ocrx_word' id='word_1_478' title='bbox 865 4569 932 4609; x_wconf 84' lang='lat' dir='ltr'><strong>eo</strong></span> <span class='ocrx_word' id='word_1_479' title='bbox 963 4554 1236 4623; x_wconf 79' lang='lat' dir='ltr'><strong>discrepat</strong></span> <span class='ocrx_word' id='word_1_480' title='bbox 1259 4552 1326 4606; x_wconf 82' lang='lat' dir='ltr'><strong>ab</strong></span> <span class='ocrx_word' id='word_1_481' title='bbox 1358 4551 1594 4606; x_wconf 83' lang='lat' dir='ltr'><strong>Eusebio</strong></span> <span class='ocrx_word' id='word_1_482' title='bbox 1627 4550 1774 4620; x_wconf 87' lang='lat' dir='ltr'><strong>quod</strong></span> <span class='ocrx_word' id='word_1_483' title='bbox 1797 4550 2023 4614; x_wconf 89' lang='lat' dir='ltr'><strong>librum,</strong></span> <span class='ocrx_word' id='word_1_484' title='bbox 2050 4563 2213 4618; x_wconf 91' lang='lat' dir='ltr'><strong>quem</strong></span> <span class='ocrx_word' id='word_1_485' title='bbox 2247 4547 2604 4604; x_wconf 65' lang='lat' dir='ltr'><strong>Caesariensis</strong></span> <span class='ocrx_word' id='word_1_486' title='bbox 2629 4549 2932 4604; x_wconf 88' lang='lat' dir='ltr'><strong>secundum</strong></span> <span class='ocrx_word' id='word_1_487' title='bbox 2969 4552 3183 4620; x_wconf 88' lang='lat' dir='ltr'><strong>posuit,</strong></span> <span class='ocrx_word' id='word_1_488' title='bbox 3207 4554 3349 4621; x_wconf 76' lang='grc' dir='ltr'><em>Περὶ</em></span> <span class='ocrx_word' id='word_1_489' title='bbox 3388 4556 3695 4620; x_wconf 73' lang='grc' dir='ltr'><em>πολιτείας</em></span> 
     </span>
    </p>
   </div>
   <div class='ocr_carea' id='block_1_65' title="bbox 433 4640 3693 4716">
    <p class='ocr_par' dir='ltr' id='par_1_65' title="bbox 433 4640 3693 4716">
     <span class='ocr_line' id='line_1_65' title="bbox 433 4640 3693 4716; baseline 0.002 -18"><span class='ocrx_word' id='word_1_490' title='bbox 433 4648 534 4703; x_wconf 65' lang='grc' dir='ltr'><em>καὶ</em></span> <span class='ocrx_word' id='word_1_491' title='bbox 562 4645 899 4716; x_wconf 66' lang='grc' dir='ltr'><em>προφητῶν,</em></span> <span class='ocrx_word' id='word_1_492' title='bbox 937 4645 990 4699; x_wconf 92' lang='lat' dir='ltr'><strong>in</strong></span> <span class='ocrx_word' id='word_1_493' title='bbox 1019 4645 1157 4699; x_wconf 89' lang='lat' dir='ltr'><strong>duos</strong></span> <span class='ocrx_word' id='word_1_494' title='bbox 1185 4644 1407 4698; x_wconf 85' lang='lat' dir='ltr'><strong>divellat</strong></span> <span class='ocrx_word' id='word_1_495' title='bbox 1447 4643 1546 4697; x_wconf 86' lang='lat' dir='ltr'><strong>hoc</strong></span> <span class='ocrx_word' id='word_1_496' title='bbox 1577 4643 1740 4696; x_wconf 89' lang='lat' dir='ltr'><strong>modo</strong></span> <span class='ocrx_word' id='word_1_497' title='bbox 1775 4659 1788 4694; x_wconf 89' lang='lat'><strong>:</strong></span> <span class='ocrx_word' id='word_1_498' title='bbox 1815 4641 1888 4694; x_wconf 88' lang='lat' dir='ltr'><strong>De</strong></span> <span class='ocrx_word' id='word_1_499' title='bbox 1903 4643 2104 4711; x_wconf 88' lang='lat' dir='ltr'><strong>optima</strong></span> <span class='ocrx_word' id='word_1_500' title='bbox 2123 4641 2514 4694; x_wconf 80' lang='lat' dir='ltr'><strong>conversatione</strong></span> <span class='ocrx_word' id='word_1_501' title='bbox 2538 4640 2671 4695; x_wconf 86' lang='lat' dir='ltr'><strong>liber</strong></span> <span class='ocrx_word' id='word_1_502' title='bbox 2689 4659 2848 4696; x_wconf 89' lang='lat' dir='ltr'><strong>unus.</strong></span> <span class='ocrx_word' id='word_1_503' title='bbox 2875 4641 2980 4697; x_wconf 81' lang='lat' dir='ltr'><strong>Sed</strong></span> <span class='ocrx_word' id='word_1_504' title='bbox 3004 4653 3054 4696; x_wconf 87' lang='lat' dir='ltr'><strong>et</strong></span> <span class='ocrx_word' id='word_1_505' title='bbox 3079 4644 3150 4698; x_wconf 87' lang='lat' dir='ltr'><strong>De</strong></span> <span class='ocrx_word' id='word_1_506' title='bbox 3176 4645 3473 4713; x_wconf 80' lang='lat' dir='ltr'><strong>prophetis.</strong></span> <span class='ocrx_word' id='word_1_507' title='bbox 3497 4647 3693 4703; x_wconf 86' lang='lat' dir='ltr'><strong>Deinde</strong></span> 
     </span>
    </p>
   </div>
   <div class='ocr_carea' id='block_1_66' title="bbox 432 4735 3688 4812">
    <p class='ocr_par' dir='ltr' id='par_1_66' title="bbox 432 4735 3688 4812">
     <span class='ocr_line' id='line_1_66' title="bbox 432 4735 3688 4812; baseline 0.001 -14"><span class='ocrx_word' id='word_1_508' title='bbox 432 4757 663 4798; x_wconf 86' lang='lat' dir='ltr'><strong>numero</strong></span> <span class='ocrx_word' id='word_1_509' title='bbox 683 4742 901 4812; x_wconf 89' lang='lat' dir='ltr'><strong>quinto,</strong></span> <span class='ocrx_word' id='word_1_510' title='bbox 931 4742 1052 4796; x_wconf 87' lang='lat' dir='ltr'><strong>loco</strong></span> <span class='ocrx_word' id='word_1_511' title='bbox 1082 4739 1295 4810; x_wconf 81' lang='grc' dir='ltr'><em>φύσεως</em></span> <span class='ocrx_word' id='word_1_512' title='bbox 1326 4741 1454 4811; x_wconf 82' lang='lat' dir='ltr'><strong>legit</strong></span> <span class='ocrx_word' id='word_1_513' title='bbox 1485 4738 1740 4802; x_wconf 81' lang='grc' dir='ltr'><em>πίστεως,</em></span> <span class='ocrx_word' id='word_1_514' title='bbox 1770 4746 1824 4792; x_wconf 92' lang='lat' dir='ltr'><strong>et</strong></span> <span class='ocrx_word' id='word_1_515' title='bbox 1864 4736 1943 4790; x_wconf 88' lang='lat' dir='ltr'><strong>De</strong></span> <span class='ocrx_word' id='word_1_516' title='bbox 1973 4737 2078 4806; x_wconf 81' lang='lat' dir='ltr'><strong>ﬁde</strong></span> <span class='ocrx_word' id='word_1_517' title='bbox 2102 4737 2327 4790; x_wconf 87' lang='lat' dir='ltr'><strong>hominis</strong></span> <span class='ocrx_word' id='word_1_518' title='bbox 2361 4735 2669 4791; x_wconf 70' lang='lat' dir='ltr'><strong>Melitenem</strong></span> <span class='ocrx_word' id='word_1_519' title='bbox 2702 4739 2900 4792; x_wconf 90' lang='lat' dir='ltr'><strong>librum</strong></span> <span class='ocrx_word' id='word_1_520' title='bbox 2929 4740 3218 4809; x_wconf 89' lang='lat' dir='ltr'><strong>scripsisse</strong></span> <span class='ocrx_word' id='word_1_521' title='bbox 3259 4741 3493 4798; x_wconf 88' lang='lat' dir='ltr'><strong>indicat.</strong></span> <span class='ocrx_word' id='word_1_522' title='bbox 3525 4744 3688 4800; x_wconf 86' lang='lat' dir='ltr'><strong>Porro</strong></span> 
     </span>
    </p>
   </div>
   <div class='ocr_carea' id='block_1_67' title="bbox 431 4828 3679 4907">
    <p class='ocr_par' dir='ltr' id='par_1_67' title="bbox 431 4828 3679 4907">
     <span class='ocr_line' id='line_1_67' title="bbox 431 4828 3679 4907; baseline 0 -18"><span class='ocrx_word' id='word_1_523' title='bbox 431 4848 500 4889; x_wconf 80' lang='lat' dir='ltr'><strong>ex</strong></span> <span class='ocrx_word' id='word_1_524' title='bbox 527 4834 756 4902; x_wconf 88' lang='lat' dir='ltr'><strong>septimo</strong></span> <span class='ocrx_word' id='word_1_525' title='bbox 792 4832 951 4897; x_wconf 89' lang='lat' dir='ltr'><strong>libro,</strong></span> <span class='ocrx_word' id='word_1_526' title='bbox 976 4847 1100 4886; x_wconf 87' lang='lat' dir='ltr'><strong>cum</strong></span> <span class='ocrx_word' id='word_1_527' title='bbox 1124 4830 1476 4902; x_wconf 78' lang='lat' dir='ltr'><strong>Hieronymo,</strong></span> <span class='ocrx_word' id='word_1_528' title='bbox 1507 4831 1646 4886; x_wconf 86' lang='lat' dir='ltr'><strong>duos</strong></span> <span class='ocrx_word' id='word_1_529' title='bbox 1677 4829 1806 4885; x_wconf 83' lang='lat' dir='ltr'><strong>facit</strong></span> <span class='ocrx_word' id='word_1_530' title='bbox 1828 4870 1846 4896; x_wconf 94' lang='lat'><strong>,</strong></span> <span class='ocrx_word' id='word_1_531' title='bbox 1879 4837 1933 4884; x_wconf 85' lang='lat' dir='ltr'><strong>et</strong></span> <span class='ocrx_word' id='word_1_532' title='bbox 1967 4829 2315 4884; x_wconf 90' lang='lat' dir='ltr'><strong>undecimum</strong></span> <span class='ocrx_word' id='word_1_533' title='bbox 2353 4828 2536 4883; x_wconf 86' lang='lat' dir='ltr'><strong>itidem</strong></span> <span class='ocrx_word' id='word_1_534' title='bbox 2580 4830 2774 4885; x_wconf 82' lang='lat' dir='ltr'><strong>dividit</strong></span> <span class='ocrx_word' id='word_1_535' title='bbox 2817 4831 2870 4884; x_wconf 90' lang='lat' dir='ltr'><strong>in</strong></span> <span class='ocrx_word' id='word_1_536' title='bbox 2921 4832 3076 4887; x_wconf 88' lang='lat' dir='ltr'><strong>binos</strong></span> <span class='ocrx_word' id='word_1_537' title='bbox 3101 4875 3116 4896; x_wconf 96' lang='lat'><strong>,</strong></span> <span class='ocrx_word' id='word_1_538' title='bbox 3164 4832 3403 4889; x_wconf 87' lang='lat' dir='ltr'><strong>alterum</strong></span> <span class='ocrx_word' id='word_1_539' title='bbox 3458 4835 3538 4890; x_wconf 87' lang='lat' dir='ltr'><strong>De</strong></span> <span class='ocrx_word' id='word_1_540' title='bbox 3563 4838 3679 4907; x_wconf 70' lang='lat' dir='ltr'><strong>ﬁde,</strong></span> 
     </span>
    </p>
   </div>
   <div class='ocr_carea' id='block_1_68' title="bbox 432 4920 3684 4996">
    <p class='ocr_par' dir='ltr' id='par_1_68' title="bbox 432 4920 3684 4996">
     <span class='ocr_line' id='line_1_68' title="bbox 432 4920 3684 4996; baseline 0 -16"><span class='ocrx_word' id='word_1_541' title='bbox 432 4926 664 4980; x_wconf 88' lang='lat' dir='ltr'><strong>alterum</strong></span> <span class='ocrx_word' id='word_1_542' title='bbox 699 4925 774 4978; x_wconf 89' lang='lat' dir='ltr'><strong>De</strong></span> <span class='ocrx_word' id='word_1_543' title='bbox 796 4926 1126 4996; x_wconf 86' lang='lat' dir='ltr'><strong>generatione</strong></span> <span class='ocrx_word' id='word_1_544' title='bbox 1153 4921 1355 4979; x_wconf 87' lang='lat' dir='ltr'><strong>Christi</strong></span> <span class='ocrx_word' id='word_1_545' title='bbox 1381 4934 1430 4978; x_wconf 91' lang='lat' dir='ltr'><strong>et</strong></span> <span class='ocrx_word' id='word_1_546' title='bbox 1466 4923 1528 4977; x_wconf 88' lang='lat' dir='ltr'><strong>de</strong></span> <span class='ocrx_word' id='word_1_547' title='bbox 1555 4924 1827 4994; x_wconf 87' lang='lat' dir='ltr'><strong>prophetia</strong></span> <span class='ocrx_word' id='word_1_548' title='bbox 1851 4923 1989 4993; x_wconf 86' lang='lat' dir='ltr'><strong>ejus,</strong></span> <span class='ocrx_word' id='word_1_549' title='bbox 2028 4939 2153 4978; x_wconf 90' lang='lat' dir='ltr'><strong>cum</strong></span> <span class='ocrx_word' id='word_1_550' title='bbox 2178 4933 2360 4976; x_wconf 89' lang='lat' dir='ltr'><strong>tamen</strong></span> <span class='ocrx_word' id='word_1_551' title='bbox 2401 4920 2669 4978; x_wconf 86' lang='lat' dir='ltr'><strong>Eusebius</strong></span> <span class='ocrx_word' id='word_1_552' title='bbox 2697 4924 2900 4993; x_wconf 85' lang='lat' dir='ltr'><strong>pariter</strong></span> <span class='ocrx_word' id='word_1_553' title='bbox 2940 4940 3005 4978; x_wconf 87' lang='lat' dir='ltr'><strong>ac</strong></span> <span class='ocrx_word' id='word_1_554' title='bbox 3046 4922 3424 4996; x_wconf 81' lang='lat' dir='ltr'><strong>Hieronymus</strong></span> <span class='ocrx_word' id='word_1_555' title='bbox 3465 4927 3544 4981; x_wconf 87' lang='lat' dir='ltr'><strong>De</strong></span> <span class='ocrx_word' id='word_1_556' title='bbox 3572 4943 3684 4996; x_wconf 72' lang='lat' dir='ltr'><strong>pro-</strong></span> 
     </span>
    </p>
   </div>
   <div class='ocr_carea' id='block_1_69' title="bbox 429 5013 3678 5087">
    <p class='ocr_par' dir='ltr' id='par_1_69' title="bbox 429 5013 3678 5087">
     <span class='ocr_line' id='line_1_69' title="bbox 429 5013 3678 5087; baseline 0.001 -18"><span class='ocrx_word' id='word_1_557' title='bbox 429 5017 606 5087; x_wconf 84' lang='lat' dir='ltr'><strong>phetia</strong></span> <span class='ocrx_word' id='word_1_558' title='bbox 631 5017 831 5071; x_wconf 91' lang='lat' dir='ltr'><strong>librum</strong></span> <span class='ocrx_word' id='word_1_559' title='bbox 853 5016 1182 5086; x_wconf 82' lang='lat' dir='ltr'><strong>singularem</strong></span> <span class='ocrx_word' id='word_1_560' title='bbox 1217 5015 1418 5071; x_wconf 81' lang='lat' dir='ltr'><strong>faciant</strong></span> <span class='ocrx_word' id='word_1_561' title='bbox 1441 5024 1603 5086; x_wconf 89' lang='lat' dir='ltr'><strong>atque</strong></span> <span class='ocrx_word' id='word_1_562' title='bbox 1623 5015 1984 5084; x_wconf 79' lang='lat' dir='ltr'><strong>distinguant.</strong></span> <span class='ocrx_word' id='word_1_563' title='bbox 2011 5013 2328 5070; x_wconf 88' lang='lat' dir='ltr'><strong>Duodecimi</strong></span> <span class='ocrx_word' id='word_1_564' title='bbox 2352 5013 2492 5077; x_wconf 92' lang='lat' dir='ltr'><strong>loco,</strong></span> <span class='ocrx_word' id='word_1_565' title='bbox 2512 5015 2650 5081; x_wconf 77' lang='grc' dir='ltr'><em>Περὶ</em></span> <span class='ocrx_word' id='word_1_566' title='bbox 2673 5016 3059 5083; x_wconf 65' lang='grc' dir='ltr'><em>προφητείας,</em></span> <span class='ocrx_word' id='word_1_567' title='bbox 3086 5015 3238 5084; x_wconf 87' lang='lat' dir='ltr'><strong>ponit</strong></span> <span class='ocrx_word' id='word_1_568' title='bbox 3265 5017 3474 5072; x_wconf 88' lang='lat' dir='ltr'><strong>iterum</strong></span> <span class='ocrx_word' id='word_1_569' title='bbox 3496 5021 3678 5074; x_wconf 87' lang='lat' dir='ltr'><strong>librum</strong></span> 
     </span>
    </p>
   </div>
   <div class='ocr_carea' id='block_1_70' title="bbox 430 5105 3677 5178">
    <p class='ocr_par' dir='ltr' id='par_1_70' title="bbox 430 5105 3677 5178">
     <span class='ocr_line' id='line_1_70' title="bbox 430 5105 3677 5178; baseline -0 -13"><span class='ocrx_word' id='word_1_570' title='bbox 430 5111 509 5165; x_wconf 87' lang='lat' dir='ltr'><strong>De</strong></span> <span class='ocrx_word' id='word_1_571' title='bbox 529 5111 708 5164; x_wconf 88' lang='lat' dir='ltr'><strong>anima</strong></span> <span class='ocrx_word' id='word_1_572' title='bbox 729 5119 778 5162; x_wconf 88' lang='lat' dir='ltr'><strong>et</strong></span> <span class='ocrx_word' id='word_1_573' title='bbox 803 5124 1038 5174; x_wconf 86' lang='lat' dir='ltr'><strong>corpore,</strong></span> <span class='ocrx_word' id='word_1_574' title='bbox 1070 5123 1234 5178; x_wconf 85' lang='lat' dir='ltr'><strong>quem</strong></span> <span class='ocrx_word' id='word_1_575' title='bbox 1264 5116 1446 5162; x_wconf 90' lang='lat' dir='ltr'><strong>tamen</strong></span> <span class='ocrx_word' id='word_1_576' title='bbox 1471 5107 1634 5178; x_wconf 87' lang='lat' dir='ltr'><strong>paulo</strong></span> <span class='ocrx_word' id='word_1_577' title='bbox 1655 5115 1781 5162; x_wconf 84' lang='lat' dir='ltr'><strong>ante</strong></span> <span class='ocrx_word' id='word_1_578' title='bbox 1806 5106 2035 5176; x_wconf 87' lang='lat' dir='ltr'><strong>jamjam</strong></span> <span class='ocrx_word' id='word_1_579' title='bbox 2059 5107 2459 5171; x_wconf 87' lang='lat' dir='ltr'><strong>nominaverat,</strong></span> <span class='ocrx_word' id='word_1_580' title='bbox 2487 5105 2702 5160; x_wconf 86' lang='lat' dir='ltr'><strong>tertiam</strong></span> <span class='ocrx_word' id='word_1_581' title='bbox 2742 5105 2978 5160; x_wconf 89' lang='lat' dir='ltr'><strong>hominis</strong></span> <span class='ocrx_word' id='word_1_582' title='bbox 3007 5114 3242 5175; x_wconf 86' lang='lat' dir='ltr'><strong>partem,</strong></span> <span class='ocrx_word' id='word_1_583' title='bbox 3288 5121 3554 5176; x_wconf 78' lang='lat' dir='ltr'><strong>mentem,</strong></span> <span class='ocrx_word' id='word_1_584' title='bbox 3587 5109 3677 5164; x_wconf 83' lang='lat' dir='ltr'><strong>ad-</strong></span> 
     </span>
    </p>
   </div>
   <div class='ocr_carea' id='block_1_71' title="bbox 425 5198 1126 5259">
    <p class='ocr_par' dir='ltr' id='par_1_71' title="bbox 425 5198 1126 5259">
     <span class='ocr_line' id='line_1_71' title="bbox 425 5198 1126 5259; baseline -0.007 -1"><span class='ocrx_word' id='word_1_585' title='bbox 425 5205 584 5259; x_wconf 89' lang='lat' dir='ltr'><strong>dens.</strong></span> <span class='ocrx_word' id='word_1_586' title='bbox 633 5199 758 5256; x_wconf 67' lang='lat' dir='ltr'><strong>Hazc</strong></span> <span class='ocrx_word' id='word_1_587' title='bbox 790 5200 858 5256; x_wconf 91' lang='lat' dir='ltr'><strong>de</strong></span> <span class='ocrx_word' id='word_1_588' title='bbox 887 5198 1126 5254; x_wconf 82' lang='lat' dir='ltr'><strong>Ruﬂino.</strong></span> 
     </span>
    </p>
   </div>
   <div class='ocr_carea' id='block_1_72' title="bbox 497 5350 3670 5430">
    <p class='ocr_par' dir='ltr' id='par_1_72' title="bbox 497 5350 3670 5430">
     <span class='ocr_line' id='line_1_72' title="bbox 497 5350 3670 5430; baseline 0 -22"><span class='ocrx_word' id='word_1_589' title='bbox 497 5357 612 5430; x_wconf 88' lang='grc'><strong>(76)</strong></span> <span class='ocrx_word' id='word_1_590' title='bbox 653 5354 1016 5430; x_wconf 81' lang='lat' dir='ltr'><strong>llierony_mus_</strong></span> <span class='ocrx_word' id='word_1_591' title='bbox 1044 5352 1099 5430; x_wconf 87' lang='lat' dir='ltr'><strong>i_n</strong></span> <span class='ocrx_word' id='word_1_592' title='bbox 1124 5351 1381 5430; x_wconf 64' lang='lat' dir='ltr'><strong>gatalogo</strong></span> <span class='ocrx_word' id='word_1_593' title='bbox 1409 5353 1726 5430; x_wconf 54' lang='lat' dir='ltr'><strong>scriptorum</strong></span> <span class='ocrx_word' id='word_1_594' title='bbox 1744 5351 1984 5407; x_wconf 85' lang='lat' dir='ltr'><strong>ecclesia-</strong></span> <span class='ocrx_word' id='word_1_595' title='bbox 2107 5421 2124 5430; x_wconf 86' lang='lat'>_</span> <span class='ocrx_word' id='word_1_596' title='bbox 2148 5350 2784 5430; x_wconf 38' lang='grc' dir='ltr'><strong>’(8ρ)λ1¹ι·ἰιιιεῐηίιιε.υρ</strong></span> <span class='ocrx_word' id='word_1_597' title='bbox 2831 5353 3179 5430; x_wconf 65' lang='lat' dir='ltr'><strong>scriptoribus</strong></span> <span class='ocrx_word' id='word_1_598' title='bbox 3208 5354 3510 5430; x_wconf 62' lang='lat' dir='ltr'><strong>ecclesiast.</strong></span> <span class='ocrx_word' id='word_1_599' title='bbox 3559 5372 3670 5427; x_wconf 80' lang='lat' dir='ltr'><strong>cap.</strong></span> 
     </span>
    </p>
   </div>
   <div class='ocr_carea' id='block_1_73' title="bbox 317 5421 3508 5493">
    <p class='ocr_par' dir='ltr' id='par_1_73' title="bbox 317 5421 3508 5493">
     <span class='ocr_line' id='line_1_73' title="bbox 317 5421 3508 5493; baseline -0.001 -9"><span class='ocrx_word' id='word_1_600' title='bbox 317 5449 322 5452; x_wconf 93' lang='grc'><strong>·</strong></span> <span class='ocrx_word' id='word_1_601' title='bbox 423 5421 696 5484; x_wconf 74' lang='lat' dir='ltr'><strong>uicorum.</strong></span> <span class='ocrx_word' id='word_1_602' title='bbox 732 5441 828 5479; x_wconf 91' lang='lat' dir='ltr'><strong>seu</strong></span> <span class='ocrx_word' id='word_1_603' title='bbox 858 5421 945 5477; x_wconf 59' lang='lat' dir='ltr'><strong>&#39;De</strong></span> <span class='ocrx_word' id='word_1_604' title='bbox 969 5424 1094 5478; x_wconf 78' lang='lat' dir='ltr'><strong>viris</strong></span> <span class='ocrx_word' id='word_1_605' title='bbox 1123 5421 1441 5488; x_wconf 81' lang='lat' dir='ltr'><strong>illustribus,</strong></span> <span class='ocrx_word' id='word_1_606' title='bbox 1467 5421 1568 5493; x_wconf 84' lang='lat' dir='ltr'><strong>cap</strong></span> <span class='ocrx_word' id='word_1_607' title='bbox 1611 5423 1701 5476; x_wconf 73' lang='grc'><strong>24.</strong></span> <span class='ocrx_word' id='word_1_608' title='bbox 2102 5421 2190 5487; x_wconf 75' lang='grc'><strong>14,</strong></span> <span class='ocrx_word' id='word_1_609' title='bbox 2219 5421 2559 5493; x_wconf 66' lang='lat' dir='ltr'><strong>Bibliotheca;</strong></span> <span class='ocrx_word' id='word_1_610' title='bbox 2579 5422 2870 5493; x_wconf 62' lang='lat' dir='ltr'><strong>ecclesiast.</strong></span> <span class='ocrx_word' id='word_1_611' title='bbox 2895 5421 3282 5493; x_wconf 72' lang='lat' dir='ltr'><strong>Fabricium,</strong></span> <span class='ocrx_word' id='word_1_612' title='bbox 3317 5426 3419 5480; x_wconf 74' lang='lat' dir='ltr'><strong>l’ol.</strong></span> <span class='ocrx_word' id='word_1_613' title='bbox 3455 5428 3508 5483; x_wconf 85' lang='lat'><strong>7.</strong></span> 
     </span>
    </p>
   </div>
   <div class='ocr_carea' id='block_1_74' title="bbox 494 5491 3669 5572">
    <p class='ocr_par' dir='ltr' id='par_1_74' title="bbox 494 5491 3669 5572">
     <span class='ocr_line' id='line_1_74' title="bbox 494 5491 3669 5572; baseline 0 -22"><span class='ocrx_word' id='word_1_614' title='bbox 494 5499 608 5572; x_wconf 66' lang='grc'><strong>(77)</strong></span> <span class='ocrx_word' id='word_1_615' title='bbox 637 5496 837 5572; x_wconf 58' lang='lat' dir='ltr'><strong>ﬁuﬂin.</strong></span> <span class='ocrx_word' id='word_1_616' title='bbox 874 5493 1017 5572; x_wconf 57' lang='lat' dir='ltr'><strong>Hist.</strong></span> <span class='ocrx_word' id='word_1_617' title='bbox 1045 5493 1228 5572; x_wconf 70' lang='lat' dir='ltr'><strong>eccles.</strong></span> <span class='ocrx_word' id='word_1_618' title='bbox 1259 5495 1353 5572; x_wconf 66' lang='lat' dir='ltr'><strong>lib.</strong></span> <span class='ocrx_word' id='word_1_619' title='bbox 1385 5510 1457 5558; x_wconf 83' lang='lat' dir='ltr'><strong>IV,</strong></span> <span class='ocrx_word' id='word_1_620' title='bbox 1486 5491 1737 5572; x_wconf 24' lang='lat' dir='ltr'><strong>rapaﬂ.‘</strong></span> <span class='ocrx_word' id='word_1_621' title='bbox 1779 5563 1790 5572; x_wconf 84' lang='lat'><em>_</em></span> <span class='ocrx_word' id='word_1_622' title='bbox 2099 5563 2129 5572; x_wconf 85' lang='lat'><em>__</em></span> <span class='ocrx_word' id='word_1_623' title='bbox 2169 5493 2283 5572; x_wconf 73' lang='lat' dir='ltr'><strong>(8i)</strong></span> <span class='ocrx_word' id='word_1_624' title='bbox 2317 5493 2503 5572; x_wconf 56' lang='lat' dir='ltr'><strong>Sinus</strong></span> <span class='ocrx_word' id='word_1_625' title='bbox 2527 5491 2755 5548; x_wconf 86' lang='lat' dir='ltr'><strong>Senens.</strong></span> <span class='ocrx_word' id='word_1_626' title='bbox 2779 5491 3124 5549; x_wconf 74' lang='lat' dir='ltr'><strong>Bibliotheca:</strong></span> <span class='ocrx_word' id='word_1_627' title='bbox 3150 5511 3323 5550; x_wconf 82' lang='lat' dir='ltr'><strong>sacra:</strong></span> <span class='ocrx_word' id='word_1_628' title='bbox 3355 5499 3458 5552; x_wconf 90' lang='lat' dir='ltr'><strong>lib.</strong></span> <span class='ocrx_word' id='word_1_629' title='bbox 3492 5514 3528 5559; x_wconf 83' lang='grc' dir='ltr'><strong>ι,</strong></span> <span class='ocrx_word' id='word_1_630' title='bbox 3554 5513 3669 5568; x_wconf 68' lang='lat' dir='ltr'><strong>pag.</strong></span> 
     </span>
    </p>
   </div>
   <div class='ocr_carea' id='block_1_75' title="bbox 493 5561 2525 5640">
    <p class='ocr_par' dir='ltr' id='par_1_75' title="bbox 493 5561 2525 5640">
     <span class='ocr_line' id='line_1_75' title="bbox 493 5561 2525 5640; baseline -0.003 -16"><span class='ocrx_word' id='word_1_631' title='bbox 493 5561 605 5640; x_wconf 78' lang='grc'><strong>(78)</strong></span> <span class='ocrx_word' id='word_1_632' title='bbox 637 5565 911 5640; x_wconf 57' lang='lat' dir='ltr'><strong>ﬂonorius</strong></span> <span class='ocrx_word' id='word_1_633' title='bbox 936 5563 1020 5640; x_wconf 91' lang='lat' dir='ltr'><strong>_De</strong></span> <span class='ocrx_word' id='word_1_634' title='bbox 1054 5564 1404 5640; x_wconf 75' lang='lat' dir='ltr'><strong>_sc_rip_torib_us</strong></span> <span class='ocrx_word' id='word_1_635' title='bbox 1443 5561 1818 5640; x_wconf 60' lang='lat' dir='ltr'><strong>ecclesiasticis</strong></span> <span class='ocrx_word' id='word_1_636' title='bbox 1840 5601 1856 5624; x_wconf 95' lang='lat'><strong>,</strong></span> <span class='ocrx_word' id='word_1_637' title='bbox 1889 5562 1986 5617; x_wconf 86' lang='lat' dir='ltr'><strong>lib.</strong></span> <span class='ocrx_word' id='word_1_638' title='bbox 2097 5563 2152 5629; x_wconf 84' lang='lat'><strong>5,</strong></span> <span class='ocrx_word' id='word_1_639' title='bbox 2180 5561 2525 5640; x_wconf 28' lang='lat' dir='ltr'><strong>[editui’aris</strong></span> 
     </span>
    </p>
   </div>
   <div class='ocr_carea' id='block_1_76' title="bbox 423 5629 1927 5770">
    <p class='ocr_par' dir='ltr' id='par_1_76' title="bbox 423 5629 1927 5763">
     <span class='ocr_line' id='line_1_76' title="bbox 423 5629 1927 5763; baseline -0.003 -69"><span class='ocrx_word' id='word_1_640' title='bbox 423 5655 471 5763; x_wconf 63' lang='lat' dir='ltr'><strong>i2</strong></span> <span class='ocrx_word' id='word_1_641' title='bbox 492 5629 910 5759; x_wconf 24' lang='lat' dir='ltr'><strong>anesum?</strong></span> <span class='ocrx_word' id='word_1_642' title='bbox 930 5633 1014 5688; x_wconf 84' lang='lat' dir='ltr'><strong>Jo.</strong></span> <span class='ocrx_word' id='word_1_643' title='bbox 1041 5629 1519 5701; x_wconf 51' lang='lat' dir='ltr'><strong>Alb.&#39;Fabricium,</strong></span> <span class='ocrx_word' id='word_1_644' title='bbox 1544 5633 1883 5688; x_wconf 67' lang='lat' dir='ltr'><strong>Bibliotheca</strong></span> <span class='ocrx_word' id='word_1_645' title='bbox 1912 5651 1927 5689; x_wconf 82' lang='grc' dir='ltr'><strong>ι</strong></span> 
     </span>
     <span class='ocr_line' id='line_1_77' title="bbox 423 5721 898 5763; baseline -0.011 0"><span class='ocrx_word' id='word_1_646' title='bbox 423 5726 450 5763; x_wconf 67' lang='grc' dir='ltr'><em>ε</em></span> <span class='ocrx_word' id='word_1_647' title='bbox 473 5726 608 5762; x_wconf 55' lang='grc' dir='ltr'><strong>(981(ὶὸ</strong></span> <span class='ocrx_word' id='word_1_648' title='bbox 641 5746 654 5760; x_wconf 79' lang='lat'><em>.</em></span> <span class='ocrx_word' id='word_1_649' title='bbox 709 5721 741 5758; x_wconf 83' lang='lat'><strong>0</strong></span> <span class='ocrx_word' id='word_1_650' title='bbox 767 5743 782 5758; x_wconf 77' lang='grc' dir='ltr'><strong>ο</strong></span> <span class='ocrx_word' id='word_1_651' title='bbox 883 5743 898 5758; x_wconf 76' lang='grc' dir='ltr'><strong>ο</strong></span> 
     </span>
    </p>
   </div>
   <div class='ocr_carea' id='block_1_77' title="bbox 2161 5629 3665 5770">
    <p class='ocr_par' dir='ltr' id='par_1_77' title="bbox 2161 5629 3665 5770">
     <span class='ocr_line' id='line_1_78' title="bbox 2171 5629 3665 5703; baseline 0.001 -18"><span class='ocrx_word' id='word_1_652' title='bbox 2171 5632 2286 5703; x_wconf 75' lang='grc'><strong>(82)</strong></span> <span class='ocrx_word' id='word_1_653' title='bbox 2327 5631 2632 5686; x_wconf 80' lang='lat' dir='ltr'><strong>Halloixius</strong></span> <span class='ocrx_word' id='word_1_654' title='bbox 2677 5631 2732 5685; x_wconf 93' lang='lat' dir='ltr'><strong>in</strong></span> <span class='ocrx_word' id='word_1_655' title='bbox 2777 5629 3082 5687; x_wconf 84' lang='lat' dir='ltr'><strong>lllustrium</strong></span> <span class='ocrx_word' id='word_1_656' title='bbox 3115 5631 3374 5690; x_wconf 78' lang='lat' dir='ltr'><strong>Ecclesia:</strong></span> <span class='ocrx_word' id='word_1_657' title='bbox 3418 5635 3665 5692; x_wconf 75' lang='lat' dir='ltr'><strong>Oriental.</strong></span> 
     </span>
     <span class='ocr_line' id='line_1_79' title="bbox 2161 5703 3663 5770; baseline 0.004 -16"><span class='ocrx_word' id='word_1_658' title='bbox 2161 5704 2434 5770; x_wconf 89' lang='lat' dir='ltr'><strong>riptorum,</strong></span> <span class='ocrx_word' id='word_1_659' title='bbox 2463 5703 2552 5770; x_wconf 84' lang='lat' dir='ltr'><strong>qui</strong></span> <span class='ocrx_word' id='word_1_660' title='bbox 2573 5705 2858 5756; x_wconf 85' lang='lat' dir='ltr'><strong>sanctitate</strong></span> <span class='ocrx_word' id='word_1_661' title='bbox 2883 5712 2935 5756; x_wconf 89' lang='lat' dir='ltr'><strong>et</strong></span> <span class='ocrx_word' id='word_1_662' title='bbox 2969 5705 3268 5758; x_wconf 83' lang='lat' dir='ltr'><strong>eruditione</strong></span> <span class='ocrx_word' id='word_1_663' title='bbox 3293 5706 3465 5770; x_wconf 60' lang='lat' dir='ltr'><strong>juxta</strong></span> <span class='ocrx_word' id='word_1_664' title='bbox 3488 5724 3605 5764; x_wconf 69' lang='lat' dir='ltr'><strong>me.</strong></span> <span class='ocrx_word' id='word_1_665' title='bbox 3630 5726 3663 5765; x_wconf 86' lang='grc' dir='ltr'><em>ιι</em></span> 
     </span>
    </p>
   </div>
   <div class='ocr_carea' id='block_1_78' title="bbox 421 5720 1925 5774">
    <p class='ocr_par' dir='ltr' id='par_1_78' title="bbox 421 5720 1849 5774">
     <span class='ocr_line' id='line_1_80' title="bbox 421 5720 1849 5774; baseline 0.008 -11"><span class='ocrx_word' id='word_1_666' title='bbox 421 5720 782 5774; x_wconf 42' lang='grc' dir='ltr'><strong>ειρδιιιειηιοι.</strong></span> <span class='ocrx_word' id='word_1_667' title='bbox 819 5720 898 5759; x_wconf 73' lang='lat'><strong>1:).</strong></span> <span class='ocrx_word' id='word_1_668' title='bbox 1018 5773 1021 5774; x_wconf 16' lang='grc' dir='ltr'><em>ν</em></span> <span class='ocrx_word' id='word_1_669' title='bbox 1291 5772 1297 5774; x_wconf 94' lang='lat'>_</span> <span class='ocrx_word' id='word_1_670' title='bbox 1410 5773 1415 5774; x_wconf 18' lang='grc' dir='ltr'><em>γ</em></span> <span class='ocrx_word' id='word_1_671' title='bbox 1454 5773 1459 5774; x_wconf 19' lang='grc' dir='ltr'><em>γ</em></span> <span class='ocrx_word' id='word_1_672' title='bbox 1804 5772 1849 5774; x_wconf 59' lang='lat'><strong>,_</strong></span> 
     </span>
    </p>
   </div>
   <div class='ocr_carea' id='block_1_79' title="bbox 2158 5720 3662 5774">
    <p class='ocr_par' dir='ltr' id='par_1_79' title="bbox 2158 5720 3662 5774">
     <span class='ocr_line' id='line_1_81' title="bbox 2158 5720 3662 5774; baseline 0.007 -20"><span class='ocrx_word' id='word_1_673' title='bbox 2158 5720 2434 5770; x_wconf 74' lang='lat' dir='ltr'><strong>riptorum,</strong></span> <span class='ocrx_word' id='word_1_674' title='bbox 2463 5720 2552 5770; x_wconf 77' lang='lat' dir='ltr'><strong>qui</strong></span> <span class='ocrx_word' id='word_1_675' title='bbox 2573 5720 2858 5774; x_wconf 73' lang='grc' dir='ltr'><em>δαηοιιιιιιε</em></span> <span class='ocrx_word' id='word_1_676' title='bbox 2883 5720 2935 5756; x_wconf 78' lang='grc' dir='ltr'><em>ει</em></span> <span class='ocrx_word' id='word_1_677' title='bbox 2969 5720 3268 5774; x_wconf 76' lang='lat' dir='ltr'><strong>eruditione</strong></span> <span class='ocrx_word' id='word_1_678' title='bbox 3293 5720 3465 5774; x_wconf 64' lang='grc' dir='ltr'><em>γιεια</em></span> <span class='ocrx_word' id='word_1_679' title='bbox 3488 5724 3605 5764; x_wconf 58' lang='grc'><strong>886.</strong></span> <span class='ocrx_word' id='word_1_680' title='bbox 3630 5726 3662 5765; x_wconf 86' lang='grc' dir='ltr'><strong>ΙΙ</strong></span> 
     </span>
    </p>
   </div>
   <div class='ocr_carea' id='block_1_80' title="bbox 493 5772 3297 5849">
    <p class='ocr_par' dir='ltr' id='par_1_80' title="bbox 493 5772 3297 5849">
     <span class='ocr_line' id='line_1_82' title="bbox 493 5772 3297 5849; baseline 0 -19"><span class='ocrx_word' id='word_1_681' title='bbox 493 5778 606 5849; x_wconf 77' lang='grc'><strong>(79)</strong></span> <span class='ocrx_word' id='word_1_682' title='bbox 635 5773 924 5846; x_wconf 85' lang='lat' dir='ltr'><strong>Nicephor.</strong></span> <span class='ocrx_word' id='word_1_683' title='bbox 953 5773 1157 5832; x_wconf 82' lang='lat' dir='ltr'><strong>Hister.</strong></span> <span class='ocrx_word' id='word_1_684' title='bbox 1193 5772 1372 5832; x_wconf 68' lang='grc' dir='ltr'><em>ποίεε.</em></span> <span class='ocrx_word' id='word_1_685' title='bbox 1408 5773 1504 5830; x_wconf 87' lang='lat' dir='ltr'><strong>lib.</strong></span> <span class='ocrx_word' id='word_1_686' title='bbox 1537 5789 1610 5843; x_wconf 79' lang='lat' dir='ltr'><strong>Iv,</strong></span> <span class='ocrx_word' id='word_1_687' title='bbox 1636 5787 1757 5847; x_wconf 82' lang='lat' dir='ltr'><strong>cap.</strong></span> <span class='ocrx_word' id='word_1_688' title='bbox 1793 5772 1878 5828; x_wconf 86' lang='grc'><strong>10.</strong></span> <span class='ocrx_word' id='word_1_689' title='bbox 2094 5773 2409 5840; x_wconf 77' lang='lat' dir='ltr'><strong>ﬂoruerunt,</strong></span> <span class='ocrx_word' id='word_1_690' title='bbox 2427 5773 2553 5829; x_wconf 85' lang='lat' dir='ltr'><strong>Vitis</strong></span> <span class='ocrx_word' id='word_1_691' title='bbox 2583 5782 2631 5827; x_wconf 86' lang='lat' dir='ltr'><strong>et</strong></span> <span class='ocrx_word' id='word_1_692' title='bbox 2658 5773 3010 5844; x_wconf 84' lang='lat' dir='ltr'><strong>documentis,</strong></span> <span class='ocrx_word' id='word_1_693' title='bbox 3040 5773 3136 5831; x_wconf 82' lang='lat' dir='ltr'><strong>fol.</strong></span> <span class='ocrx_word' id='word_1_694' title='bbox 3170 5775 3297 5831; x_wconf 67' lang='lat'><strong>8‘18.</strong></span> 
     </span>
    </p>
   </div>
  </div>
