3808 6206
69 295 222 355 H89
967 291 1266 351 ΝΟΤΙΤΙᾹ.
1305 327 1370 336 -
1403 293 1468 350 ll.
1509 295 1573 350 Dl

1847 293 1948 352 ΠΒ
1987 295 2062 354 5.’
2081 290 2472 355 MELITONIS.
3213 301 3236 358 !
3253 297 3351 357 190

1096 414 1124 486 §
1157 413 1223 468 V.
1261 413 1531 469 Honorius
1559 432 1678 469 cum
1708 390 1935 470 Eusebio
1963 417 2320 473 contenditur.

131 528 434 586 Honorius
461 536 668 596 autem,
691 529 786 600 qui
819 545 945 586 sate.
975 545 1054 584 xu
1085 529 1600 600 Augustodunensis
1636 529 1836 585 claruit
1869 530 2176 602 presbyter,
2201 547 2327 586 eum
2353 547 2464 586 non
2492 523 2672 587 solum
2702 525 2908 596 omisit,
2937 545 3097 600 quem
3130 539 3185 587 et
3209 526 3340 587 Hie--

65 636 372 694 ronymus,
401 622 543 690 Περὶ
574 624 812 691 φύσεως
849 623 1186 690 ἀγαρώπου,
1221 623 1456 689 librum;
1483 621 1569 677 sed

1848 637 1944 677 rea
1980 623 2082 692 ipsi
2107 623 2285 678 adhuc
2316 624 2498 692 plures
2525 623 2762 686 reticuit,
2806 621 2944 690 Περὶ
2985 623 3352 692 Ἐκκλησίας

65 719 369 785 nimirum,
399 717 538 785 Περὶ
559 715 880 785 Κυριακῆς,
909 717 1049 784 Περὶ
1083 714 1384 782 πλάσεως,
1416 723 1472 770 et
1499 718 1569 768 Πε

1843 703 2023 781 μάτου
2049 715 2217 769 Θεοῦ.
2255 713 2544 786 Perperam
2585 716 2747 786 igitur
2780 714 3087 770 Halloixius
3126 720 3347 782 asserit,

63 825 231 876 eum,
268 818 463 880 praeter
485 809 638 862 illum
671 809 740 863 ab
763 806 1101 879 Hieronymo
1132 823 1244 862 non
1271 814 1760 863 commemoratum
1802 806 2002 860 librum
2031 847 2047 871 ,
2085 800 2332 863 Melitoni
2381 815 2597 861 tantum
2645 823 2815 861 unum
2844 808 3136 863 sustulisse
3159 851 3174 875 ,
3207 811 3347 878 Περὶ

60 898 433 969 ἐνσωμάτου
461 897 608 953 Θεοῦ
635 897 872 964 scilicet;
904 897 1048 967 quod
1082 895 1224 952 forte
1255 896 1382 952 ideo
1420 895 1628 951 factum
1655 894 1828 950 fuisse
1852 890 2111 965 coniicio,
2145 901 2293 968 quod
2323 897 2526 952 dubius
2557 897 2775 952 bteserit
2796 937 2812 964 ,
2842 901 3122 968 quomodo
3155 899 3350 955 Latine

61 993 267 1048 reddat
306 991 432 1047 libri
459 993 625 1063 hujus
645 991 890 1046 titulum.
916 989 1149 1060 Insuper
1189 984 1430 1046 Eusebio
1475 1004 1565 1058 sep

1846 1003 1880 1043 ο
1903 1000 2252 1044 numeratum
2280 1031 2296 1058 ,
2339 989 2480 1058 Περὶ
2514 989 2794 1059 ὑπακοῆς
2835 992 3095 1059 πίστεως
3134 995 3350 1062 αισθη.

63 1087 324 1153 τηριων,
364 1084 444 1140 De
475 1084 714 1140 sensibus
737 1093 950 1140 tantum
974 1081 1277 1153 inscripsit.

832 1197 859 1270 ᾗ
895 1196 978 1252 Vl.
1016 1195 1234 1252 Eusebii
1269 1206 1319 1251 et
1356 1195 1644 1266 Nicephori
1675 1196 1906 1268 catalogi
1940 1197 2162 1275 invicem
2189 1205 2589 1266 comparantur.

137 1315 490 1388 Nicephorus
514 1318 568 1372 in
599 1317 857 1372 omnibus
882 1316 995 1372 fere
1021 1332 1146 1372 cum
1171 1315 1408 1372 Eusebio
1430 1317 1732 1386 conspirat,
1764 1317 1868 1372 nisi
1895 1317 2044 1387 quod
2065 1333 2134 1373 ex
2156 1318 2348 1388 quinto
2384 1320 2465 1373 et‘
2495 1324 2649 1373 sexto
2689 1333 2860 1373 unum
2903 1317 3151 1374 videatur
3212 1332 3346 1376 con-

60 1410 207 1465 ﬂare
232 1411 460 1478 librum,
488 1411 566 1464 ἔτι
596 1410 675 1475 δὲ,
707 1411 981 1480 inquiens,
999 1412 1028 1464 ὁ
1053 1411 1192 1478 Περὶ
1214 1411 1472 1476 πίστεως
1489 1412 1564 1468 ἀν

1843 1411 1923 1464 tat
1948 1410 2230 1478 πλάσεως
2274 1412 2373 1482 τὴν
2400 1411 2714 1483 ἐπιγραφὴν
2747 1412 2982 1484 εἰληφώς
3005 1453 3021 1480 ,
3065 1428 3166 1470 nec
3203 1415 3347 1470 male

61 1505 298 1573 forsan;
328 1507 475 1576 quod
501 1505 736 1576 septimo
759 1505 881 1559 loco
904 1504 1111 1559 dictum
1140 1503 1378 1560 Eusebio
1414 1504 1636 1571 librum,
1670 1521 1794 1560 cum
1823 1503 2152 1577 Hieronymo
2205 1516 2258 1561 et
2282 1505 2521 1574 Ruﬂino,
2551 1508 2604 1561 in
2632 1507 2774 1562 duos
2796 1507 2982 1562 itidem
3009 1508 3340 1578 distinguat;

59 1601 334 1673 quodque
365 1609 624 1670 pmterea
649 1598 822 1654 libros
850 1599 988 1667 Περὶ
1025 1599 1410 1667 προφητείας,
1434 1599 1563 1667 Περὶ

1843 1601 1970 1667 tuo,
2005 1586 2058 1654 et
2079 1599 2281 1654 librum
2312 1599 2523 1655 Clavem
2549 1600 2754 1656 dictum
2787 1601 3042 1668 omittat,
3081 1601 3244 1672 idque
3276 1601 3347 1657 de

59 1694 350 1750 industria
371 1692 534 1760 forte,
561 1707 688 1747 nam
712 1706 902 1748 omnes
927 1707 1052 1747 eum
1080 1706 1365 1747 recensere
1385 1692 1626 1747 voluisse
1650 1691 1924 1748 Melitonis
1953 1693 2145 1757 libros,
2172 1693 2307 1747 mihi
2345 1707 2458 1748 non
2486 1693 2719 1750 videtur.

1106 1845 1134 1918 ᾗ
1161 1845 1268 1901 Vll.
1302 1846 1577 1901 Trithemii
1602 1857 1652 1902 et
1685 1844 1900 1901 Eusebii
1930 1846 2168 1902 collatio.

129 1965 222 2021 Ad
254 1963 644 2032 Trithemium,
705 1965 1180 2022 Melitonianorum
1241 1967 1575 2037 scriptorum
1624 1965 1932 2036 catalogum
1975 1966 2432 2031 concinnantem,
2468 1965 2615 2034 quod
2648 1963 2864 2030 attinet,
2919 1963 3171 2020 instituta
3213 1981 3343 2022 cum

57 2055 314 2112 Eusebio
343 2057 653 2121 collatione,
675 2056 1027 2126 deprehendi,
1046 2072 1170 2111 eum
1203 2057 1468 2111 librorum
1495 2059 1561 2110 Πε

1841 2076 1907 2126 υς
1933 2055 2268 2125 ἀνθρώπου,
2312 2056 2455 2125 Περὶ
2501 2055 2648 2109 Θεοῦ
2689 2055 3054 2125 ἑνσωμάτου,
3089 2066 3144 2112 et
3178 2057 3345 2112 Ἀπο-

55 2151 285 2219 λοτίας
318 2148 469 2218 πρὸς
523 2147 878 2202 Ἀντωνῒνον
919 2150 1130 2203 nullam
1184 2150 1410 2204 omnino
1459 2149 1559 2218 inje

1839 2150 2123 2216 :ntionem;
2171 2163 2298 2204 eum
2331 2148 2533 2203 librum
2571 2147 2711 2216 Περὶ
2757 2147 3036 2216 ὑπακοῆς
3083 2149 3343 2216 πίστεως

56 2243 476 2313 αὶσθητηρίων
501 2241 757 2297 divellere
802 2241 857 2296 in
889 2242 1072 2308 binos,
1103 2242 1178 2296 De
1207 2243 1447 2297 sensibus
1467 2285 1482 2311 ,
1513 2254 1560 2299 et

1864 2241 2258 2307 Undecimum,
2291 2241 2433 2310 Περὶ
2473 2241 2726 2306 κτίσεως
2760 2242 2860 2294 καὶ
2896 2242 3188 2311 γενέσεως
3211 2248 3345 2314 Χρι-

56 2336 242 2398 στοῦ,
271 2334 421 2388 dixit
449 2333 645 2387 saltem
675 2331 752 2385 De
775 2333 1105 2402 generatione
1129 2332 1367 2398 Christi;
1395 2343 1558 2404 atque
1595 2335 1651 2388 in
1681 2336 1783 2389 hoc
1821 2335 2044 2402 insuper
2075 2333 2199 2410 plus
2238 2332 2516 2402 peccavit,
2545 2331 2767 2401 partim,
2801 2336 2946 2403 quod
2975 2349 3076 2403 pro
3109 2335 3186 2389 De
3216 2337 3340 2406 pla-

57 2440 238 2485 smate
266 2445 437 2483 unum
467 2428 748 2498 scripserit
773 2427 848 2482 De
873 2428 1040 2497 lapsis
1071 2429 1164 2484 lib.
1195 2445 1232 2494 I,
1258 2431 1480 2499 partim,
1508 2432 1650 2500 quod
1682 2429 1822 2485 inter
1853 2430 2057 2499 scripta
2086 2429 2358 2485 Melitonis
2389 2428 2590 2484 referat
2621 2427 2866 2496 spurium
2905 2443 3042 2498 Opus
3066 2429 3140 2483 De
3165 2439 3342 2486 trans-

55 2529 140 2580 itu
175 2527 400 2582 Mariae.
434 2525 480 2578 A
509 2539 640 2579 vero
691 2524 857 2595 igitur
888 2526 1127 2581 alienum
1153 2527 1348 2581 iterum
1373 2535 1460 2582 est
1488 2522 1741 2582 llalloixii
1769 2527 2060 2596 judicium,
2086 2525 2298 2594 eadem,
2337 2541 2458 2596 qua:
2480 2520 2760 2579 Honorius
2792 2521 3337 2590 AugustodunensiS.

60 2620 496 2691 pratermisisse
518 2617 919 2686 Trithemium;
956 2620 1119 2677 habet
1142 2622 1286 2676 enim
1318 2623 1460 2690 Περὶ
1493 2621 1564 2675 ‘E;

1833 2643 1881 2688 ς,
1913 2621 2012 2674 καὶ
2039 2621 2173 2690 περὶ
2199 2621 2506 2690 Κυριακῆς
2534 2621 2728 2687 libros,
2761 2636 2900 2692 quos
2923 2617 3201 2675 Honorius
3229 2637 3337 2677 non

59 2716 256 2773 habet.
840 2784 868 2856 §
899 2783 1033 2838 Vlll.
1076 2785 1218 2841 Sixti
1248 2785 1463 2841 Senens.
1496 2787 1724 2857 catalogi
1754 2802 1872 2840 cum
1903 2787 2204 2841 Eusebiano
2228 2787 2566 2844 assimilatio.

131 2939 373 2995 Minime
408 2939 652 2994 omnium
686 2949 939 2996 accurata
983 2949 1069 2996 est
1114 2941 1252 2996 Sixti
1302 2942 1550 2998 senensis
1581 2942 1844 2997 librorum
1878 2956 1909 2994 a
1941 2940 2196 2998 Melitone
2225 2942 2662 3011 conscriptorum
2709 2942 3082 3014 consignatio,
3131 2947 3336 3018 quippe

58 3051 188 3105 qua
215 3049 288 3088 ne
323 3041 573 3103 quartam
605 3033 823 3101 quidem
849 3050 1037 3088 eorum
1067 3045 1272 3103 partem
1301 3035 1534 3105 attingit,
1559 3035 1684 3089 licet
1718 3034 1854 3088 nihil
1885 3034 2140 3089 omisisse
2167 3034 2297 3089 velit
2320 3036 2506 3091 videri.
2525 3035 2771 3089 Meminit
2790 3036 2934 3090 enim
2962 3043 3338 3096 tantummodo

57 3134 437 3192 excerptorum
458 3164 471 3186 ,
513 3124 635 3177 libri
667 3123 743 3176 De
781 3124 891 3178 vita
935 3126 1335 3193 prop/telarum,
1372 3124 1449 3178 De
1479 3125 1829 3194 Apocalypsi,
1857 3135 1909 3180 et
1954 3135 2216 3195 praeterea
2261 3127 2494 3182 duorum
2526 3129 2758 3184 aliorum
2782 3172 2795 3197 ,
2824 3132 2879 3185 in
2909 3132 3108 3202 quibus
3151 3141 3335 3189 tamen

58 3220 424 3276 recensendis
449 3220 686 3290 graviter
713 3221 1082 3276 hallucinatus
1111 3231 1215 3277 est.
1247 3219 1380 3274 Nam
1411 3237 1509 3290 pro
1539 3222 1557 3275 1

1831 3222 1847 3274 ὶ
1879 3221 2226 3290 ὲνσωμάτου
2253 3222 2421 3288 Θεοῦ,
2453 3222 2587 3276 dicit
2613 3236 2736 3276 eum
2767 3222 3079 3291 scripsisse,
3114 3223 3169 3276 in
3200 3221 3335 3278 illud

59 3313 351 3369 Geneseos
398 3329 462 3368 ιε
533 3312 824 3368 Faciamus
878 3315 1172 3380 hominem,
1229 3314 1302 3369 De
1363 3315 1472 3368 Deo
1519 3315 1829 3383 incorporeo
1868 3315 2068 3369 librum
2115 3330 2316 3379 unum,
2361 3316 2507 3385 quod
2554 3315 2716 3383 plane
2753 3315 3028 3370 diversum
3071 3327 3231 3372 sonat
3263 3317 3335 3372 ab

61 3409 333 3466 Eusebio.
362 3408 566 3466 Deinde
604 3411 658 3464 in
695 3426 760 3465 eo
787 3425 1006 3480 quoque
1035 3419 1202 3475 errat,
1235 3410 1380 3479 quod
1415 3419 1642 3474 asserat,
1672 3410 1926 3464 Sardium
1957 3411 2272 3480 episcopum
2318 3410 2604 3480 scripsisse
2650 3409 2728 3464 De
2762 3410 3002 3482 catalogo
3034 3413 3334 3466 divinorum

60 3505 348 3573 utriusque
374 3502 694 3558 Testamenti
726 3503 1049 3558 voluminum
1079 3505 1144 3558 ad
1169 3503 1487 3558 Onesimum
1519 3503 1802 3572 epistolam
1836 3519 2020 3556 unam.
2052 3504 2152 3558 Ast
2181 3503 2272 3557 illa
2300 3503 2528 3572 epistola
2561 3503 2638 3556 nil
2661 3503 2806 3558 aliud
2827 3511 2930 3569 est,
2963 3520 3127 3574 quam
3147 3520 3331 3574 prooe-

62 3597 243 3652 mium
273 3612 370 3651 sex
390 3597 1084 3668 exloyibvlibrorumquos
1117 3614 1281 3667 supra
1302 3598 1552 3668 jamjam,

1829 3615 1946 3652 rum
1974 3599 2783 3665 nomine,commemoraverat;
2806 3600 2933 3655 hinc
2961 3616 3072 3656 non
3102 3600 3333 3655 debebat

61 3693 325 3747 eamdem
358 3701 619 3761 tanquam
653 3708 852 3753 novum
882 3694 1104 3764 aliquod
1135 3694 1397 3764 scriptum
1431 3693 1660 3750 seorsim
1695 3709 2012 3760 recensere;
2046 3708 2146 3749 nec
2168 3693 2399 3749 debebat
2425 3707 2592 3764 porro
2620 3693 2824 3763 dicere,
2846 3697 3120 3766 utriusque
3148 3695 3332 3750 Testa-

62 3788 254 3852 menti,
282 3787 380 3842 sed
425 3785 620 3840 Veteris
652 3796 864 3842 tantum
904 3788 1225 3842 Testamenti
1262 3804 1328 3843 ex
1354 3803 1420 3842 eo
1451 3789 1594 3843 enim
1628 3787 1748 3842 solo
1769 3787 1920 3844 dedit
1948 3787 2218 3843 librorum
2240 3786 2636 3842 canonicorum
2657 3787 2990 3862 catalogum,
3016 3798 3078 3843 ut
3103 3801 3232 3843 mox
3261 3803 3329 3842 ex

61 3878 208 3948 ipsa,
239 3895 412 3950 quam
433 3880 685 3937 dedimus
715 3880 876 3951 infra,
907 3883 1154 3952 epistolae
1176 3884 1519 3953 inspectione
1543 3883 1826 3953 apparebit
1852 3883 1974 3938 luce
2003 3882 2308 3938 meridiana
2338 3880 2564 3939 clarius.

1343 4037 1370 4111 §
1403 4037 1494 4093 IX.
1555 4037 1790 4094 Sandius
1821 4049 2053 4095 notatur.

140 4185 350 4246 Tribus
377 4191 557 4246 adhuc
576 4191 756 4247 verbis
780 4206 1001 4258 moneo,
1030 4192 1280 4248 notitiam
1306 4208 1472 4263 quam
1505 4192 1571 4248 de
1599 4193 1857 4264 operibus
1883 4192 2157 4248 Melitonis
2187 4191 2336 4248 dedit
2363 4190 2688 4246 notissimus
2710 4188 2802 4245 ille
2819 4186 3136 4258 Christoph.
3161 4185 3324 4242 Chri-

51 4285 323 4357 stophori
359 4284 597 4344 Sandius
629 4287 742 4358 (85)
771 4287 1056 4343 confusam
1087 4304 1336 4359 prorsus,
1361 4305 1391 4345 a
1424 4305 1556 4345 vero
1587 4290 1844 4357 alienam,
1867 4300 1921 4344 et
1954 4290 2218 4344 absonam
2243 4302 2364 4346 esse
2393 4287 2563 4353 adeo,
2595 4295 2654 4342 ut
2680 4286 2952 4356 integrum
2979 4285 3086 4339 hoc
3109 4284 3176 4339 de
3201 4283 3322 4338 Me-

58 4384 240 4438 litone
273 4391 442 4454 caput
483 4399 640 4440 error
683 4395 959 4441 mereatur
987 4385 1118 4452 dici,
1151 4387 1205 4441 in
1253 4403 1365 4458 quo
1407 4404 1628 4444 summa
1669 4389 1797 4444 imis
1827 4395 1958 4443 sunt
2001 4387 2281 4457 permista.
2314 4385 2394 4440 Ex
2424 4398 2608 4456 ungue
2645 4381 2856 4439 leonem
2898 4390 2959 4438 ut
2991 4395 3223 4448 noscas,
3266 4380 3322 4434 id

62 4476 272 4531 saltem
308 4490 372 4530 ex
403 4489 470 4531 eo
503 4477 759 4544 referam,
789 4478 973 4532 omnia
1004 4475 1278 4535 Melitonis
1305 4494 1469 4550 opera
1499 4479 1717 4535 Gelasio
1741 4495 1897 4550 papae
1923 4493 2044 4534 esse
2075 4477 2407 4550 apocrypha.

293 4628 324 4702 ᾗ
353 4628 424 4685 Χ.
473 4631 556 4686 An
587 4628 772 4686 Melita
800 4640 992 4702 preter
1019 4631 1183 4688 libros
1215 4589 1444 4688 Eusebio
1475 4641 1526 4688 et
1558 4632 1884 4704 Hieronymo
1925 4640 2359 4688 commemoratos
2378 4672 2394 4700 ,
2434 4630 2568 4685 alios
2599 4629 2772 4684 adhuc
2801 4628 3112 4698 scripserit?

131 4783 475 4854 Priusquam
513 4786 660 4842 circa
701 4787 950 4856 singulos
979 4786 1251 4842 editorum
1283 4803 1315 4841 a
1345 4786 1601 4842 Melitone
1627 4787 1892 4843 librorum
1929 4787 2118 4843 titulos
2154 4801 2278 4842 mea
2308 4785 2762 4854 eruditorumque
2789 4785 3071 4840 observata
3101 4783 3156 4836 in
3198 4796 3319 4837 mea

52 4881 219 4936 dium
250 4879 552 4951 proferam,
579 4895 762 4951 opera:
792 4880 1028 4950 pretium
1061 4897 1150 4936 me
1177 4879 1456 4937 facturum
1487 4881 1673 4946 credo,
1706 4881 2065 4950 quaestionem
2096 4879 2422 4950 expendere,
2454 4895 2524 4934 an
2547 4880 2836 4959 Eusebius,
2861 4897 2930 4935 an
2955 4879 3318 4950 Hieronymus

53 4977 323 5032 omnium
351 4975 834 5032 Melitonianorum
862 4976 1195 5046 scriptorum
1215 4985 1468 5032 exactum
1498 4975 1711 5032 dederit
1734 4975 2041 5044 catalogum
2077 4974 2154 5029 ita
2197 4982 2258 5028 ut
2289 4983 2547 5044 praeterea
2583 4975 2721 5030 nihil
2752 4976 2897 5030 aliud
2928 4974 3122 5030 litteris
3154 4973 3318 5029 fuerit

51 5068 450 5138 consignatum
479 5084 512 5124 a
543 5066 852 5124 Sardiano?
902 5082 1080 5137 anque
1111 5075 1494 5137 argumentum
1519 5109 1534 5135 ,
1581 5067 1710 5136 quia
1738 5062 2028 5134 Eusebius,
2059 5067 2190 5136 quia
2237 5064 2604 5137 Hieronymus
2634 5082 2744 5122 non
2787 5067 3017 5134 habent,
3049 5065 3313 5130 suﬂiciat,

53 5175 262 5215 omnes
294 5159 534 5230 reliquos
571 5161 640 5216 ab
663 5160 787 5216 aliis
821 5161 961 5216 forte
995 5160 1236 5216 Melitoni
1279 5161 1514 5218 tributos
1553 5162 1726 5218 libros
1761 5170 2024 5232 tanquam
2065 5160 2287 5231 spurios
2317 5162 2582 5231 rejicere?
2609 5159 2876 5217 Videntur
2911 5162 2968 5216 in
3007 5162 3149 5218 hanc
3183 5177 3314 5218 sen-

54 5255 296 5312 tentiam
324 5256 664 5328 propendere
691 5255 994 5313 Halloixius
1019 5255 1495 5329 (84).Whistonus
1521 5256 1985 5328 (85),Baraterius
2011 5255 2465 5327 (86).Ceillierius
2487 5243 2854 5331 (87),aliique.
2881 5257 3142 5314 Veritatis
3163 5275 3316 5330 quae-

125 5407 250 5483 (83)
293 5408 530 5483 Sandius
560 5412 615 5466 in
639 5420 870 5468 tractatu
900 5412 982 5483 De
1013 5411 1268 5466 veteribus
1290 5411 1636 5483 scriptoribus
1742 5412 1888 5482 nity,
1917 5412 2157 5483 andAtlte
2207 5410 2554 5467 Incarnation
2607 5413 2672 5482 of
2694 5429 2794 5467 our
2835 5409 3000 5481 Lord,
3048 5421 3201 5480 temo.
3244 5412 3312 5467 IV

48 5481 475 5553 ecclesiasticis,
522 5483 720 5553 nucleo
781 5497 882 5543 suo
935 5481 1192 5538 Historiw
1233 5481 1634 5550 ecclesiastica,
1743 5481 1995 5553 Primwpi
2021 5481 2441 5553 Christianismi,
2471 5499 2595 5553 pag.
2620 5481 2744 5537 {26.

48 5551 333 5623 ρι’ωὲίιοζ
345 5567 470 5623 pag.
494 5551 585 5623 47.
721 5622 728 5623 7
805 5622 812 5623 η
920 5621 954 5623 μ
1813 5552 1924 5622 (86)
1940 5551 2252 5608 Baraterius
2270 5554 2322 5606 in
2337 5551 2720 5623 DisquisitiOIte
2735 5553 3100 5623 citronologica
3118 5552 3181 5606 de
3193 5571 3312 5606 suc-

149 5622 248 5696 ξέ)
285 5619 615 5696 galloixius,
644 5622 758 5696 c._l.
793 5622 888 5696 fol.
911 5621 1036 5679 854.
1108 5693 1119 5696 4
1184 5693 1193 5696 _
1277 5692 1319 5696 _
1365 5693 1374 5696 _
1414 5694 1421 5696 Α
1514 5692 1527 5696 Α
1584 5693 1593 5696 _
1739 5619 2368 5696 cessig:ne_untiquissima
2395 5619 2753 5696 episcoporum
2773 5619 3001 5696 Roman.
3028 5639 3149 5696 pag.
3181 5624 3306 5676 2220.

150 5691 249 5761 85)
285 5691 544 5747 Whiston
581 5693 640 5746 in
675 5693 759 5747 the
799 5693 1034 5747 Account
1059 5693 1122 5763 of
1152 5693 1234 5748 the
1270 5692 1436 5748 Faith
1466 5692 1635 5763 ofﬂthe
1810 5692 1923 5761 (87)
1959 5692 2196 5755 Ceillier,
2225 5691 2463 5748 Histoire
2494 5691 2734 5763 generale
2766 5694 2855 5747 des
2888 5691 3308 5763 auteurs‘sacre's

54 5761 159 5818 hoc
185 5763 305 5833 ﬁrst
337 5763 624 5842 centuries,
654 5765 963 5842 concerning
990 5765 1074 5842 tlte
1093 5761 1460 5820 ‘ever-blessed
1512 5762 1635 5817 Tri-
1733 5772 1789 5842 et
1821 5763 2260 5834 ecclésiastiques,
2289 5771 2422 5820 tom.
2452 5761 2521 5835 ll,
2547 5779 2667 5836 cap.
2694 5764 2748 5833 '5,
2781 5778 2905 5836 pag.
2937 5761 3024 5818 78.
