3808 6206
481 256 609 314 mu
1512 248 1569 302 s.
1611 244 1870 301 usuro
1907 243 2216 300 smmum
2251 244 2654 302 EPISCOPUS.
3595 245 3718 301 me,

463 366 589 420 dam
629 364 840 436 species
880 365 1010 419 huic
1045 363 1292 435 opinioni
1331 365 1530 419 exinde
1568 363 1819 434 affulgct,
1865 361 2015 433 quod
2062 359 2370 428 Eusebius,
2401 361 2692 417 recensitis
2724 361 3021 431 omnibus,
3051 379 3192 436 quos
3240 364 3409 420 modo
3446 365 3715 420 numerari

465 461 658 522 libris.
689 461 873 517 dicat:
919 460 1044 513 Ἐπὶ
1077 461 1211 513 πᾶσι
1245 459 1340 515 καὶ
1374 459 1435 513 τὸ
1466 459 1604 531 πρὸς
1647 457 1966 511 Ἀντωνῖνον

2213 473 2292 519 2v,
2328 472 2347 506 ι
2378 465 2689 524 postremus
2721 455 2966 509 omnium
3011 466 3097 513 est
3141 456 3362 511 libellus
3393 454 3466 509 ad
3503 455 3717 522 impera-

469 567 640 610 torem
670 557 1040 621 Antoninum;
1073 573 1091 606 ι
1121 555 1400 625 quodque,
1419 553 1601 608 allatis
1623 552 1952 624 quibusdam
1981 551 2313 621 scriptorum
2349 549 2828 604 Llelitonianorum
2848 549 3189 621 fragmentis,
3214 548 3317 603 sub
3348 549 3518 601 finem
3543 545 3717 614 capitis

466 648 541 703 ita
571 648 914 702 continenter
943 647 1140 704 subdat
1165 668 1176 701 :
1207 651 1316 704 Καὶ
1348 651 1416 704 τὰ
1451 649 1551 721 μὲν
1571 649 1890 711 Μελίτωνος
1923 664 1970 701 τε

2217 665 2235 696 ι
2258 655 2312 700 et
2336 645 2462 698 libri
2495 645 2715 714 quidem
2741 643 3012 699 Melitonis
3035 653 3113 700 tot
3135 652 3284 708 sunt,
3315 660 3334 692 ι
3368 641 3714 704 indicaturus,

467 758 527 798 se
557 759 752 799 omnes
789 758 1165 798 enumerasse.
1203 746 1375 802 Secus
1405 757 1587 801 tamen
1619 745 1751 799 mihi
1785 745 2033 809 videtur,
2063 743 2230 797 rebus
2262 743 2430 813 probe
2465 742 2769 812 perpensis.
2808 740 3010 797 Nullihi
3052 741 3198 797 enim
3227 737 3518 808 expressis
3555 735 3718 791 verbis

467 839 705 893 asseruit
735 839 1002 894 Eusebius
1027 880 1040 903 ,
1075 855 1133 893 se
1162 842 1433 906 omnium,
1467 850 1739 912 quotquot
1781 838 1966 894 Melilo
1993 853 2236 908 unquam
2267 838 2598 908 scripserat,
2625 837 2891 892 librorum
2930 839 3185 894 daturum
3227 851 3350 893 esse
3380 833 3715 903 catalogum;

465 932 598 1000 quin
640 932 822 1002 potius
862 932 1000 986 alios
1035 933 1180 988 forte
1225 933 1408 988 adhuc
1446 933 1515 987 ab
1554 932 1745 988 eodem
1786 939 2045 985 exaratos
2078 929 2249 984 fuisse
2277 928 2423 983 haud
2464 929 2698 984 obscure
2731 929 3082 998 significavit,
3115 931 3194 985 sic
3217 930 3443 984 ordiens
3467 929 3716 984 librorum

465 1025 738 1081 Melitonis
763 1028 1070 1098 catalogum
1098 1047 1110 1083 :
1145 1029 1363 1083 Τούτων
1395 1030 1475 1092 εἰς
1505 1028 1783 1100 ἡμετέραν
1815 1027 1968 1096 γνῶσ

2216 1044 2282 1080 ται
2315 1027 2383 1080 τὰ
2421 1027 2861 1098 ὑποτεταγμένα,
2891 1045 2912 1078 ‹
2939 1043 3004 1082 ex
3043 1024 3196 1079 libris
3229 1031 3412 1077 autem
3447 1021 3720 1090 utriusque

464 1115 685 1172 illorum
725 1117 1034 1189 (Melitonis
1075 1120 1282 1175 scilicet
1310 1127 1365 1173 et
1387 1118 1754 1187 Apollinaris)
1784 1117 1870 1185 hi,
1903 1133 2046 1187 quos
2084 1115 2226 1170 infra
2251 1117 2610 1185 subiecimus,
2636 1119 2703 1172 ad
2725 1128 2966 1172 nostram
3001 1117 3250 1171 notitiam
3289 1122 3676 1185 pervenerunt.
3700 1131 3716 1163 ι

463 1208 610 1264 ldem
655 1219 884 1265 testatur
913 1211 1094 1266 adhuc
1127 1211 1334 1266 clarius
1377 1208 1434 1263 S.
1464 1208 1829 1280 Hieronymus
1860 1209 1947 1266 his
1972 1209 2191 1264 verbis:
2227 1228 2246 1260 ι
2279 1207 2513 1283 Scripsit
2545 1226 2769 1280 quoque
2790 1220 2847 1266 et
2889 1211 2997 1264 alia
3021 1251 3036 1276 ,
3068 1210 3136 1264 de
3183 1209 3387 1277 quibus
3419 1206 3529 1261 ista
3586 1213 3720 1264 sunt.

462 1321 587 1375 quae
623 1306 976 1376 subjecimus.
1011 1326 1032 1356 ι
1076 1307 1326 1376 Cumque
1367 1315 1629 1377 pnetcrca
1679 1307 2006 1362 Anastasius
2043 1305 2256 1361 Sinaita
2293 1307 2530 1362 duorum
2571 1307 2838 1374 aliorum,
2878 1306 3116 1362 Eusebio
3155 1317 3210 1362 et
3251 1305 3592 1376 Hieronymo
3625 1318 3721 1357 non

462 1413 930 1469 memoratarum,
963 1403 1227 1457 librorum
1273 1401 1608 1456 mentionem
1655 1401 1904 1470 injiciat,
1946 1406 1966 1456 l

2220 1400 2480 1469 )κώσεως
2521 1403 2782 1472 Χριστοῦ
2828 1403 3038 1459 scilicet
3075 1403 3214 1473 (88),
3253 1401 3332 1455 De
3367 1400 3724 1454 incarnatione

461 1495 686 1563 Christi,
710 1505 763 1551 et
792 1497 988 1565 Λόγου
1019 1499 1106 1563 εὶς
1137 1494 1204 1549 τὸ
1231 1494 1429 1562 Πάθος
1461 1495 1720 1562 Χριστοῦ
1747 1494 1884 1565 (89),
1921 1493 1965 1549 0

2228 1495 2286 1548 in
2314 1493 2628 1550 Ραεδὶοηετη
2657 1493 2908 1560 Domini,
2939 1508 3169 1564 prorsus
3209 1507 3318 1547 non
3347 1491 3535 1552 video,
3568 1502 3725 1558 quan

462 1588 608 1645 inter
633 1589 873 1660 genuina
905 1588 1178 1643 Melitonis
1200 1601 1366 1656 opera
1396 1596 1453 1641 et
1481 1588 1582 1640 hos
1609 1601 1833 1656 quoque
1860 1585 2108 1655 recipere
2135 1587 2208 1641 sit
2236 1585 2603 1640 dubitandum
2627 1601 2644 1652 ;
2673 1585 2782 1640 nisi
2811 1585 2952 1639 forte
2980 1586 3138 1654 quis,
3168 1599 3236 1638 ex
3274 1583 3424 1637 malo
3456 1583 3512 1636 in
3546 1581 3722 1636 ortho-

461 1685 665 1739 doxam
703 1692 952 1739 nostram
987 1683 1147 1738 fidem
1179 1681 1390 1745 animo,
1435 1679 1738 1749 fragmenta
1761 1724 1776 1747 ,
1803 1696 1926 1751 quae
1955 1696 2023 1736 ex
2058 1681 2127 1736 iis
2167 1681 2356 1736 attulit
2390 1681 2754 1745 Anastasius,
2803 1681 2969 1736 dubia
3013 1679 3145 1733 velit
3190 1678 3454 1742 reddere,
3496 1690 3724 1746 quorum

459 1778 696 1832 alterum
718 1776 1005 1846 quantivis
1033 1776 1193 1846 pretii
1225 1776 1294 1830 de
1326 1776 1510 1830 divina
1543 1777 1750 1846 pariter
1777 1791 1843 1832 ac
1873 1776 2113 1831 humana
2131 1775 2338 1832 Christi
2366 1787 2561 1832 natura
2589 1778 2837 1833 continet
2865 1775 3260 1831 testimonium.
3287 1773 3516 1830 Eusebii
3546 1773 3723 1836 verba,

460 1875 664 1944 quibus
690 1874 919 1941 asserit,
948 1882 1029 1929 tot
1051 1888 1174 1928 esse
1201 1871 1477 1928 Melitonis
1513 1873 1742 1944 scripta,
1779 1873 2090 1944 horumque
2125 1883 2467 1945 postremum
2500 1874 2748 1929 omnium
2790 1888 2911 1930 esse
2949 1871 3298 1942 Apologiam,
3339 1869 3638 1925 commode
3671 1869 3728 1923 de

461 1972 621 2028 libris
651 1972 867 2040 saltem,
891 1971 987 2042 qui
1016 1971 1086 2026 ad
1112 1969 1235 2041 ejus
1269 1969 1523 2026 notitiam
1555 1977 1943 2041 pervenerunt,
1975 1985 2274 2040 possumus
2307 1978 2362 2026 et
2390 1971 2660 2026 debemus
2691 1969 3061 2041 interpretari.

1513 2123 1541 2196 §
1571 2123 1666 2180 Xl.
1709 2121 1787 2180 De
1819 2123 2092 2179 Melitom's
2118 2125 2274 2180 libris
2299 2125 2363 2180 de
2390 2124 2675 2181 Paschate.

530 2281 638 2339 Sed
685 2297 816 2353 age,
857 2281 926 2337 de
967 2295 1081 2336 uno
1131 2280 1374 2336 alterove
1400 2279 1543 2335 libro
1598 2280 1881 2352 sigillatim
1912 2296 2062 2336 nunc
2087 2280 2395 2337 videamus.
2423 2281 2506 2337 Ad
2542 2282 2715 2338 libros
2749 2282 2827 2337 De
2859 2280 3118 2337 Paschute
3148 2282 3296 2352 quod
3323 2282 3554 2347 attinet,
3579 2293 3727 2337 nota-

461 2388 586 2428 mus
613 2413 627 2437 ,
674 2373 1181 2429 decantatissimam
1226 2371 1399 2437 illam,
1444 2371 1722 2443 prioribus
1757 2379 1882 2442 post
1911 2387 1962 2427 c.
1999 2389 2054 2426 n.
2086 2373 2305 2429 saculis
2347 2374 2489 2429 inter
2522 2373 2824 2430 Ecclesiam
2853 2373 3184 2430 Oricntalem
3219 2383 3274 2429 et
3320 2371 3723 2428 Occidentalem

461 2480 660 2534 magno
690 2466 1001 2519 animorum
1034 2463 1248 2519 fervore
1280 2463 1570 2534 agitatam,
1603 2463 2040 2520 controversiam
2081 2465 2149 2520 de
2197 2465 2287 2520 die
2334 2463 2654 2522 festivitatis
2700 2466 3017 2533 Paschatis,
3063 2466 3258 2520 horum
3306 2465 3725 2520 scribendorum

461 2560 810 2616 occasionem
842 2558 1320 2615 subministrasse.
1357 2557 1716 2624 Quaerebatur
1780 2560 2026 2628 scilicet,
2074 2574 2144 2614 an
2178 2561 2406 2631 praecise
2435 2576 2564 2616 cum
2605 2559 2830 2627 Judaeis,
2895 2562 2984 2617 die
3037 2564 3104 2618 14
3161 2564 3372 2618 mensis
3416 2561 3627 2626 Nisan,
3677 2563 3725 2616 in

462 2673 851 2728 quemcunque
877 2656 1234 2712 hebdomadis
1259 2655 1403 2710 diem
1439 2654 1530 2710 ille
1561 2655 1858 2724 incideret;
1891 2671 1962 2711 an
1990 2671 2124 2712 vero
2152 2657 2306 2712 nullo
2333 2659 2463 2724 alio,
2499 2674 2665 2729 quam
2692 2660 2825 2714 solis
2855 2659 2964 2726 die,
2991 2661 3044 2714 in
3077 2662 3404 2716 memoriam
3435 2660 3729 2716 Dominica:

461 2748 928 2813 resurrectionis,
965 2761 1124 2803 saera
1169 2745 1451 2817 paschalia
1491 2745 1602 2802 sint
1646 2747 1998 2803 celebranda.
2051 2745 2303 2804 Priorem
2350 2749 2576 2805 modum
2626 2751 3000 2821 sequebantur
3027 2753 3282 2808 Asiatica:
3322 2763 3378 2808 et
3427 2753 3728 2808 Orientales

462 2840 756 2908 Ecclesiae;
793 2849 850 2896 at
879 2841 974 2911 qui
1009 2838 1199 2895 Romae
1225 2850 1282 2895 et
1326 2839 1381 2894 in
1413 2841 1536 2896 aliis
1569 2842 1888 2913 regionibus
1931 2845 2001 2900 ad
2048 2844 2182 2901 solis
2220 2859 2481 2901 occasum
2529 2847 2652 2903 sitis
2690 2846 2971 2902 Christum
3003 2830 3292 2914 colebant,
3339 2852 3721 2919 posteriorem.

463 2930 693 3004 Utrique
732 2933 1062 3003 apostolicas
1105 2932 1376 3001 urgebant
1411 2933 1761 3002 traditiones;
1797 2935 1874 2990 illi
1908 2951 1968 2992 se
1993 2941 2450 2996 consuetudinem
2489 2955 2646 2996 suam
2672 2943 2950 3012 accepisse
2975 2959 3004 2996 a
3035 2941 3094 2996 S.
3127 2943 3340 2999 Joanne
3373 2952 3432 2998 et
3478 2942 3724 3014 Philippo

461 3025 752 3093 dicebant;
787 3026 844 3080 hi
877 3040 1010 3082 vero
1041 3028 1110 3082 ad
1141 3025 1358 3118 Petrum
1387 3037 1444 3084 et
1475 3027 1706 3085 Paulum
1737 3033 2130 3101 provocabaut.
2160 3033 2349 3106 Neque
2371 3036 2441 3090 ab
2469 3036 2627 3091 initio
2657 3037 2772 3092 haec
2795 3036 3087 3094 diversitas
3112 3039 3452 3094 discordiam
3487 3040 3724 3108 peperit,

463 3122 558 3177 sed
592 3123 848 3193 quaelibet
878 3121 1124 3181 Ecclesia
1150 3125 1206 3179 in
1233 3125 1345 3180 ritu
1382 3125 1490 3182 hoc
1531 3127 1835 3198 adiaphoro
1861 3143 1964 3184 sua
2007 3131 2267 3186 utebatur
2293 3131 2566 3186 libertate.
2606 3131 2843 3188 lrenaeus
2871 3133 2984 3202 (90)
3021 3131 3203 3197 refert,
3240 3129 3300 3185 S.
3341 3129 3728 3202 Polycarpurl,

464 3215 698 3271 Romam
745 3216 1076 3287 profectum,
1102 3218 1246 3276 inter
1273 3220 1382 3276 alia
1423 3237 1548 3277 eum
1579 3222 1830 3290 Aniceto,
1863 3234 1999 3280 tunc
2043 3223 2296 3282 Romano
2333 3228 2568 3298 praesule
2593 3266 2609 3293 ,
2665 3229 2734 3284 de
2779 3237 3024 3299 tempore
3062 3226 3347 3282 Paschalis
3399 3226 3727 3296 colloquium

467 3313 798 3380 instituisse,
837 3315 935 3370 sed
975 3326 1231 3372 neutrum
1263 3318 1512 3388 potuisse
1541 3319 1700 3375 alteri
1737 3322 2092 3390 persuadere,
2138 3332 2198 3378 ut
2249 3338 2277 3377 a
2325 3323 2562 3394 pristino
2608 3337 2762 3379 more
2815 3322 3123 3387 recederet;
3156 3317 3526 3374 nihilominus
3556 3329 3726 3373 tamen

467 3405 611 3460 inter
645 3414 942 3478 utrumque
973 3423 1162 3478 pacem
1191 3421 1574 3467 conservatam
1610 3410 1804 3468 fuisse.
1829 3411 2106 3471 Melitonis
2131 3425 2293 3472 attate
2323 3417 2376 3470 in
2406 3415 2717 3472 Laodicena
2745 3415 3013 3480 Ecclesia,
3045 3411 3260 3468 sublato
3285 3426 3383 3482 per
3411 3410 3729 3481 martyrium

470 3497 665 3570 Sagari
697 3498 848 3555 sedis
888 3500 1056 3571 hujus
1093 3501 1372 3574 episcopo,
1407 3512 1465 3560 et
1501 3505 1926 3563 succedentibus
1959 3505 2105 3570 aliis,
2136 3507 2231 3578 qui
2275 3508 2672 3562 occidentalem
2699 3508 3156 3563 consuetudinem
3184 3506 3544 3561 introducere
3571 3519 3732 3561 mua-

469 3591 693 3659 bantur,
728 3593 833 3648 hac
855 3591 924 3647 de
948 3607 1116 3648 causa
1155 3592 1325 3649 etiam
1355 3594 1749 3650 exoriebantur
1773 3594 2172 3654 dissensiones.
2215 3598 2602 3668 interponebat
2643 3597 2810 3670 igitur
2837 3613 2937 3653 sua
2984 3598 3161 3654 ollicia
3195 3605 3411 3658 noster,
3440 3607 3615 3665 atque
3643 3595 3732 3649 hac

463 3687 755 3743 occasione
776 3687 961 3752 binos,
986 3685 1281 3745 festinante
1308 3690 1546 3757 calamo,
1573 3697 1631 3745 ut
1655 3690 1734 3745 ait
1756 3688 2030 3747 Eusebius
2053 3691 2191 3763 (9i),
2219 3693 2469 3748 exaravit
2495 3694 2686 3761 libros,
2712 3694 2768 3750 in
2793 3693 2998 3765 quibus
3026 3690 3232 3754 docuit,
3255 3703 3416 3743 suam
3440 3687 3732 3757 unicuique

467 3765 729 3834 Ecclesiae
761 3780 1216 3835 consuetudinem
1256 3795 1381 3837 esse
1407 3781 1772 3848 retinendam,
1804 3781 2132 3854 Paschaque
2161 3783 2250 3839 die
2277 3783 2345 3839 14
2375 3799 2442 3839 ex
2472 3784 2732 3855 antiquo,
2770 3798 2898 3840 esse
2931 3778 3350 3838 celebrandum.
3391 3774 3487 3830 Sic
3517 3776 3730 3831 diremit

466 3886 688 3925 omnem
723 3871 1185 3936 controversiam,
1215 3886 1252 3927 o
1283 3869 1464 3928 felicia
1490 3873 1594 3928 ista
1625 3875 1902 3944 tempora!
1934 3873 2124 3943 sicque
2154 3872 2417 3930 Ecclesia:
2446 3889 2636 3945 pacem
2668 3874 2922 3932 reddidit.
2954 3873 3032 3930 lta
3064 3870 3234 3928 refert
3262 3869 3589 3942 Polycrates
3627 3868 3728 3939 (9i)

467 3969 526 4024 in
563 3967 806 4039 Epistola
836 3969 1090 4039 synodica
1121 3967 1191 4023 ad
1235 3967 1499 4024 Victorem
1523 4010 1538 4036 ,
1567 3971 1728 4041 cujus
1758 3979 1918 4026 aetate
1949 3986 2200 4041 ausuque
2225 3969 2466 4027 nefando
2500 3973 2616 4027 haec
2655 3972 2838 4026 denuo
2873 3973 3152 4027 recruduit
3195 3970 3606 4034 controversia,
3647 3968 3727 4022 diu

469 4075 656 4136 postea
699 4081 898 4137 magna
937 4067 1248 4121 animorum
1277 4066 1628 4122 contentione
1659 4067 1886 4138 agitata,
1914 4082 2016 4123 nec
2051 4076 2178 4122 ante
2218 4068 2487 4139 synodum
2515 4065 2793 4122 Nicanam
2824 4068 3022 4137 sopita.
3055 4066 3331 4122 Melitonis
3361 4066 3445 4118 De
3472 4063 3731 4118 Pascitur:

471 4179 612 4234 opus
654 4161 922 4219 Clementi
969 4161 1342 4218 Alexandrino
1384 4163 1738 4233 postmodum
1774 4163 2122 4219 occasionem
2171 4165 2440 4234 praebuit,
2473 4172 2534 4218 ut
2563 4165 2678 4234 ipse
2724 4177 2946 4232 quoque
2991 4162 3367 4218 conscriberet
3409 4163 3618 4215 librum
3665 4159 3728 4212 De

474 4253 756 4319 Pace/tate,
795 4255 850 4308 in
885 4269 996 4324 quo
1028 4254 1388 4311 honorificam
1419 4253 1758 4310 Melitoniani
1803 4258 1987 4327 operis
2018 4256 2208 4326 injecit
2255 4256 2585 4311 mentionem
2607 4298 2620 4320 ,
2658 4264 2718 4310 ut
2749 4255 2914 4309 tradit
2958 4252 3227 4309 Eusebius
3257 4252 3414 4323 (93):
3446 4252 3654 4306 Τοῦτον
3683 4250 3727 4302 ἃ

471 4353 562 4409 τοῦ
595 4355 778 4422 λόγου,
802 4353 1078 4423 inquiens,
1103 4354 1378 4427 μέμνηται
1410 4355 1643 4426 Κλήμης
1674 4356 1702 4407 ὀ
1730 4353 2111 4426 Ἀλεξανδρεὺς
2144 4356 2201 4409 ὲν
2237 4354 2352 4424 ἰδίῳ
2385 4354 2525 4422 Περὶ
2572 4354 2678 4408 τοῦ
2697 4352 2918 4423 Πάσχα
2935 4346 3175 4418 λόγῳ,ὃν
3205 4346 3267 4411 ἐξ
3297 4346 3482 4410 αἰτίας
3516 4346 3618 4417 τῆς
3647 4343 3726 4397 τοῦ

471 4449 782 4512 Μελίτωνος
813 4448 1032 4521 γραφῆς
1065 4450 1230 4521 φησὶν
1263 4449 1455 4504 ἑαυτὸν
1487 4447 1769 4515 συντάξαι.
1801 4468 1818 4500 ‹
1850 4447 1975 4518 Hujt

2221 4465 2236 4502 ι
2269 4449 2392 4504 libri
2425 4448 2756 4502 mentionem
2789 4446 2919 4504 facit
2955 4447 3206 4501 Clemens
3231 4444 3644 4507 Alexandrinus
3680 4446 3725 4493 in

471 4556 636 4612 opere
665 4557 768 4596 suo
796 4542 864 4594 de
886 4539 1173 4596 Paschate.
1207 4540 1365 4607 Quod
1395 4541 1615 4610 quidem
1652 4550 1711 4594 ut
1747 4542 2142 4606 conscriberet,
2177 4540 2683 4596 Melitonislibrum
2714 4555 2940 4595 causam
2965 4539 3067 4594 sibi
3097 4537 3405 4607 pnebuisse
3435 4546 3683 4591 testatur.
3706 4551 3722 4583 ι

467 4630 781 4702 Utrumque
811 4639 992 4686 tamen
1023 4648 1162 4702 opus
1192 4633 1384 4701 periit,
1408 4633 1552 4688 etde
1580 4632 1932 4689 Melitoniano
1970 4643 2224 4704 superest
2259 4631 2640 4689 tantummodo
2673 4649 2901 4702 parvum
2931 4631 3319 4703 fragmentum,
3362 4631 3517 4700 quod
3562 4637 3730 4700 poste-

469 4724 617 4780 ritati
649 4724 889 4781 servavit
921 4723 1210 4792 Eusebius,
1248 4722 1392 4780 infra
1422 4723 1817 4780 exhibendum.

1369 4879 1396 4951 ᾗ
1427 4879 1543 4933 Xll.
1590 4879 1666 4934 De
1699 4880 1836 4934 libro
1863 4879 2002 4953 napi.
2035 4881 2310 4946 πολιτείας
2352 4880 2448 4936 καὶ
2489 4882 2810 4955 προφητῶν.

541 5035 700 5090 Circa
726 5035 957 5092 alterum
985 5033 1257 5092 llelitonis
1280 5035 1548 5101 libellum,
1577 5034 1722 5105 quod
1749 5033 1810 5088 τὸ
1841 5034 1982 5104 Περὶ
2007 5051 2045 5088 π

2221 5036 2316 5102 [ac
2351 5036 2452 5090 καὶ
2481 5036 2805 5106 προφητῶν
2843 5036 3195 5100 inscribitur,
3227 5035 3566 5101 tenendum,
3601 5049 3723 5088 non—

472 5129 652 5184 nullos
692 5128 909 5184 codices
938 5143 1104 5184 manu
1127 5136 1412 5194 exaratos,
1439 5141 1578 5197 quos
1602 5124 1878 5192 Valesius,
1906 5126 1964 5180 in
1991 5127 2142 5184 notis
2173 5127 2243 5182 ad
2285 5126 2486 5184 Euseb.
2521 5128 2808 5195 nominat,
2845 5128 3026 5198 legere
3083 5127 3150 5182 τὰ
3186 5127 3332 5197 Περὶ
3374 5141 3443 5181 ες.
3488 5145 3547 5180 κ.
3579 5142 3634 5178 π.
3671 5138 3727 5176 ac

509 5287 656 5415 5ἓζ88)
694 5286 949 5344 Anastas.
998 5286 1241 5352 Sinaita,
1282 5287 1335 5341 in
1370 5284 1606 5358 Ὀδηγῷ,
1641 5301 1763 5356 cap.
1799 5285 1887 5353 15,
1915 5300 2013 5358 pag

2225 5286 2341 5356 (92)
2380 5285 2536 5358 Apud
2580 5284 2783 5342 Euseb.
2820 5284 2963 5340 Hist.
3008 5287 3228 5348 ποίεε..
3266 5284 3364 5340 lib.
3403 5300 3456 5347 τ,
3489 5297 3604 5352 cap.

2219 5366 2393 5415 :illier.
2451 5358 2544 5412 cit.
2579 5358 2720 5411 libro
2754 5373 2874 5415 pag.
2910 5356 3014 5410 75:
3045 5375 3066 5406 ‹
3100 5355 3236 5409 Mais
3265 5370 3362 5410 ces
3390 5357 3532 5408 deus
3576 5352 3723 5405 livres

471 5354 599 5415 εδδ·
639 5354 648 5359 ⁷
697 5425 712 5427 _
1613 5424 1626 5427 _
1707 5354 1726 5356 _
1917 5354 1934 5356 _
1994 5354 2011 5358 ’
2153 5354 2393 5427 Ceillier,
2432 5354 2544 5412 'cit.
2579 5358 2720 5411 libro
2754 5373 2874 5427 pag.
2910 5356 3014 5410 75:
3045 5375 3066 5406 ‹
3100 5355 3236 5409 Mais
3265 5370 3362 5410 ces
3390 5357 3532 5427 deus
3576 5354 3728 5405 livres

545 5429 658 5499 (89)
697 5425 865 5499 Idem,
897 5428 1202 5499 ibid.,ieap.
1237 5427 1304 5499 12
1326 5469 1339 5490 ,
1372 5424 1653 5499 pag1216.
1889 5497 1904 5499 _
1938 5495 1976 5499 _
2151 5437 2278 5483 sont
2311 5424 2552 5499 perdus,
2575 5439 2630 5483 et
2653 5424 2791 5482 nou's
2810 5424 2930 5499 ri’en
2954 5441 3188 5499 scavons
3234 5435 3398 5499 autre
3423 5425 3624 5499 chose,
3657 5432 3726 5498 sl:

549 5442 658 5499 {59)
699 5442 865 5493 luem,
897 5442 1052 5493 ποια..
1082 5443 1202 5498 cap.
1237 5442 1304 5480 η
1326 5469 1339 5490 ,
1372 5442 1496 5550 pag].
1526 5442 1653 5481 κιο.

549 5500 666 5570 (90)
703 5498 1026 5570 lrenaeusin
1058 5497 1300 5568 Epistola
1335 5498 1404 5550 ad
1495 5498 1730 5570 ictorem,
1764 5497 1906 5567 apud
1935 5495 2047 5552 Eu-

2218 5442 2278 5481 nt
2311 5442 2530 5497 peraus,
2575 5442 2630 5483 et
2653 5442 2791 5482 nous
2810 5442 2930 5481 n'en
2954 5442 3188 5492 seavons
3234 5442 3398 5480 autre
3423 5442 3624 5484 euose,
3657 5442 3721 5498 »ις

2217 5513 2260 5552 rn
2300 5514 2408 5570 que
2437 5499 2486 5552 le
2513 5498 2688 5570 Saint
2716 5497 2937 5570 suivoit‘
2966 5498 3014 5570 la
3047 5497 3298 5570 pratique
3333 5496 3408 5550 de
3437 5493 3619 5559 l‘Asie,
3661 5500 3721 5540 ου

473 5566 589 5622 sub.
620 5566 824 5624 Histor.
857 5569 1066 5635 eccles.,
1094 5566 1190 5624 lib.
1221 5586 1275 5632 v,
1302 5583 1421 5638 cap.
1457 5568 1528 5621 24
1766 5637 1770 5638 ί
1805 5566 1814 5567 ί
2151 5567 2259 5622 l’on
2292 5566 2553 5622 célébroit
2583 5569 2768 5638 Paque
2799 5569 2848 5623 le
2879 5568 2947 5623 14
2972 5568 3038 5624 de
3063 5569 3114 5623 la
3147 5566 3296 5620 lune.
3317 5583 3340 5617 ι

547 5641 659 5709 (ut)
701 5638 899 5696 Euseb.
925 5656 976 5697 c.
1001 5639 1037 5695 ι.
1064 5649 1118 5697 et
1145 5637 1509 5711 Hieronymus
1536 5638 1588 5693 in
1617 5637 1893 5710 Catalogo,
1919 5652 2040 5708 cap.
2222 5638 2338 5712 (95)
2379 5640 2580 5696 Euseb.
2615 5637 2710 5696 cit.
2745 5638 2846 5695 loc.

474 5707 564 5761 45.
