  <div class='ocr_page' id='page_1' title='image "/cluster/home/n/w/nwhite01/storage/ocr_20150623/5/nnc1.0046978607/604.png"; bbox 0 0 3808 6206; ppageno 0'>
   <div class='ocr_carea' id='block_1_1' title="bbox 202 312 1739 398">
    <p class='ocr_par' dir='ltr' id='par_1_1' title="bbox 202 312 1722 376">
     <span class='ocr_line' id='line_1_1' title="bbox 202 312 1722 376; baseline 0.004 -6"><span class='ocrx_word' id='word_1_1' title='bbox 202 313 350 370; x_wconf 64' lang='grc'><strong>1393</strong></span> <span class='ocrx_word' id='word_1_2' title='bbox 1103 313 1408 372; x_wconf 82' lang='lat' dir='ltr'><strong>NOTITIA.</strong></span> <span class='ocrx_word' id='word_1_3' title='bbox 1433 349 1503 362; x_wconf 78' lang='lat'><strong>--</strong></span> <span class='ocrx_word' id='word_1_4' title='bbox 1529 312 1594 373; x_wconf 88' lang='lat' dir='ltr'><strong>ll.</strong></span> <span class='ocrx_word' id='word_1_5' title='bbox 1632 314 1722 376; x_wconf 85' lang='lat' dir='ltr'><strong>DE</strong></span> 
     </span>
    </p>
   </div>
   <div class='ocr_carea' id='block_1_2' title="bbox 1866 312 3491 398">
    <p class='ocr_par' dir='ltr' id='par_1_2' title="bbox 1866 318 3491 398">
     <span class='ocr_line' id='line_1_2' title="bbox 1866 318 3491 398; baseline 0.014 -25"><span class='ocrx_word' id='word_1_6' title='bbox 1866 318 2077 377; x_wconf 72' lang='lat' dir='ltr'><strong>MPTIS</strong></span> <span class='ocrx_word' id='word_1_7' title='bbox 2117 321 2176 377; x_wconf 90' lang='lat' dir='ltr'><strong>S.</strong></span> <span class='ocrx_word' id='word_1_8' title='bbox 2216 322 2609 381; x_wconf 80' lang='lat' dir='ltr'><strong>MELITONIS.</strong></span> <span class='ocrx_word' id='word_1_9' title='bbox 3351 338 3375 393; x_wconf 76' lang='lat' dir='ltr'><strong>l</strong></span> <span class='ocrx_word' id='word_1_10' title='bbox 3393 340 3491 398; x_wconf 62' lang='lat' dir='ltr'><strong>lii‘</strong></span> 
     </span>
    </p>
   </div>
   <div class='ocr_carea' id='block_1_3' title="bbox 199 434 3479 527">
    <p class='ocr_par' dir='ltr' id='par_1_3' title="bbox 199 434 3479 527">
     <span class='ocr_line' id='line_1_3' title="bbox 199 434 3479 527; baseline 0.007 -36"><span class='ocrx_word' id='word_1_11' title='bbox 199 437 253 491; x_wconf 87' lang='lat' dir='ltr'><strong>si</strong></span> <span class='ocrx_word' id='word_1_12' title='bbox 287 443 476 492; x_wconf 90' lang='lat' dir='ltr'><strong>noster</strong></span> <span class='ocrx_word' id='word_1_13' title='bbox 503 435 689 506; x_wconf 87' lang='lat' dir='ltr'><strong>plures</strong></span> <span class='ocrx_word' id='word_1_14' title='bbox 713 434 781 490; x_wconf 91' lang='lat' dir='ltr'><strong>de</strong></span> <span class='ocrx_word' id='word_1_15' title='bbox 809 435 915 490; x_wconf 87' lang='lat' dir='ltr'><strong>hoc</strong></span> <span class='ocrx_word' id='word_1_16' title='bbox 944 447 1270 506; x_wconf 84' lang='lat' dir='ltr'><strong>argumento</strong></span> <span class='ocrx_word' id='word_1_17' title='bbox 1290 439 1686 509; x_wconf 87' lang='lat' dir='ltr'><strong>conscripserit</strong></span> <span class='ocrx_word' id='word_1_18' title='bbox 1718 440 1911 506; x_wconf 87' lang='lat' dir='ltr'><strong>libros,</strong></span> <span class='ocrx_word' id='word_1_19' title='bbox 1939 442 2085 512; x_wconf 89' lang='lat' dir='ltr'><strong>quod</strong></span> <span class='ocrx_word' id='word_1_20' title='bbox 2109 441 2424 516; x_wconf 86' lang='lat' dir='ltr'><strong>Hieronymi</strong></span> <span class='ocrx_word' id='word_1_21' title='bbox 2454 453 2510 498; x_wconf 89' lang='lat' dir='ltr'><strong>et</strong></span> <span class='ocrx_word' id='word_1_22' title='bbox 2540 444 2876 514; x_wconf 89' lang='lat' dir='ltr'><strong>reliquorum</strong></span> <span class='ocrx_word' id='word_1_23' title='bbox 2902 451 3181 506; x_wconf 89' lang='lat' dir='ltr'><strong>communi</strong></span> <span class='ocrx_word' id='word_1_24' title='bbox 3213 469 3479 527; x_wconf 80' lang='lat' dir='ltr'><strong>repugnat</strong></span> 
     </span>
    </p>
   </div>
   <div class='ocr_carea' id='block_1_4' title="bbox 198 531 3486 625">
    <p class='ocr_par' dir='ltr' id='par_1_4' title="bbox 198 531 3486 625">
     <span class='ocr_line' id='line_1_4' title="bbox 198 531 3486 625; baseline 0.007 -39"><span class='ocrx_word' id='word_1_25' title='bbox 198 533 550 625; x_wconf 69' lang='lat' dir='ltr'><strong>testimonio.</strong></span> <span class='ocrx_word' id='word_1_26' title='bbox 601 531 740 588; x_wconf 80' lang='lat' dir='ltr'><strong>Male</strong></span> <span class='ocrx_word' id='word_1_27' title='bbox 778 549 943 603; x_wconf 90' lang='lat' dir='ltr'><strong>porro</strong></span> <span class='ocrx_word' id='word_1_28' title='bbox 983 531 1234 590; x_wconf 80' lang='lat' dir='ltr'><strong>Bullinus</strong></span> <span class='ocrx_word' id='word_1_29' title='bbox 1267 533 1846 607; x_wconf 90' lang='lat' dir='ltr'><strong>Christophorsonus,</strong></span> <span class='ocrx_word' id='word_1_30' title='bbox 1894 539 2120 610; x_wconf 80' lang='lat' dir='ltr'><strong>elegans</strong></span> <span class='ocrx_word' id='word_1_31' title='bbox 2166 539 2424 608; x_wconf 86' lang='lat' dir='ltr'><strong>Eusebii,</strong></span> <span class='ocrx_word' id='word_1_32' title='bbox 2475 553 2602 598; x_wconf 88' lang='lat' dir='ltr'><strong>ante</strong></span> <span class='ocrx_word' id='word_1_33' title='bbox 2625 543 2930 614; x_wconf 85' lang='lat' dir='ltr'><strong>Valesium,</strong></span> <span class='ocrx_word' id='word_1_34' title='bbox 2978 549 3280 620; x_wconf 85' lang='lat' dir='ltr'><strong>interpres,</strong></span> <span class='ocrx_word' id='word_1_35' title='bbox 3315 562 3486 625; x_wconf 87' lang='lat' dir='ltr'><strong>atque</strong></span> 
     </span>
    </p>
   </div>
   <div class='ocr_carea' id='block_1_5' title="bbox 197 622 3479 719">
    <p class='ocr_par' dir='ltr' id='par_1_5' title="bbox 197 622 3479 719">
     <span class='ocr_line' id='line_1_5' title="bbox 197 622 3479 719; baseline 0.009 -41"><span class='ocrx_word' id='word_1_36' title='bbox 197 622 614 719; x_wconf 72' lang='lat' dir='ltr'><strong>Halloixiusex</strong></span> <span class='ocrx_word' id='word_1_37' title='bbox 651 642 762 681; x_wconf 93' lang='lat' dir='ltr'><strong>uno</strong></span> <span class='ocrx_word' id='word_1_38' title='bbox 789 629 895 682; x_wconf 88' lang='lat' dir='ltr'><strong>hoc</strong></span> <span class='ocrx_word' id='word_1_39' title='bbox 924 629 1068 684; x_wconf 90' lang='lat' dir='ltr'><strong>libro</strong></span> <span class='ocrx_word' id='word_1_40' title='bbox 1108 631 1248 686; x_wconf 92' lang='lat' dir='ltr'><strong>duos</strong></span> <span class='ocrx_word' id='word_1_41' title='bbox 1291 631 1558 701; x_wconf 88' lang='lat' dir='ltr'><strong>fecerunt,</strong></span> <span class='ocrx_word' id='word_1_42' title='bbox 1589 634 1821 688; x_wconf 92' lang='lat' dir='ltr'><strong>alterum</strong></span> <span class='ocrx_word' id='word_1_43' title='bbox 1856 635 1931 689; x_wconf 87' lang='lat' dir='ltr'><strong>De</strong></span> <span class='ocrx_word' id='word_1_44' title='bbox 1963 644 2106 690; x_wconf 85' lang='lat' dir='ltr'><strong>recta</strong></span> <span class='ocrx_word' id='word_1_45' title='bbox 2152 640 2578 705; x_wconf 78' lang='lat' dir='ltr'><strong>conversatione,</strong></span> <span class='ocrx_word' id='word_1_46' title='bbox 2614 641 2847 697; x_wconf 89' lang='lat' dir='ltr'><strong>alterum</strong></span> <span class='ocrx_word' id='word_1_47' title='bbox 2890 643 2968 698; x_wconf 87' lang='lat' dir='ltr'><strong>De</strong></span> <span class='ocrx_word' id='word_1_48' title='bbox 2997 647 3285 716; x_wconf 82' lang='lat' dir='ltr'><strong>prophetis,</strong></span> <span class='ocrx_word' id='word_1_49' title='bbox 3318 622 3479 719; x_wconf 82' lang='lat' dir='ltr'><strong>quasi</strong></span> 
     </span>
    </p>
   </div>
   <div class='ocr_carea' id='block_1_6' title="bbox 195 717 1739 808">
    <p class='ocr_par' dir='ltr' id='par_1_6' title="bbox 195 717 1739 795">
     <span class='ocr_line' id='line_1_6' title="bbox 195 717 1739 795; baseline 0.005 -23"><span class='ocrx_word' id='word_1_50' title='bbox 195 718 259 772; x_wconf 89' lang='lat' dir='ltr'><strong>in</strong></span> <span class='ocrx_word' id='word_1_51' title='bbox 295 717 488 774; x_wconf 70' lang='lat' dir='ltr'><strong>Graeco</strong></span> <span class='ocrx_word' id='word_1_52' title='bbox 525 718 799 790; x_wconf 76' lang='lat' dir='ltr'><strong>legeretur</strong></span> <span class='ocrx_word' id='word_1_53' title='bbox 830 721 926 775; x_wconf 75' lang='grc' dir='ltr'>καὶ</span> <span class='ocrx_word' id='word_1_54' title='bbox 958 721 1018 775; x_wconf 77' lang='grc' dir='ltr'><em>τὸ</em></span> <span class='ocrx_word' id='word_1_55' title='bbox 1049 725 1190 791; x_wconf 79' lang='grc' dir='ltr'><strong>Περὶ</strong></span> <span class='ocrx_word' id='word_1_56' title='bbox 1221 725 1562 794; x_wconf 65' lang='grc' dir='ltr'><strong>προφητῶν,</strong></span> <span class='ocrx_word' id='word_1_57' title='bbox 1588 742 1739 795; x_wconf 78' lang='lat' dir='ltr'><strong>quau</strong></span> 
     </span>
    </p>
   </div>
   <div class='ocr_carea' id='block_1_7' title="bbox 1866 717 3485 808">
    <p class='ocr_par' dir='ltr' id='par_1_7' title="bbox 1866 717 3485 808">
     <span class='ocr_line' id='line_1_7' title="bbox 1866 717 3485 808; baseline 0.011 -27"><span class='ocrx_word' id='word_1_58' title='bbox 1866 729 2084 782; x_wconf 89' lang='lat' dir='ltr'><strong>:tionem</strong></span> <span class='ocrx_word' id='word_1_59' title='bbox 2111 745 2304 786; x_wconf 91' lang='lat' dir='ltr'><strong>omnes</strong></span> <span class='ocrx_word' id='word_1_60' title='bbox 2343 740 2661 788; x_wconf 76' lang='lat' dir='ltr'><strong>constanter</strong></span> <span class='ocrx_word' id='word_1_61' title='bbox 2697 735 2917 791; x_wconf 90' lang='lat' dir='ltr'><strong>codices</strong></span> <span class='ocrx_word' id='word_1_62' title='bbox 2959 747 3246 808; x_wconf 85' lang='lat' dir='ltr'><strong>respuunt.</strong></span> <span class='ocrx_word' id='word_1_63' title='bbox 3283 717 3485 797; x_wconf 82' lang='lat' dir='ltr'><strong>Hiero-</strong></span> 
     </span>
    </p>
   </div>
   <div class='ocr_carea' id='block_1_8' title="bbox 193 813 3481 902">
    <p class='ocr_par' dir='ltr' id='par_1_8' title="bbox 193 813 3481 902">
     <span class='ocr_line' id='line_1_8' title="bbox 193 813 3481 902; baseline 0.008 -35"><span class='ocrx_word' id='word_1_64' title='bbox 193 829 406 885; x_wconf 86' lang='lat' dir='ltr'><strong>nymus</strong></span> <span class='ocrx_word' id='word_1_65' title='bbox 436 825 697 885; x_wconf 66' lang='lat' dir='ltr'><strong>praeterea</strong></span> <span class='ocrx_word' id='word_1_66' title='bbox 723 857 738 881; x_wconf 96' lang='lat'><strong>,</strong></span> <span class='ocrx_word' id='word_1_67' title='bbox 771 813 1054 874; x_wconf 85' lang='lat' dir='ltr'><strong>Honorius</strong></span> <span class='ocrx_word' id='word_1_68' title='bbox 1075 861 1090 884; x_wconf 93' lang='lat'><strong>,</strong></span> <span class='ocrx_word' id='word_1_69' title='bbox 1127 817 1470 876; x_wconf 87' lang='lat' dir='ltr'><strong>Tritllemius</strong></span> <span class='ocrx_word' id='word_1_70' title='bbox 1493 833 1548 875; x_wconf 90' lang='lat' dir='ltr'><strong>et</strong></span> <span class='ocrx_word' id='word_1_71' title='bbox 1597 819 1786 876; x_wconf 79' lang='lat' dir='ltr'><strong>Sixtus</strong></span> <span class='ocrx_word' id='word_1_72' title='bbox 1831 820 2092 878; x_wconf 88' lang='lat' dir='ltr'><strong>Senensis</strong></span> <span class='ocrx_word' id='word_1_73' title='bbox 2121 840 2315 881; x_wconf 89' lang='lat' dir='ltr'><strong>omnes</strong></span> <span class='ocrx_word' id='word_1_74' title='bbox 2357 827 2591 891; x_wconf 86' lang='lat' dir='ltr'><strong>habent,</strong></span> <span class='ocrx_word' id='word_1_75' title='bbox 2630 827 2707 884; x_wconf 88' lang='lat' dir='ltr'><strong>De</strong></span> <span class='ocrx_word' id='word_1_76' title='bbox 2738 833 2846 884; x_wconf 86' lang='lat' dir='ltr'><strong>vita</strong></span> <span class='ocrx_word' id='word_1_77' title='bbox 2880 833 3257 902; x_wconf 80' lang='lat' dir='ltr'><strong>prop/letarum</strong></span> <span class='ocrx_word' id='word_1_78' title='bbox 3283 835 3481 892; x_wconf 84' lang='lat' dir='ltr'><strong>librum</strong></span> 
     </span>
    </p>
   </div>
   <div class='ocr_carea' id='block_1_9' title="bbox 190 906 1739 1009">
    <p class='ocr_par' dir='ltr' id='par_1_9' title="bbox 190 906 1714 1005">
     <span class='ocr_line' id='line_1_9' title="bbox 190 906 1714 1005; baseline 0.007 -46"><span class='ocrx_word' id='word_1_79' title='bbox 190 923 392 1005; x_wconf 64' lang='lat' dir='ltr'><strong>unum,</strong></span> <span class='ocrx_word' id='word_1_80' title='bbox 424 917 479 962; x_wconf 91' lang='lat' dir='ltr'><strong>et</strong></span> <span class='ocrx_word' id='word_1_81' title='bbox 523 906 864 979; x_wconf 82' lang='lat' dir='ltr'><strong>Nicepllorus</strong></span> <span class='ocrx_word' id='word_1_82' title='bbox 919 911 1176 982; x_wconf 90' lang='lat' dir='ltr'><strong>insuper,</strong></span> <span class='ocrx_word' id='word_1_83' title='bbox 1225 911 1384 982; x_wconf 85' lang='grc' dir='ltr'><strong>λόγος</strong></span> <span class='ocrx_word' id='word_1_84' title='bbox 1422 915 1479 968; x_wconf 87' lang='grc' dir='ltr'><strong>δὲ</strong></span> <span class='ocrx_word' id='word_1_85' title='bbox 1527 915 1714 988; x_wconf 74' lang='grc' dir='ltr'><strong>ἔτερος</strong></span> 
     </span>
    </p>
   </div>
   <div class='ocr_carea' id='block_1_10' title="bbox 1866 906 3481 1009">
    <p class='ocr_par' dir='ltr' id='par_1_10' title="bbox 1888 918 3481 1000">
     <span class='ocr_line' id='line_1_10' title="bbox 1888 918 3481 1000; baseline 0.007 -28"><span class='ocrx_word' id='word_1_86' title='bbox 1888 918 2198 982; x_wconf 84' lang='grc' dir='ltr'><strong>Μελίτωνος</strong></span> <span class='ocrx_word' id='word_1_87' title='bbox 2229 921 2494 992; x_wconf 85' lang='grc' dir='ltr'><strong>φέρεται,</strong></span> <span class='ocrx_word' id='word_1_88' title='bbox 2529 923 2557 974; x_wconf 85' lang='grc' dir='ltr'>ὁ</span> <span class='ocrx_word' id='word_1_89' title='bbox 2586 921 2727 990; x_wconf 81' lang='grc' dir='ltr'><strong>Περὶ</strong></span> <span class='ocrx_word' id='word_1_90' title='bbox 2764 924 3069 991; x_wconf 71' lang='grc' dir='ltr'><strong>πολιτείας</strong></span> <span class='ocrx_word' id='word_1_91' title='bbox 3112 925 3212 979; x_wconf 78' lang='grc' dir='ltr'><strong>καὶ</strong></span> <span class='ocrx_word' id='word_1_92' title='bbox 3254 944 3481 1000; x_wconf 69' lang='grc' dir='ltr'><strong>προφη-</strong></span> 
     </span>
    </p>
   </div>
   <div class='ocr_carea' id='block_1_11' title="bbox 189 996 3478 1096">
    <p class='ocr_par' dir='ltr' id='par_1_11' title="bbox 189 996 3478 1096">
     <span class='ocr_line' id='line_1_11' title="bbox 189 996 3478 1096; baseline 0.01 -46"><span class='ocrx_word' id='word_1_93' title='bbox 189 996 341 1096; x_wconf 65' lang='grc' dir='ltr'><em>τῷν.</em></span> <span class='ocrx_word' id='word_1_94' title='bbox 377 996 517 1054; x_wconf 92' lang='lat' dir='ltr'><strong>Hinc</strong></span> <span class='ocrx_word' id='word_1_95' title='bbox 549 1001 748 1054; x_wconf 90' lang='lat' dir='ltr'><strong>merito</strong></span> <span class='ocrx_word' id='word_1_96' title='bbox 789 1001 1009 1058; x_wconf 82' lang='lat' dir='ltr'><strong>illorum</strong></span> <span class='ocrx_word' id='word_1_97' title='bbox 1049 1009 1380 1062; x_wconf 89' lang='lat' dir='ltr'><strong>sententiam</strong></span> <span class='ocrx_word' id='word_1_98' title='bbox 1409 1009 1711 1079; x_wconf 85' lang='lat' dir='ltr'><strong>rejicimus.</strong></span> <span class='ocrx_word' id='word_1_99' title='bbox 1743 1010 2013 1084; x_wconf 81' lang='lat' dir='ltr'><strong>Exposuit</strong></span> <span class='ocrx_word' id='word_1_100' title='bbox 2049 1013 2215 1084; x_wconf 83' lang='lat' dir='ltr'><strong>igitur</strong></span> <span class='ocrx_word' id='word_1_101' title='bbox 2250 1027 2437 1071; x_wconf 88' lang='lat' dir='ltr'><strong>noster</strong></span> <span class='ocrx_word' id='word_1_102' title='bbox 2467 1016 2521 1070; x_wconf 91' lang='lat' dir='ltr'><strong>in</strong></span> <span class='ocrx_word' id='word_1_103' title='bbox 2561 1017 2664 1072; x_wconf 86' lang='lat' dir='ltr'><strong>hoc</strong></span> <span class='ocrx_word' id='word_1_104' title='bbox 2688 1033 2853 1086; x_wconf 90' lang='lat' dir='ltr'><strong>opere</strong></span> <span class='ocrx_word' id='word_1_105' title='bbox 2887 1019 2954 1074; x_wconf 93' lang='lat' dir='ltr'><strong>de</strong></span> <span class='ocrx_word' id='word_1_106' title='bbox 2984 1029 3165 1090; x_wconf 87' lang='lat' dir='ltr'><strong>recta,</strong></span> <span class='ocrx_word' id='word_1_107' title='bbox 3195 1039 3318 1094; x_wconf 71' lang='lat' dir='ltr'><strong>quae</strong></span> <span class='ocrx_word' id='word_1_108' title='bbox 3348 996 3478 1096; x_wconf 82' lang='lat' dir='ltr'><strong>pro-</strong></span> 
     </span>
    </p>
   </div>
   <div class='ocr_carea' id='block_1_12' title="bbox 187 1091 3476 1189">
    <p class='ocr_par' dir='ltr' id='par_1_12' title="bbox 187 1091 3476 1189">
     <span class='ocr_line' id='line_1_12' title="bbox 187 1091 3476 1189; baseline 0.009 -44"><span class='ocrx_word' id='word_1_109' title='bbox 187 1091 396 1189; x_wconf 36' lang='lat' dir='ltr'><strong>pheta‘s</strong></span> <span class='ocrx_word' id='word_1_110' title='bbox 433 1094 642 1189; x_wconf 62' lang='lat' dir='ltr'><strong>deceat,</strong></span> <span class='ocrx_word' id='word_1_111' title='bbox 679 1096 898 1151; x_wconf 88' lang='lat' dir='ltr'><strong>vivendi</strong></span> <span class='ocrx_word' id='word_1_112' title='bbox 931 1100 1145 1156; x_wconf 85' lang='lat' dir='ltr'><strong>ratione</strong></span> <span class='ocrx_word' id='word_1_113' title='bbox 1172 1103 1406 1173; x_wconf 83' lang='lat' dir='ltr'><strong>vitaeque</strong></span> <span class='ocrx_word' id='word_1_114' title='bbox 1428 1106 1846 1173; x_wconf 87' lang='lat' dir='ltr'><strong>consuetudine,</strong></span> <span class='ocrx_word' id='word_1_115' title='bbox 1873 1109 2249 1179; x_wconf 88' lang='lat' dir='ltr'><strong>scriptumque</strong></span> <span class='ocrx_word' id='word_1_116' title='bbox 2273 1124 2396 1165; x_wconf 91' lang='lat' dir='ltr'><strong>esse</strong></span> <span class='ocrx_word' id='word_1_117' title='bbox 2423 1110 2638 1166; x_wconf 84' lang='lat' dir='ltr'><strong>videtur</strong></span> <span class='ocrx_word' id='word_1_118' title='bbox 2662 1119 2859 1167; x_wconf 89' lang='lat' dir='ltr'><strong>contra</strong></span> <span class='ocrx_word' id='word_1_119' title='bbox 2890 1091 3225 1170; x_wconf 82' lang='lat' dir='ltr'><strong>Montanum</strong></span> <span class='ocrx_word' id='word_1_120' title='bbox 3245 1091 3476 1189; x_wconf 78' lang='lat' dir='ltr'><strong>ejusque</strong></span> 
     </span>
    </p>
   </div>
   <div class='ocr_carea' id='block_1_13' title="bbox 186 1183 3471 1274">
    <p class='ocr_par' dir='ltr' id='par_1_13' title="bbox 186 1183 3471 1274">
     <span class='ocr_line' id='line_1_13' title="bbox 186 1183 3471 1274; baseline 0.009 -39"><span class='ocrx_word' id='word_1_121' title='bbox 186 1183 442 1238; x_wconf 87' lang='lat' dir='ltr'><strong>asseclas</strong></span> <span class='ocrx_word' id='word_1_122' title='bbox 470 1183 777 1241; x_wconf 88' lang='lat' dir='ltr'><strong>Ecclesiam</strong></span> <span class='ocrx_word' id='word_1_123' title='bbox 811 1187 907 1245; x_wconf 89' lang='lat' dir='ltr'><strong>Dei</strong></span> <span class='ocrx_word' id='word_1_124' title='bbox 957 1191 1078 1248; x_wconf 88' lang='lat' dir='ltr'><strong>istis</strong></span> <span class='ocrx_word' id='word_1_125' title='bbox 1117 1195 1459 1264; x_wconf 87' lang='lat' dir='ltr'><strong>temporibus</strong></span> <span class='ocrx_word' id='word_1_126' title='bbox 1487 1196 1691 1251; x_wconf 90' lang='lat' dir='ltr'><strong>mirum</strong></span> <span class='ocrx_word' id='word_1_127' title='bbox 1719 1197 2027 1260; x_wconf 87' lang='lat' dir='ltr'><strong>turbantes.</strong></span> <span class='ocrx_word' id='word_1_128' title='bbox 2060 1208 2116 1253; x_wconf 90' lang='lat' dir='ltr'><strong>et</strong></span> <span class='ocrx_word' id='word_1_129' title='bbox 2160 1199 2461 1269; x_wconf 73' lang='lat' dir='ltr'><strong>prepllctia:</strong></span> <span class='ocrx_word' id='word_1_130' title='bbox 2499 1200 2707 1255; x_wconf 91' lang='lat' dir='ltr'><strong>donum</strong></span> <span class='ocrx_word' id='word_1_131' title='bbox 2738 1217 2836 1270; x_wconf 86' lang='lat' dir='ltr'><strong>per</strong></span> <span class='ocrx_word' id='word_1_132' title='bbox 2876 1201 3160 1260; x_wconf 70' lang='lat' dir='ltr'><strong>aﬂ‘ectatas</strong></span> <span class='ocrx_word' id='word_1_133' title='bbox 3199 1183 3471 1274; x_wconf 78' lang='lat' dir='ltr'><strong>exstascs,</strong></span> 
     </span>
    </p>
   </div>
   <div class='ocr_carea' id='block_1_14' title="bbox 185 1280 3471 1371">
    <p class='ocr_par' dir='ltr' id='par_1_14' title="bbox 185 1280 3471 1371">
     <span class='ocr_line' id='line_1_14' title="bbox 185 1280 3471 1371; baseline 0.008 -39"><span class='ocrx_word' id='word_1_134' title='bbox 185 1280 382 1336; x_wconf 73' lang='lat' dir='ltr'><strong>varias</strong></span> <span class='ocrx_word' id='word_1_135' title='bbox 411 1283 661 1352; x_wconf 90' lang='lat' dir='ltr'><strong>corporis</strong></span> <span class='ocrx_word' id='word_1_136' title='bbox 694 1287 1106 1353; x_wconf 89' lang='lat' dir='ltr'><strong>contorsiones,</strong></span> <span class='ocrx_word' id='word_1_137' title='bbox 1137 1307 1232 1362; x_wconf 90' lang='lat' dir='ltr'><strong>per</strong></span> <span class='ocrx_word' id='word_1_138' title='bbox 1259 1301 1433 1347; x_wconf 88' lang='lat' dir='ltr'><strong>atram</strong></span> <span class='ocrx_word' id='word_1_139' title='bbox 1457 1294 1893 1362; x_wconf 45' lang='lat' dir='ltr'><strong>.melancholiam</strong></span> <span class='ocrx_word' id='word_1_140' title='bbox 1916 1333 1930 1358; x_wconf 90' lang='lat'><strong>,</strong></span> <span class='ocrx_word' id='word_1_141' title='bbox 1960 1303 2014 1350; x_wconf 92' lang='lat' dir='ltr'><strong>et</strong></span> <span class='ocrx_word' id='word_1_142' title='bbox 2051 1295 2403 1366; x_wconf 88' lang='lat' dir='ltr'><strong>phreneticas</strong></span> <span class='ocrx_word' id='word_1_143' title='bbox 2450 1298 2872 1362; x_wconf 89' lang='lat' dir='ltr'><strong>convulsiones,</strong></span> <span class='ocrx_word' id='word_1_144' title='bbox 2908 1297 3362 1371; x_wconf 84' lang='lat' dir='ltr'><strong>Pythonissarum</strong></span> <span class='ocrx_word' id='word_1_145' title='bbox 3411 1306 3471 1359; x_wconf 90' lang='lat' dir='ltr'><strong>in</strong></span> 
     </span>
    </p>
   </div>
   <div class='ocr_carea' id='block_1_15' title="bbox 187 1377 3467 1464">
    <p class='ocr_par' dir='ltr' id='par_1_15' title="bbox 187 1377 3467 1464">
     <span class='ocr_line' id='line_1_15' title="bbox 187 1377 3467 1464; baseline 0.007 -36"><span class='ocrx_word' id='word_1_146' title='bbox 187 1389 434 1440; x_wconf 86' lang='lat' dir='ltr'><strong>morem,</strong></span> <span class='ocrx_word' id='word_1_147' title='bbox 469 1377 817 1446; x_wconf 89' lang='lat' dir='ltr'><strong>mentientes,</strong></span> <span class='ocrx_word' id='word_1_148' title='bbox 842 1381 1161 1453; x_wconf 90' lang='lat' dir='ltr'><strong>multosque</strong></span> <span class='ocrx_word' id='word_1_149' title='bbox 1187 1384 1428 1440; x_wconf 83' lang='lat' dir='ltr'><strong>ﬁdelium</strong></span> <span class='ocrx_word' id='word_1_150' title='bbox 1457 1401 1487 1440; x_wconf 91' lang='lat' dir='ltr'><strong>a</strong></span> <span class='ocrx_word' id='word_1_151' title='bbox 1525 1395 1676 1442; x_wconf 91' lang='lat' dir='ltr'><strong>recto</strong></span> <span class='ocrx_word' id='word_1_152' title='bbox 1712 1388 1931 1441; x_wconf 84' lang='lat' dir='ltr'><strong>tramite</strong></span> <span class='ocrx_word' id='word_1_153' title='bbox 1964 1388 2288 1443; x_wconf 88' lang='lat' dir='ltr'><strong>seducentes</strong></span> <span class='ocrx_word' id='word_1_154' title='bbox 2317 1388 2452 1458; x_wconf 74' lang='grc'>(94).</span> <span class='ocrx_word' id='word_1_155' title='bbox 2483 1388 2889 1446; x_wconf 89' lang='lat' dir='ltr'><strong>Demonstravit</strong></span> <span class='ocrx_word' id='word_1_156' title='bbox 2928 1392 2984 1446; x_wconf 86' lang='lat' dir='ltr'><strong>ill</strong></span> <span class='ocrx_word' id='word_1_157' title='bbox 3022 1407 3090 1448; x_wconf 90' lang='lat' dir='ltr'><strong>eo</strong></span> <span class='ocrx_word' id='word_1_158' title='bbox 3127 1393 3246 1451; x_wconf 84' lang='lat' dir='ltr'><strong>sine</strong></span> <span class='ocrx_word' id='word_1_159' title='bbox 3275 1396 3467 1464; x_wconf 90' lang='lat' dir='ltr'><strong>dubio,</strong></span> 
     </span>
    </p>
   </div>
   <div class='ocr_carea' id='block_1_16' title="bbox 183 1471 3468 1552">
    <p class='ocr_par' dir='ltr' id='par_1_16' title="bbox 183 1471 3468 1552">
     <span class='ocr_line' id='line_1_16' title="bbox 183 1471 3468 1552; baseline 0.006 -27"><span class='ocrx_word' id='word_1_160' title='bbox 183 1471 346 1541; x_wconf 88' lang='lat' dir='ltr'><strong>quod</strong></span> <span class='ocrx_word' id='word_1_161' title='bbox 377 1473 654 1541; x_wconf 85' lang='lat' dir='ltr'><strong>probabili</strong></span> <span class='ocrx_word' id='word_1_162' title='bbox 685 1475 843 1530; x_wconf 85' lang='lat' dir='ltr'><strong>valde</strong></span> <span class='ocrx_word' id='word_1_163' title='bbox 889 1479 1214 1549; x_wconf 87' lang='lat' dir='ltr'><strong>conjectura</strong></span> <span class='ocrx_word' id='word_1_164' title='bbox 1261 1481 1390 1536; x_wconf 89' lang='lat' dir='ltr'><strong>licet</strong></span> <span class='ocrx_word' id='word_1_165' title='bbox 1418 1482 1678 1550; x_wconf 86' lang='lat' dir='ltr'><strong>divinari,</strong></span> <span class='ocrx_word' id='word_1_166' title='bbox 1703 1482 2026 1552; x_wconf 85' lang='lat' dir='ltr'><strong>prophetam</strong></span> <span class='ocrx_word' id='word_1_167' title='bbox 2057 1480 2276 1552; x_wconf 83' lang='lat' dir='ltr'><strong>Spiritu</strong></span> <span class='ocrx_word' id='word_1_168' title='bbox 2324 1481 2421 1538; x_wconf 88' lang='lat' dir='ltr'><strong>Dei</strong></span> <span class='ocrx_word' id='word_1_169' title='bbox 2451 1498 2576 1538; x_wconf 87' lang='lat' dir='ltr'><strong>vere</strong></span> <span class='ocrx_word' id='word_1_170' title='bbox 2612 1492 2795 1538; x_wconf 89' lang='lat' dir='ltr'><strong>actum</strong></span> <span class='ocrx_word' id='word_1_171' title='bbox 2830 1499 2940 1538; x_wconf 91' lang='lat' dir='ltr'><strong>non</strong></span> <span class='ocrx_word' id='word_1_172' title='bbox 2979 1485 3178 1541; x_wconf 87' lang='lat' dir='ltr'><strong>debere</strong></span> <span class='ocrx_word' id='word_1_173' title='bbox 3216 1488 3468 1546; x_wconf 83' lang='lat' dir='ltr'><strong>moribus</strong></span> 
     </span>
    </p>
   </div>
   <div class='ocr_carea' id='block_1_17' title="bbox 182 1570 3468 1651">
    <p class='ocr_par' dir='ltr' id='par_1_17' title="bbox 182 1570 3468 1651">
     <span class='ocr_line' id='line_1_17' title="bbox 182 1570 3468 1651; baseline 0.005 -27"><span class='ocrx_word' id='word_1_174' title='bbox 182 1570 312 1624; x_wconf 89' lang='lat' dir='ltr'><strong>suis</strong></span> <span class='ocrx_word' id='word_1_175' title='bbox 343 1571 584 1627; x_wconf 79' lang='lat' dir='ltr'><strong>externis</strong></span> <span class='ocrx_word' id='word_1_176' title='bbox 617 1571 673 1626; x_wconf 92' lang='lat' dir='ltr'><strong>in</strong></span> <span class='ocrx_word' id='word_1_177' title='bbox 712 1573 896 1628; x_wconf 89' lang='lat' dir='ltr'><strong>decori</strong></span> <span class='ocrx_word' id='word_1_178' title='bbox 923 1574 1148 1644; x_wconf 87' lang='lat' dir='ltr'><strong>regulas</strong></span> <span class='ocrx_word' id='word_1_179' title='bbox 1189 1574 1521 1646; x_wconf 83' lang='lat' dir='ltr'><strong>impingere,</strong></span> <span class='ocrx_word' id='word_1_180' title='bbox 1553 1575 1647 1630; x_wconf 91' lang='lat' dir='ltr'><strong>sed</strong></span> <span class='ocrx_word' id='word_1_181' title='bbox 1689 1582 2006 1645; x_wconf 91' lang='lat' dir='ltr'><strong>utrumque,</strong></span> <span class='ocrx_word' id='word_1_182' title='bbox 2031 1575 2356 1646; x_wconf 82' lang='lat' dir='ltr'><strong>pr0plietani</strong></span> <span class='ocrx_word' id='word_1_183' title='bbox 2383 1590 2524 1640; x_wconf 89' lang='lat' dir='ltr'><strong>esse,</strong></span> <span class='ocrx_word' id='word_1_184' title='bbox 2553 1575 2861 1646; x_wconf 89' lang='lat' dir='ltr'><strong>decoreque</strong></span> <span class='ocrx_word' id='word_1_185' title='bbox 2897 1578 3110 1644; x_wconf 89' lang='lat' dir='ltr'><strong>vivere,</strong></span> <span class='ocrx_word' id='word_1_186' title='bbox 3139 1589 3194 1635; x_wconf 92' lang='lat' dir='ltr'><strong>et</strong></span> <span class='ocrx_word' id='word_1_187' title='bbox 3220 1595 3386 1651; x_wconf 87' lang='lat' dir='ltr'><strong>posse</strong></span> <span class='ocrx_word' id='word_1_188' title='bbox 3409 1589 3468 1640; x_wconf 87' lang='lat' dir='ltr'><strong>et</strong></span> 
     </span>
    </p>
   </div>
   <div class='ocr_carea' id='block_1_18' title="bbox 179 1664 3466 1742">
    <p class='ocr_par' dir='ltr' id='par_1_18' title="bbox 179 1664 3466 1742">
     <span class='ocr_line' id='line_1_18' title="bbox 179 1664 3466 1742; baseline 0.005 -22"><span class='ocrx_word' id='word_1_189' title='bbox 179 1664 395 1722; x_wconf 87' lang='lat' dir='ltr'><strong>debere</strong></span> <span class='ocrx_word' id='word_1_190' title='bbox 436 1667 760 1725; x_wconf 88' lang='lat' dir='ltr'><strong>consistere.</strong></span> <span class='ocrx_word' id='word_1_191' title='bbox 807 1669 1127 1737; x_wconf 86' lang='lat' dir='ltr'><strong>Miltiadem,</strong></span> <span class='ocrx_word' id='word_1_192' title='bbox 1163 1673 1256 1742; x_wconf 89' lang='lat' dir='ltr'><strong>qui</strong></span> <span class='ocrx_word' id='word_1_193' title='bbox 1294 1681 1453 1728; x_wconf 64' lang='lat' dir='ltr'><strong>aetate</strong></span> <span class='ocrx_word' id='word_1_194' title='bbox 1500 1688 1610 1728; x_wconf 89' lang='lat' dir='ltr'><strong>non</strong></span> <span class='ocrx_word' id='word_1_195' title='bbox 1653 1671 1887 1726; x_wconf 91' lang='lat' dir='ltr'><strong>multum</strong></span> <span class='ocrx_word' id='word_1_196' title='bbox 1911 1672 2187 1742; x_wconf 89' lang='lat' dir='ltr'><strong>posterior</strong></span> <span class='ocrx_word' id='word_1_197' title='bbox 2223 1672 2344 1736; x_wconf 85' lang='lat' dir='ltr'><strong>fuit,</strong></span> <span class='ocrx_word' id='word_1_198' title='bbox 2367 1681 2431 1727; x_wconf 89' lang='lat' dir='ltr'><strong>ut</strong></span> <span class='ocrx_word' id='word_1_199' title='bbox 2470 1672 2822 1728; x_wconf 69' lang='lat' dir='ltr'><strong>incledibiles</strong></span> <span class='ocrx_word' id='word_1_200' title='bbox 2846 1671 3202 1731; x_wconf 83' lang='lat' dir='ltr'><strong>Montanismi</strong></span> <span class='ocrx_word' id='word_1_201' title='bbox 3243 1677 3466 1736; x_wconf 73' lang='lat' dir='ltr'><strong>sisteret</strong></span> 
     </span>
    </p>
   </div>
   <div class='ocr_carea' id='block_1_19' title="bbox 179 1765 1739 1842">
    <p class='ocr_par' dir='ltr' id='par_1_19' title="bbox 179 1765 1728 1836">
     <span class='ocr_line' id='line_1_19' title="bbox 179 1765 1728 1836; baseline 0.003 -19"><span class='ocrx_word' id='word_1_202' title='bbox 179 1777 543 1835; x_wconf 89' lang='lat' dir='ltr'><strong>progressus,</strong></span> <span class='ocrx_word' id='word_1_203' title='bbox 577 1765 720 1820; x_wconf 88' lang='lat' dir='ltr'><strong>idem</strong></span> <span class='ocrx_word' id='word_1_204' title='bbox 768 1765 1031 1823; x_wconf 89' lang='lat' dir='ltr'><strong>habuisse</strong></span> <span class='ocrx_word' id='word_1_205' title='bbox 1076 1769 1410 1836; x_wconf 87' lang='lat' dir='ltr'><strong>institutum,</strong></span> <span class='ocrx_word' id='word_1_206' title='bbox 1445 1779 1501 1826; x_wconf 90' lang='lat' dir='ltr'><strong>et</strong></span> <span class='ocrx_word' id='word_1_207' title='bbox 1539 1778 1728 1826; x_wconf 90' lang='lat' dir='ltr'><strong>contra</strong></span> 
     </span>
    </p>
   </div>
   <div class='ocr_carea' id='block_1_20' title="bbox 1866 1765 3465 1842">
    <p class='ocr_par' dir='ltr' id='par_1_20' title="bbox 1866 1769 3465 1842">
     <span class='ocr_line' id='line_1_20' title="bbox 1866 1769 3465 1842; baseline 0.004 -20"><span class='ocrx_word' id='word_1_208' title='bbox 1866 1777 2089 1822; x_wconf 89' lang='lat' dir='ltr'><strong>ntanum</strong></span> <span class='ocrx_word' id='word_1_209' title='bbox 2136 1769 2427 1838; x_wconf 88' lang='lat' dir='ltr'><strong>scripsisse</strong></span> <span class='ocrx_word' id='word_1_210' title='bbox 2472 1769 2694 1833; x_wconf 90' lang='lat' dir='ltr'><strong>librum,</strong></span> <span class='ocrx_word' id='word_1_211' title='bbox 2726 1769 2866 1836; x_wconf 77' lang='grc' dir='ltr'><strong>Περὶ</strong></span> <span class='ocrx_word' id='word_1_212' title='bbox 2895 1771 3002 1824; x_wconf 87' lang='grc' dir='ltr'><strong>τοῦ</strong></span> <span class='ocrx_word' id='word_1_213' title='bbox 3040 1770 3128 1841; x_wconf 77' lang='grc' dir='ltr'><em>μὴ</em></span> <span class='ocrx_word' id='word_1_214' title='bbox 3166 1772 3296 1828; x_wconf 79' lang='grc' dir='ltr'><strong>δεῖν</strong></span> <span class='ocrx_word' id='word_1_215' title='bbox 3321 1788 3465 1842; x_wconf 77' lang='grc' dir='ltr'><strong>προ-</strong></span> 
     </span>
    </p>
   </div>
   <div class='ocr_carea' id='block_1_21' title="bbox 175 1858 1739 1940">
    <p class='ocr_par' dir='ltr' id='par_1_21' title="bbox 175 1858 1739 1940">
     <span class='ocr_line' id='line_1_21' title="bbox 175 1858 1739 1940; baseline 0.006 -27"><span class='ocrx_word' id='word_1_216' title='bbox 175 1858 393 1929; x_wconf 69' lang='grc' dir='ltr'><strong>φήτην</strong></span> <span class='ocrx_word' id='word_1_217' title='bbox 420 1861 490 1915; x_wconf 78' lang='grc' dir='ltr'><strong>ἐν</strong></span> <span class='ocrx_word' id='word_1_218' title='bbox 517 1862 801 1918; x_wconf 80' lang='grc' dir='ltr'><strong>ἐκστάσει</strong></span> <span class='ocrx_word' id='word_1_219' title='bbox 825 1867 1064 1933; x_wconf 70' lang='grc' dir='ltr'><strong>λαλεῖν,</strong></span> <span class='ocrx_word' id='word_1_220' title='bbox 1108 1867 1229 1922; x_wconf 77' lang='lat' dir='ltr'><strong>Non</strong></span> <span class='ocrx_word' id='word_1_221' title='bbox 1256 1870 1438 1924; x_wconf 83' lang='lat' dir='ltr'><strong>decere</strong></span> <span class='ocrx_word' id='word_1_222' title='bbox 1472 1870 1739 1940; x_wconf 77' lang='lat' dir='ltr'><strong>propheta:</strong></span> 
     </span>
    </p>
   </div>
   <div class='ocr_carea' id='block_1_22' title="bbox 1866 1858 3461 1940">
    <p class='ocr_par' dir='ltr' id='par_1_22' title="bbox 1900 1866 3461 1940">
     <span class='ocr_line' id='line_1_22' title="bbox 1900 1866 3461 1940; baseline 0.003 -16"><span class='ocrx_word' id='word_1_223' title='bbox 1900 1869 2102 1924; x_wconf 76' lang='lat' dir='ltr'><strong>exslasi</strong></span> <span class='ocrx_word' id='word_1_224' title='bbox 2124 1868 2291 1939; x_wconf 85' lang='lat' dir='ltr'><strong>loqui,</strong></span> <span class='ocrx_word' id='word_1_225' title='bbox 2321 1867 2596 1924; x_wconf 88' lang='lat' dir='ltr'><strong>Eusebius</strong></span> <span class='ocrx_word' id='word_1_226' title='bbox 2621 1867 2736 1938; x_wconf 82' lang='lat'><strong>(95)</strong></span> <span class='ocrx_word' id='word_1_227' title='bbox 2768 1866 2954 1932; x_wconf 88' lang='lat' dir='ltr'><strong>refert,</strong></span> <span class='ocrx_word' id='word_1_228' title='bbox 2995 1868 3088 1940; x_wconf 89' lang='lat' dir='ltr'><strong>qui</strong></span> <span class='ocrx_word' id='word_1_229' title='bbox 3125 1877 3180 1924; x_wconf 89' lang='lat' dir='ltr'><strong>et</strong></span> <span class='ocrx_word' id='word_1_230' title='bbox 3211 1871 3366 1927; x_wconf 86' lang='lat' dir='ltr'><strong>illum</strong></span> <span class='ocrx_word' id='word_1_231' title='bbox 3402 1872 3461 1927; x_wconf 90' lang='lat' dir='ltr'><strong>in</strong></span> 
     </span>
    </p>
   </div>
   <div class='ocr_carea' id='block_1_23' title="bbox 175 1960 800 2030">
    <p class='ocr_par' dir='ltr' id='par_1_23' title="bbox 175 1960 800 2030">
     <span class='ocr_line' id='line_1_23' title="bbox 175 1960 800 2030; baseline -0.002 -14"><span class='ocrx_word' id='word_1_232' title='bbox 175 1960 521 2030; x_wconf 86' lang='lat' dir='ltr'><strong>compendio</strong></span> <span class='ocrx_word' id='word_1_233' title='bbox 558 1962 800 2018; x_wconf 80' lang='lat' dir='ltr'><strong>exhibet.</strong></span> 
     </span>
    </p>
   </div>
   <div class='ocr_carea' id='block_1_24' title="bbox 1332 2075 2323 2151">
    <p class='ocr_par' dir='ltr' id='par_1_24' title="bbox 1332 2075 2323 2151">
     <span class='ocr_line' id='line_1_24' title="bbox 1332 2075 2323 2151; baseline -0.004 -19"><span class='ocrx_word' id='word_1_234' title='bbox 1332 2079 1361 2151; x_wconf 60' lang='grc' dir='ltr'>ᾗ</span> <span class='ocrx_word' id='word_1_235' title='bbox 1391 2077 1531 2132; x_wconf 82' lang='lat' dir='ltr'><strong>Xlll.</strong></span> <span class='ocrx_word' id='word_1_236' title='bbox 1576 2077 1654 2132; x_wconf 87' lang='lat' dir='ltr'><strong>De</strong></span> <span class='ocrx_word' id='word_1_237' title='bbox 1693 2077 1832 2132; x_wconf 87' lang='lat' dir='ltr'><strong>libro</strong></span> <span class='ocrx_word' id='word_1_238' title='bbox 1863 2076 2001 2149; x_wconf 73' lang='grc' dir='ltr'>Περὶ</span> <span class='ocrx_word' id='word_1_239' title='bbox 2034 2075 2323 2150; x_wconf 82' lang='grc' dir='ltr'><strong>κυριακῆς.</strong></span> 
     </span>
    </p>
   </div>
   <div class='ocr_carea' id='block_1_25' title="bbox 256 2230 1739 2305">
    <p class='ocr_par' dir='ltr' id='par_1_25' title="bbox 256 2230 1739 2305">
     <span class='ocr_line' id='line_1_25' title="bbox 256 2230 1739 2305; baseline 0 -19"><span class='ocrx_word' id='word_1_240' title='bbox 256 2230 434 2299; x_wconf 84' lang='lat' dir='ltr'><strong>Quem</strong></span> <span class='ocrx_word' id='word_1_241' title='bbox 467 2243 666 2303; x_wconf 89' lang='lat' dir='ltr'><strong>quarto</strong></span> <span class='ocrx_word' id='word_1_242' title='bbox 695 2248 930 2288; x_wconf 90' lang='lat' dir='ltr'><strong>numero</strong></span> <span class='ocrx_word' id='word_1_243' title='bbox 959 2235 1247 2305; x_wconf 90' lang='lat' dir='ltr'><strong>posuimus</strong></span> <span class='ocrx_word' id='word_1_244' title='bbox 1277 2234 1500 2297; x_wconf 88' lang='lat' dir='ltr'><strong>librum,</strong></span> <span class='ocrx_word' id='word_1_245' title='bbox 1528 2233 1667 2303; x_wconf 74' lang='grc' dir='ltr'><strong>Περὶ</strong></span> <span class='ocrx_word' id='word_1_246' title='bbox 1695 2251 1739 2286; x_wconf 65' lang='grc' dir='ltr'><strong>κα</strong></span> 
     </span>
    </p>
   </div>
   <div class='ocr_carea' id='block_1_26' title="bbox 1866 2230 3456 2305">
    <p class='ocr_par' dir='ltr' id='par_1_26' title="bbox 1866 2230 3456 2304">
     <span class='ocr_line' id='line_1_26' title="bbox 1866 2230 3456 2304; baseline 0.009 -22"><span class='ocrx_word' id='word_1_247' title='bbox 1866 2230 2007 2302; x_wconf 80' lang='grc' dir='ltr'><strong>τκῆς,</strong></span> <span class='ocrx_word' id='word_1_248' title='bbox 2047 2231 2122 2286; x_wconf 88' lang='lat' dir='ltr'><strong>De</strong></span> <span class='ocrx_word' id='word_1_249' title='bbox 2154 2231 2241 2285; x_wconf 70' lang='lat' dir='ltr'><strong>die</strong></span> <span class='ocrx_word' id='word_1_250' title='bbox 2279 2230 2562 2285; x_wconf 80' lang='lat' dir='ltr'><strong>Dominico</strong></span> <span class='ocrx_word' id='word_1_251' title='bbox 2605 2234 2880 2302; x_wconf 85' lang='lat' dir='ltr'><strong>exposuit.</strong></span> <span class='ocrx_word' id='word_1_252' title='bbox 2927 2236 3213 2304; x_wconf 82' lang='grc' dir='ltr'><strong>Κυριακή,</strong></span> <span class='ocrx_word' id='word_1_253' title='bbox 3249 2237 3306 2293; x_wconf 91' lang='lat' dir='ltr'><strong>in</strong></span> <span class='ocrx_word' id='word_1_254' title='bbox 3338 2253 3456 2296; x_wconf 84' lang='lat' dir='ltr'><strong>me-</strong></span> 
     </span>
    </p>
   </div>
   <div class='ocr_carea' id='block_1_27' title="bbox 176 2323 3452 2396">
    <p class='ocr_par' dir='ltr' id='par_1_27' title="bbox 176 2323 3452 2396">
     <span class='ocr_line' id='line_1_27' title="bbox 176 2323 3452 2396; baseline 0.003 -20"><span class='ocrx_word' id='word_1_255' title='bbox 176 2323 426 2377; x_wconf 85' lang='lat' dir='ltr'><strong>moriam</strong></span> <span class='ocrx_word' id='word_1_256' title='bbox 467 2325 896 2380; x_wconf 84' lang='lat' dir='ltr'><strong>resurrectionis</strong></span> <span class='ocrx_word' id='word_1_257' title='bbox 931 2325 1255 2391; x_wconf 73' lang='lat' dir='ltr'><strong>Dominicze,</strong></span> <span class='ocrx_word' id='word_1_258' title='bbox 1287 2341 1579 2382; x_wconf 90' lang='lat' dir='ltr'><strong>commune</strong></span> <span class='ocrx_word' id='word_1_259' title='bbox 1617 2326 1760 2396; x_wconf 89' lang='lat' dir='ltr'><strong>apud</strong></span> <span class='ocrx_word' id='word_1_260' title='bbox 1795 2326 2084 2395; x_wconf 62' lang='lat' dir='ltr'><strong>primaevos</strong></span> <span class='ocrx_word' id='word_1_261' title='bbox 2103 2325 2452 2381; x_wconf 87' lang='lat' dir='ltr'><strong>Christianos</strong></span> <span class='ocrx_word' id='word_1_262' title='bbox 2487 2341 2686 2380; x_wconf 90' lang='lat' dir='ltr'><strong>nomen</strong></span> <span class='ocrx_word' id='word_1_263' title='bbox 2728 2323 2832 2381; x_wconf 87' lang='lat' dir='ltr'><strong>fuit</strong></span> <span class='ocrx_word' id='word_1_264' title='bbox 2859 2326 3051 2396; x_wconf 67' lang='lat' dir='ltr'><strong>primm</strong></span> <span class='ocrx_word' id='word_1_265' title='bbox 3093 2327 3452 2391; x_wconf 76' lang='lat' dir='ltr'><strong>hebdomadis</strong></span> 
     </span>
    </p>
   </div>
   <div class='ocr_carea' id='block_1_28' title="bbox 172 2412 1739 2490">
    <p class='ocr_par' dir='ltr' id='par_1_28' title="bbox 172 2412 1739 2486">
     <span class='ocr_line' id='line_1_28' title="bbox 172 2412 1739 2486; baseline 0.001 -19"><span class='ocrx_word' id='word_1_266' title='bbox 172 2412 294 2467; x_wconf 89' lang='lat' dir='ltr'><strong>diei</strong></span> <span class='ocrx_word' id='word_1_267' title='bbox 331 2413 462 2484; x_wconf 86' lang='lat'><strong>(96),</strong></span> <span class='ocrx_word' id='word_1_268' title='bbox 492 2431 657 2484; x_wconf 89' lang='lat' dir='ltr'><strong>quam</strong></span> <span class='ocrx_word' id='word_1_269' title='bbox 689 2424 871 2470; x_wconf 87' lang='lat' dir='ltr'><strong>tamen</strong></span> <span class='ocrx_word' id='word_1_270' title='bbox 916 2431 1309 2485; x_wconf 87' lang='lat' dir='ltr'><strong>nonnunquam</strong></span> <span class='ocrx_word' id='word_1_271' title='bbox 1333 2455 1347 2480; x_wconf 97' lang='lat'><strong>,</strong></span> <span class='ocrx_word' id='word_1_272' title='bbox 1380 2415 1603 2486; x_wconf 88' lang='lat' dir='ltr'><strong>quando</strong></span> <span class='ocrx_word' id='word_1_273' title='bbox 1638 2430 1739 2485; x_wconf 89' lang='lat' dir='ltr'><strong>gen</strong></span> 
     </span>
    </p>
   </div>
   <div class='ocr_carea' id='block_1_29' title="bbox 1866 2412 3447 2490">
    <p class='ocr_par' dir='ltr' id='par_1_29' title="bbox 1869 2415 3447 2490">
     <span class='ocr_line' id='line_1_29' title="bbox 1869 2415 3447 2490; baseline 0.007 -21"><span class='ocrx_word' id='word_1_274' title='bbox 1869 2431 1934 2470; x_wconf 93' lang='lat' dir='ltr'><strong>us</strong></span> <span class='ocrx_word' id='word_1_275' title='bbox 1965 2416 2302 2482; x_wconf 87' lang='lat' dir='ltr'><strong>scribebant,</strong></span> <span class='ocrx_word' id='word_1_276' title='bbox 2335 2417 2434 2488; x_wconf 82' lang='grc' dir='ltr'><strong>τὴν</strong></span> <span class='ocrx_word' id='word_1_277' title='bbox 2464 2415 2556 2469; x_wconf 79' lang='grc' dir='ltr'><strong>τοῦ</strong></span> <span class='ocrx_word' id='word_1_278' title='bbox 2586 2416 2736 2487; x_wconf 80' lang='grc' dir='ltr'><strong>ἡλίου</strong></span> <span class='ocrx_word' id='word_1_279' title='bbox 2769 2417 3002 2490; x_wconf 78' lang='grc' dir='ltr'><strong>ἡμέραν,</strong></span> <span class='ocrx_word' id='word_1_280' title='bbox 3043 2440 3062 2470; x_wconf 72' lang='grc' dir='ltr'><strong>ε</strong></span> <span class='ocrx_word' id='word_1_281' title='bbox 3092 2421 3225 2477; x_wconf 90' lang='lat' dir='ltr'><strong>solis</strong></span> <span class='ocrx_word' id='word_1_282' title='bbox 3252 2423 3397 2479; x_wconf 87' lang='lat' dir='ltr'><strong>diem</strong></span> <span class='ocrx_word' id='word_1_283' title='bbox 3423 2441 3447 2479; x_wconf 72' lang='grc' dir='ltr'><strong><em>ο</em></strong></span> 
     </span>
    </p>
   </div>
   <div class='ocr_carea' id='block_1_30' title="bbox 171 2503 3451 2585">
    <p class='ocr_par' dir='ltr' id='par_1_30' title="bbox 171 2503 3451 2585">
     <span class='ocr_line' id='line_1_30' title="bbox 171 2503 3451 2585; baseline 0.003 -24"><span class='ocrx_word' id='word_1_284' title='bbox 171 2506 354 2561; x_wconf 85' lang='lat' dir='ltr'><strong>etiam</strong></span> <span class='ocrx_word' id='word_1_285' title='bbox 400 2509 672 2578; x_wconf 89' lang='lat' dir='ltr'><strong>appellare</strong></span> <span class='ocrx_word' id='word_1_286' title='bbox 711 2524 822 2562; x_wconf 92' lang='lat' dir='ltr'><strong>non</strong></span> <span class='ocrx_word' id='word_1_287' title='bbox 870 2508 1196 2564; x_wconf 86' lang='lat' dir='ltr'><strong>dubitabant</strong></span> <span class='ocrx_word' id='word_1_288' title='bbox 1226 2506 1361 2580; x_wconf 87' lang='lat'><strong>(97).</strong></span> <span class='ocrx_word' id='word_1_289' title='bbox 1408 2503 1486 2563; x_wconf 91' lang='lat' dir='ltr'><strong>De</strong></span> <span class='ocrx_word' id='word_1_290' title='bbox 1530 2507 1698 2577; x_wconf 86' lang='lat' dir='ltr'><strong>hujus</strong></span> <span class='ocrx_word' id='word_1_291' title='bbox 1748 2507 1931 2562; x_wconf 91' lang='lat' dir='ltr'><strong>divina</strong></span> <span class='ocrx_word' id='word_1_292' title='bbox 1981 2508 2328 2564; x_wconf 86' lang='lat' dir='ltr'><strong>institutione</strong></span> <span class='ocrx_word' id='word_1_293' title='bbox 2380 2509 2614 2564; x_wconf 88' lang='lat' dir='ltr'><strong>multum</strong></span> <span class='ocrx_word' id='word_1_294' title='bbox 2664 2511 2994 2578; x_wconf 88' lang='lat' dir='ltr'><strong>disputatur.</strong></span> <span class='ocrx_word' id='word_1_295' title='bbox 3049 2511 3190 2567; x_wconf 90' lang='lat' dir='ltr'><strong>Sunt</strong></span> <span class='ocrx_word' id='word_1_296' title='bbox 3228 2515 3451 2585; x_wconf 86' lang='lat' dir='ltr'><strong>quidem</strong></span> 
     </span>
    </p>
   </div>
   <div class='ocr_carea' id='block_1_31' title="bbox 173 2598 3450 2672">
    <p class='ocr_par' dir='ltr' id='par_1_31' title="bbox 173 2598 3450 2672">
     <span class='ocr_line' id='line_1_31' title="bbox 173 2598 3450 2672; baseline 0.002 -18"><span class='ocrx_word' id='word_1_297' title='bbox 173 2601 463 2668; x_wconf 87' lang='lat' dir='ltr'><strong>nonnulli,</strong></span> <span class='ocrx_word' id='word_1_298' title='bbox 494 2602 590 2672; x_wconf 91' lang='lat' dir='ltr'><strong>qui</strong></span> <span class='ocrx_word' id='word_1_299' title='bbox 626 2611 751 2672; x_wconf 89' lang='lat' dir='ltr'><strong>post</strong></span> <span class='ocrx_word' id='word_1_300' title='bbox 786 2602 1062 2657; x_wconf 76' lang='lat' dir='ltr'><strong>excidium</strong></span> <span class='ocrx_word' id='word_1_301' title='bbox 1115 2599 1618 2671; x_wconf 85' lang='lat' dir='ltr'><strong>Hierosolymorum</strong></span> <span class='ocrx_word' id='word_1_302' title='bbox 1639 2637 1654 2663; x_wconf 98' lang='lat'><strong>,</strong></span> <span class='ocrx_word' id='word_1_303' title='bbox 1693 2598 1806 2652; x_wconf 91' lang='lat' dir='ltr'><strong>imo</strong></span> <span class='ocrx_word' id='word_1_304' title='bbox 1835 2598 1939 2653; x_wconf 91' lang='lat' dir='ltr'><strong>sub</strong></span> <span class='ocrx_word' id='word_1_305' title='bbox 1967 2600 2173 2654; x_wconf 82' lang='lat' dir='ltr'><strong>exitum</strong></span> <span class='ocrx_word' id='word_1_306' title='bbox 2205 2598 2423 2654; x_wconf 88' lang='lat' dir='ltr'><strong>demum</strong></span> <span class='ocrx_word' id='word_1_307' title='bbox 2455 2598 2638 2654; x_wconf 71' lang='lat' dir='ltr'><strong>saeculi</strong></span> <span class='ocrx_word' id='word_1_308' title='bbox 2679 2599 2860 2668; x_wconf 87' lang='lat' dir='ltr'><strong>primi,</strong></span> <span class='ocrx_word' id='word_1_309' title='bbox 2905 2601 3036 2656; x_wconf 87' lang='lat' dir='ltr'><strong>solis</strong></span> <span class='ocrx_word' id='word_1_310' title='bbox 3069 2602 3211 2656; x_wconf 88' lang='lat' dir='ltr'><strong>diem</strong></span> <span class='ocrx_word' id='word_1_311' title='bbox 3253 2619 3450 2660; x_wconf 85' lang='lat' dir='ltr'><strong>conse-</strong></span> 
     </span>
    </p>
   </div>
   <div class='ocr_carea' id='block_1_32' title="bbox 172 2694 3446 2768">
    <p class='ocr_par' dir='ltr' id='par_1_32' title="bbox 172 2694 3446 2768">
     <span class='ocr_line' id='line_1_32' title="bbox 172 2694 3446 2768; baseline 0.001 -15"><span class='ocrx_word' id='word_1_312' title='bbox 172 2707 400 2753; x_wconf 89' lang='lat' dir='ltr'><strong>cratum</strong></span> <span class='ocrx_word' id='word_1_313' title='bbox 433 2697 608 2752; x_wconf 86' lang='lat' dir='ltr'><strong>fuisse</strong></span> <span class='ocrx_word' id='word_1_314' title='bbox 655 2700 989 2768; x_wconf 88' lang='lat' dir='ltr'><strong>opinantur;</strong></span> <span class='ocrx_word' id='word_1_315' title='bbox 1026 2699 1209 2753; x_wconf 88' lang='lat' dir='ltr'><strong>verior</strong></span> <span class='ocrx_word' id='word_1_316' title='bbox 1249 2705 1428 2751; x_wconf 87' lang='lat' dir='ltr'><strong>tamen</strong></span> <span class='ocrx_word' id='word_1_317' title='bbox 1469 2709 1700 2759; x_wconf 90' lang='lat' dir='ltr'><strong>eorum,</strong></span> <span class='ocrx_word' id='word_1_318' title='bbox 1744 2694 1862 2750; x_wconf 90' lang='lat' dir='ltr'><strong>sine</strong></span> <span class='ocrx_word' id='word_1_319' title='bbox 1901 2695 2104 2763; x_wconf 92' lang='lat' dir='ltr'><strong>dubio,</strong></span> <span class='ocrx_word' id='word_1_320' title='bbox 2147 2705 2229 2752; x_wconf 90' lang='lat' dir='ltr'><strong>est</strong></span> <span class='ocrx_word' id='word_1_321' title='bbox 2267 2695 2560 2760; x_wconf 88' lang='lat' dir='ltr'><strong>sententia,</strong></span> <span class='ocrx_word' id='word_1_322' title='bbox 2607 2696 2701 2766; x_wconf 87' lang='lat' dir='ltr'><strong>qui</strong></span> <span class='ocrx_word' id='word_1_323' title='bbox 2730 2711 2840 2750; x_wconf 87' lang='lat' dir='ltr'><strong>non</strong></span> <span class='ocrx_word' id='word_1_324' title='bbox 2871 2696 2965 2750; x_wconf 93' lang='lat' dir='ltr'><strong>diu</strong></span> <span class='ocrx_word' id='word_1_325' title='bbox 2999 2707 3122 2766; x_wconf 83' lang='lat' dir='ltr'><strong>post</strong></span> <span class='ocrx_word' id='word_1_326' title='bbox 3170 2699 3446 2756; x_wconf 89' lang='lat' dir='ltr'><strong>sublatum</strong></span> 
     </span>
    </p>
   </div>
   <div class='ocr_carea' id='block_1_33' title="bbox 171 2787 3446 2870">
    <p class='ocr_par' dir='ltr' id='par_1_33' title="bbox 171 2787 3446 2870">
     <span class='ocr_line' id='line_1_33' title="bbox 171 2787 3446 2870; baseline 0 -18"><span class='ocrx_word' id='word_1_327' title='bbox 171 2798 247 2852; x_wconf 83' lang='lat' dir='ltr'><strong>ad</strong></span> <span class='ocrx_word' id='word_1_328' title='bbox 276 2798 451 2854; x_wconf 73' lang='lat' dir='ltr'><strong>cmlos</strong></span> <span class='ocrx_word' id='word_1_329' title='bbox 481 2798 778 2854; x_wconf 90' lang='lat' dir='ltr'><strong>Dominum</strong></span> <span class='ocrx_word' id='word_1_330' title='bbox 805 2801 925 2870; x_wconf 86' lang='lat' dir='ltr'><strong>ejus</strong></span> <span class='ocrx_word' id='word_1_331' title='bbox 953 2793 1378 2851; x_wconf 87' lang='lat' dir='ltr'><strong>celebrationem</strong></span> <span class='ocrx_word' id='word_1_332' title='bbox 1404 2791 1710 2846; x_wconf 87' lang='lat' dir='ltr'><strong>institutam</strong></span> <span class='ocrx_word' id='word_1_333' title='bbox 1737 2787 1910 2846; x_wconf 90' lang='lat' dir='ltr'><strong>fuisse</strong></span> <span class='ocrx_word' id='word_1_334' title='bbox 1932 2791 2183 2858; x_wconf 89' lang='lat' dir='ltr'><strong>credunt,</strong></span> <span class='ocrx_word' id='word_1_335' title='bbox 2213 2791 2358 2862; x_wconf 89' lang='lat' dir='ltr'><strong>quod</strong></span> <span class='ocrx_word' id='word_1_336' title='bbox 2379 2791 2611 2856; x_wconf 84' lang='lat' dir='ltr'><strong>erudite,</strong></span> <span class='ocrx_word' id='word_1_337' title='bbox 2647 2802 2844 2860; x_wconf 68' lang='lat' dir='ltr'><strong>printer</strong></span> <span class='ocrx_word' id='word_1_338' title='bbox 2867 2794 3031 2860; x_wconf 90' lang='lat' dir='ltr'><strong>alios,</strong></span> <span class='ocrx_word' id='word_1_339' title='bbox 3056 2803 3239 2850; x_wconf 89' lang='lat' dir='ltr'><strong>tuetur</strong></span> <span class='ocrx_word' id='word_1_340' title='bbox 3257 2794 3446 2853; x_wconf 82' lang='lat' dir='ltr'><strong>Justus</strong></span> 
     </span>
    </p>
   </div>
   <div class='ocr_carea' id='block_1_34' title="bbox 172 2885 3447 2966">
    <p class='ocr_par' dir='ltr' id='par_1_34' title="bbox 172 2885 3447 2966">
     <span class='ocr_line' id='line_1_34' title="bbox 172 2885 3447 2966; baseline -0.001 -19"><span class='ocrx_word' id='word_1_341' title='bbox 172 2893 505 2966; x_wconf 83' lang='lat' dir='ltr'><strong>ﬂenningus</strong></span> <span class='ocrx_word' id='word_1_342' title='bbox 537 2895 860 2952; x_wconf 76' lang='lat' dir='ltr'><strong>Btellmerus</strong></span> <span class='ocrx_word' id='word_1_343' title='bbox 895 2894 1032 2966; x_wconf 93' lang='lat'><strong>(98).</strong></span> <span class='ocrx_word' id='word_1_344' title='bbox 1067 2890 1125 2944; x_wconf 87' lang='lat' dir='ltr'><strong>In</strong></span> <span class='ocrx_word' id='word_1_345' title='bbox 1167 2890 1417 2956; x_wconf 88' lang='lat' dir='ltr'><strong>sabbato,</strong></span> <span class='ocrx_word' id='word_1_346' title='bbox 1442 2893 1727 2960; x_wconf 85' lang='lat' dir='ltr'><strong>primaque</strong></span> <span class='ocrx_word' id='word_1_347' title='bbox 1753 2885 1887 2944; x_wconf 83' lang='lat' dir='ltr'><strong>feria</strong></span> <span class='ocrx_word' id='word_1_348' title='bbox 1939 2904 2221 2944; x_wconf 91' lang='lat' dir='ltr'><strong>sacrorum</strong></span> <span class='ocrx_word' id='word_1_349' title='bbox 2265 2887 2642 2943; x_wconf 87' lang='lat' dir='ltr'><strong>faciendorum</strong></span> <span class='ocrx_word' id='word_1_350' title='bbox 2671 2900 2836 2942; x_wconf 91' lang='lat' dir='ltr'><strong>causa</strong></span> <span class='ocrx_word' id='word_1_351' title='bbox 2879 2885 3096 2954; x_wconf 91' lang='lat' dir='ltr'><strong>publice</strong></span> <span class='ocrx_word' id='word_1_352' title='bbox 3124 2887 3447 2944; x_wconf 82' lang='lat' dir='ltr'><strong>convenisse</strong></span> 
     </span>
    </p>
   </div>
   <div class='ocr_carea' id='block_1_35' title="bbox 171 2972 3446 3058">
    <p class='ocr_par' dir='ltr' id='par_1_35' title="bbox 171 2972 3446 3058">
     <span class='ocr_line' id='line_1_35' title="bbox 171 2972 3446 3058; baseline -0.002 -18"><span class='ocrx_word' id='word_1_353' title='bbox 171 2986 532 3041; x_wconf 84' lang='lat' dir='ltr'><strong>Christianos</strong></span> <span class='ocrx_word' id='word_1_354' title='bbox 580 2988 773 3058; x_wconf 87' lang='lat' dir='ltr'><strong>primis</strong></span> <span class='ocrx_word' id='word_1_355' title='bbox 816 2987 1001 3042; x_wconf 90' lang='lat' dir='ltr'><strong>statim</strong></span> <span class='ocrx_word' id='word_1_356' title='bbox 1048 2983 1154 3038; x_wconf 84' lang='lat' dir='ltr'><strong>illis</strong></span> <span class='ocrx_word' id='word_1_357' title='bbox 1206 2981 1566 3050; x_wconf 88' lang='lat' dir='ltr'><strong>temporibus,</strong></span> <span class='ocrx_word' id='word_1_358' title='bbox 1600 2981 1764 3035; x_wconf 89' lang='lat' dir='ltr'><strong>etiam</strong></span> <span class='ocrx_word' id='word_1_359' title='bbox 1805 2996 1870 3034; x_wconf 71' lang='lat' dir='ltr'><strong>ex</strong></span> <span class='ocrx_word' id='word_1_360' title='bbox 1903 2977 2147 3035; x_wconf 89' lang='lat' dir='ltr'><strong>fontibus</strong></span> <span class='ocrx_word' id='word_1_361' title='bbox 2175 2979 2349 3034; x_wconf 90' lang='lat' dir='ltr'><strong>sacris</strong></span> <span class='ocrx_word' id='word_1_362' title='bbox 2377 2978 2638 3034; x_wconf 88' lang='lat' dir='ltr'><strong>elucescit</strong></span> <span class='ocrx_word' id='word_1_363' title='bbox 2680 2975 2816 3047; x_wconf 87' lang='lat'><strong>(99).</strong></span> <span class='ocrx_word' id='word_1_364' title='bbox 2859 2972 2917 3028; x_wconf 87' lang='lat' dir='ltr'><strong>In</strong></span> <span class='ocrx_word' id='word_1_365' title='bbox 2965 2991 3222 3046; x_wconf 81' lang='lat' dir='ltr'><strong>magnum</strong></span> <span class='ocrx_word' id='word_1_366' title='bbox 3256 2977 3446 3047; x_wconf 87' lang='lat' dir='ltr'><strong>utique</strong></span> 
     </span>
    </p>
   </div>
   <div class='ocr_carea' id='block_1_36' title="bbox 172 3070 3444 3150">
    <p class='ocr_par' dir='ltr' id='par_1_36' title="bbox 172 3070 3444 3150">
     <span class='ocr_line' id='line_1_36' title="bbox 172 3070 3444 3150; baseline -0.001 -17"><span class='ocrx_word' id='word_1_367' title='bbox 172 3094 358 3133; x_wconf 69' lang='lat' dir='ltr'><strong>sacra:</strong></span> <span class='ocrx_word' id='word_1_368' title='bbox 392 3080 738 3150; x_wconf 84' lang='lat' dir='ltr'><strong>antiquitatis</strong></span> <span class='ocrx_word' id='word_1_369' title='bbox 771 3080 1158 3134; x_wconf 86' lang='lat' dir='ltr'><strong>detrimentum</strong></span> <span class='ocrx_word' id='word_1_370' title='bbox 1192 3074 1411 3138; x_wconf 88' lang='lat' dir='ltr'><strong>accidit,</strong></span> <span class='ocrx_word' id='word_1_371' title='bbox 1465 3072 1610 3143; x_wconf 86' lang='lat' dir='ltr'><strong>quod</strong></span> <span class='ocrx_word' id='word_1_372' title='bbox 1659 3073 1749 3127; x_wconf 86' lang='lat' dir='ltr'><strong>hic</strong></span> <span class='ocrx_word' id='word_1_373' title='bbox 1797 3071 2070 3126; x_wconf 87' lang='lat' dir='ltr'><strong>Melitonis</strong></span> <span class='ocrx_word' id='word_1_374' title='bbox 2116 3070 2255 3126; x_wconf 90' lang='lat' dir='ltr'><strong>liber</strong></span> <span class='ocrx_word' id='word_1_375' title='bbox 2285 3070 2543 3141; x_wconf 91' lang='lat' dir='ltr'><strong>perierit,</strong></span> <span class='ocrx_word' id='word_1_376' title='bbox 2574 3070 2733 3140; x_wconf 90' lang='lat' dir='ltr'><strong>cujus</strong></span> <span class='ocrx_word' id='word_1_377' title='bbox 2777 3073 3050 3128; x_wconf 89' lang='lat' dir='ltr'><strong>scribendi</strong></span> <span class='ocrx_word' id='word_1_378' title='bbox 3097 3075 3444 3133; x_wconf 86' lang='lat' dir='ltr'><strong>occasionem</strong></span> 
     </span>
    </p>
   </div>
   <div class='ocr_carea' id='block_1_37' title="bbox 172 3163 3443 3234">
    <p class='ocr_par' dir='ltr' id='par_1_37' title="bbox 172 3163 3443 3234">
     <span class='ocr_line' id='line_1_37' title="bbox 172 3163 3443 3234; baseline -0.001 -9"><span class='ocrx_word' id='word_1_379' title='bbox 172 3169 326 3226; x_wconf 83' lang='lat' dir='ltr'><strong>forte</strong></span> <span class='ocrx_word' id='word_1_380' title='bbox 358 3172 506 3227; x_wconf 87' lang='lat' dir='ltr'><strong>dedit</strong></span> <span class='ocrx_word' id='word_1_381' title='bbox 533 3172 907 3227; x_wconf 81' lang='lat' dir='ltr'><strong>controversia</strong></span> <span class='ocrx_word' id='word_1_382' title='bbox 935 3170 1002 3224; x_wconf 91' lang='lat' dir='ltr'><strong>de</strong></span> <span class='ocrx_word' id='word_1_383' title='bbox 1027 3167 1323 3222; x_wconf 77' lang='lat' dir='ltr'><strong>festivitate</strong></span> <span class='ocrx_word' id='word_1_384' title='bbox 1346 3164 1620 3220; x_wconf 90' lang='lat' dir='ltr'><strong>Paschali.</strong></span> <span class='ocrx_word' id='word_1_385' title='bbox 1654 3164 1754 3219; x_wconf 87' lang='lat' dir='ltr'><strong>Hic</strong></span> <span class='ocrx_word' id='word_1_386' title='bbox 1780 3165 1936 3229; x_wconf 89' lang='lat' dir='ltr'><strong>liber,</strong></span> <span class='ocrx_word' id='word_1_387' title='bbox 1964 3172 2232 3233; x_wconf 89' lang='lat' dir='ltr'><strong>quantum</strong></span> <span class='ocrx_word' id='word_1_388' title='bbox 2276 3163 2502 3218; x_wconf 90' lang='lat' dir='ltr'><strong>memini</strong></span> <span class='ocrx_word' id='word_1_389' title='bbox 2528 3177 2648 3233; x_wconf 84' lang='lat' dir='ltr'><strong>ego,</strong></span> <span class='ocrx_word' id='word_1_390' title='bbox 2681 3164 2893 3233; x_wconf 92' lang='lat' dir='ltr'><strong>primus</strong></span> <span class='ocrx_word' id='word_1_391' title='bbox 2923 3181 3090 3234; x_wconf 84' lang='lat' dir='ltr'><strong>super</strong></span> <span class='ocrx_word' id='word_1_392' title='bbox 3125 3166 3307 3221; x_wconf 89' lang='lat' dir='ltr'><strong>nobile</strong></span> <span class='ocrx_word' id='word_1_393' title='bbox 3338 3167 3443 3224; x_wconf 92' lang='lat' dir='ltr'><strong>hoc</strong></span> 
     </span>
    </p>
   </div>
   <div class='ocr_carea' id='block_1_38' title="bbox 170 3253 3438 3330">
    <p class='ocr_par' dir='ltr' id='par_1_38' title="bbox 170 3253 3438 3330">
     <span class='ocr_line' id='line_1_38' title="bbox 170 3253 3438 3330; baseline -0.001 -16"><span class='ocrx_word' id='word_1_394' title='bbox 170 3270 511 3330; x_wconf 79' lang='lat' dir='ltr'><strong>argumento</strong></span> <span class='ocrx_word' id='word_1_395' title='bbox 539 3260 643 3317; x_wconf 92' lang='lat' dir='ltr'><strong>fuit</strong></span> <span class='ocrx_word' id='word_1_396' title='bbox 670 3260 985 3324; x_wconf 87' lang='lat' dir='ltr'><strong>confectus;</strong></span> <span class='ocrx_word' id='word_1_397' title='bbox 1020 3257 1077 3310; x_wconf 92' lang='lat' dir='ltr'><strong>in</strong></span> <span class='ocrx_word' id='word_1_398' title='bbox 1107 3271 1173 3311; x_wconf 92' lang='lat' dir='ltr'><strong>eo</strong></span> <span class='ocrx_word' id='word_1_399' title='bbox 1202 3254 1386 3310; x_wconf 80' lang='lat' dir='ltr'><strong>forsan</strong></span> <span class='ocrx_word' id='word_1_400' title='bbox 1421 3255 1725 3324; x_wconf 81' lang='lat' dir='ltr'><strong>legeremus</strong></span> <span class='ocrx_word' id='word_1_401' title='bbox 1753 3253 1956 3308; x_wconf 88' lang='lat' dir='ltr'><strong>Christi</strong></span> <span class='ocrx_word' id='word_1_402' title='bbox 1984 3254 2467 3323; x_wconf 89' lang='lat' dir='ltr'><strong>apostolorumque</strong></span> <span class='ocrx_word' id='word_1_403' title='bbox 2496 3254 2708 3310; x_wconf 89' lang='lat' dir='ltr'><strong>sancita</strong></span> <span class='ocrx_word' id='word_1_404' title='bbox 2737 3256 2805 3310; x_wconf 93' lang='lat' dir='ltr'><strong>de</strong></span> <span class='ocrx_word' id='word_1_405' title='bbox 2838 3256 3155 3327; x_wconf 75' lang='lat' dir='ltr'><strong>abrogando</strong></span> <span class='ocrx_word' id='word_1_406' title='bbox 3189 3258 3438 3313; x_wconf 89' lang='lat' dir='ltr'><strong>sabbato.</strong></span> 
     </span>
    </p>
   </div>
   <div class='ocr_carea' id='block_1_39' title="bbox 173 3346 3441 3423">
    <p class='ocr_par' dir='ltr' id='par_1_39' title="bbox 173 3346 3441 3423">
     <span class='ocr_line' id='line_1_39' title="bbox 173 3346 3441 3423; baseline 0 -17"><span class='ocrx_word' id='word_1_407' title='bbox 173 3349 423 3408; x_wconf 58' lang='lat' dir='ltr'><strong>[renatus</strong></span> <span class='ocrx_word' id='word_1_408' title='bbox 455 3354 530 3423; x_wconf 83' lang='lat' dir='ltr'><strong>(l)</strong></span> <span class='ocrx_word' id='word_1_409' title='bbox 566 3355 684 3410; x_wconf 78' lang='lat' dir='ltr'><strong>Solo</strong></span> <span class='ocrx_word' id='word_1_410' title='bbox 708 3355 794 3407; x_wconf 91' lang='lat' dir='ltr'><strong>die</strong></span> <span class='ocrx_word' id='word_1_411' title='bbox 818 3352 1104 3407; x_wconf 92' lang='lat' dir='ltr'><strong>Dominico</strong></span> <span class='ocrx_word' id='word_1_412' title='bbox 1135 3349 1560 3405; x_wconf 87' lang='lat' dir='ltr'><strong>resurrectionis</strong></span> <span class='ocrx_word' id='word_1_413' title='bbox 1593 3347 1809 3402; x_wconf 91' lang='lat' dir='ltr'><strong>Domini</strong></span> <span class='ocrx_word' id='word_1_414' title='bbox 1842 3347 2159 3419; x_wconf 83' lang='lat' dir='ltr'><strong>mysterium</strong></span> <span class='ocrx_word' id='word_1_415' title='bbox 2195 3346 2587 3402; x_wconf 89' lang='lat' dir='ltr'><strong>celebrandum</strong></span> <span class='ocrx_word' id='word_1_416' title='bbox 2617 3362 2774 3415; x_wconf 89' lang='lat' dir='ltr'><strong>esse,</strong></span> <span class='ocrx_word' id='word_1_417' title='bbox 2815 3350 3068 3405; x_wconf 85' lang='lat' dir='ltr'><strong>asseruit.</strong></span> <span class='ocrx_word' id='word_1_418' title='bbox 3105 3349 3180 3406; x_wconf 93' lang='lat' dir='ltr'><strong>De</strong></span> <span class='ocrx_word' id='word_1_419' title='bbox 3209 3351 3298 3406; x_wconf 92' lang='lat' dir='ltr'><strong>die</strong></span> <span class='ocrx_word' id='word_1_420' title='bbox 3327 3348 3441 3407; x_wconf 86' lang='lat' dir='ltr'><strong>Do-</strong></span> 
     </span>
    </p>
   </div>
   <div class='ocr_carea' id='block_1_40' title="bbox 171 3442 1739 3518">
    <p class='ocr_par' dir='ltr' id='par_1_40' title="bbox 171 3443 1739 3518">
     <span class='ocr_line' id='line_1_40' title="bbox 171 3443 1739 3518; baseline -0.004 -14"><span class='ocrx_word' id='word_1_421' title='bbox 171 3449 421 3513; x_wconf 85' lang='lat' dir='ltr'><strong>minico,</strong></span> <span class='ocrx_word' id='word_1_422' title='bbox 453 3450 592 3518; x_wconf 80' lang='grc' dir='ltr'><strong>Περὶ</strong></span> <span class='ocrx_word' id='word_1_423' title='bbox 641 3448 752 3518; x_wconf 83' lang='grc' dir='ltr'><strong>τῆς</strong></span> <span class='ocrx_word' id='word_1_424' title='bbox 798 3448 1022 3518; x_wconf 76' lang='grc' dir='ltr'><strong>ἡμέρας</strong></span> <span class='ocrx_word' id='word_1_425' title='bbox 1066 3444 1392 3514; x_wconf 80' lang='grc' dir='ltr'><strong>κυριακῆς,</strong></span> <span class='ocrx_word' id='word_1_426' title='bbox 1428 3445 1619 3498; x_wconf 86' lang='lat' dir='ltr'><strong>beatus</strong></span> <span class='ocrx_word' id='word_1_427' title='bbox 1669 3443 1739 3497; x_wconf 83' lang='lat' dir='ltr'><strong>Eu</strong></span> 
     </span>
    </p>
   </div>
   <div class='ocr_carea' id='block_1_41' title="bbox 1866 3442 3438 3518">
    <p class='ocr_par' dir='ltr' id='par_1_41' title="bbox 1871 3442 3438 3512">
     <span class='ocr_line' id='line_1_41' title="bbox 1871 3442 3438 3512; baseline 0.001 -15"><span class='ocrx_word' id='word_1_428' title='bbox 1871 3458 1968 3506; x_wconf 90' lang='lat' dir='ltr'><strong>us,</strong></span> <span class='ocrx_word' id='word_1_429' title='bbox 2012 3448 2300 3512; x_wconf 82' lang='lat' dir='ltr'><strong>episcopus</strong></span> <span class='ocrx_word' id='word_1_430' title='bbox 2338 3442 2739 3497; x_wconf 84' lang='lat' dir='ltr'><strong>Alexandrinus</strong></span> <span class='ocrx_word' id='word_1_431' title='bbox 2784 3443 2982 3497; x_wconf 76' lang='lat' dir='ltr'><strong>saeculo</strong></span> <span class='ocrx_word' id='word_1_432' title='bbox 3028 3443 3188 3498; x_wconf 91' lang='lat' dir='ltr'><strong>tertio</strong></span> <span class='ocrx_word' id='word_1_433' title='bbox 3230 3443 3438 3512; x_wconf 83' lang='lat' dir='ltr'><strong>clarus,</strong></span> 
     </span>
    </p>
   </div>
   <div class='ocr_carea' id='block_1_42' title="bbox 171 3535 3438 3614">
    <p class='ocr_par' dir='ltr' id='par_1_42' title="bbox 171 3535 3438 3614">
     <span class='ocr_line' id='line_1_42' title="bbox 171 3535 3438 3614; baseline -0.002 -17"><span class='ocrx_word' id='word_1_434' title='bbox 171 3543 484 3597; x_wconf 57' lang='lat' dir='ltr'><strong>arationem</strong></span> <span class='ocrx_word' id='word_1_435' title='bbox 521 3543 865 3611; x_wconf 87' lang='lat' dir='ltr'><strong>conscripsit,</strong></span> <span class='ocrx_word' id='word_1_436' title='bbox 894 3558 1058 3614; x_wconf 91' lang='lat' dir='ltr'><strong>quam</strong></span> <span class='ocrx_word' id='word_1_437' title='bbox 1083 3558 1146 3599; x_wconf 79' lang='lat' dir='ltr'><strong>ex</strong></span> <span class='ocrx_word' id='word_1_438' title='bbox 1179 3558 1315 3596; x_wconf 92' lang='lat' dir='ltr'><strong>mss.</strong></span> <span class='ocrx_word' id='word_1_439' title='bbox 1347 3541 1534 3605; x_wconf 88' lang='lat' dir='ltr'><strong>edidit,</strong></span> <span class='ocrx_word' id='word_1_440' title='bbox 1562 3539 1753 3594; x_wconf 86' lang='lat' dir='ltr'><strong>Latine</strong></span> <span class='ocrx_word' id='word_1_441' title='bbox 1783 3540 1963 3601; x_wconf 88' lang='lat' dir='ltr'><strong>vertit,</strong></span> <span class='ocrx_word' id='word_1_442' title='bbox 1986 3547 2039 3592; x_wconf 90' lang='lat' dir='ltr'><strong>et</strong></span> <span class='ocrx_word' id='word_1_443' title='bbox 2069 3537 2537 3602; x_wconf 87' lang='lat' dir='ltr'><strong>adnotationibus,</strong></span> <span class='ocrx_word' id='word_1_444' title='bbox 2563 3537 2908 3606; x_wconf 91' lang='lat' dir='ltr'><strong>potissimum</strong></span> <span class='ocrx_word' id='word_1_445' title='bbox 2937 3535 3004 3590; x_wconf 87' lang='lat' dir='ltr'><strong>ad</strong></span> <span class='ocrx_word' id='word_1_446' title='bbox 3036 3551 3192 3592; x_wconf 89' lang='lat' dir='ltr'><strong>sacra</strong></span> <span class='ocrx_word' id='word_1_447' title='bbox 3219 3538 3438 3608; x_wconf 84' lang='lat' dir='ltr'><strong>publica</strong></span> 
     </span>
    </p>
   </div>
   <div class='ocr_carea' id='block_1_43' title="bbox 170 3628 2827 3702">
    <p class='ocr_par' dir='ltr' id='par_1_43' title="bbox 170 3628 2827 3702">
     <span class='ocr_line' id='line_1_43' title="bbox 170 3628 2827 3702; baseline -0.001 -17"><span class='ocrx_word' id='word_1_448' title='bbox 170 3631 381 3688; x_wconf 79' lang='lat' dir='ltr'><strong>veteris</strong></span> <span class='ocrx_word' id='word_1_449' title='bbox 403 3630 666 3687; x_wconf 75' lang='lat' dir='ltr'><strong>Ecclesia:</strong></span> <span class='ocrx_word' id='word_1_450' title='bbox 691 3633 1094 3702; x_wconf 89' lang='lat' dir='ltr'><strong>spectantibus,</strong></span> <span class='ocrx_word' id='word_1_451' title='bbox 1129 3633 1423 3687; x_wconf 88' lang='lat' dir='ltr'><strong>illustravit</strong></span> <span class='ocrx_word' id='word_1_452' title='bbox 1455 3633 1647 3686; x_wconf 89' lang='lat' dir='ltr'><strong>beatus</strong></span> <span class='ocrx_word' id='word_1_453' title='bbox 1674 3630 1761 3687; x_wconf 84' lang='lat' dir='ltr'><strong>Jo.</strong></span> <span class='ocrx_word' id='word_1_454' title='bbox 1787 3629 1931 3685; x_wconf 90' lang='lat' dir='ltr'><strong>Guil.</strong></span> <span class='ocrx_word' id='word_1_455' title='bbox 1960 3628 2152 3695; x_wconf 88' lang='lat' dir='ltr'><strong>Janus,</strong></span> <span class='ocrx_word' id='word_1_456' title='bbox 2185 3630 2276 3685; x_wconf 89' lang='lat' dir='ltr'><strong>llic</strong></span> <span class='ocrx_word' id='word_1_457' title='bbox 2306 3628 2693 3685; x_wconf 88' lang='lat' dir='ltr'><strong>conferendam</strong></span> <span class='ocrx_word' id='word_1_458' title='bbox 2729 3629 2827 3698; x_wconf 75' lang='lat'><strong>(2).</strong></span> 
     </span>
    </p>
   </div>
   <div class='ocr_carea' id='block_1_44' title="bbox 1198 3782 2420 3858">
    <p class='ocr_par' dir='ltr' id='par_1_44' title="bbox 1198 3782 2420 3858">
     <span class='ocr_line' id='line_1_44' title="bbox 1198 3782 2420 3858; baseline 0.001 -20"><span class='ocrx_word' id='word_1_459' title='bbox 1198 3785 1226 3858; x_wconf 66' lang='grc' dir='ltr'><strong>ς</strong></span> <span class='ocrx_word' id='word_1_460' title='bbox 1258 3784 1403 3840; x_wconf 79' lang='lat' dir='ltr'><strong>XIV.</strong></span> <span class='ocrx_word' id='word_1_461' title='bbox 1433 3784 1510 3839; x_wconf 89' lang='lat' dir='ltr'><strong>De</strong></span> <span class='ocrx_word' id='word_1_462' title='bbox 1543 3784 1677 3838; x_wconf 86' lang='lat' dir='ltr'><strong>libro</strong></span> <span class='ocrx_word' id='word_1_463' title='bbox 1707 3784 1842 3856; x_wconf 75' lang='grc' dir='ltr'><strong>Περὶ</strong></span> <span class='ocrx_word' id='word_1_464' title='bbox 1873 3783 2084 3854; x_wconf 85' lang='grc' dir='ltr'><strong>φύσεως</strong></span> <span class='ocrx_word' id='word_1_465' title='bbox 2112 3782 2420 3855; x_wconf 80' lang='grc' dir='ltr'><strong>ἀνθρώπου.</strong></span> 
     </span>
    </p>
   </div>
   <div class='ocr_carea' id='block_1_45' title="bbox 247 3936 1739 4012">
    <p class='ocr_par' dir='ltr' id='par_1_45' title="bbox 247 3936 1739 4012">
     <span class='ocr_line' id='line_1_45' title="bbox 247 3936 1739 4012; baseline -0.004 -16"><span class='ocrx_word' id='word_1_466' title='bbox 247 3940 327 3996; x_wconf 90' lang='lat' dir='ltr'><strong>De</strong></span> <span class='ocrx_word' id='word_1_467' title='bbox 349 3942 490 3997; x_wconf 89' lang='lat' dir='ltr'><strong>libro</strong></span> <span class='ocrx_word' id='word_1_468' title='bbox 517 3943 787 4012; x_wconf 89' lang='lat' dir='ltr'><strong>sequenti,</strong></span> <span class='ocrx_word' id='word_1_469' title='bbox 818 3943 956 4010; x_wconf 77' lang='grc' dir='ltr'><strong>Περὶ</strong></span> <span class='ocrx_word' id='word_1_470' title='bbox 988 3942 1228 4010; x_wconf 74' lang='grc' dir='ltr'><strong>φύσεως</strong></span> <span class='ocrx_word' id='word_1_471' title='bbox 1259 3938 1593 4006; x_wconf 82' lang='grc' dir='ltr'><strong>ἀνθρώπου,</strong></span> <span class='ocrx_word' id='word_1_472' title='bbox 1618 3936 1695 3991; x_wconf 88' lang='lat' dir='ltr'><strong>De</strong></span> <span class='ocrx_word' id='word_1_473' title='bbox 1723 3953 1739 3990; x_wconf 72' lang='grc' dir='ltr'><strong>τ</strong></span> 
     </span>
    </p>
   </div>
   <div class='ocr_carea' id='block_1_46' title="bbox 1866 3936 3436 4012">
    <p class='ocr_par' dir='ltr' id='par_1_46' title="bbox 1866 3936 3436 4012">
     <span class='ocr_line' id='line_1_46' title="bbox 1866 3936 3436 4012; baseline 0.004 -23"><span class='ocrx_word' id='word_1_474' title='bbox 1866 3953 1917 3990; x_wconf 86' lang='lat' dir='ltr'><strong>ra</strong></span> <span class='ocrx_word' id='word_1_475' title='bbox 1953 3937 2181 3991; x_wconf 79' lang='lat' dir='ltr'><strong>hominis</strong></span> <span class='ocrx_word' id='word_1_476' title='bbox 2213 3936 2302 4006; x_wconf 91' lang='lat' dir='ltr'><strong>(de</strong></span> <span class='ocrx_word' id='word_1_477' title='bbox 2323 3952 2434 4007; x_wconf 92' lang='lat' dir='ltr'><strong>quo</strong></span> <span class='ocrx_word' id='word_1_478' title='bbox 2459 3937 2644 3992; x_wconf 91' lang='lat' dir='ltr'><strong>itidem</strong></span> <span class='ocrx_word' id='word_1_479' title='bbox 2677 3948 2999 4007; x_wconf 88' lang='lat' dir='ltr'><strong>argumento</strong></span> <span class='ocrx_word' id='word_1_480' title='bbox 3025 3938 3290 4009; x_wconf 90' lang='lat' dir='ltr'><strong>Nemesii,</strong></span> <span class='ocrx_word' id='word_1_481' title='bbox 3317 3942 3436 4012; x_wconf 69' lang='grc' dir='ltr'><strong>επὶ-</strong></span> 
     </span>
    </p>
   </div>
   <div class='ocr_carea' id='block_1_47' title="bbox 169 4021 3429 4106">
    <p class='ocr_par' dir='ltr' id='par_1_47' title="bbox 169 4021 3429 4106">
     <span class='ocr_line' id='line_1_47' title="bbox 169 4021 3429 4106; baseline -0.001 -13"><span class='ocrx_word' id='word_1_482' title='bbox 169 4037 327 4106; x_wconf 82' lang='lat' dir='ltr'><strong>scopi</strong></span> <span class='ocrx_word' id='word_1_483' title='bbox 361 4035 613 4090; x_wconf 88' lang='lat' dir='ltr'><strong>Emeseni</strong></span> <span class='ocrx_word' id='word_1_484' title='bbox 633 4074 648 4099; x_wconf 95' lang='lat'><strong>,</strong></span> <span class='ocrx_word' id='word_1_485' title='bbox 681 4035 842 4089; x_wconf 86' lang='lat' dir='ltr'><strong>hodie</strong></span> <span class='ocrx_word' id='word_1_486' title='bbox 868 4033 1050 4088; x_wconf 90' lang='lat' dir='ltr'><strong>adhuc</strong></span> <span class='ocrx_word' id='word_1_487' title='bbox 1077 4039 1257 4086; x_wconf 82' lang='lat' dir='ltr'><strong>exstat</strong></span> <span class='ocrx_word' id='word_1_488' title='bbox 1287 4029 1518 4100; x_wconf 88' lang='lat' dir='ltr'><strong>insignis</strong></span> <span class='ocrx_word' id='word_1_489' title='bbox 1549 4036 1696 4085; x_wconf 89' lang='lat' dir='ltr'><strong>certe</strong></span> <span class='ocrx_word' id='word_1_490' title='bbox 1725 4027 1864 4082; x_wconf 91' lang='lat' dir='ltr'><strong>liber</strong></span> <span class='ocrx_word' id='word_1_491' title='bbox 1899 4021 2368 4094; x_wconf 61' lang='lat' dir='ltr'><strong>Gram-Latinus,</strong></span> <span class='ocrx_word' id='word_1_492' title='bbox 2394 4027 2574 4083; x_wconf 86' lang='lat' dir='ltr'><strong>editus</strong></span> <span class='ocrx_word' id='word_1_493' title='bbox 2601 4029 2770 4085; x_wconf 89' lang='lat' dir='ltr'><strong>nitide</strong></span> <span class='ocrx_word' id='word_1_494' title='bbox 2806 4027 3002 4085; x_wconf 78' lang='lat' dir='ltr'><strong>Oxonii</strong></span> <span class='ocrx_word' id='word_1_495' title='bbox 3033 4030 3193 4098; x_wconf 81' lang='grc'>1671,</span> <span class='ocrx_word' id='word_1_496' title='bbox 3227 4033 3283 4086; x_wconf 91' lang='lat' dir='ltr'><strong>in</strong></span> <span class='ocrx_word' id='word_1_497' title='bbox 3313 4033 3370 4101; x_wconf 85' lang='lat'><strong>8,</strong></span> <span class='ocrx_word' id='word_1_498' title='bbox 3397 4051 3429 4089; x_wconf 88' lang='lat' dir='ltr'><strong>a</strong></span> 
     </span>
    </p>
   </div>
   <div class='ocr_carea' id='block_1_48' title="bbox 167 4121 3425 4199">
    <p class='ocr_par' dir='ltr' id='par_1_48' title="bbox 167 4121 3425 4199">
     <span class='ocr_line' id='line_1_48' title="bbox 167 4121 3425 4199; baseline -0.001 -15"><span class='ocrx_word' id='word_1_499' title='bbox 167 4128 259 4184; x_wconf 82' lang='lat' dir='ltr'><strong>Jo.</strong></span> <span class='ocrx_word' id='word_1_500' title='bbox 301 4127 471 4196; x_wconf 88' lang='lat' dir='ltr'><strong>Fello,</strong></span> <span class='ocrx_word' id='word_1_501' title='bbox 501 4129 787 4185; x_wconf 88' lang='lat' dir='ltr'><strong>Cistriensi</strong></span> <span class='ocrx_word' id='word_1_502' title='bbox 835 4127 1135 4199; x_wconf 90' lang='lat' dir='ltr'><strong>episcopo),</strong></span> <span class='ocrx_word' id='word_1_503' title='bbox 1179 4126 1317 4179; x_wconf 91' lang='lat' dir='ltr'><strong>nihil</strong></span> <span class='ocrx_word' id='word_1_504' title='bbox 1355 4123 1501 4194; x_wconf 91' lang='lat' dir='ltr'><strong>quod</strong></span> <span class='ocrx_word' id='word_1_505' title='bbox 1551 4138 1803 4178; x_wconf 92' lang='lat' dir='ltr'><strong>moneam</strong></span> <span class='ocrx_word' id='word_1_506' title='bbox 1858 4123 2052 4186; x_wconf 89' lang='lat' dir='ltr'><strong>habeo,</strong></span> <span class='ocrx_word' id='word_1_507' title='bbox 2087 4122 2190 4177; x_wconf 91' lang='lat' dir='ltr'><strong>nisi</strong></span> <span class='ocrx_word' id='word_1_508' title='bbox 2233 4121 2380 4192; x_wconf 89' lang='lat' dir='ltr'><strong>quod</strong></span> <span class='ocrx_word' id='word_1_509' title='bbox 2409 4122 2666 4178; x_wconf 90' lang='lat' dir='ltr'><strong>eumdem</strong></span> <span class='ocrx_word' id='word_1_510' title='bbox 2708 4139 2775 4178; x_wconf 86' lang='lat' dir='ltr'><strong>ex</strong></span> <span class='ocrx_word' id='word_1_511' title='bbox 2807 4125 3056 4196; x_wconf 79' lang='lat' dir='ltr'><strong>catalogo</strong></span> <span class='ocrx_word' id='word_1_512' title='bbox 3093 4125 3425 4195; x_wconf 90' lang='lat' dir='ltr'><strong>scriptorum</strong></span> 
     </span>
    </p>
   </div>
   <div class='ocr_carea' id='block_1_49' title="bbox 170 4210 3430 4288">
    <p class='ocr_par' dir='ltr' id='par_1_49' title="bbox 170 4210 3430 4288">
     <span class='ocr_line' id='line_1_49' title="bbox 170 4210 3430 4288; baseline 0 -14"><span class='ocrx_word' id='word_1_513' title='bbox 170 4219 657 4274; x_wconf 78' lang='lat' dir='ltr'><strong>Melitonianorum</strong></span> <span class='ocrx_word' id='word_1_514' title='bbox 687 4218 978 4273; x_wconf 88' lang='lat' dir='ltr'><strong>omiserint</strong></span> <span class='ocrx_word' id='word_1_515' title='bbox 1007 4215 1397 4287; x_wconf 85' lang='lat' dir='ltr'><strong>Hieronymus,</strong></span> <span class='ocrx_word' id='word_1_516' title='bbox 1429 4212 1726 4279; x_wconf 86' lang='lat' dir='ltr'><strong>Honorius,</strong></span> <span class='ocrx_word' id='word_1_517' title='bbox 1753 4211 2088 4268; x_wconf 85' lang='lat' dir='ltr'><strong>Tritllemius</strong></span> <span class='ocrx_word' id='word_1_518' title='bbox 2116 4223 2172 4268; x_wconf 91' lang='lat' dir='ltr'><strong>et</strong></span> <span class='ocrx_word' id='word_1_519' title='bbox 2203 4210 2394 4268; x_wconf 80' lang='lat' dir='ltr'><strong>Sixtus</strong></span> <span class='ocrx_word' id='word_1_520' title='bbox 2425 4212 2708 4270; x_wconf 86' lang='lat' dir='ltr'><strong>Senensis.</strong></span> <span class='ocrx_word' id='word_1_521' title='bbox 2735 4213 2981 4272; x_wconf 78' lang='lat' dir='ltr'><strong>Bullinus</strong></span> <span class='ocrx_word' id='word_1_522' title='bbox 3005 4219 3144 4286; x_wconf 78' lang='grc' dir='ltr'><strong>Περὶ</strong></span> <span class='ocrx_word' id='word_1_523' title='bbox 3171 4218 3430 4288; x_wconf 82' lang='grc' dir='ltr'><em>πίστεως</em></span> 
     </span>
    </p>
   </div>
   <div class='ocr_carea' id='block_1_50' title="bbox 167 4307 1739 4383">
    <p class='ocr_par' dir='ltr' id='par_1_50' title="bbox 167 4309 1739 4383">
     <span class='ocr_line' id='line_1_50' title="bbox 167 4309 1739 4383; baseline -0.003 -13"><span class='ocrx_word' id='word_1_524' title='bbox 167 4311 512 4381; x_wconf 75' lang='grc' dir='ltr'><strong>ἀνθρώπου,</strong></span> <span class='ocrx_word' id='word_1_525' title='bbox 549 4312 625 4367; x_wconf 87' lang='lat' dir='ltr'><strong>De</strong></span> <span class='ocrx_word' id='word_1_526' title='bbox 663 4313 768 4383; x_wconf 78' lang='lat' dir='ltr'><strong>ﬁde</strong></span> <span class='ocrx_word' id='word_1_527' title='bbox 809 4312 1034 4366; x_wconf 81' lang='lat' dir='ltr'><strong>hominis</strong></span> <span class='ocrx_word' id='word_1_528' title='bbox 1074 4311 1220 4381; x_wconf 82' lang='lat' dir='ltr'><strong>legit.</strong></span> <span class='ocrx_word' id='word_1_529' title='bbox 1256 4309 1596 4380; x_wconf 85' lang='lat' dir='ltr'><strong>Nicephorus</strong></span> <span class='ocrx_word' id='word_1_530' title='bbox 1619 4322 1739 4365; x_wconf 80' lang='lat' dir='ltr'><strong>vero</strong></span> 
     </span>
    </p>
   </div>
   <div class='ocr_carea' id='block_1_51' title="bbox 1866 4307 3429 4383">
    <p class='ocr_par' dir='ltr' id='par_1_51' title="bbox 1895 4307 3429 4382">
     <span class='ocr_line' id='line_1_51' title="bbox 1895 4307 3429 4382; baseline 0.006 -20"><span class='ocrx_word' id='word_1_531' title='bbox 1895 4309 2000 4363; x_wconf 86' lang='lat' dir='ltr'><strong>hoc</strong></span> <span class='ocrx_word' id='word_1_532' title='bbox 2027 4317 2082 4362; x_wconf 93' lang='lat' dir='ltr'><strong>et</strong></span> <span class='ocrx_word' id='word_1_533' title='bbox 2112 4307 2295 4362; x_wconf 89' lang='lat' dir='ltr'><strong>statim</strong></span> <span class='ocrx_word' id='word_1_534' title='bbox 2327 4309 2648 4379; x_wconf 89' lang='lat' dir='ltr'><strong>insequente</strong></span> <span class='ocrx_word' id='word_1_535' title='bbox 2679 4311 2819 4364; x_wconf 88' lang='lat' dir='ltr'><strong>libro</strong></span> <span class='ocrx_word' id='word_1_536' title='bbox 2851 4312 2989 4380; x_wconf 77' lang='grc' dir='ltr'><strong>Περὶ</strong></span> <span class='ocrx_word' id='word_1_537' title='bbox 3025 4313 3322 4382; x_wconf 76' lang='grc' dir='ltr'><strong>πλάσεως,</strong></span> <span class='ocrx_word' id='word_1_538' title='bbox 3352 4314 3429 4371; x_wconf 86' lang='lat' dir='ltr'><strong>De</strong></span> 
     </span>
    </p>
   </div>
   <div class='ocr_carea' id='block_1_52' title="bbox 167 4404 3430 4477">
    <p class='ocr_par' dir='ltr' id='par_1_52' title="bbox 167 4404 3430 4477">
     <span class='ocr_line' id='line_1_52' title="bbox 167 4404 3430 4477; baseline 0 -15"><span class='ocrx_word' id='word_1_539' title='bbox 167 4411 460 4473; x_wconf 82' lang='lat' dir='ltr'><strong>creatione,</strong></span> <span class='ocrx_word' id='word_1_540' title='bbox 503 4424 670 4462; x_wconf 91' lang='lat' dir='ltr'><strong>unum</strong></span> <span class='ocrx_word' id='word_1_541' title='bbox 728 4407 860 4461; x_wconf 88' lang='lat' dir='ltr'><strong>facit</strong></span> <span class='ocrx_word' id='word_1_542' title='bbox 895 4407 971 4477; x_wconf 82' lang='lat'><strong>(5)</strong></span> <span class='ocrx_word' id='word_1_543' title='bbox 1014 4407 1069 4460; x_wconf 89' lang='lat' dir='ltr'><strong>in</strong></span> <span class='ocrx_word' id='word_1_544' title='bbox 1106 4422 1216 4476; x_wconf 92' lang='lat' dir='ltr'><strong>quo</strong></span> <span class='ocrx_word' id='word_1_545' title='bbox 1256 4405 1563 4474; x_wconf 91' lang='lat' dir='ltr'><strong>posteriore</strong></span> <span class='ocrx_word' id='word_1_546' title='bbox 1611 4404 1981 4459; x_wconf 89' lang='lat' dir='ltr'><strong>hallucinatus</strong></span> <span class='ocrx_word' id='word_1_547' title='bbox 2032 4405 2256 4472; x_wconf 88' lang='lat' dir='ltr'><strong>insuper</strong></span> <span class='ocrx_word' id='word_1_548' title='bbox 2306 4419 2524 4474; x_wconf 89' lang='lat' dir='ltr'><strong>quoque</strong></span> <span class='ocrx_word' id='word_1_549' title='bbox 2571 4413 2651 4459; x_wconf 93' lang='lat' dir='ltr'><strong>est</strong></span> <span class='ocrx_word' id='word_1_550' title='bbox 2693 4405 3047 4470; x_wconf 89' lang='lat' dir='ltr'><strong>Trithemius,</strong></span> <span class='ocrx_word' id='word_1_551' title='bbox 3076 4407 3171 4475; x_wconf 90' lang='lat' dir='ltr'><strong>qui</strong></span> <span class='ocrx_word' id='word_1_552' title='bbox 3209 4422 3319 4461; x_wconf 92' lang='lat' dir='ltr'><strong>non</strong></span> <span class='ocrx_word' id='word_1_553' title='bbox 3361 4410 3430 4463; x_wconf 85' lang='lat' dir='ltr'><strong>de</strong></span> 
     </span>
    </p>
   </div>
   <div class='ocr_carea' id='block_1_53' title="bbox 165 4496 3425 4576">
    <p class='ocr_par' dir='ltr' id='par_1_53' title="bbox 165 4496 3425 4576">
     <span class='ocr_line' id='line_1_53' title="bbox 165 4496 3425 4576; baseline 0 -17"><span class='ocrx_word' id='word_1_554' title='bbox 165 4505 459 4576; x_wconf 87' lang='lat' dir='ltr'><strong>plasmate,</strong></span> <span class='ocrx_word' id='word_1_555' title='bbox 490 4503 584 4559; x_wconf 90' lang='lat' dir='ltr'><strong>sed</strong></span> <span class='ocrx_word' id='word_1_556' title='bbox 619 4501 692 4556; x_wconf 93' lang='lat' dir='ltr'><strong>De</strong></span> <span class='ocrx_word' id='word_1_557' title='bbox 737 4502 923 4571; x_wconf 84' lang='lat' dir='ltr'><strong>lapsis,</strong></span> <span class='ocrx_word' id='word_1_558' title='bbox 951 4501 1264 4556; x_wconf 85' lang='lat' dir='ltr'><strong>Melitonem</strong></span> <span class='ocrx_word' id='word_1_559' title='bbox 1302 4501 1500 4556; x_wconf 87' lang='lat' dir='ltr'><strong>librum</strong></span> <span class='ocrx_word' id='word_1_560' title='bbox 1533 4497 1838 4570; x_wconf 81' lang='lat' dir='ltr'><strong>scripsisse,</strong></span> <span class='ocrx_word' id='word_1_561' title='bbox 1871 4497 2054 4553; x_wconf 88' lang='lat' dir='ltr'><strong>tradit.</strong></span> <span class='ocrx_word' id='word_1_562' title='bbox 2098 4496 2261 4552; x_wconf 87' lang='lat' dir='ltr'><strong>Forte</strong></span> <span class='ocrx_word' id='word_1_563' title='bbox 2306 4507 2537 4568; x_wconf 89' lang='lat' dir='ltr'><strong>uterque</strong></span> <span class='ocrx_word' id='word_1_564' title='bbox 2563 4498 2699 4554; x_wconf 90' lang='lat' dir='ltr'><strong>liber</strong></span> <span class='ocrx_word' id='word_1_565' title='bbox 2730 4513 2855 4553; x_wconf 87' lang='lat' dir='ltr'><strong>eum</strong></span> <span class='ocrx_word' id='word_1_566' title='bbox 2883 4497 2937 4552; x_wconf 91' lang='lat' dir='ltr'><strong>in</strong></span> <span class='ocrx_word' id='word_1_567' title='bbox 2977 4501 3140 4554; x_wconf 81' lang='lat' dir='ltr'><strong>tinem</strong></span> <span class='ocrx_word' id='word_1_568' title='bbox 3178 4516 3209 4556; x_wconf 88' lang='lat' dir='ltr'><strong>a</strong></span> <span class='ocrx_word' id='word_1_569' title='bbox 3235 4511 3425 4560; x_wconf 89' lang='lat' dir='ltr'><strong>nostro</strong></span> 
     </span>
    </p>
   </div>
   <div class='ocr_carea' id='block_1_54' title="bbox 1923 4671 3424 4748">
    <p class='ocr_par' dir='ltr' id='par_1_54' title="bbox 1923 4671 3424 4748">
     <span class='ocr_line' id='line_1_54' title="bbox 1923 4671 3424 4748; baseline 0.006 -21"><span class='ocrx_word' id='word_1_570' title='bbox 1923 4672 2036 4746; x_wconf 90' lang='lat'><strong>(98)</strong></span> <span class='ocrx_word' id='word_1_571' title='bbox 2067 4673 2270 4748; x_wconf 73' lang='lat' dir='ltr'><strong>illustr.</strong></span> <span class='ocrx_word' id='word_1_572' title='bbox 2294 4671 2624 4748; x_wconf 80' lang='lat' dir='ltr'><strong>_Bl_ellmerus</strong></span> <span class='ocrx_word' id='word_1_573' title='bbox 2653 4675 2707 4729; x_wconf 92' lang='lat' dir='ltr'><strong>in</strong></span> <span class='ocrx_word' id='word_1_574' title='bbox 2735 4676 2996 4748; x_wconf 83' lang='lat' dir='ltr'><strong>singulari</strong></span> <span class='ocrx_word' id='word_1_575' title='bbox 3024 4679 3302 4738; x_wconf 81' lang='lat' dir='ltr'><strong>dissertat.</strong></span> <span class='ocrx_word' id='word_1_576' title='bbox 3347 4680 3424 4736; x_wconf 82' lang='lat' dir='ltr'><strong>De</strong></span> 
     </span>
    </p>
   </div>
   <div class='ocr_carea' id='block_1_55' title="bbox 1849 4743 3421 4818">
    <p class='ocr_par' dir='ltr' id='par_1_55' title="bbox 1849 4743 3421 4818">
     <span class='ocr_line' id='line_1_55' title="bbox 1849 4743 3421 4818; baseline 0.006 -20"><span class='ocrx_word' id='word_1_577' title='bbox 1849 4743 1992 4818; x_wconf 62' lang='lat' dir='ltr'><strong>stato</strong></span> <span class='ocrx_word' id='word_1_578' title='bbox 2018 4743 2024 4746; x_wconf 11' lang='grc' dir='ltr'><strong>ἡ</strong></span> <span class='ocrx_word' id='word_1_579' title='bbox 2047 4743 2133 4818; x_wconf 79' lang='lat' dir='ltr'><strong>die</strong></span> <span class='ocrx_word' id='word_1_580' title='bbox 2177 4743 2603 4818; x_wconf 61' lang='lat' dir='ltr'><strong>Christianorum</strong></span> <span class='ocrx_word' id='word_1_581' title='bbox 2629 4789 2645 4813; x_wconf 87' lang='lat'><strong>,</strong></span> <span class='ocrx_word' id='word_1_582' title='bbox 2693 4762 2816 4816; x_wconf 49' lang='lat' dir='ltr'><strong>quae.</strong></span> <span class='ocrx_word' id='word_1_583' title='bbox 2835 4743 3026 4818; x_wconf 45' lang='lat' dir='ltr'><strong>&#39;prima</strong></span> <span class='ocrx_word' id='word_1_584' title='bbox 3075 4761 3159 4806; x_wconf 88' lang='lat' dir='ltr'><strong>est</strong></span> <span class='ocrx_word' id='word_1_585' title='bbox 3186 4751 3242 4806; x_wconf 89' lang='lat' dir='ltr'><strong>in</strong></span> <span class='ocrx_word' id='word_1_586' title='bbox 3272 4751 3421 4807; x_wconf 73' lang='lat' dir='ltr'><strong>Dies.</strong></span> 
     </span>
    </p>
   </div>
   <div class='ocr_carea' id='block_1_56' title="bbox 1846 4813 2623 4884">
    <p class='ocr_par' dir='ltr' id='par_1_56' title="bbox 1846 4813 2623 4884">
     <span class='ocr_line' id='line_1_56' title="bbox 1846 4813 2623 4884; baseline 0.004 -18"><span class='ocrx_word' id='word_1_587' title='bbox 1846 4813 1880 4866; x_wconf 84' lang='lat' dir='ltr'><strong><em>J</em></strong></span> <span class='ocrx_word' id='word_1_588' title='bbox 1887 4817 1996 4868; x_wconf 89' lang='lat' dir='ltr'><strong>uris</strong></span> <span class='ocrx_word' id='word_1_589' title='bbox 2023 4813 2369 4867; x_wconf 75' lang='lat' dir='ltr'><strong>ecclesiastici</strong></span> <span class='ocrx_word' id='word_1_590' title='bbox 2399 4817 2623 4884; x_wconf 82' lang='lat' dir='ltr'><strong>antiqui.</strong></span> 
     </span>
    </p>
   </div>
   <div class='ocr_carea' id='block_1_57' title="bbox 1919 4883 3414 4962">
    <p class='ocr_par' dir='ltr' id='par_1_57' title="bbox 1919 4883 3414 4962">
     <span class='ocr_line' id='line_1_57' title="bbox 1919 4883 3414 4962; baseline 0.007 -23"><span class='ocrx_word' id='word_1_591' title='bbox 1919 4885 2032 4962; x_wconf 76' lang='lat'><strong>(99)</strong></span> <span class='ocrx_word' id='word_1_592' title='bbox 2071 4885 2149 4962; x_wconf 75' lang='lat' dir='ltr'><strong>Ita</strong></span> <span class='ocrx_word' id='word_1_593' title='bbox 2188 4883 2576 4962; x_wconf 51' lang='lat' dir='ltr'><strong>habeturnnct.</strong></span> <span class='ocrx_word' id='word_1_594' title='bbox 2610 4903 2708 4962; x_wconf 29' lang='lat' dir='ltr'><strong>x‘x,</strong></span> <span class='ocrx_word' id='word_1_595' title='bbox 2743 4885 3003 4962; x_wconf 19' lang='lat' dir='ltr'><strong>7,AlCor.</strong></span> <span class='ocrx_word' id='word_1_596' title='bbox 3044 4908 3164 4955; x_wconf 83' lang='lat' dir='ltr'><strong>xvi,</strong></span> <span class='ocrx_word' id='word_1_597' title='bbox 3194 4893 3264 4957; x_wconf 77' lang='lat'><strong>2,</strong></span> <span class='ocrx_word' id='word_1_598' title='bbox 3309 4902 3414 4949; x_wconf 89' lang='lat' dir='ltr'><strong>etc.</strong></span> 
     </span>
    </p>
   </div>
   <div class='ocr_carea' id='block_1_58' title="bbox 1844 4954 3418 5022">
    <p class='ocr_par' dir='ltr' id='par_1_58' title="bbox 1844 4954 3418 5022">
     <span class='ocr_line' id='line_1_58' title="bbox 1844 4954 3418 5022; baseline 0.004 -12"><span class='ocrx_word' id='word_1_599' title='bbox 1844 4954 2047 5010; x_wconf 85' lang='lat' dir='ltr'><strong>Confer</strong></span> <span class='ocrx_word' id='word_1_600' title='bbox 2116 4954 2364 5022; x_wconf 91' lang='lat' dir='ltr'><strong>inprimis</strong></span> <span class='ocrx_word' id='word_1_601' title='bbox 2423 4954 2681 5010; x_wconf 83' lang='lat' dir='ltr'><strong>Wolton’s</strong></span> <span class='ocrx_word' id='word_1_602' title='bbox 2745 4954 3418 5017; x_wconf 15' lang='lat' dir='ltr'><strong>illiscellaneous’discour-</strong></span> 
     </span>
    </p>
   </div>
   <div class='ocr_carea' id='block_1_59' title="bbox 1842 5024 3418 5103">
    <p class='ocr_par' dir='ltr' id='par_1_59' title="bbox 1842 5024 3418 5103">
     <span class='ocr_line' id='line_1_59' title="bbox 1842 5024 3418 5103; baseline 0.006 -25"><span class='ocrx_word' id='word_1_603' title='bbox 1842 5024 2208 5103; x_wconf 27' lang='lat' dir='ltr'><strong>sestrelating</strong></span> <span class='ocrx_word' id='word_1_604' title='bbox 2229 5034 2310 5103; x_wconf 41' lang='lat' dir='ltr'><strong>“to</strong></span> <span class='ocrx_word' id='word_1_605' title='bbox 2363 5024 2446 5103; x_wconf 67' lang='lat' dir='ltr'><strong>the</strong></span> <span class='ocrx_word' id='word_1_606' title='bbox 2493 5025 2798 5103; x_wconf 75' lang='lat' dir='ltr'><strong>Traditions</strong></span> <span class='ocrx_word' id='word_1_607' title='bbox 2839 5031 2945 5103; x_wconf 71' lang='lat' dir='ltr'><strong>and</strong></span> <span class='ocrx_word' id='word_1_608' title='bbox 2981 5032 3192 5103; x_wconf 15' lang='lat' dir='ltr'><strong>iUsages</strong></span> <span class='ocrx_word' id='word_1_609' title='bbox 3235 5033 3300 5103; x_wconf 79' lang='lat' dir='ltr'><strong>of</strong></span> <span class='ocrx_word' id='word_1_610' title='bbox 3333 5039 3418 5088; x_wconf 82' lang='lat' dir='ltr'><strong>the</strong></span> 
     </span>
    </p>
   </div>
   <div class='ocr_carea' id='block_1_60' title="bbox 1844 5091 3414 5163">
    <p class='ocr_par' dir='ltr' id='par_1_60' title="bbox 1844 5091 3414 5163">
     <span class='ocr_line' id='line_1_60' title="bbox 1844 5091 3414 5163; baseline 0.004 -13"><span class='ocrx_word' id='word_1_611' title='bbox 1844 5096 2051 5150; x_wconf 85' lang='lat' dir='ltr'><strong>Scribes</strong></span> <span class='ocrx_word' id='word_1_612' title='bbox 2086 5091 2191 5145; x_wconf 83' lang='lat' dir='ltr'><strong>and</strong></span> <span class='ocrx_word' id='word_1_613' title='bbox 2219 5091 2496 5148; x_wconf 84' lang='lat' dir='ltr'><strong>Pharisees</strong></span> <span class='ocrx_word' id='word_1_614' title='bbox 2526 5098 2580 5149; x_wconf 84' lang='lat' dir='ltr'><strong>in</strong></span> <span class='ocrx_word' id='word_1_615' title='bbox 2614 5116 2710 5152; x_wconf 88' lang='lat' dir='ltr'><strong>our</strong></span> <span class='ocrx_word' id='word_1_616' title='bbox 2744 5100 2933 5154; x_wconf 85' lang='lat' dir='ltr'><strong>bless‘d</strong></span> <span class='ocrx_word' id='word_1_617' title='bbox 2965 5091 3234 5157; x_wconf 60' lang='lat' dir='ltr'><strong>Saviciur’s</strong></span> <span class='ocrx_word' id='word_1_618' title='bbox 3268 5091 3414 5163; x_wconf 68' lang='lat' dir='ltr'><strong>lime.</strong></span> 
     </span>
    </p>
   </div>
   <div class='ocr_carea' id='block_1_61' title="bbox 1841 5164 3417 5243">
    <p class='ocr_par' dir='ltr' id='par_1_61' title="bbox 1841 5164 3417 5243">
     <span class='ocr_line' id='line_1_61' title="bbox 1841 5164 3417 5243; baseline 0.006 -24"><span class='ocrx_word' id='word_1_619' title='bbox 1841 5166 2020 5243; x_wconf 83' lang='lat' dir='ltr'><strong>vo_|._l,</strong></span> <span class='ocrx_word' id='word_1_620' title='bbox 2049 5178 2169 5243; x_wconf 85' lang='lat' dir='ltr'><strong>cap.</strong></span> <span class='ocrx_word' id='word_1_621' title='bbox 2210 5164 2296 5243; x_wconf 70' lang='lat'><strong>19,</strong></span> <span class='ocrx_word' id='word_1_622' title='bbox 2329 5166 2600 5243; x_wconf 66' lang='lat' dir='ltr'><strong>pag._‘294,</strong></span> <span class='ocrx_word' id='word_1_623' title='bbox 2630 5171 2718 5243; x_wconf 76' lang='lat' dir='ltr'><strong>ubi</strong></span> <span class='ocrx_word' id='word_1_624' title='bbox 2757 5173 2940 5226; x_wconf 89' lang='lat' dir='ltr'><strong>omnia</strong></span> <span class='ocrx_word' id='word_1_625' title='bbox 2973 5172 3036 5226; x_wconf 86' lang='lat' dir='ltr'><strong>N.</strong></span> <span class='ocrx_word' id='word_1_626' title='bbox 3068 5171 3131 5227; x_wconf 89' lang='grc' dir='ltr'><strong>Τ.</strong></span> <span class='ocrx_word' id='word_1_627' title='bbox 3165 5175 3280 5228; x_wconf 89' lang='lat' dir='ltr'><strong>loca</strong></span> <span class='ocrx_word' id='word_1_628' title='bbox 3303 5214 3319 5238; x_wconf 94' lang='lat'><strong>,</strong></span> <span class='ocrx_word' id='word_1_629' title='bbox 3349 5175 3417 5229; x_wconf 85' lang='lat' dir='ltr'><strong>de</strong></span> 
     </span>
    </p>
   </div>
   <div class='ocr_carea' id='block_1_62' title="bbox 1842 5233 3416 5359">
    <p class='ocr_par' dir='ltr' id='par_1_62' title="bbox 1842 5233 3416 5359">
     <span class='ocr_line' id='line_1_62' title="bbox 1842 5233 3416 5359; baseline 0.004 -67"><span class='ocrx_word' id='word_1_630' title='bbox 1842 5233 2167 5359; x_wconf 52' lang='lat' dir='ltr'><strong>celebrsnldo</strong></span> <span class='ocrx_word' id='word_1_631' title='bbox 2189 5235 2368 5302; x_wconf 84' lang='lat' dir='ltr'><strong>primo</strong></span> <span class='ocrx_word' id='word_1_632' title='bbox 2395 5233 2750 5296; x_wconf 78' lang='lat' dir='ltr'><strong>hebdomadis</strong></span> <span class='ocrx_word' id='word_1_633' title='bbox 2778 5243 2866 5297; x_wconf 86' lang='lat' dir='ltr'><strong>die</strong></span> <span class='ocrx_word' id='word_1_634' title='bbox 2891 5245 3128 5313; x_wconf 83' lang='lat' dir='ltr'><strong>agentia,</strong></span> <span class='ocrx_word' id='word_1_635' title='bbox 3161 5233 3416 5299; x_wconf 82' lang='lat' dir='ltr'><strong>accurate</strong></span> 
     </span>
     <span class='ocr_line' id='line_1_63' title="bbox 1842 5322 2120 5359; baseline -0.014 0"><span class='ocrx_word' id='word_1_636' title='bbox 1842 5323 2012 5359; x_wconf 84' lang='lat' dir='ltr'><strong>exoen</strong></span> <span class='ocrx_word' id='word_1_637' title='bbox 2061 5322 2120 5358; x_wconf 89' lang='lat' dir='ltr'><strong>l.</strong></span> 
     </span>
    </p>
   </div>
   <div class='ocr_carea' id='block_1_63' title="bbox 1840 5322 2120 5376">
    <p class='ocr_par' dir='ltr' id='par_1_63' title="bbox 1840 5322 2120 5376">
     <span class='ocr_line' id='line_1_64' title="bbox 1840 5322 2120 5376; baseline -0.018 -15"><span class='ocrx_word' id='word_1_638' title='bbox 1840 5322 2120 5376; x_wconf 80' lang='lat' dir='ltr'><strong>expendit.</strong></span> 
     </span>
    </p>
   </div>
   <div class='ocr_carea' id='block_1_64' title="bbox 1913 5373 3411 5454">
    <p class='ocr_par' dir='ltr' id='par_1_64' title="bbox 1913 5373 3411 5454">
     <span class='ocr_line' id='line_1_65' title="bbox 1913 5373 3411 5454; baseline 0.006 -24"><span class='ocrx_word' id='word_1_639' title='bbox 1913 5373 1989 5447; x_wconf 74' lang='lat' dir='ltr'><strong>il)</strong></span> <span class='ocrx_word' id='word_1_640' title='bbox 2018 5376 2252 5430; x_wconf 67' lang='lat' dir='ltr'><strong>lrenazus</strong></span> <span class='ocrx_word' id='word_1_641' title='bbox 2281 5373 2422 5443; x_wconf 86' lang='lat' dir='ltr'><strong>apud</strong></span> <span class='ocrx_word' id='word_1_642' title='bbox 2462 5375 2661 5436; x_wconf 88' lang='lat' dir='ltr'><strong>Euseb.</strong></span> <span class='ocrx_word' id='word_1_643' title='bbox 2686 5384 2832 5438; x_wconf 83' lang='lat' dir='ltr'><strong>Hist.</strong></span> <span class='ocrx_word' id='word_1_644' title='bbox 2866 5383 3047 5438; x_wconf 87' lang='lat' dir='ltr'><strong>eccles.</strong></span> <span class='ocrx_word' id='word_1_645' title='bbox 3079 5383 3175 5438; x_wconf 89' lang='lat' dir='ltr'><strong>lib.</strong></span> <span class='ocrx_word' id='word_1_646' title='bbox 3203 5399 3259 5451; x_wconf 90' lang='lat' dir='ltr'><strong>v,</strong></span> <span class='ocrx_word' id='word_1_647' title='bbox 3288 5398 3411 5454; x_wconf 87' lang='lat' dir='ltr'><strong>cap.</strong></span> 
     </span>
    </p>
   </div>
   <div class='ocr_carea' id='block_1_65' title="bbox 1844 5490 3410 5644">
    <p class='ocr_par' dir='ltr' id='par_1_65' title="bbox 1844 5490 3410 5644">
     <span class='ocr_line' id='line_1_66' title="bbox 1844 5490 3410 5644; baseline 0.003 -72"><span class='ocrx_word' id='word_1_648' title='bbox 2019 5517 2227 5577; x_wconf 89' lang='lat' dir='ltr'><strong>Prodiit</strong></span> <span class='ocrx_word' id='word_1_649' title='bbox 2255 5522 2343 5578; x_wconf 87' lang='lat' dir='ltr'><strong>hic</strong></span> <span class='ocrx_word' id='word_1_650' title='bbox 2370 5521 2589 5577; x_wconf 88' lang='lat' dir='ltr'><strong>Eusebii</strong></span> <span class='ocrx_word' id='word_1_651' title='bbox 2611 5523 2766 5579; x_wconf 79' lang='lat' dir='ltr'><strong>Alex.</strong></span> <span class='ocrx_word' id='word_1_652' title='bbox 2793 5524 3007 5580; x_wconf 73' lang='lat' dir='ltr'><strong>libellus</strong></span> <span class='ocrx_word' id='word_1_653' title='bbox 3030 5522 3229 5594; x_wconf 79' lang='lat' dir='ltr'><strong>Lipsiae</strong></span> <span class='ocrx_word' id='word_1_654' title='bbox 3250 5522 3410 5591; x_wconf 72' lang='lat'><strong>1720,</strong></span> 
     </span>
    </p>
   </div>
   <div class='ocr_carea' id='block_1_66' title="bbox 244 4677 1748 4753">
    <p class='ocr_par' dir='ltr' id='par_1_66' title="bbox 244 4677 1748 4753">
     <span class='ocr_line' id='line_1_67' title="bbox 244 4677 1748 4753; baseline -0.004 -17"><span class='ocrx_word' id='word_1_655' title='bbox 244 4680 360 4753; x_wconf 75' lang='grc'>(94)</span> <span class='ocrx_word' id='word_1_656' title='bbox 387 4679 522 4736; x_wconf 88' lang='lat' dir='ltr'><strong>Utut</strong></span> <span class='ocrx_word' id='word_1_657' title='bbox 543 4681 608 4734; x_wconf 92' lang='lat' dir='ltr'><strong>de</strong></span> <span class='ocrx_word' id='word_1_658' title='bbox 629 4694 758 4733; x_wconf 89' lang='lat' dir='ltr'><strong>vera</strong></span> <span class='ocrx_word' id='word_1_659' title='bbox 786 4677 1026 4753; x_wconf 80' lang='lat' dir='ltr'><strong>Montani</strong></span> <span class='ocrx_word' id='word_1_660' title='bbox 1051 4677 1280 4746; x_wconf 88' lang='lat' dir='ltr'><strong>ejusque</strong></span> <span class='ocrx_word' id='word_1_661' title='bbox 1301 4677 1570 4753; x_wconf 67' lang='lat' dir='ltr'><strong>haereseos</strong></span> <span class='ocrx_word' id='word_1_662' title='bbox 1591 4683 1748 4730; x_wconf 63' lang='lat' dir='ltr'><strong>aetate</strong></span> 
     </span>
    </p>
   </div>
   <div class='ocr_carea' id='block_1_67' title="bbox 167 4746 1742 4811">
    <p class='ocr_par' dir='ltr' id='par_1_67' title="bbox 167 4746 1742 4811">
     <span class='ocr_line' id='line_1_68' title="bbox 167 4746 1742 4811; baseline -0.005 -5"><span class='ocrx_word' id='word_1_663' title='bbox 167 4746 414 4807; x_wconf 84' lang='lat' dir='ltr'><strong>nondum</strong></span> <span class='ocrx_word' id='word_1_664' title='bbox 440 4760 587 4805; x_wconf 82' lang='lat' dir='ltr'><strong>certe</strong></span> <span class='ocrx_word' id='word_1_665' title='bbox 615 4758 850 4810; x_wconf 89' lang='lat' dir='ltr'><strong>constet,</strong></span> <span class='ocrx_word' id='word_1_666' title='bbox 881 4752 984 4801; x_wconf 87' lang='lat' dir='ltr'><strong>hoc</strong></span> <span class='ocrx_word' id='word_1_667' title='bbox 1005 4758 1186 4802; x_wconf 86' lang='lat' dir='ltr'><strong>tamen</strong></span> <span class='ocrx_word' id='word_1_668' title='bbox 1211 4759 1362 4800; x_wconf 82' lang='lat' dir='ltr'><strong>extra</strong></span> <span class='ocrx_word' id='word_1_669' title='bbox 1391 4746 1616 4800; x_wconf 90' lang='lat' dir='ltr'><strong>dubium</strong></span> <span class='ocrx_word' id='word_1_670' title='bbox 1641 4755 1742 4811; x_wconf 90' lang='lat' dir='ltr'><strong>est,</strong></span> 
     </span>
    </p>
   </div>
   <div class='ocr_carea' id='block_1_68' title="bbox 166 4816 1742 4886">
    <p class='ocr_par' dir='ltr' id='par_1_68' title="bbox 166 4816 1742 4886">
     <span class='ocr_line' id='line_1_69' title="bbox 166 4816 1742 4886; baseline -0.006 -9"><span class='ocrx_word' id='word_1_671' title='bbox 166 4822 419 4878; x_wconf 89' lang='lat' dir='ltr'><strong>eamdem</strong></span> <span class='ocrx_word' id='word_1_672' title='bbox 448 4820 720 4874; x_wconf 78' lang='lat' dir='ltr'><strong>Melitonis</strong></span> <span class='ocrx_word' id='word_1_673' title='bbox 750 4829 992 4886; x_wconf 89' lang='lat' dir='ltr'><strong>tempore</strong></span> <span class='ocrx_word' id='word_1_674' title='bbox 1017 4819 1254 4872; x_wconf 79' lang='lat' dir='ltr'><strong>maxime</strong></span> <span class='ocrx_word' id='word_1_675' title='bbox 1283 4817 1521 4885; x_wconf 83' lang='lat' dir='ltr'><strong>viguisse</strong></span> <span class='ocrx_word' id='word_1_676' title='bbox 1540 4816 1742 4886; x_wconf 78' lang='lat' dir='ltr'><strong>,_ejus--</strong></span> 
     </span>
    </p>
   </div>
   <div class='ocr_carea' id='block_1_69' title="bbox 165 4884 1742 4962">
    <p class='ocr_par' dir='ltr' id='par_1_69' title="bbox 165 4884 1742 4962">
     <span class='ocr_line' id='line_1_70' title="bbox 165 4884 1742 4962; baseline -0.006 -15"><span class='ocrx_word' id='word_1_677' title='bbox 165 4908 280 4962; x_wconf 90' lang='lat' dir='ltr'><strong>que</strong></span> <span class='ocrx_word' id='word_1_678' title='bbox 313 4893 463 4946; x_wconf 90' lang='lat' dir='ltr'><strong>virus</strong></span> <span class='ocrx_word' id='word_1_679' title='bbox 491 4892 665 4962; x_wconf 76' lang='lat' dir='ltr'><strong>ipsam</strong></span> <span class='ocrx_word' id='word_1_680' title='bbox 707 4890 843 4962; x_wconf 84' lang='lat' dir='ltr'><strong>adeo</strong></span> <span class='ocrx_word' id='word_1_681' title='bbox 864 4884 1220 4962; x_wconf 79' lang='lat' dir='ltr'><strong>Lydiam.__et</strong></span> <span class='ocrx_word' id='word_1_682' title='bbox 1272 4884 1524 4962; x_wconf 82' lang='lat' dir='ltr'><strong>inprimis</strong></span> <span class='ocrx_word' id='word_1_683' title='bbox 1561 4884 1742 4955; x_wconf 88' lang='lat' dir='ltr'><strong>Thya-</strong></span> 
     </span>
    </p>
   </div>
   <div class='ocr_carea' id='block_1_70' title="bbox 171 4957 1742 5028">
    <p class='ocr_par' dir='ltr' id='par_1_70' title="bbox 171 4957 1742 5028">
     <span class='ocr_line' id='line_1_71' title="bbox 171 4957 1742 5028; baseline -0.006 -11"><span class='ocrx_word' id='word_1_684' title='bbox 171 4957 362 5028; x_wconf 77' lang='lat' dir='ltr'><strong>tiram,</strong></span> <span class='ocrx_word' id='word_1_685' title='bbox 397 4963 586 5015; x_wconf 88' lang='lat' dir='ltr'><strong>urbem</strong></span> <span class='ocrx_word' id='word_1_686' title='bbox 621 4957 1023 5028; x_wconf 17' lang='lat' dir='ltr'><strong>Sardibusﬁni</strong></span> <span class='ocrx_word' id='word_1_687' title='bbox 1053 4958 1252 5026; x_wconf 89' lang='lat' dir='ltr'><strong>quibus</strong></span> <span class='ocrx_word' id='word_1_688' title='bbox 1299 4957 1584 5028; x_wconf 50' lang='lat' dir='ltr'><strong>episcopus</strong></span> <span class='ocrx_word' id='word_1_689' title='bbox 1625 4964 1742 5028; x_wconf 80' lang='lat' dir='ltr'><strong>erat</strong></span> 
     </span>
    </p>
   </div>
   <div class='ocr_carea' id='block_1_71' title="bbox 163 5025 1734 5097">
    <p class='ocr_par' dir='ltr' id='par_1_71' title="bbox 163 5025 1734 5097">
     <span class='ocr_line' id='line_1_72' title="bbox 163 5025 1734 5097; baseline -0.006 -9"><span class='ocrx_word' id='word_1_690' title='bbox 163 5025 380 5097; x_wconf 82' lang='lat' dir='ltr'><strong>noster,</strong></span> <span class='ocrx_word' id='word_1_691' title='bbox 410 5033 668 5093; x_wconf 89' lang='lat' dir='ltr'><strong>vicinam,</strong></span> <span class='ocrx_word' id='word_1_692' title='bbox 704 5029 974 5083; x_wconf 83' lang='lat' dir='ltr'><strong>infecisse.</strong></span> <span class='ocrx_word' id='word_1_693' title='bbox 1009 5025 1085 5081; x_wconf 82' lang='lat' dir='ltr'><strong>Ita</strong></span> <span class='ocrx_word' id='word_1_694' title='bbox 1112 5036 1343 5097; x_wconf 85' lang='lat' dir='ltr'><strong>testatur</strong></span> <span class='ocrx_word' id='word_1_695' title='bbox 1371 5025 1734 5095; x_wconf 88' lang='lat' dir='ltr'><strong>Epiphanius,</strong></span> 
     </span>
    </p>
   </div>
   <div class='ocr_carea' id='block_1_72' title="bbox 161 5096 1734 5166">
    <p class='ocr_par' dir='ltr' id='par_1_72' title="bbox 161 5096 1734 5166">
     <span class='ocr_line' id='line_1_73' title="bbox 161 5096 1734 5166; baseline -0.004 -9"><span class='ocrx_word' id='word_1_696' title='bbox 161 5096 390 5158; x_wconf 75' lang='lat' dir='ltr'><strong>Adverti.</strong></span> <span class='ocrx_word' id='word_1_697' title='bbox 445 5103 664 5155; x_wconf 59' lang='lat' dir='ltr'><strong>haereses</strong></span> <span class='ocrx_word' id='word_1_698' title='bbox 705 5101 800 5154; x_wconf 94' lang='lat' dir='ltr'><strong>lib.</strong></span> <span class='ocrx_word' id='word_1_699' title='bbox 827 5116 872 5160; x_wconf 86' lang='grc' dir='ltr'>ι,</span> <span class='ocrx_word' id='word_1_700' title='bbox 912 5114 1031 5166; x_wconf 88' lang='lat' dir='ltr'><strong>cap.</strong></span> <span class='ocrx_word' id='word_1_701' title='bbox 1072 5098 1160 5151; x_wconf 76' lang='grc'><strong>51.</strong></span> <span class='ocrx_word' id='word_1_702' title='bbox 1191 5096 1392 5151; x_wconf 89' lang='lat' dir='ltr'><strong>Confer</strong></span> <span class='ocrx_word' id='word_1_703' title='bbox 1434 5097 1592 5166; x_wconf 65' lang='lat' dir='ltr'><strong>Angli</strong></span> <span class='ocrx_word' id='word_1_704' title='bbox 1635 5112 1734 5150; x_wconf 85' lang='lat' dir='ltr'><strong>cu-</strong></span> 
     </span>
    </p>
   </div>
   <div class='ocr_carea' id='block_1_73' title="bbox 161 5165 1734 5244">
    <p class='ocr_par' dir='ltr' id='par_1_73' title="bbox 161 5165 1734 5244">
     <span class='ocr_line' id='line_1_74' title="bbox 161 5165 1734 5244; baseline -0.005 -15"><span class='ocrx_word' id='word_1_705' title='bbox 161 5174 384 5244; x_wconf 71' lang='lat' dir='ltr'><strong>jusdam</strong></span> <span class='ocrx_word' id='word_1_706' title='bbox 417 5171 695 5244; x_wconf 8' lang='lat' dir='ltr'><strong>anonﬁymi,</strong></span> <span class='ocrx_word' id='word_1_707' title='bbox 749 5185 910 5244; x_wconf 68' lang='lat' dir='ltr'><strong>quem</strong></span> <span class='ocrx_word' id='word_1_708' title='bbox 943 5165 1225 5244; x_wconf 65' lang='lat' dir='ltr'><strong>Francise1</strong></span> <span class='ocrx_word' id='word_1_709' title='bbox 1256 5166 1384 5230; x_wconf 86' lang='lat' dir='ltr'><strong>Lee,</strong></span> <span class='ocrx_word' id='word_1_710' title='bbox 1402 5166 1478 5244; x_wconf 74' lang='lat' dir='ltr'><strong>ill.</strong></span> <span class='ocrx_word' id='word_1_711' title='bbox 1505 5165 1567 5220; x_wconf 95' lang='lat' dir='ltr'><strong>D.</strong></span> <span class='ocrx_word' id='word_1_712' title='bbox 1593 5182 1734 5244; x_wconf 79' lang='lat' dir='ltr'><strong>esse,</strong></span> 
     </span>
    </p>
   </div>
   <div class='ocr_carea' id='block_1_74' title="bbox 163 5237 1737 5313">
    <p class='ocr_par' dir='ltr' id='par_1_74' title="bbox 163 5237 1737 5313">
     <span class='ocr_line' id='line_1_75' title="bbox 163 5237 1737 5313; baseline -0.006 -14"><span class='ocrx_word' id='word_1_713' title='bbox 163 5237 505 5313; x_wconf 74' lang='lat' dir='ltr'><strong>compertum</strong></span> <span class='ocrx_word' id='word_1_714' title='bbox 556 5237 730 5313; x_wconf 79' lang='lat' dir='ltr'><strong>habeo</strong></span> <span class='ocrx_word' id='word_1_715' title='bbox 747 5237 785 5313; x_wconf 53' lang='grc' dir='ltr'>,ί</span> <span class='ocrx_word' id='word_1_716' title='bbox 815 5239 1042 5313; x_wconf 51' lang='lat' dir='ltr'><strong>History</strong></span> <span class='ocrx_word' id='word_1_717' title='bbox 1082 5239 1144 5308; x_wconf 82' lang='lat' dir='ltr'><strong>of</strong></span> <span class='ocrx_word' id='word_1_718' title='bbox 1169 5237 1538 5305; x_wconf 83' lang='lat' dir='ltr'><strong>Montanism,</strong></span> <span class='ocrx_word' id='word_1_719' title='bbox 1589 5237 1654 5307; x_wconf 83' lang='lat' dir='ltr'><strong>by</strong></span> <span class='ocrx_word' id='word_1_720' title='bbox 1704 5254 1737 5290; x_wconf 92' lang='lat' dir='ltr'><strong>a</strong></span> 
     </span>
    </p>
   </div>
   <div class='ocr_carea' id='block_1_75' title="bbox 161 5309 1069 5384">
    <p class='ocr_par' dir='ltr' id='par_1_75' title="bbox 161 5309 1069 5384">
     <span class='ocr_line' id='line_1_76' title="bbox 161 5309 1069 5384; baseline -0.007 -15"><span class='ocrx_word' id='word_1_721' title='bbox 161 5314 282 5384; x_wconf 83' lang='lat' dir='ltr'><strong>Lay</strong></span> <span class='ocrx_word' id='word_1_722' title='bbox 295 5309 620 5384; x_wconf 43' lang='lat' dir='ltr'><strong>—gentteman,</strong></span> <span class='ocrx_word' id='word_1_723' title='bbox 636 5311 811 5384; x_wconf 55' lang='lat' dir='ltr'><strong>Eond.</strong></span> <span class='ocrx_word' id='word_1_724' title='bbox 831 5309 988 5384; x_wconf 71' lang='lat'><strong>1799,</strong></span> <span class='ocrx_word' id='word_1_725' title='bbox 1016 5310 1069 5364; x_wconf 92' lang='lat'><strong>8.</strong></span> 
     </span>
    </p>
   </div>
   <div class='ocr_carea' id='block_1_76' title="bbox 237 5377 1388 5455">
    <p class='ocr_par' dir='ltr' id='par_1_76' title="bbox 237 5377 1388 5455">
     <span class='ocr_line' id='line_1_77' title="bbox 237 5377 1388 5455; baseline -0.009 -15"><span class='ocrx_word' id='word_1_726' title='bbox 237 5377 354 5455; x_wconf 50' lang='lat'><strong>(&#39;95)</strong></span> <span class='ocrx_word' id='word_1_727' title='bbox 390 5383 588 5455; x_wconf 63' lang='lat' dir='ltr'><strong>Euseb.</strong></span> <span class='ocrx_word' id='word_1_728' title='bbox 607 5377 766 5436; x_wconf 77' lang='lat' dir='ltr'><strong>Hist.</strong></span> <span class='ocrx_word' id='word_1_729' title='bbox 790 5381 917 5455; x_wconf 67' lang='lat' dir='ltr'><strong>eccl.</strong></span> <span class='ocrx_word' id='word_1_730' title='bbox 947 5383 1037 5455; x_wconf 87' lang='lat' dir='ltr'><strong>lib.</strong></span> <span class='ocrx_word' id='word_1_731' title='bbox 1067 5397 1120 5444; x_wconf 92' lang='lat' dir='ltr'><strong>v,</strong></span> <span class='ocrx_word' id='word_1_732' title='bbox 1149 5393 1268 5455; x_wconf 65' lang='lat' dir='ltr'><strong>cap.</strong></span> <span class='ocrx_word' id='word_1_733' title='bbox 1303 5377 1388 5455; x_wconf 74' lang='lat' dir='ltr'><strong>l7.</strong></span> 
     </span>
    </p>
   </div>
   <div class='ocr_carea' id='block_1_77' title="bbox 163 5448 1910 5578">
    <p class='ocr_par' dir='ltr' id='par_1_77' title="bbox 163 5448 1910 5578">
     <span class='ocr_line' id='line_1_78' title="bbox 163 5448 1910 5578; baseline -0.004 -69"><span class='ocrx_word' id='word_1_734' title='bbox 163 5448 349 5578; x_wconf 62' lang='grc' dir='ltr'><strong>ιὶ(96)</strong></span> <span class='ocrx_word' id='word_1_735' title='bbox 390 5453 522 5578; x_wconf 44' lang='grc' dir='ltr'><strong>νίὲιξ</strong></span> <span class='ocrx_word' id='word_1_736' title='bbox 551 5452 837 5524; x_wconf 86' lang='lat' dir='ltr'><strong>Bingllami</strong></span> <span class='ocrx_word' id='word_1_737' title='bbox 870 5453 1112 5523; x_wconf 88' lang='lat' dir='ltr'><strong>Origines</strong></span> <span class='ocrx_word' id='word_1_738' title='bbox 1157 5449 1562 5516; x_wconf 72' lang='lat' dir='ltr'><strong>ecclesiaSIicas,</strong></span> <span class='ocrx_word' id='word_1_739' title='bbox 1600 5455 1731 5504; x_wconf 90' lang='lat' dir='ltr'><strong>tom.</strong></span> <span class='ocrx_word' id='word_1_740' title='bbox 1840 5448 1910 5502; x_wconf 69' lang='grc'><strong>24</strong></span> 
     </span>
     <span class='ocr_line' id='line_1_79' title="bbox 191 5541 535 5578; baseline -0.003 -1"><span class='ocrx_word' id='word_1_741' title='bbox 191 5567 206 5577; x_wconf 86' lang='grc'><strong>.</strong></span> <span class='ocrx_word' id='word_1_742' title='bbox 244 5567 259 5578; x_wconf 91' lang='grc'><strong>.</strong></span> <span class='ocrx_word' id='word_1_743' title='bbox 289 5541 413 5578; x_wconf 69' lang='lat' dir='ltr'><strong>nae.</strong></span> <span class='ocrx_word' id='word_1_744' title='bbox 521 5563 535 5576; x_wconf 98' lang='lat'><strong>.</strong></span> 
     </span>
    </p>
   </div>
   <div class='ocr_carea' id='block_1_78' title="bbox 191 5541 535 5594">
    <p class='ocr_par' dir='ltr' id='par_1_78' title="bbox 191 5541 535 5594">
     <span class='ocr_line' id='line_1_80' title="bbox 191 5541 535 5594; baseline -0.003 -17"><span class='ocrx_word' id='word_1_745' title='bbox 191 5541 259 5592; x_wconf 61' lang='grc' dir='ltr'>Α,</span> <span class='ocrx_word' id='word_1_746' title='bbox 289 5541 415 5594; x_wconf 67' lang='lat' dir='ltr'><strong>pag.</strong></span> <span class='ocrx_word' id='word_1_747' title='bbox 447 5541 535 5578; x_wconf 66' lang='grc' dir='ltr'><strong>ις).</strong></span> 
     </span>
    </p>
   </div>
   <div class='ocr_carea' id='block_1_79' title="bbox 239 5588 1738 5665">
    <p class='ocr_par' dir='ltr' id='par_1_79' title="bbox 239 5588 1738 5665">
     <span class='ocr_line' id='line_1_81' title="bbox 239 5588 1738 5665; baseline -0.002 -17"><span class='ocrx_word' id='word_1_748' title='bbox 239 5588 642 5665; x_wconf 47' lang='lat' dir='ltr'><strong>(9’7)—Justinus</strong></span> <span class='ocrx_word' id='word_1_749' title='bbox 692 5591 1105 5665; x_wconf 39' lang='lat' dir='ltr'><strong>MarlLApolog.</strong></span> <span class='ocrx_word' id='word_1_750' title='bbox 1153 5588 1738 5665; x_wconf 84' lang='lat' dir='ltr'><strong>l,__pro__Cllri_stia_n_is,</strong></span> 
     </span>
    </p>
   </div>
   <div class='ocr_carea' id='block_1_80' title="bbox 227 5658 1739 5737">
    <p class='ocr_par' dir='ltr' id='par_1_80' title="bbox 227 5658 1739 5737">
     <span class='ocr_line' id='line_1_82' title="bbox 227 5658 1739 5737; baseline -0.004 -18"><span class='ocrx_word' id='word_1_751' title='bbox 227 5658 472 5737; x_wconf 48' lang='lat' dir='ltr'><strong>89,&#39;pag.</strong></span> <span class='ocrx_word' id='word_1_752' title='bbox 508 5664 629 5730; x_wconf 75' lang='grc'>152,</span> <span class='ocrx_word' id='word_1_753' title='bbox 657 5673 795 5737; x_wconf 81' lang='lat' dir='ltr'><strong>etut.</strong></span> <span class='ocrx_word' id='word_1_754' title='bbox 837 5658 1160 5737; x_wconf 51' lang='lat' dir='ltr'><strong>Grabialile:</strong></span> <span class='ocrx_word' id='word_1_755' title='bbox 1203 5661 1312 5732; x_wconf 85' lang='grc' dir='ltr'><strong>Τὴν</strong></span> <span class='ocrx_word' id='word_1_756' title='bbox 1342 5661 1400 5716; x_wconf 83' lang='grc' dir='ltr'><strong>δὲ</strong></span> <span class='ocrx_word' id='word_1_757' title='bbox 1439 5658 1555 5737; x_wconf 35' lang='grc' dir='ltr'><strong>’τοῦΑ</strong></span> <span class='ocrx_word' id='word_1_758' title='bbox 1590 5661 1739 5730; x_wconf 76' lang='grc' dir='ltr'><strong>ἡλίου</strong></span> 
     </span>
    </p>
   </div>
   <div class='ocr_carea' id='block_1_81' title="bbox 1866 5658 3412 5737">
    <p class='ocr_par' dir='ltr' id='par_1_81' title="bbox 1869 5659 3412 5737">
     <span class='ocr_line' id='line_1_83' title="bbox 1869 5659 3412 5737; baseline 0.007 -24"><span class='ocrx_word' id='word_1_759' title='bbox 1869 5659 2440 5737; x_wconf 69' lang='lat' dir='ltr'><strong>__(5_)Quem_secutus</strong></span> <span class='ocrx_word' id='word_1_760' title='bbox 2476 5672 2558 5737; x_wconf 86' lang='lat' dir='ltr'><strong>est</strong></span> <span class='ocrx_word' id='word_1_761' title='bbox 2585 5663 2824 5737; x_wconf 62' lang='lat' dir='ltr'><strong>Qeillier,</strong></span> <span class='ocrx_word' id='word_1_762' title='bbox 2857 5664 2967 5737; x_wconf 15' lang='lat' dir='ltr'><strong>qui,</strong></span> <span class='ocrx_word' id='word_1_763' title='bbox 2991 5665 3212 5723; x_wconf 87' lang='lat' dir='ltr'><strong>titulum</strong></span> <span class='ocrx_word' id='word_1_764' title='bbox 3244 5665 3412 5737; x_wconf 80' lang='lat' dir='ltr'><strong>hujul</strong></span> 
     </span>
    </p>
   </div>
   <div class='ocr_carea' id='block_1_82' title="bbox 207 5729 1739 5807">
    <p class='ocr_par' dir='ltr' id='par_1_82' title="bbox 207 5729 1621 5807">
     <span class='ocr_line' id='line_1_84' title="bbox 207 5729 1621 5807; baseline -0.004 -17"><span class='ocrx_word' id='word_1_765' title='bbox 207 5729 378 5807; x_wconf 77' lang='grc' dir='ltr'><strong>μέραῦ</strong></span> <span class='ocrx_word' id='word_1_766' title='bbox 411 5729 563 5803; x_wconf 66' lang='grc' dir='ltr'><strong>πὶοινῇ</strong></span> <span class='ocrx_word' id='word_1_767' title='bbox 598 5734 797 5799; x_wconf 63' lang='grc' dir='ltr'><strong>πάντες</strong></span> <span class='ocrx_word' id='word_1_768' title='bbox 828 5735 927 5804; x_wconf 74' lang='grc' dir='ltr'><strong>τὴν</strong></span> <span class='ocrx_word' id='word_1_769' title='bbox 961 5729 1279 5788; x_wconf 72' lang='grc' dir='ltr'><strong>συνέλευσιν’</strong></span> <span class='ocrx_word' id='word_1_770' title='bbox 1303 5729 1621 5802; x_wconf 61' lang='grc' dir='ltr'><strong>ποιούμεθαᾴ</strong></span> 
     </span>
    </p>
   </div>
   <div class='ocr_carea' id='block_1_83' title="bbox 1866 5729 3098 5807">
    <p class='ocr_par' dir='ltr' id='par_1_83' title="bbox 1869 5729 3098 5801">
     <span class='ocr_line' id='line_1_85' title="bbox 1869 5729 3098 5801; baseline 0.004 -14"><span class='ocrx_word' id='word_1_771' title='bbox 1869 5729 1982 5787; x_wconf 84' lang='lat' dir='ltr'><strong>ibri</strong></span> <span class='ocrx_word' id='word_1_772' title='bbox 2000 5731 2076 5787; x_wconf 86' lang='lat' dir='ltr'><strong>De</strong></span> <span class='ocrx_word' id='word_1_773' title='bbox 2092 5732 2144 5786; x_wconf 89' lang='lat' dir='ltr'><strong>la</strong></span> <span class='ocrx_word' id='word_1_774' title='bbox 2177 5733 2465 5801; x_wconf 78' lang='lat' dir='ltr'><strong>formation</strong></span> <span class='ocrx_word' id='word_1_775' title='bbox 2487 5734 2551 5789; x_wconf 86' lang='lat' dir='ltr'><strong>de</strong></span> <span class='ocrx_word' id='word_1_776' title='bbox 2577 5729 2818 5791; x_wconf 81' lang='lat' dir='ltr'><strong>l&#39;homme</strong></span> <span class='ocrx_word' id='word_1_777' title='bbox 2841 5729 3098 5792; x_wconf 75' lang='lat' dir='ltr'><strong>reddidit.</strong></span> 
     </span>
    </p>
   </div>
   <div class='ocr_carea' id='block_1_84' title="bbox 448 5829 1739 5897">
    <p class='ocr_par' dir='ltr' id='par_1_84' title="bbox 448 5829 1012 5892">
     <span class='ocr_line' id='line_1_86' title="bbox 448 5829 1012 5892; baseline -0.004 0"><span class='ocrx_word' id='word_1_778' title='bbox 448 5832 725 5892; x_wconf 73' lang='lat' dir='ltr'><strong>PsTaoL.</strong></span> <span class='ocrx_word' id='word_1_779' title='bbox 763 5829 884 5891; x_wconf 81' lang='lat' dir='ltr'><strong>Gn.</strong></span> <span class='ocrx_word' id='word_1_780' title='bbox 943 5829 1012 5890; x_wconf 69' lang='grc' dir='ltr'><strong>ν’.</strong></span> 
     </span>
    </p>
   </div>
   <div class='ocr_carea' id='block_1_85' title="bbox 1866 5829 3071 5897">
    <p class='ocr_par' dir='ltr' id='par_1_85' title="bbox 2991 5833 3071 5897">
     <span class='ocr_line' id='line_1_87' title="bbox 2991 5833 3071 5897; baseline 0.05 -4"><span class='ocrx_word' id='word_1_781' title='bbox 2991 5833 3071 5897; x_wconf 87' lang='grc'><strong>38</strong></span> 
     </span>
    </p>
   </div>
  </div>
