3872 6210
387 317 526 372 H95
1440 321 1494 373 S.
1538 319 1794 374 MELITO
1837 319 2144 376 SARDIUM
2184 319 2582 375 EPISCOPUS.
3511 314 3659 372 H96

387 436 491 491 luit
539 439 909 508 conscriptus,
957 449 1014 495 ut
1051 441 1235 510 pravis
1268 434 1648 496 haereticorum
1691 442 1851 497 istius
1892 441 2077 497 saeculi
2121 440 2338 496 obviam
2379 441 2483 494 iret
2523 436 2844 505 sententiis,
2867 436 3068 508 duplex
3102 433 3267 489 modo
3294 430 3660 504 principium.

387 533 616 588 alterum
647 535 873 604 bonum,
903 537 1138 592 alterum
1166 538 1368 591 malum
1405 539 1796 605 statuentium;
1827 539 1994 594 modo
2022 539 2289 592 mundum
2333 537 2603 591 malorum
2638 534 2923 605 geniorum
2965 548 3106 603 Opus
3136 547 3281 597 esse,
3311 527 3661 594 dicentium;

388 628 551 683 modo
585 629 652 684 de
679 638 875 684 natura
898 640 953 684 et
977 631 1252 686 creatione
1285 631 1524 686 hominis
1551 631 1966 698 somniantium,
1995 630 2296 695 hominem,
2333 643 2428 698 per
2460 627 2888 683 imbecillitatem
2928 624 3213 697 geniorum
3260 622 3504 687 illorum,
3543 634 3659 675 non

387 723 670 777 meliorem
711 723 828 777 ﬁeri
856 724 1120 794 potuisse,
1145 738 1209 778 ac
1238 724 1402 795 longe
1429 723 1674 780 futurum
1699 726 1870 781 fuisse
1900 724 2252 787 deteriorem,
2286 722 2392 777 nisi
2427 736 2684 792 suprema
2709 721 2884 776 virtus
2913 718 3211 775 scintillam
3242 730 3390 771 aurae
3415 715 3665 784 vitaeque

387 816 587 871 divina:
623 817 975 885 immisisset,
1004 819 1386 890 eumdemque,
1420 821 1626 875 vermis
1672 820 1847 874 instar
1881 819 2032 874 humi
2074 818 2228 889 prius
2276 827 2578 888 repentem,
2615 817 2910 880 erexisset;
2944 812 3109 868 modo
3140 810 3340 882 duplex
3366 808 3662 864 hominum

387 922 580 978 genus,
609 907 817 964 bonum
845 918 901 964 et
931 924 1182 978 pravum,
1218 911 1331 965 imo
1367 909 1588 981 triplex,
1627 910 2056 982 pneumaticum,
2098 910 2415 981 psychicum
2441 917 2496 964 et
2527 906 2764 979 hylicum
2796 913 2895 962 seu
2928 903 3111 976 χοῖκόν
3132 903 3475 975 ﬁngentium.

1229 1064 1397 1136 μιν.
1431 1065 1505 1120 De
1534 1065 1669 1119 libro
1697 1066 1771 1119 Πε
1785 1065 1836 1136 ρί
1872 1065 2121 1136 ὑπαγοῆς
2151 1063 2388 1128 πίστεως
2415 1061 2802 1135 αἰσθητηρίων.

456 1224 561 1278 Sed
595 1234 877 1279 transeant
902 1225 1036 1289 base,
1065 1223 1461 1292 videamusque
1492 1221 1674 1292 potius
1703 1221 1770 1276 de
1805 1219 1969 1288 libro,

2136 1235 2154 1273 ι
2185 1219 2325 1287 Περὶ
2348 1217 2627 1286 ὑπακοῆς
2675 1217 2937 1282 πίστεως
2969 1215 3392 1283 αἰσθητηρίων,
3428 1211 3506 1267 De
3534 1212 3665 1268 obe-

381 1320 587 1373 dientia
609 1335 855 1373 sensuum
881 1319 1005 1388 ﬁdei
1039 1317 1336 1387 inscripsit.
1380 1314 1535 1369 Hunc
1575 1314 1960 1385 Hieronymus,
2003 1312 2274 1376 Bullinus,
2303 1311 2667 1381 Nicephorus,
2701 1308 3042 1364 Trithemius
3071 1314 3388 1363 constanter
3421 1307 3477 1361 in
3510 1307 3662 1362 duos

379 1413 737 1481 diversosque
783 1411 1052 1474 dividunt,
1079 1409 1180 1475 ita,
1205 1415 1266 1462 ut
1301 1407 1631 1478 peculiarem
1663 1406 1886 1471 faciant,
1924 1405 2002 1459 De
2043 1405 2342 1458 obedientia
2376 1403 2524 1472 ﬁdei,
2559 1401 3003 1473 peculiaremque
3041 1400 3260 1466 iterum,
3291 1398 3370 1453 De
3410 1400 3661 1454 sensibus

379 1507 605 1560 librum.
641 1503 848 1560 Dubius
875 1504 970 1559 diu
1003 1504 1158 1570 haesi,
1189 1517 1258 1556 an
1297 1517 1422 1556 cum
1457 1501 1713 1568 Eusebio,
1747 1516 1815 1555 an
1853 1515 1978 1556 cum
2019 1499 2245 1568 reliquis
2277 1495 2535 1552 facerem.
2563 1495 2664 1552 Ast
2688 1511 2838 1560 cum,
2869 1493 3090 1548 Valesio
3117 1501 3272 1559 teste,
3303 1491 3363 1545 in
3393 1493 3662 1547 omnibus

379 1600 670 1655 codicibus
708 1599 1096 1668 manuscriptis
1143 1598 1374 1668 legatur,
1406 1598 1500 1650 καὶ
1537 1598 1565 1649 ὁ
1600 1585 1748 1663 Περὶ)
1780 1597 1906 1650 ὺπα

2132 1594 2349 1659 ’ίστεως
2385 1591 2808 1659 αἰσθητηρίων,
2851 1589 3060 1658 absque
3084 1588 3438 1643 distinctione
3485 1594 3661 1657 quam

376 1691 517 1747 Rob.
551 1691 888 1761 Stephanus,
933 1699 1058 1760 post
1087 1704 1279 1744 vocem
1312 1691 1570 1752 πίστεως,
1604 1686 1816 1757 primus
1845 1686 2056 1756 posuit;
2089 1685 2254 1739 verba
2287 1683 2510 1738 Eusebii
2543 1682 2732 1752 utique
2760 1696 2861 1752 pro
2894 1680 3052 1736 titulo
3087 1679 3253 1734 unius
3281 1687 3497 1734 tantum
3529 1678 3660 1734 libri

374 1784 573 1846 habeo,
604 1782 698 1852 qui
743 1781 818 1834 De
848 1780 1147 1834 obedientia
1176 1796 1425 1834 sensuum
1458 1780 1603 1848 ﬁdei,
1643 1779 1781 1843 sive,
1811 1777 1960 1848 quod
1997 1777 2141 1832 idem
2177 1785 2282 1842 est,
2321 1777 2389 1831 de
2414 1775 2723 1831 obedientia
2760 1774 2887 1830 ﬁdei
2925 1788 3050 1844 quae
3083 1773 3156 1830 sit
3183 1787 3215 1828 a
3244 1771 3526 1838 sensibus,
3557 1770 3664 1826 fuit

378 1876 700 1946 inscriptus,
748 1873 1081 1928 Tillemontii
1118 1872 1195 1944 (4)
1237 1882 1400 1943 atque
1432 1870 1652 1942 Dupinii
1695 1871 1774 1941 (5)
1814 1870 2070 1926 suil‘ultus
2112 1868 2217 1924 hac
2244 1869 2299 1924 in
2331 1883 2392 1923 re
2420 1883 2674 1933 assensu,
2713 1860 2841 1924 licet
2888 1858 3195 1922 Halloixius
3244 1863 3452 1935 aliique
3491 1864 3656 1921 alteri

377 1968 560 2039 p0tius
603 1967 954 2023 subscribant
997 1967 1299 2021 sententiae.
1343 1964 1544 2019 Valcsii
1592 1972 1646 2019 et
1692 1962 1912 2034 Dupinii
1956 1962 2258 2034 probabilis
2292 1961 2589 2016 admodum
2632 1960 2951 2030 conjeCtura
2987 1967 3104 2026 est,
3135 1969 3325 2014 contra
3365 1957 3662 2013 hereticos

376 2058 646 2130 quosdam
683 2058 843 2112 istius
895 2057 1073 2111 artatis
1108 2063 1164 2111 et
1205 2055 1353 2110 hunc
1397 2069 1620 2125 quoque
1661 2054 1863 2109 librum
1902 2055 2169 2124 scriptum
2209 2051 2381 2109 fuisse
2413 2067 2443 2106 a
2476 2051 2756 2118 Melitone,
2796 2050 2893 2121 qui
2927 2049 3291 2118 asseruerint,
3324 2050 3448 2105 dari
3489 2050 3661 2106 ﬁdem

376 2151 672 2223 quamdam
705 2148 1013 2203 naturalem
1050 2147 1414 2218 eamdemque
1449 2163 1712 2204 sensuum
1738 2162 1904 2217 opera
1933 2163 2096 2217 posse
2130 2145 2299 2217 gigni.
2329 2143 2566 2211 Quidam
2590 2143 2736 2199 enim
2765 2144 3032 2209 haeretici,
3070 2144 3238 2199 verba
3272 2152 3402 2200 sunt
3427 2141 3661 2210 Valesii,

377 2243 616 2308 aiebant,
647 2240 915 2295 animales
958 2239 1205 2310 quidem,
1235 2254 1332 2293 seu
1373 2237 1636 2310 physicos
1670 2238 1921 2292 homines
1951 2251 2215 2293 sensuum
2243 2251 2408 2306 opera
2433 2237 2658 2292 credere
2689 2255 2703 2290 :
2728 2236 3044 2307 spirituales
3072 2250 3203 2292 vero
3233 2251 3330 2306 per
3355 2236 3657 2291 rationein.

378 2335 453 2390 lta
485 2333 748 2388 Heracleo
779 2332 1088 2401 explicabat
1128 2331 1308 2386 locum
1343 2331 1496 2384 illum
1540 2346 1607 2385 ex
1651 2328 1879 2385 Joannis
1906 2329 2201 2400 Evangelio
2239 2332 2317 2384 ‘°:
2346 2328 2471 2385 Nisi
2510 2330 2665 2401 signa
2691 2338 2743 2384 et
2779 2329 3024 2400 prodigia
3053 2329 3320 2395 videritis,
3348 2346 3454 2383 non
3484 2331 3663 2384 crede—

378 2431 466 2483 tis.
502 2428 636 2494 Quze
670 2426 874 2480 Christi
904 2426 1086 2490 verba,
1118 2425 1299 2479 aiebat
1337 2423 1630 2490 Heracleo,
1658 2424 1766 2478 dici
1803 2423 2023 2494 proprie
2068 2423 2135 2479 ad
2177 2439 2273 2479 eos
2317 2423 2412 2494 qui
2449 2438 2545 2494 per
2583 2437 2750 2494 opera
2789 2430 2846 2477 et
2881 2438 3077 2479 sensus
3117 2431 3370 2477 naturam
3416 2421 3661 2476 habeant

376 2523 687 2586 obcdicndi,
725 2535 829 2576 non
871 2529 1052 2575 autem
1088 2520 1340 2575 credendi
1376 2535 1472 2590 per
1517 2524 1807 2575 rationem.
1841 2518 2030 2574 Refert
2064 2519 2179 2575 haec
2207 2519 2471 2591 Origenes
2512 2518 2932 2573 Enarrationum
2959 2518 3016 2572 in
3043 2516 3272 2572 Joannis
3306 2515 3659 2588 Evangelium

376 2625 525 2670 tomo
584 2629 706 2679 xm,
751 2613 842 2667 ubi
870 2622 925 2668 et
961 2611 1193 2677 refutat,
1223 2612 1490 2683 docetque
1527 2622 1637 2668 tam
1673 2612 1984 2682 spirituales
2027 2627 2193 2683 quam
2231 2613 2498 2668 animales
2539 2627 2650 2667 non
2685 2627 2849 2684 posse
2879 2611 2988 2667 nisi
3020 2626 3116 2682 per
3146 2625 3370 2668 sensum
3407 2611 3654 2668 credere.

374 2709 501 2767 Haec
529 2709 800 2765 Valesius.

1381 2828 1407 2898 ᾗ
1442 2826 1584 2882 XVI.
1626 2827 1704 2882 De
1730 2828 1862 2881 libro
1904 2827 2038 2899 Περὶ
2067 2827 2246 2899 ψυχῆς
2277 2828 2376 2881 καὶ
2410 2826 2680 2899 σώματος.

443 2984 688 3042 Proximi
717 2984 885 3041 libelli
922 2999 1085 3054 quem
1132 2983 1510 3047 lustrabimus,
1543 2983 1735 3038 titulus
1766 2991 1851 3038 est
1877 2999 1892 3036 :
1923 2985 1972 3036 Π

2123 2981 2316 3052 ψυχῆς
2349 2983 2450 3036 καὶ
2480 2980 2774 3052 σώματος,
2815 2980 2895 3036 De
2929 2982 3113 3036 anima
3145 2990 3196 3036 et
3240 2996 3460 3050 corpore
3493 2979 3652 3035 liber.

370 3076 473 3135 Hic
496 3088 622 3134 ante
659 3078 847 3133 omnia
871 3077 1025 3140 ratio
1052 3077 1189 3132 mihi
1217 3070 1492 3132 reddenda
1525 3085 1627 3144 est,
1658 3092 1827 3148 quare
1858 3077 1912 3130 in
1944 3076 2255 3132 exhibendo
2294 3076 2460 3147 hujus
2489 3077 2614 3132 libri
2643 3075 2801 3131 titulo
2827 3091 2859 3130 a
2885 3075 3122 3131 lectione
3150 3076 3454 3142 communi,
3482 3091 3656 3147 quam

371 3169 627 3228 Valesius
669 3180 725 3226 et
769 3169 1083 3240 Readingus
1122 3169 1390 3239 probant,
1423 3171 1740 3224 recesserim
1780 3169 2083 3238 paululum.
2117 3169 2194 3223 lta
2229 3177 2414 3223 autem
2457 3169 2550 3224 isti
2583 3167 2939 3238 legunt:Kat
2981 3167 3133 3236 πρὸς
3171 3169 3410 3236 τούτοις
3441 3171 3477 3223 ό
3512 3169 3654 3237 περὶ

369 3265 582 3337 ψυχῆς
635 3267 734 3322 καὶ
786 3265 1062 3335 σώματος
1116 3265 1154 3334 ἣ
1203 3265 1364 3332 νοός.
1398 3263 1668 3319 Praeterea
1699 3264 1831 3318 liber
1869 3264 1898 3317 d

2126 3281 2167 3330 ι,
2206 3280 2424 3333 corpore
2475 3273 2526 3318 et
2571 3275 2760 3329 mente,
2814 3280 2880 3320 ac
2937 3265 2982 3319 si
3018 3263 3202 3319 Melite
3251 3263 3308 3318 in
3344 3265 3452 3319 hoc
3485 3278 3655 3335 opere

370 3360 439 3413 de
483 3357 665 3412 tribus
717 3357 960 3412 hominis
999 3355 1246 3426 partibus
1288 3355 1622 3424 exposuerit,
1654 3354 1947 3425 animaque
1983 3355 2218 3426 cogitata
2262 3370 2362 3410 sua
2409 3357 2716 3426 protulerit.
2769 3355 2923 3412 Hanc
2967 3370 3318 3412 communem
3359 3355 3653 3411 lectionem

369 3447 607 3518 probant
635 3447 854 3503 codices
883 3447 1214 3512 Mazarinus,
1255 3445 1546 3503 Medicaeus
1579 3462 1645 3502 ac
1685 3446 2044 3503 Fuketianus.
2078 3446 2339 3504 Eamdem
2386 3465 2607 3521 quoque
2637 3449 2966 3506 conﬁrmare
2993 3450 3211 3505 videtur
3240 3447 3442 3504 Bullini
3473 3449 3652 3504 inter-

369 3543 624 3612 pretatio,
655 3555 778 3610 qua:
811 3541 886 3596 ita
926 3541 1088 3596 habet
1115 3559 1128 3594 :
1155 3539 1231 3594 De
1264 3539 1524 3595 sensibus.
1575 3538 1653 3594 De
1699 3542 1908 3607 anima,
1941 3551 1992 3596 et
2033 3558 2249 3613 corpore
2279 3553 2329 3597 et
2359 3552 2548 3598 mente.
2599 3542 2677 3598 De
2709 3543 2945 3610 lavacro,
2969 3552 3075 3598 etc.
3115 3541 3171 3596 In
3221 3541 3416 3597 eodem
3463 3551 3652 3597 tamen

371 3631 571 3686 Bullini
608 3631 873 3700 librorum
911 3631 1390 3689 Melitouianorum
1421 3632 1686 3700 indiculo,
1720 3634 1912 3704 paucis
1946 3634 2245 3706 interiectis
2285 3635 2430 3702 aliis,
2458 3636 2692 3691 recurrit
2721 3636 2902 3692 denuo
2943 3635 3192 3707 ejusdem
3222 3635 3404 3705 operis
3436 3635 3651 3702 titulus,

371 3726 479 3780 hac
519 3725 694 3780 forma
723 3745 737 3782 :
767 3726 846 3780 De
875 3728 1058 3782 anima
1094 3736 1143 3781 et
1174 3743 1411 3797 corpore,
1446 3727 1518 3782 ita
1546 3742 1606 3782 ut
1635 3743 1830 3798 parum
1865 3729 2090 3784 omnino
2115 3729 2356 3800 praesidii
2397 3746 2464 3786 ex
2497 3729 2694 3784 Bullini
2728 3729 3178 3802 interpretatione
3223 3728 3470 3784 inveniat
3499 3741 3651 3782 eom-

371 3819 557 3875 rnun'is
582 3820 764 3876 lectio.
798 3819 1041 3875 Probant
1071 3831 1251 3874 tamen
1281 3821 1529 3875 eamdem
1559 3821 1890 3877 recentiores
1913 3821 2026 3877 fere
2052 3837 2264 3888 omnes,
2295 3822 2702 3888 'l‘illemontius,
2732 3822 2854 3879 Nat.
2885 3821 3193 3879 Alexander
3221 3820 3323 3892 (6),
3349 3818 3645 3891 Dupinins,

371 3908 590 3966 Caveus
631 3911 737 3982 (7),
767 3909 1144 3976 Benthemius,
1178 3910 1496 3969 Lardnerus
1549 3914 1648 3985 (8),
1680 3913 1975 3970 Bollandus
2003 3915 2102 3986 (9),
2141 3917 2366 3988 aliique,
2393 3927 2590 3989 prteter
2632 3919 2854 3974 unicum
2886 3916 3025 3973 forte
3051 3915 3407 3981 Halloixium,
3434 3915 3531 3985 qui
3569 3913 3645 3968 ita

369 4008 500 4082 legit
529 4017 584 4064 et
611 4008 860 4064 distinxit
889 4025 901 4060 :
926 4007 1035 4061 Καὶ
1072 4007 1224 4076 πρὸς
1261 4009 1496 4075 τούτοις
1527 4012 1560 4063 ό
1586 4011 1718 4078 περὶ
1766 4014 1895 4082 ψυχ

2149 4012 2424 4083 σώματος
2459 4010 2557 4084 ἦν.
2591 4015 2690 4067 Ἐν
2729 4009 2822 4079 οἷς
2846 4013 2946 4066 καὶ
2977 4016 3011 4066 ὁ
3044 4013 3178 4081 περὶ
3219 4009 3502 4078 λουτροῦ.
3537 4007 3645 4064 Sed

371 4102 622 4173 displicet
655 4100 835 4156 adhuc
860 4101 1246 4170 interpunctio.
1289 4099 1530 4156 Omnino
1568 4103 1733 4173 igitur
1770 4103 1913 4160 facio
1938 4105 2160 4174 quidem
2193 4121 2317 4160 cum
2344 4105 2532 4161 codice
2563 4105 2754 4177 Regio,
2781 4106 2899 4176 qui,
2931 4103 3152 4160 Valesio
3189 4113 3350 4172 teste,
3377 4102 3458 4158 ita
3496 4101 3646 4172 legit,

366 4205 429 4251 ut
472 4194 776 4251 Halloixius
802 4192 1080 4260 exhibuit;
1111 4203 1196 4248 ast
1222 4194 1437 4248 mallem
1482 4195 1850 4252 distinctionis
1885 4199 2100 4269 signum
2134 4215 2338 4269 ponere
2379 4209 2502 4270 post
2529 4199 2758 4254 verbum
2800 4198 3070 4269 σώματος,
3106 4198 3254 4252 hunc
3282 4197 3338 4250 in
3369 4195 3600 4250 modum
3633 4229 3646 4264 ε

365 4290 478 4344 Καὶ
508 4287 660 4356 πρὸς
693 4287 924 4352 τούτοις
953 4288 984 4340 o'
1006 4287 1139 4354 περὶ
1169 4284 1381 4356 ψυχῆς
1414 4288 1511 4341 λαὶ
1543 4288 1833 4359 σώματος.
1877 4287 1989 4349 Ἦν
2027 4293 2097 4346 ἐν
2142 4288 2233 4359 οἷς
2262 4293 2360 4347 καὶ
2401 4295 2434 4346 ό
2470 4293 2602 4362 περὶ
2645 4292 2929 4362 λουτροῦ,
2961 4293 3034 4348 ita
3078 4300 3138 4347 ut
3165 4307 3197 4346 a
3224 4288 3406 4345 verbis
3433 4284 3551 4346 Ἦν
3578 4288 3650 4340 ἐν

367 4373 458 4448 οἷς
491 4382 580 4451 (ex
607 4379 831 4450 quibus,
859 4395 956 4450 per
1001 4381 1352 4436 librariorum
1399 4383 1769 4451 oscitantiam,
1797 4385 1958 4442 facile
2003 4388 2192 4444 enasci
2229 4389 2408 4458 potuit
2450 4389 2645 4452 altera,
2678 4403 2843 4458 quam
2876 4386 3183 4457 rejicimus,
3213 4383 3376 4440 lectio
3404 4382 3446 4452 ἦ
3477 4382 3644 4452 νοός)

365 4473 615 4528 ordiatur
660 4487 800 4526 nova
830 4471 1112 4542 periodus,
1146 4470 1200 4524 in
1251 4487 1357 4541 qua
1409 4473 1604 4544 reliqui
1639 4473 1910 4532 Melitonis
1946 4488 2300 4534 recensentur
2329 4479 2475 4534 libri.
2519 4478 2669 4535 Hanc
2702 4495 2880 4535 meam
2922 4477 3364 4534 emendationem
3398 4473 3645 4531 suﬂulcit

366 4569 584 4640 egregie
618 4565 979 4638 Nicephorus,
1018 4567 1112 4636 qui
1155 4567 1230 4622 ita
1274 4567 1478 4621 habet:
1505 4568 1631 4622 Ἐπὶ
1666 4569 1895 4639 δτγτού¹

2154 4577 2287 4644 περὶ
2324 4576 2533 4647 ψυχῆς
2564 4574 2727 4641 αὺτῷ
2767 4576 2866 4630 καὶ
2905 4574 3181 4644 σώματος
3226 4571 3648 4640 πεπονημένος

366 4663 558 4717 ἐστίν.
587 4662 686 4715 Ἐν
711 4659 800 4728 οἷς
827 4661 926 4716 καὶ
959 4664 991 4715 ό
1023 4661 1153 4729 περὶ
1188 4662 1471 4729 λουτροῦ,
1497 4681 1549 4717 κ.
1578 4680 1628 4716 τ.
1664 4663 1713 4717 λ.
1747 4664 1895 4720 Cumt

2117 4679 2289 4724 eterea
2321 4668 2708 4742 Hieronymus,
2746 4668 3022 4724 Honorius
3047 4664 3570 4738 Augustoduneusis
3591 4672 3646 4718 et

367 4756 708 4814 Trithemius
754 4755 1001 4810 unanimi
1048 4770 1323 4810 consensu
1365 4756 1604 4820 tradant,
1631 4756 1942 4814 Melitonem
1987 4761 2064 4816 De
2101 4764 2282 4818 anima
2316 4773 2366 4818 et
2402 4779 2619 4835 corpore
2649 4762 2846 4818 librum
2873 4777 3038 4816 unum
3073 4760 3383 4830 scripsisse,
3412 4772 3644 4830 prorsus

457 4877 500 4908 ¹⁰
522 4889 642 4945 cap.
670 4889 748 4939 ιν,
783 4871 874 4926 48.

437 5019 516 5088 (4)
562 5015 872 5088 Tillemont.
910 5012 974 5088 in_
1000 5027 1200 5081 opere:
1235 5010 1516 5088 Mernoires
1549 5028 1684 5088 p‘our
1710 5014 1876 5088 servir
1913 5015 1946 5068 ὰ
2050 5016 2274 5072 inlitulé
2323 5014 2406 5088 De,
2443 5014 2786 5088 l_‘obéissance
2832 5016 2925 5088 des
2964 5033 3083 5072 sens
3133 5016 3167 5070 ἃ
3194 5014 3268 5088 ,ια
3304 5015 3418 5085 foi,
3449 5025 3642 5072 conire
3687 5061 3690 5064 .

367 5082 631 5164 i’hisioire
678 5084 1272 5164 ecclesiastique,htorn.
1302 5082 1532 5164 "apag.
1553 5084 1694 5164 _4_i_5,
1719 5085 1942 5139 titulum
2049 5089 2314 5164 quelques
2342 5085 2672 5158 hérétiques,
2707 5089 2802 5158 qui
2832 5087 3090 5154 disaient,
3114 5087 3280 5157 qu’on
3304 5082 3517 5158 croyait
3543 5103 3640 5157 par

368 5159 536 5230 hujus
568 5156 692 5230 libri
708 5156 796 5230 ita
824 5149 1304 5230 reddidit_Ga_llice
1330 5149 1813 5230 :_D_e_l‘olr_éis§ance
1845 5172 1944 5230 que
2049 5149 2130 5213 les
2156 5149 2305 5230 _sén_s_.
2328 5176 2347 5208 ι

365 5222 599 5283 Ιοδέεηδ
629 5227 837 5299 do_i_vent
863 5225 975 5299 (ita
1010 5224 1106 5293 [οἱ.
1145 5222 1309 5299 Henr.
1349 5223 1618 5299 Ludolph.
1659 5222 1942 5299 Bentheim
2057 5298 2093 5299 ί
2121 5228 2198 5299 (6)
2251 5227 2374 5283 Nat.
2419 5229 2574 5283 Alex.
2624 5228 2677 5283 in
2727 5227 2873 5282 Hist.
2921 5229 3110 5284 eccles.
3153 5226 3356 5283 Veteris
3401 5226 3638 5298 Novique

366 5315 531 5369 vero,
583 5299 662 5369 in_
691 5295 1190 5369 Vorstellung_und
1245 5294 1605 5369 Belraehtu‘ng
1655 5298 1748 5350 der
1799 5297 1945 5351 alter:
2053 5294 2283 5353 Testem.
2316 5308 2452 5353 tom.
2491 5299 2578 5364 Ill,
2617 5315 2741 5369 pag.
2766 5299 2892 5354 297.

367 5366 849 5446 Kirclten-Lehrer,
882 5382 1004 5446 pag.
1040 5365 1098 5446 7i
1121 5407 1136 5431 ,
1165 5367 1458 5446 com-mode
1479 5367 1535 5446 in
1561 5365 1802 5446 linguam
1837 5384 1944 5446 no-
2121 5369 2368 5446 (7)_Qave
2395 5371 2452 5424 in
2485 5365 2632 5424 Hist.
2656 5365 2892 5424 litterar.
2935 5371 3256 5441 scriptorum
3282 5369 3634 5425 ecclesiastic.

367 5446 538 5512 stram
576 5437 925 5512 vernaculam
959 5435 1031 5512 ita
1064 5436 1379 5512 transtulit:
1413 5435 1532 5491 Und
1565 5435 1675 5492 eius
1700 5455 1797 5493 von
1827 5438 1946 5492 dem
2052 5435 2293 5512 μεριξ.

367 5508 961 5591 ϐίᾳ-ιιὸεηδ-βειιονδαιη
990 5505 1330 5591 άενῃδὶηηςῃ.
1355 5575 1434 5591 nu
1456 5577 1488 5591 η
1535 5578 1570 5591 Α
1593 5575 1608 5591 η
1753 5578 1766 5591 ι
2053 5505 2072 5512 ’
2127 5505 2205 5581 (8)
2244 5510 2490 5591 Lardner
2525 5511 2593 5591 in_
2617 5512 2700 5591 tlte
2735 5510 3056 5591 Crediltt'Iity
3088 5509 3268 5591 οῙ-ξζιρ
3311 5508 3506 5580 Gospei
3542 5506 3637 5562 Hi-

439 5582 517 5650 (5)
539 5579 739 5653 Dupin.
761 5580 1036 5653 in_opere:
1065 5575 1318 5653 Noutselle
1347 5575 1709 5653 Bibiiothéque
1730 5578 1827 5653 des
1840 5595 1944 5653 gu-
2053 5575 2222 5653 story,
2244 5590 2386 5653 part.
2413 5597 2475 5644 ll,
2509 5583 2615 5637 vol.
2653 5583 2694 5647 I,
2719 5599 2843 5653 cap.
2868 5582 2959 5648 15,
2987 5575 3272 5652 ρξιε.”529.

371 5647 515 5732 teurs
538 5650 980 5732 ecclesiastiques,
1004 5657 1139 5703 tom.
1170 5648 1368 5732 [προς.
1394 5647 1485 5715 65,
1519 5647 1634 5732 n-ot.
1667 5647 1734 5704 6:
1767 5667 1784 5700 ι
1809 5648 1946 5705 Mais
2125 5647 2213 5732 (9)
2248 5647 2550 5732 Bollandus
2593 5655 2648 5710 in
2697 5647 2845 5709 Act-is
2880 5647 3208 5723 sanctorum,
3255 5666 3436 5710 mens.
3462 5649 3635 5723 April.

372 5719 409 5773 il
441 5730 523 5778 est
555 5721 677 5793 plus
710 5718 968 5790 probable
1008 5733 1115 5790 que
1152 5718 1332 5777 c’était
1362 5734 1436 5776 un
1483 5719 1659 5777 meme
1703 5735 1946 5792 ouvrage
2055 5718 2164 5778 vol.
2195 5721 2232 5793 Ι,
2262 5722 2358 5780 fol.
2392 5723 2480 5780 Η.
