3872 6210
330 353 468 409 1197
1209 353 1508 413 ΝΟΤῙΤΙΑ.
1540 357 1697 414 -1¹.
1733 358 1821 414 DE

2060 361 2183 416 ’TlS
2224 360 2282 416 S.
2321 357 2714 418 MELITONiS.
3449 369 3589 428 H98

325 473 556 529 omnino
587 487 696 529 non
726 473 906 538 video,
940 489 1112 546 quare
1142 476 1368 532 alteram
1396 477 1654 548 praeferre
1679 481 1912 536 velimus
1937 481 2250 550 lectionem,
2281 496 2404 553 quae
2432 483 2659 554 insuper
2682 481 2739 536 in
2769 481 2968 539 mendo
3000 483 3180 542 adhuc
3201 484 3432 554 jaceret.
3457 505 3585 544 nam

326 577 437 616 non
483 564 704 620 deberet
748 579 870 621 esse
898 564 958 635 ἢ,
992 567 1086 622 sed
1127 568 1225 620 καὶ
1256 570 1420 635 -νοός,
1449 579 1508 625 ut
1540 574 1698 626 recte'
1725 572 2034 628 observavit
2079 573 2405 629 Whistonus
2437 574 2574 646 (10).
2619 573 2962 645 Czeteroquin
2993 575 3171 632 eidem
3207 578 3586 635 eruditissimo

324 653 502 718 Anglo
531 653 708 709 dicam
745 670 910 710 :cum
945 658 1002 713 S.
1035 655 1103 712 R.
1138 658 1340 714 Wollio
1369 663 1481 732 (11)
1509 663 1778 717 noluerim
1818 664 2080 730 scribere,
2119 664 2244 719 ideo
2271 665 2418 734 quod
2442 663 2711 735 triplicem
2749 665 2912 721 istam
2955 667 3197 724 hominis
3235 670 3589 735 divisionem.

323 761 491 816 quam
523 755 702 802 tamen
734 763 837 803 nec
868 749 984 818 ipse
1007 751 1225 820 probat,
1259 753 1402 808 inter
1433 753 1801 820 Christianos,
1825 757 1920 826 qui
1951 757 2152 811 saeculo
2179 757 2357 827 primo
2386 765 2440 811 et
2466 757 2706 812 secundo
2734 757 2990 824 vixerint,
3015 759 3322 816 obtinuisse
3342 774 3584 834 asserat;

321 837 450 894 licet
491 838 739 894 eamdem
783 855 849 895 ex
893 840 1164 899 Melitonis
1213 845 1354 900 libro
1398 848 1618 917 probari
1666 863 1848 917 posse,
1883 858 2200 904 constanter
2234 866 2450 917 negem.
2485 849 2768 906 Platonica
2816 866 2949 906 sane
2995 852 3341 924 philosophia
3372 866 3589 914 mature

323 931 461 1019 satis
488 945 519 985 a
543 928 800 988 Patribus
827 932 931 987 fuit
957 935 1249 1004 adoptata;
1279 935 1732 1009 Platonicamque
1757 940 1900 994 hanc
1925 940 2165 994 hominis
2191 939 2514 996 divisionem
2542 941 3006 1012 admisitjamjam
3035 941 3192 998 Philo
3215 944 3352 1014 (12),
3380 961 3447 1002 ex
3475 963 3590 1019 quo

320 1017 516 1076 Patres
545 1022 788 1092 primaevi
816 1022 931 1079 fere
959 1040 1150 1082 omnes
1196 1028 1434 1097 sapiunt.
1470 1030 1708 1084 lrenaeus
1743 1030 1854 1102 (15)
1884 1041 2030 1086 certe
2062 1031 2444 1087 disertissimis
2485 1033 2670 1088 verbis
2709 1033 2884 1088 dixit:
2909 1052 2928 1086 ‹
2961 1033 3089 1091 Tria
3122 1045 3344 1092 suntex
3382 1017 3602 1110 quibus‘

325 1113 601 1182 perfectus
636 1116 802 1170 homo
838 1125 1076 1185 constat,
1099 1134 1286 1185 carne,
1316 1122 1520 1187 anima,
1549 1123 1767 1192 spiritu.
1795 1143 1813 1175 ι
1859 1121 2172 1190 Rationem,
2207 1141 2378 1194 quare
2408 1123 2592 1180 forsan
2622 1125 2710 1180 hic
2749 1123 3022 1182 Melitonis
3053 1126 3192 1182 liber
3219 1129 3304 1183 vel
3339 1131 3586 1200 perierit,

318 1207 407 1260 vel
433 1221 762 1277 suppressus
799 1207 985 1276 fuerit,
1018 1227 1126 1265 non
1161 1213 1318 1280 meis,
1352 1215 1444 1268 sed
1489 1215 1781 1270 clarissimi
1821 1216 2052 1270 editoris
2081 1213 2342 1282 Nemesii,
2371 1217 2554 1272 verbis
2592 1217 2776 1272 discas
2806 1217 3002 1286 velim;
3030 1234 3153 1289 quae
3181 1235 3251 1274 an
3285 1222 3480 1287 valeat,
3509 1226 3587 1279 uti

319 1299 503 1354 valere
531 1299 746 1354 videtur
785 1299 1101 1370 Whistono,
1136 1303 1255 1373 ipse
1284 1305 1582 1375 judicabis,
1614 1307 1877 1362 benevole
1906 1307 2097 1362 lector.
2130 1307 2209 1362 lta
2239 1316 2420 1363 autem
2452 1308 2543 1363 ille
2569 1309 2682 1380 (14)
2707 1328 2720 1363 :
2745 1307 3039 1381 Postquam
3082 1311 3227 1366 enim
3264 1312 3589 1384 Apollinarii

318 1398 372 1445 et
405 1391 576 1460 ipsius
605 1393 923 1462 sequacium
959 1393 1344 1452 Dimeritarum
1377 1399 1648 1455 increbruit
1675 1401 1893 1472 dogma,
1928 1402 2022 1471 qui
2047 1401 2340 1457 Dominum
2372 1411 2620 1458 nostrum
2645 1418 2713 1457 ex
2742 1403 2919 1458 tribus
2944 1405 3189 1473 partibus
3223 1409 3587 1466 constitutum

317 1485 661 1552 asserebant,
689 1487 754 1539 ἐκ
775 1487 994 1559 σαρκὸς,
1025 1491 1120 1543 καὶ
1139 1489 1339 1562 ψυχῆς,
1371 1493 1468 1546 καὶ
1501 1492 1751 1566 θεότητος
1776 1496 1846 1550 ἀν

2057 1495 2126 1549 νοῦ
2151 1494 2465 1566 (Epiphanii
2495 1504 2624 1551 sunt
2652 1495 2840 1562 verba,
2873 1511 2995 1566 pag.
3027 1495 3211 1562 1016),
3243 1513 3356 1569 quo
3381 1503 3586 1558 certius

315 1590 416 1632 eos
453 1577 802 1648 proﬂigarent
824 1581 1135 1650 orthodoxi,
1166 1585 1425 1656 deinceps
1452 1595 1684 1656 recepta:
1720 1589 1876 1658 prius
1913 1588 2196 1643 sententiae
2219 1588 2286 1643 de
2314 1588 2493 1643 tribus
2520 1587 2718 1642 anima:
2747 1587 2995 1657 partibus
3029 1588 3430 1655 valedixerunt,
3459 1591 3587 1647 licet

318 1669 392 1725 ab
421 1670 666 1741 Apostoli
713 1674 914 1739 verbis,
947 1673 1189 1732 lThess.
1219 1695 1274 1744 v,
1313 1680 1406 1744 25,
1436 1681 1840 1738 ﬁrmamentum
1892 1682 1998 1738 sibi
2041 1698 2300 1752 arrogare
2328 1681 2607 1747 videatur;
2637 1693 2691 1734 et
2726 1680 2946 1736 demum
2993 1680 3262 1736 haereseos
3293 1680 3586 1752 cujusdam

316 1764 464 1830 apud
513 1772 765 1832 posteros
807 1768 1209 1838 arcessebatur,
1238 1773 1478 1827 animam
1502 1790 1531 1828 a
1567 1775 1763 1844 spiritu
1807 1790 2133 1832 secernere:
2159 1775 2325 1830 simili
2373 1774 2534 1844 plane
2579 1773 2715 1843 lege,
2761 1789 2869 1844 qua
2907 1774 3111 1829 mersio
3146 1774 3199 1828 in
3231 1775 3582 1846 baptismate,

315 1869 468 1909 nunc
502 1856 666 1923 trina,
697 1858 823 1912 dein
862 1875 993 1927 una,
1017 1862 1199 1918 denuo
1227 1873 1281 1920 et
1311 1866 1453 1921 trina
1495 1867 1720 1937 placuit,
1748 1883 1849 1938 pro
1889 1868 2205 1940 dogmatum
2244 1869 2530 1933 varietate,
2564 1880 2686 1938 quae
2728 1863 3028 1921 Ecclesiam
3066 1865 3300 1922 subinde
3343 1867 3584 1922 lacesse-

315 1946 470 2003 bant.
494 1946 774 2007 Hactenus
799 1951 1136 2010 Cistriensis.

1141 2025 1168 2097 §
1197 2025 1360 2081 XVII.
1400 2027 1476 2082 De
1506 2029 1642 2083 libro
1680 2030 1818 2102 Περὶ
1845 2031 2077 2095 κτίσεως
2107 2031 2200 2084 καὶ
2222 2030 2490 2099 γενέσεως
2515 2026 2774 2098 Χριστοῦ.

383 2131 576 2200 Quoad
597 2134 795 2190 librum
819 2135 1108 2192 undecimo
1140 2139 1244 2194 sub
1271 2139 1429 2195 titulo
1454 2141 1592 2208 Περὶ
1622 2142 1875 2208 κτίσεως
1900 2160 1912 2193 ς

2054 2142 2316 2208 ενέσεως
2344 2142 2623 2211 Χριστοῦ,
2651 2142 2729 2198 De
2745 2143 2962 2198 conditu
2987 2151 3038 2198 et
3070 2141 3404 2213 generatione
3426 2141 3583 2198 Chri-

313 2227 388 2281 sti
417 2238 932 2297 commemoratum,
960 2231 1257 2287 observare
1283 2233 1463 2299 liceat,
1495 2234 1777 2304 vulgarem
1823 2235 2114 2290 lectionem
2147 2236 2201 2290 in
2229 2234 2566 2291 editionibus
2603 2233 2930 2292 Eusebianis
2957 2249 3104 2303 esse,
3151 2233 3292 2302 Περὶ
3320 2235 3582 2302 πίστεως

310 2322 414 2375 καὶ
445 2321 758 2391 γενέσεως,
788 2340 953 2394 quam
980 2334 1033 2380 et
1068 2325 1314 2383 Bullinus
1345 2329 1615 2396 sequitur,
1652 2329 1748 2399 qui
1776 2329 2018 2399 insuper,
2043 2339 2234 2385 contra
2260 2329 2434 2385 Graeci
2457 2331 2730 2387 sermonis
2762 2327 3017 2396 formam,
3049 2328 3190 2384 duos
3211 2328 3480 2394 diversos,
3508 2341 3577 2382 ex

310 2416 480 2470 unico
507 2416 630 2484 hoc,
669 2416 796 2472 fecit
829 2418 1020 2474 libros.
1060 2419 1116 2473 ln
1141 2419 1348 2474 codice.
1378 2429 1561 2473 tamen
1589 2417 2362 2486 Mazar.,Medie.,Fuketiano,
2395 2429 2450 2476 et
2487 2421 2631 2491 apud
2662 2418 3032 2491 Nicephorum
3069 2418 3268 2490 legitur
3288 2420 3429 2488 Περὶ
3456 2417 3582 2475 κτί-

309 2523 466 2575 σεως
492 2511 591 2564 καὶ
619 2509 910 2581 γενέσεως
938 2511 1198 2580 Χριστοῦ
1217 2553 1232 2578 ,
1266 2527 1432 2581 quam
1461 2512 1625 2566 etiam
1662 2514 1838 2580 script!

2050 2528 2220 2568 teram
2253 2528 2378 2568 esse
2418 2529 2526 2569 non
2564 2512 2902 2579 dubitamus,
2930 2509 3134 2567 Valesii
3173 2512 3278 2566 hac
3304 2511 3358 2565 in
3391 2527 3450 2568 re
3481 2511 3579 2568 ad-

306 2603 413 2675 juti
446 2605 854 2672 approbatione.
885 2603 1272 2674 Hieronymus,
1313 2614 1390 2670 et,
1435 2605 1529 2673 qui
1553 2605 1798 2673 pressius
1816 2621 1940 2660 eum
1977 2615 2036 2660 ut
2060 2605 2356 2675 plurimum
2391 2613 2717 2676 sequuntur,
2748 2603 3024 2660 Honorius
3055 2613 3220 2676 atque
3241 2603 3578 2662 Trithemius

310 2713 424 2752 mo
458 2715 477 2749 t
503 2699 872 2768 generationis
895 2717 915 2752 ›
955 2700 1224 2754 vocabulo
1255 2701 1516 2766 contenti,
1536 2701 1591 2754 in
1633 2699 1826 2756 Latina
1855 2701 2302 2771 interpretatione
2328 2717 2514 2757 vocem
2543 2701 2774 2766 κτίσεως
2797 2701 3290 2771 praetermiserunt,
3315 2711 3574 2774 tanquam

308 2794 589 2848 duriorem
611 2836 626 2860 ,
664 2795 822 2849 veriti
853 2795 974 2850 sine
1004 2795 1201 2862 dubio,
1244 2811 1312 2850 ne
1355 2795 1636 2852 Christum
1667 2796 1721 2850 in
1753 2797 2000 2851 ordinem
2039 2806 2418 2852 creaturarum
2446 2796 2742 2852 detrudere
2772 2795 3108 2851 viderentur.
3137 2795 3394 2851 Attamen
3426 2796 3576 2851 hunc

308 2905 553 2945 errorem
595 2906 708 2945 non
758 2892 960 2946 erravit
988 2891 1192 2958 Melito,
1224 2893 1501 2948 incautius
1534 2893 1780 2948 nonnihil
1813 2903 1938 2949 ante
1971 2905 2156 2949 notam
2199 2894 2633 2948 controversiam
2670 2894 2923 2949 locutus:
2965 2892 3154 2948 Patres
3188 2893 3334 2948 enim
3365 2893 3576 2964 synodo

306 2982 529 3040 Nicaana
554 2987 859 3043 anteriores
885 3003 1072 3042 vocem
1097 2989 1330 3052 κτίσεως
1351 2989 1718 3044 adhibuerunt
1753 3005 1861 3043 non
1893 2990 2059 3045 modo
2081 2989 2148 3045 de
2173 2989 2451 3044 creatione
2486 3005 2554 3042 ex
2586 2987 2757 3042 nihilo
2775 3027 2791 3053 ,
2817 3002 3005 3042 verum
3031 2986 3194 3041 etiam
3217 2986 3284 3041 de
3313 2985 3464 3041 omni
3491 3002 3576 3058 ge-

307 3095 441 3137 nere
469 3082 868 3152 productionis,
907 3083 1136 3153 ipsaque
1171 3084 1306 3138 adeo
1347 3085 1696 3155 generatione
1724 3083 1817 3138 τοῦ

2051 3092 2254 3139 αξιοι-ηδ
2291 3092 2346 3138 et
2378 3083 2738 3139 oeconomica.
2774 3081 2889 3138 Hoc
2921 3082 3086 3153 igitur
3134 3089 3190 3136 et
3229 3080 3472 3136 Melitoni
3516 3083 3572 3136 in

305 3192 476 3232 causa
501 3177 624 3245 fuit,
659 3194 829 3249 quare
858 3179 910 3232 in
944 3179 1108 3233 titulo
1136 3179 1283 3244 libri,
1315 3179 1370 3233 in
1403 3194 1514 3250 quo
1540 3179 1608 3235 de
1631 3188 1832 3235 aeterna
1862 3180 2088 3247 Christi,
2109 3179 2339 3248 ejusque
2368 3179 2420 3232 in
2445 3185 2691 3247 tempore
2716 3193 2783 3232 ex
2817 3175 3010 3241 Maria,
3042 3177 3396 3247 generatione
3423 3176 3572 3232 edis-

304 3274 516 3341 seruit,
567 3275 760 3330 durius
800 3274 1127 3329 vocabulum
1172 3275 1519 3342 adhibuerit,
1561 3285 1813 3346 respectu
1844 3276 2056 3346 procul
2077 3275 2243 3330 dubio
2280 3273 2470 3327 habito
2502 3273 2570 3328 ad
2604 3274 2733 3328 illud
2754 3316 2769 3340 ,
2799 3255 3181 3339 Proverb.ivn,
3209 3271 3320 3327 εἰς
3356 3272 3572 3341 Κύριος

302 3366 509 3422 facetae
539 3384 615 3437 με
641 3365 838 3436 ἀρχὴν
867 3365 1023 3420 ὁδῶν
1045 3366 1254 3434 αὑτοῦ,
1282 3375 1343 3422 ut
1375 3367 1586 3422 Caveus
1609 3367 1830 3438 conjicit

2040 3382 2101 3421 δι’.
2141 3365 2299 3420 Hunc
2321 3366 2466 3420 enim
2492 3367 2670 3420 locum
2694 3407 2709 3431 ,
2737 3380 2862 3420 cum
2895 3364 3020 3419 aliis
3047 3365 3352 3434 ejusmodi,
3381 3364 3449 3420 de
3473 3380 3569 3434 ge-

303 3460 590 3514 neratione
622 3458 724 3513 ista
751 3468 951 3512 interna
972 3469 1349 3528 exposuerunt
1385 3457 1577 3515 Patres
1604 3459 1962 3515 Antenicaeni.
1989 3457 2134 3513 Nihil
2164 3459 2329 3529 igitur
2361 3460 2606 3513 lucratur
2630 3457 2957 3512 Wbistonus
2983 3454 3116 3528 (15),
3143 3457 3364 3527 quando
3385 3473 3448 3511 ex
3468 3457 3574 3515 hoc

301 3551 575 3608 Melitonis
601 3553 743 3608 libro
771 3552 977 3608 Ariano
1007 3567 1109 3608 suo
1132 3552 1397 3626 dogmati,
1421 3554 1701 3610 Christum
1732 3561 1857 3609 ante
1879 3552 2060 3624 posita
2086 3551 2277 3607 mundi
2302 3551 2662 3608 fundamenta
2691 3559 2938 3608 creatum
2970 3548 3143 3606 fuisse
3185 3564 3216 3603 a
3245 3547 3358 3604 Deo
3385 3547 3566 3616 Patre,

301 3645 624 3717 praesidium
657 3648 877 3716 quaerit.

1410 3717 1438 3789 ᾗ
1467 3717 1653 3775 ΧἮΣΙ.
1684 3719 1762 3773 De
1784 3718 1920 3772 libro
1946 3719 2084 3791 Περ)⁵
2112 3717 2464 3790 προφητείας.

376 3809 481 3875 Qui
521 3811 772 3880 sequitur
795 3810 1050 3880 proximo
1077 3811 1200 3866 loco
1230 3811 1388 3878 liber,
1419 3812 1610 3882 Λόγος
1637 3811 1824 3866 αὑτοῦ
1853 3814 1905 3865 Π

2036 3811 2414 3881 προφητείας,
2445 3815 2529 3864 est
2550 3823 2711 3878 quem
2735 3806 2983 3863 Bullinus
3012 3821 3138 3862 cum
3164 3804 3356 3876 verbis
3380 3812 3565 3875 poste-

299 3903 543 3960 rioribus
575 3904 820 3973 proxime
849 3906 1218 3960 antecedentis
1242 3905 1366 3959 libri
1391 3904 1678 3973 conjunxit
1710 3904 1814 3958 hoc
1837 3904 2032 3958 modo:
2059 3903 2137 3956 De
2167 3905 2500 3973 generatione
2527 3901 2728 3957 Christi
2759 3909 2810 3954 et
2848 3899 3121 3969 prophetia
3149 3897 3285 3966 ejus,
3315 3911 3381 3950 ac
3412 3898 3460 3952 si
3497 3899 3566 3954 de

300 3997 491 4068 Optimi
525 3997 831 4052 Servatoris
858 4013 1085 4052 munere
1108 3997 1430 4068 prophetico
1457 3997 1802 4066 exposuisset
1835 3997 1886 4051 in
1925 3995 2139 4051 eodem.
2170 3993 2333 4049 Juxta
2362 3993 2754 4066 Hieronymum
2785 4007 2947 4064 quem
2975 4003 3028 4044 et
3049 3989 3564 4061 Augustodunensis

301 4092 572 4161 sequitur,
600 4091 767 4146 verba
801 4091 966 4160 hujus
999 4091 1141 4145 tituli
1162 4091 1234 4145 ita
1256 4089 1560 4144 ordinanda
1594 4089 1772 4144 forent
1805 4108 1818 4143 :

2029 4109 2049 4154 ς
2080 4089 2212 4156 περὶ
2252 4087 2362 4156 τῆς
2398 4088 2584 4142 αὺτοῦ
2620 4085 3016 4155 προφητείας,
3057 4083 3132 4137 ita
3165 4083 3311 4136 enim
3351 4082 3514 4138 vertit
3543 4101 3558 4138 :

300 4183 441 4240 Item
463 4185 526 4238 de
555 4185 829 4255 prophetia
859 4201 957 4238 sua
993 4184 1188 4238 librum
1217 4201 1402 4237 unum.
1445 4182 1690 4238 Valesius
1722 4184 1824 4238 hoc
1855 4185 2069 4253 probat,
2095 4182 2182 4237 cui
2209 4189 2387 4236 tamen
2430 4196 2540 4235 non
2574 4178 2878 4243 assentior;
2928 4177 3054 4231 licet
3094 4175 3247 4229 nullo
3276 4175 3438 4229 modo
3464 4188 3560 4228 ve-

298 4280 399 4334 lim
431 4293 654 4348 negare,
680 4277 990 4333 Melitenem
1025 4277 1326 4348 prophetia:
1357 4276 1708 4342 charismate,
1739 4276 1889 4346 quod
1922 4275 2204 4345 prioribus
2230 4274 2410 4329 tribus
2441 4281 2744 4342 quatuorve
2778 4268 2997 4326 saeculis
3028 4268 3120 4321 uni
3145 4267 3369 4322 alterive
3391 4269 3558 4324 Chri-

299 4373 604 4429 stianorum
649 4372 1111 4427 communicatum
1156 4369 1336 4424 adhuc
1376 4383 1408 4422 a
1445 4367 1556 4422 Deo
1604 4369 1880 4432 novimus,
1924 4367 2095 4422 fuisse
2129 4377 2474 4423 exornatum.
2515 4365 2674 4420 Certe
2701 4379 2827 4419 eum
2872 4362 3194 4432 prophetam
3219 4377 3248 4416 a
3285 4362 3560 4434 plerisque

297 4465 471 4522 fuisse
506 4465 774 4529 habitum,
804 4463 964 4516 docet
982 4461 1307 4515 Tertulliani
1342 4461 1487 4530 apud
1521 4459 1911 4531 Hieronymum
1946 4459 2058 4529 (16)
2087 4458 2461 4513 testimonium
2492 4477 2504 4510 :
2539 4475 2557 4507 ε
2590 4454 2764 4526 Hujus
2784 4454 3004 4523 elegans
3031 4460 3085 4506 et
3106 4451 3554 4507 declamatorium

295 4558 577 4630 ingenium
606 4557 837 4612 laudans
867 4555 1239 4611 Tertullianus
1269 4557 1323 4609 in
1352 4565 1555 4625 septem
1584 4555 1757 4620 libris,
1790 4571 1927 4625 quos
1958 4555 2178 4623 scripsit
2210 4554 2473 4607 adversus
2505 4551 2806 4606 Ecclesiam
2840 4563 2938 4618 pro
2964 4546 3247 4612 Montano,
3270 4547 3403 4602 dicit
3427 4563 3554 4603 eum

296 4667 329 4706 a
354 4651 628 4720 plerisque
659 4657 972 4703 nostrorum
997 4649 1316 4718 pr0phetam
1347 4650 1550 4719 putari.
1592 4669 1610 4701 ι
1647 4647 1750 4702 Ubi
1783 4658 1961 4702 tamen
1993 4648 2251 4702 observes
2274 4645 2458 4710 velim,
2485 4644 2540 4698 in
2568 4642 2848 4698 nonnullis
2873 4639 3275 4708 exemplaribus
3299 4653 3398 4708 pro
3423 4657 3443 4690 ι
3471 4639 3556 4694 di-

294 4744 426 4811 cit,»
453 4744 642 4798 haberi
675 4761 692 4795 ι
725 4742 1032 4799 cavillator.
1063 4759 1082 4792 ι
1105 4740 1180 4796 De
1200 4742 1469 4798 Melitonis
1498 4743 1642 4797 dono
1673 4741 1991 4811 prophetico
2013 4739 2226 4805 confer,
2258 4739 2306 4793 si
2335 4737 2591 4805 lubucrit,
2615 4732 3018 4791 dissertationis
3039 4730 3241 4800 prioris
3270 4728 3299 4800 §
3326 4729 3413 4784 12.

1494 4836 1522 4907 ς
1552 4833 1694 4889 XIX.
1721 4835 1797 4889 De
1829 4833 1964 4888 libro
1987 4834 2152 4888 clavis
2181 4833 2342 4887 dicto.

366 4931 553 4998 Liber,
589 4931 683 5001 qui
724 4932 792 4986 Ἡ
810 4929 1190 4998 κλείς,οιαυίδ
1222 4929 1354 5002 (17),
1375 4930 1716 4998 inscribitur,
1746 4930 1892 4984 conti

2019 4936 2062 4982 tt
2086 4927 2506 4998 explicationem
2529 4923 2806 4979 variarum
2835 4919 3128 4989 Scriptura:
3158 4930 3330 4973 sacrae
3354 4930 3548 4970 vocum

363 5086 477 5156 (10)
513 5085 861 5156 Whiston.in
891 5085 974 5138 his
990 5085 1253 5154 primitiae
1270 5081 1620 5154 Christianity
1645 5081 1857 5148 reviv‘d,
2033 5079 2258 5156 (l_d)_Jo.
2288 5079 2503 5156 Fellus,
2539 5077 2871 5156 Cestriensis
2911 5076 2965 5129 in
2991 5073 3191 5156 Anglia
3224 5071 3544 5156 episcopus,

285 5142 399 5212 voi.
433 5142 523 5217 l'V,
551 5172 672 5226 pag.
699 5155 824 5208 266.
1317 5223 1327 5226 _
1531 5222 1556 5226 μ
1589 5142 1613 5154 ⁷
1705 5221 1762 5226 __
1841 5142 1851 5148 ⁷
1961 5142 2270 5226 eruditione
2299 5161 2349 5205 et
2375 5142 2525 5226 fama
2551 5150 2797 5226 maxime
2821 5147 3042 5226 clarusn
3069 5142 3124 5198 in
3158 5142 3543 5226 Adngtationi-

361 5211 474 5298 (11)
505 5211 566 5280 in.
603 5211 881 5281 dissertat.
925 5225 1120 5296 Σῶμα,
1160 5223 1354 5294 ψυχή,
1407 5222 1662 5292 πνεῦμα,
1704 5221 1820 5294 Lips

291 5293 474 5351 habita
508 5297 667 5351 1752.
701 5311 824 5351 pag.
852 5297 904 5351 7.
1482 5334 1484 5337 -

2016 5240 2054 5275 ts
2081 5223 2136 5273 in
2173 5219 2498 5284 Nemesium,
2525 5219 2590 5274 de
2618 5231 2811 5272 natura
2843 5215 3092 5281 hominis,
3122 5229 3244 5284 pag.
3277 5211 3312 5265 5
3348 5211 3545 5266 editio-

2023 5311 2048 5346 s
2075 5290 2424 5345 Oxouiensis.
3394 5349 3405 5351 _
3447 5348 3514 5351 ω

332 5291 474 5352 obita
508 5297 667 5359 1752,
701 5311 824 5359 pag.
852 5297 904 5351 7.
1014 5291 1029 5296 ⁷
1170 5291 1181 5293 ἡ
1252 5291 1286 5294 ”
1482 5334 1484 5337 .
1562 5291 1565 5292 ⁷
1770 5291 1789 5294 “

894 5336 904 5351 .
1014 5291 1029 5296 ⁷
1170 5291 1181 5293 ἡ
1252 5291 1286 5294 ”
1482 5334 1484 5337 -
1562 5291 1565 5292 ⁷
1770 5291 1789 5294 “
1960 5295 2048 5346 nis
2075 5291 2423 5345 Oxouiensis.

365 5311 474 5352 tnta
508 5311 531 5350 ι
554 5311 667 5359 taz,
701 5311 824 5366 pag.
853 5311 904 5351 'l.
1482 5334 1484 5337 -

358 5370 471 5437 (με)
496 5368 671 5433 Philo,
705 5366 782 5420 De
808 5366 992 5437 ntundi
1015 5365 1248 5434 api/icio,
1284 5363 1379 5437 lib.
1397 5378 1456 5437 (Διὶ
1485 5377 1606 5437 pag.
1640 5361 1856 5437 ligio-

2009 5311 2048 5346 IS
2075 5311 2424 5345 UXOIIICIISIS.

2033 5362 2080 5432 (1
2089 5360 2436 5437 5)):Vhislon.
2489 5359 2545 5414 in
2562 5359 2640 5412 his
2652 5357 2914 5428 primitiae
2931 5353 3306 5423 Christianity,
3323 5349 3432 5406 vol.
3447 5348 3538 5416 IV,

284 5430 463 5508 septi]
483 5430 744 5506 Antiqttit.
791 5436 921 5508 tua.
948 5430 1326 5508 1i71;.'1,‘7ca_p._5
1352 5453 1364 5486 ε
1394 5430 1635 5508 ζΕπλοίᾳε
1667 5434 1695 5484 ὁ
1725 5433 1813 5508 est

1667 5433 1858 5508 ὀρεδς
1959 5430 2238 5508 Ρθεῖηθξτ
2578 5498 2613 5508 .,
2720 5497 2780 5508 ..
3181 5468 3183 5473 ·

280 5489 708 5579 ivli—ponam,
735 5489 862 5579 χοῦν
891 5489 1070 5579 λαϐὼν
1096 5489 1221 5560 ’ἀπδ
1242 5504 1342 5574 τῆς
1360 5505 1485 5574 γῆς,
1517 5502 1612 5555 καὶ
1640 5503 1769 5556 πνεῦ
1778 5521 1809 5573 μ

1959 5489 1976 5502 ’
2173 5501 2539 5579 ῌίθηοηγηῃιξ
2567 5498 2646 5579 De
2681 5497 2807 5551 viris
2837 5495 3308 5579 illustribus,‘cap.
3331 5489 3427 5579 μ.

278 5579 474 5649 ἐνῆκεν
492 5561 660 5649 ista),
694 5561 788 5630 ὂιῶ.
811 5577 1007 5649 ψυχήν.
1112 5645 1123 5649 _
1299 5561 1309 5574 ’
1778 5561 1807 5649 ’Δ

2173 5570 2232 5624 lu
2271 5561 2418 5649 Actis
2457 5569 2558 5624 SS.
2592 5567 3119 5636 Antwerpiensibus.
3153 5561 3533 5649 Apt'i.ni,ﬂpa'g.

353 5632 468 5719 (15)
515 5632 752 5719 Irenaeus
798 5632 1062 5719 Adiieisus
1102 5645 1346 5719 licereses,
1395 5642 1490 5696 lib.
1533 5657 1762 5719 v,_cap.
1794 5642 1849 5698 9.
1959 5632 2058 5707 ll,
2089 5632 2279 5719 Ciavus
2315 5641 2733 5719 legitur,_quem
2771 5632 3062 5719 operarum
3087 5648 3339 5719 neri-orem
3363 5632 3538 5719 ﬁdeli:

279 5701 379 5773 llis
409 5701 611 5774 silmilia
637 5701 874 5788 reperire
899 5701 1062 5788 etiam
1085 5726 1170 5773 est
1197 5715 1292 5771 lib.
1320 5701 1372 5780 ἦν,
1389 5729 1510 5785 cap.
1532 5701 1586 5771 6ξ
1606 5701 1850 5769 Whisto-
1960 5701 2054 5764 ter'
2086 5712 2250 5768 etiam
2303 5701 2495 5784 repetit
2517 5701 2752 5766 "Veneta
2807 5701 3008 5766 horum
3066 5705 3322 5761 Actorum
3367 5701 3540 5759 editio

279 5805 382 5847 nus
414 5790 528 5845 haec
557 5790 676 5846 loca
709 5803 817 5845 non
843 5787 1086 5844 adduxit.
1956 5796 2132 5855 nova.
