3872 6210
305 330 442 385 1199
1346 329 1402 382 S.
1446 325 1702 381 MELlTO
1743 325 2053 382 SARDIUM
2094 324 2496 382 EPISCOPUS.
3423 320 3570 376 1200

304 465 469 507 sensu
502 449 801 520 imprOpI-io
831 448 1312 514 adhibitarum,ad
1341 463 1466 502 eum
1502 445 1615 501 fere
1641 445 1898 509 modum,
1934 444 2151 514 qualem
2191 445 2246 498 in
2290 443 2552 499 Formula
2592 442 2892 514 spiritualis
2937 441 3300 512 intelligentia:
3341 439 3400 496 S.
3451 439 3570 496 Eu-

303 543 477 600 cherii
507 541 914 614 Lugdunensis,
945 559 1066 613 qua:
1096 541 1237 596 inter
1268 539 1447 611 Opera
1483 541 1623 610 ejus,
1655 549 1710 596 et
1742 541 1797 594 in
1827 539 2159 593 Bibliotheca
2193 537 2419 592 Patrum
2451 540 2710 604 maxima,
2749 547 2897 593 tomo
2925 533 3016 601 Vl,
3043 544 3242 603 exstat,
3281 537 3466 608 legere
3498 534 3573 588 li-

305 646 412 690 cet.
439 634 615 690 Clavis
649 635 922 702 vocabuli,
951 635 1096 704 quod
1135 635 1188 688 in
1219 633 1577 703 inscriptione
1606 633 1790 702 operis
1815 631 1980 702 hujus
2007 632 2318 698 adhibetur,
2343 631 2710 701 signiﬁcatum
2735 631 2917 686 discas
2951 629 3112 684 velim
3142 643 3206 684 ex
3251 629 3373 700 ipso
3406 627 3569 684 Meli-

320 741 476 795 tone,
503 728 621 799 qui,
655 727 832 782 Clavis
860 743 972 782 suae
1001 743 1120 797 cap.
1159 727 1213 794 9,
1239 727 1313 780 ita
1337 727 1487 781 vocis
1519 726 1682 796 hujus
1710 725 2096 796 metaphoriczc
2121 724 2433 795 explanavit
2457 739 2718 779 sensum:

385 903 404 935 σ
437 883 635 948 Clanis,
671 883 947 952 adapertio
984 881 1291 951 tpiritualis.
1322 879 1376 933 In
1411 879 1702 949 Evangelio
1727 880 1767 910 ¹¹
1797 899 1809 932 :
1843 877 2127 946 Accepistis
2155 877 2348 932 clavem
2378 878 2634 943 scientiis,
2660 878 2761 947 ipsi
2782 894 2886 931 non
2928 878 3223 942 introistis;
3275 886 3326 931 et
3359 893 3450 932 eos
3477 876 3575 946 qui

308 974 598 1028 introibant
625 975 984 1040 proliibuistis.
1017 973 1145 1027 Item
1179 972 1382 1038 Claves,
1409 970 1664 1040 justititc,
1700 969 2099 1035 misericordiw,
2133 970 2448 1038 pietatisque
2479 970 2719 1024 virtutes.
2753 967 2810 1022 1n
2840 967 3134 1040 Evangelio
3155 969 3196 1000 ¹¹
3228 987 3242 1022 :
3279 967 3400 1022 Tibi
3426 967 3570 1022 dabo

317 1071 484 1125 claves
517 1071 661 1140 regni
689 1070 958 1124 cazlorum.

383 1221 401 1252 ‹
437 1201 637 1268 Clavis,
663 1203 865 1268 apertio
910 1216 1184 1254 sacrarum
1224 1199 1643 1267 Scripturarum,
1677 1197 1782 1262 vel,
1809 1208 2040 1266 potestas
2070 1198 2274 1268 ligandi
2298 1209 2454 1269 atque
2497 1199 2752 1266 solvendi,
2785 1215 2902 1267 seu,
2931 1199 3024 1268 jus
3064 1199 3435 1252 introducendi
3499 1197 3574 1250 ad

307 1300 492 1363 vitam,
524 1299 630 1352 sive
655 1295 968 1350 excludendi
999 1295 1068 1349 ad
1086 1303 1323 1348 mortem.
1346 1293 1502 1346 Sicut
1530 1307 1626 1361 per
1656 1290 1848 1346 Isaiam
1873 1292 1917 1323 ¹³
1947 1293 2014 1347 de
2034 1292 2315 1348 Salvatore
2337 1295 2538 1348 dicitur
2564 1310 2578 1346 :
2618 1295 2764 1348 Dabo
2779 1295 2975 1348 clavem
2997 1295 3186 1347 domus
3221 1292 3394 1346 David
3415 1309 3580 1362 super

309 1391 550 1442 humeros
582 1391 718 1457 ejus,
740 1399 789 1441 et
824 1388 1040 1455 aperiet,
1071 1395 1122 1441 et
1147 1402 1248 1439 non
1282 1395 1357 1439 est
1387 1387 1476 1454 qui
1505 1385 1737 1438 claudat.
1772 1383 1835 1440 Et
1865 1385 1921 1440 in
1949 1386 2274 1459 Apocalypsi
2302 1388 2346 1420 “
2378 1411 2390 1443 ;
2427 1387 2609 1441 Habeo
2660 1388 2829 1442 claves
2869 1388 3054 1441 mortis
3105 1398 3152 1441 et
3193 1387 3506 1456 inferorum.
3551 1404 3571 1436 ι

380 1528 611 1584 Exstare
643 1530 792 1584 enim
826 1528 1026 1595 adhuc,
1049 1538 1104 1583 et
1128 1529 1182 1583 in
1218 1528 1566 1584 bibliothecis
1595 1529 1857 1584 ineditum
1888 1529 2210 1584 delitescere
2255 1530 2361 1586 hoc
2401 1529 2680 1586 Melitonis
2716 1531 2995 1602 egregium
3022 1544 3161 1599 opus
3185 1570 3200 1595 ,
3227 1529 3586 1582 Bibliotheca:

310 1625 537 1677 Patrum
588 1625 836 1678 maximae
876 1622 989 1693 (18)
1033 1623 1414 1693 Lugdunensis
1458 1622 1696 1677 editores
1736 1624 1973 1692 pariter,
2019 1639 2084 1678 ac
2121 1622 2375 1680 Labbeus
2411 1625 2524 1695 (19)
2555 1633 2826 1680 testantur
2861 1639 2973 1678 non
3014 1623 3212 1688 modo;
3241 1623 3335 1678 scd
3370 1635 3424 1677 et
3455 1633 3581 1678 tuto

325 1732 573 1772 asserere
613 1732 838 1787 possum
886 1718 1036 1786 ipse,
1074 1725 1258 1787 utpote
1285 1717 1379 1786 qui
1408 1717 1631 1786 pretiosi
1669 1716 1832 1786 hujus
1874 1717 2220 1786 antiquitatis
2266 1719 2637 1786 monumenti,
2671 1719 2727 1773 in
2752 1718 3042 1774 itincribus
3068 1717 3205 1772 meis
3244 1715 3424 1771 factus
3449 1732 3577 1771 sum

312 1824 559 1878 compos,
601 1809 807 1880 quique
844 1809 974 1863 illud
1001 1807 1294 1878 aliquando
1329 1824 1453 1864 cum
1478 1809 1610 1864 orbe
1649 1809 1889 1864 litterato
1933 1813 2346 1866 communicare
2375 1811 2734 1867 constitutum
2767 1812 2942 1866 habeo
2965 1814 3005 1878 ‘,
3037 1810 3163 1865 licet
3191 1808 3350 1864 facile
3378 1809 3579 1878 praevi-

310 1904 491 1968 deam,
527 1904 855 1958 malevolum
888 1912 1051 1974 atque
1079 1903 1465 1958 immodestum
1499 1919 1781 1960 censorem
1811 1904 2129 1972 quemdam,
2153 1907 2248 1975 qui
2276 1906 2555 1976 symbolas
2579 1922 2708 1961 suas
2743 1907 2811 1961 ad
2844 1905 3232 1960 Bibliothecam
3260 1903 3579 1958 Hallensem

311 1998 547 2064 confert,
588 1999 640 2053 id
682 1999 815 2053 mihi
850 2013 1070 2070 quoque
1088 1998 1469 2069 oppositurum
1498 2013 1642 2063 esse,
1674 1999 1819 2068 quod
1853 1999 1994 2054 inter
2023 2001 2130 2054 alia
2159 2000 2363 2070 injusta
2394 2002 2695 2072 minusque
2709 2000 2934 2056 fundata
2959 2001 3163 2071 objecit
3204 2015 3398 2069 nuper,
3441 2012 3569 2052 eum

312 2091 760 2163 presbyterorum
791 2100 845 2146 et
867 2092 1226 2147 diaconorum
1254 2089 1474 2145 Achaia:
1501 2091 1788 2160 epistolam
1817 2091 2150 2162 encyclieam
2183 2091 2250 2145 de
2281 2092 2541 2162 martyrio
2574 2090 2632 2146 S.
2663 2092 2896 2162 apostoli
2926 2092 3158 2148 Andreae
3185 2107 3254 2146 ex
3284 2105 3420 2146 mss.
3443 2087 3576 2144 ede-

315 2199 470 2251 rem;
507 2183 643 2238 tanti
678 2184 885 2239 scilicet
916 2185 999 2238 vel
1032 2184 1151 2238 ideo
1187 2199 1296 2238 non
1338 2199 1460 2238 esse
1493 2185 1838 2254 opusculum,
1870 2184 2133 2254 quoniam
2174 2184 2410 2240 Grabius
2441 2185 2494 2240 in
2528 2183 2809 2255 Spicilegio
2849 2200 2953 2240 suo
2988 2185 3044 2239 in
3075 2185 3252 2241 lucem
3280 2183 3565 2253 publicam

313 2275 447 2330 illud
484 2290 592 2330 non
620 2277 952 2346 protraxerit
980 2274 1114 2348 (20).
1150 2275 1297 2330 Bella
1342 2291 1473 2332 sane
1519 2277 1680 2342 ratio,
1711 2276 1868 2346 quasi
1912 2291 2043 2330 vero
2075 2277 2271 2332 unicus
2307 2277 2544 2334 Grabius
2577 2293 2769 2333 omnes
2803 2277 2857 2332 in
2889 2277 3238 2333 bibliothecis
3258 2273 3581 2345 Anglicanis

315 2365 545 2422 latentes
569 2367 862 2421 thesauros
891 2380 1084 2420 eruere
1112 2365 1194 2418 vel
1219 2365 1475 2430 voluerit,
1515 2366 1599 2420 vel
1619 2366 1878 2435 potuerit.
1903 2365 2244 2421 Claudantur
2277 2368 2446 2439 igitur
2478 2368 2733 2423 immensi
2761 2368 2849 2423 isti
2887 2367 3386 2438 manuscriptorum
3415 2365 3570 2419 codi-

314 2473 462 2522 cum,
491 2458 692 2528 quibus
725 2458 1049 2515 bibliotheca
1084 2459 1375 2514 Bodleiana
1421 2458 1696 2526 superbit,
1731 2459 1972 2516 thesauri
2024 2477 2054 2514 a
2096 2460 2300 2517 Grabio
2330 2475 2476 2516 nunc
2513 2461 2733 2530 penitus
2758 2461 3042 2526 exhausti;
3085 2459 3453 2529 omnibusque
3475 2461 3575 2513 ba-

315 2569 439 2608 rum
493 2554 814 2609 deliciarum
870 2557 1268 2612 scrutatoribus
1299 2567 1422 2627 post
1463 2568 1693 2613 mortem
1726 2558 1923 2614 eruditi
1970 2559 2134 2629 hujus
2170 2559 2272 2614 viri
2313 2560 2519 2615 dictum
2562 2575 2708 2614 nunc
2755 2568 2874 2613 esto
2916 2559 3052 2614 illud
3088 2578 3100 2612 :
3137 2556 3259 2611 Non
3289 2559 3433 2628 plus,
3471 2577 3579 2615 non

315 2645 483 2700 ultra.
511 2644 615 2702 Sed
643 2655 925 2704 transeant
958 2649 1072 2704 haec
1094 2664 1221 2705 cum
1252 2650 1465 2706 caneris
1487 2652 1789 2706 erroribus.
1822 2650 2006 2707 Redeo
2032 2653 2213 2723 potius
2241 2652 2308 2706 ad
2333 2651 2604 2708 Melitonis
2630 2651 2863 2718 Clavem,
2889 2651 3162 2721 addoque,
3187 2667 3276 2706 me
3304 2653 3472 2720 illius,
3495 2664 3578 2710 ast

323 2737 576 2792 Latinum
610 2738 824 2802 saltem,
855 2753 1072 2794 scrvare
1099 2741 1432 2809 exemplum,
1471 2741 1615 2810 quod
1643 2756 1706 2795 ex
1739 2739 1940 2809 duplici
1967 2739 2175 2806 codice,
2204 2741 2376 2795 altero
2407 2741 2872 2808 Claromontano,
2915 2741 3087 2795 altero
3134 2739 3438 2797 Mesmiano
3459 2785 3474 2806 ,
3510 2742 3577 2796 ad

318 2832 524 2887 calcem
552 2831 853 2887 Bibliorum
882 2832 1226 2903 Theodnlphi
1257 2834 1672 2890 Aurelianensis
1699 2835 1962 2905 episcopi,
2002 2836 2192 2891 codice
2220 2837 2366 2890 mille
2391 2836 2612 2892 circiter
2634 2851 2903 2890 annorum
2930 2836 3293 2907 descripserat
3319 2835 3579 2891 eruditis-

318 2926 494 2980 simus
527 2923 694 2978 Mieh.
740 2923 1004 2993 Lequien,
1045 2924 1356 2996 Grabioque
1400 2927 1803 2982 transmiserat.
1851 2925 2138 2982 Editnrum
2190 2943 2249 2983 se
2292 2928 2398 2982 hoc
2435 2928 2713 2999 quantivis
2757 2928 2919 2998 pretii
2957 2939 3399 2993 monumentum,
3448 2942 3576 2983 cum

317 3015 796 3072 emendat-ionibus
818 3015 936 3072 lac.
967 3015 1267 3082 Sirmondi,
1301 3019 1648 3088 promiserat,
1681 3035 1710 3074 a
1735 3035 1845 3090 quo
1877 3028 1988 3075 tam
2018 3020 2190 3074 multa
2217 3020 2320 3074 alia
2362 3021 2716 3090 exspectabat
2757 3021 2908 3075 orbis
2950 3021 3245 3083 litteratus,
3279 3022 3503 3076 nomine
3526 3033 3586 3079 et

318 3107 502 3164 omine
529 3105 757 3178 Magnus
790 3108 1016 3165 Crusius
1049 3109 1181 3180 (21),
1216 3121 1390 3166 morte
1416 3127 1524 3165 non
1563 3113 1635 3167 ita
1669 3113 1876 3182 pridem
1917 3112 2217 3166 exstinctus
2241 3152 2256 3176 ,
2302 3113 2550 3182 mihique
2582 3121 2706 3182 post
2742 3111 2850 3166 fata
2884 3128 3104 3182 quoque
3125 3113 3411 3179 colendus,
3447 3129 3588 3182 pra:-

318 3209 527 3268 ceptor,
551 3200 644 3270 qui
670 3209 849 3254 tamen
871 3199 994 3269 jura
1018 3216 1140 3267 sua,
1164 3201 1293 3256 dum
1321 3202 1544 3269 viveret,
1578 3201 1737 3256 facile
1767 3201 1902 3256 mihi
1932 3203 2117 3257 cessit.
2153 3200 2398 3256 Divisum
2442 3211 2623 3257 autem
2659 3209 2741 3256 est
2777 3201 3047 3256 Melitonis
3079 3203 3178 3256 hoc
3208 3211 3293 3258 sat
3325 3218 3585 3272 magnum

320 3307 459 3362 opus
491 3293 544 3344 in
586 3291 736 3345 varia
775 3293 954 3362 capita
975 3334 990 3358 ,
1029 3309 1263 3363 quorum
1303 3309 1369 3348 en
1405 3296 1501 3349 tibi
1530 3295 1798 3366 syllabum
1829 3311 1842 3346 :
1878 3311 1998 3366 cap.
2030 3295 2051 3347 1
2078 3335 2092 3358 ,
2122 3295 2242 3349 sine
2278 3296 2439 3349 titulo
2475 3295 2527 3348 in
2555 3305 2790 3364 utroque
2823 3293 3011 3349 codice
3038 3304 3296 3365 apparet,
3329 3304 3379 3348 et
3411 3310 3589 3349 inem-

321 3385 420 3441 bra
449 3383 560 3439 Deo
591 3383 738 3438 Patri
771 3385 825 3438 in
865 3383 1146 3454 Scriptura
1178 3385 1236 3440 S.
1269 3402 1365 3455 per
1391 3385 1876 3456 ἀνθρωποπάοειαν
1921 3388 2122 3441 tributa
2170 3386 2301 3456 quid
2351 3385 2695 3455 significent,
2748 3387 3013 3456 exponit,
3054 3387 3198 3456 quod
3248 3385 3390 3440 inira
3441 3386 3586 3441 inter

321 3473 648 3545 fragmenta,
682 3473 995 3543 speciminis
1023 3475 1164 3541 loco,
1189 3475 1351 3529 dabo.
1385 3474 1520 3545 Cap.
1543 3475 1597 3542 2,
1629 3475 1693 3529 de
1715 3474 1859 3528 Filio
1880 3474 1977 3530 Dei
1999 3476 2285 3528 secundum
2315 3491 2526 3528 carnem
2555 3474 2895 3544 inscribitur,
2921 3485 2977 3530 ct
3004 3476 3137 3546 quid
3164 3476 3384 3532 Christo
3413 3479 3589 3533 ascri-

321 3568 674 3640 ptamcmbra
697 3574 906 3634 notent,
933 3568 1108 3623 docet.
1128 3568 1261 3638 Cap.
1289 3568 1342 3634 5,
1371 3571 1558 3640 agitde
1585 3570 1823 3638 supernis
1841 3570 2118 3622 creaturis.
2151 3569 2286 3638 Cap.
2312 3569 2368 3636 4,
2397 3569 2460 3623 de
2481 3570 2686 3634 diebus,
2707 3571 2886 3634 annis,
2915 3579 2964 3625 et
2987 3572 3328 3636 temporibus.
3359 3572 3496 3642 Cap.
3528 3572 3585 3634 5,

324 3661 387 3716 de
439 3661 691 3715 numeris.
726 3659 860 3730 Cap.
887 3659 940 3725 6,
970 3662 1032 3715 de
1065 3661 1260 3714 muna'o
1306 3671 1356 3715 et
1386 3660 1624 3730 partibus
1657 3661 1792 3729 ejus.
1832 3659 1967 3730 Cap.
2004 3660 2055 3725 7,
2086 3661 2149 3713 de
2183 3660 2339 3731 lignis
2372 3661 2740 3730 infructuosis.
2793 3661 2928 3732 Cap.
2964 3660 3018 3730 8,
3063 3663 3127 3716 de
3159 3663 3383 3718 diversis
3416 3665 3589 3720 Itami-

412 3799 452 3829 “
480 3796 614 3852 Luc.
639 3810 716 3860 XI,
740 3797 829 3851 52.
927 3799 970 3829 ¹²
1000 3797 1190 3852 Matth.
1227 3813 1340 3865 xvr,
1419 3799 1504 3852 19.
1585 3799 1628 3829 ¹³
1658 3814 1777 3868 cap.
1810 3815 1947 3866 xxu,
1979 3815 2030 3853 v.
2076 3799 2168 3854 22.
2247 3802 2290 3830 “
2314 3815 2431 3870 cap.
2461 3816 2500 3866 ι,
2530 3800 2701 3857 v.18.

396 3935 507 4005 (18)
542 3935 858 3990 Bibliothec.
907 3934 1029 4006 PP.
1066 3937 1311 4006 mauim”
1351 3945 1486 3990 tom.
1529 3935 1594 4002 ll,
1642 3946 1784 4006 part.
1837 3954 1898 4002 II,

1389 3952 1486 3990 )m.
1529 3939 1594 4002 11,
1642 3946 1784 4006 part.
1837 3954 1898 4002 ιι,
2005 3949 2061 3993 ct
2105 3939 2250 4009 quod
2308 3939 2583 4005 excurrit,
2633 3956 2808 3996 annos
2858 3941 3131 4064 deserigta
3175 3943 3589 4014 elegantissimo

1389 4007 1494 4060 iam
1519 4007 1898 4064 eiusdemmui
2006 4011 2339 4064 charactere.
2393 4009 2449 4064 In
2498 4010 2759 4064 Cataloeo
2813 4022 2990 4064 tamen
3085 4013 3387 4064 ibliothecze
3456 4019 3585 4064 illn-

328 4005 422 4077 f_o|.
443 4005 570 4073 212,
595 4007 854 4077 ὶιιᾲθιὶρἰε
883 4005 1069 4060 notula
1097 4025 1115 4077 :A
1140 4005 1494 4077 Liberetiam
1519 4005 1788 4073 ejusdem,
1806 4010 1898 4077 qui

2006 4011 2339 4081 charactere.
2393 4009 2449 4064 In
2498 4010 2759 4081 Catalogo
2813 4022 2990 4066 tamen
3039 4009 3387 4068 Bibliotheca:
3455 4019 3585 4073 illu-

323 4074 502 4154 Clavis
552 4092 581 4128 a
625 4075 1440 4154 _S.ﬁliieronymonixnseribitur,
1473 4074 1901 4154 _matiuscript'us
1991 4078 2388 4154 st_r_i_ss.domini
2416 4081 2483 4136 de
2512 4074 2764 4154 Μρεριὲε,
2791 4082 2847 4154 in
2890 4092 3082 4154 senatu
3112 4082 3411 4154 Parisiensi
3447 4101 3587 4154 pra:-

323 4147 597 4214 reperitur
624 4147 678 4200 in
699 4141 1035 4221 Bibliotheca
1059 4141 1163 4221 PP.
1194 4144 1267 4221 8ᾇ
1285 4143 1334 4198 J.
1366 4141 1612 4221 Parisiis,
1642 4149 1688 4202 si
1716 4141 1896 4221 tamen
2004 4151 2140 4221 sidis
2171 4150 2410 4214 infulati,
2434 4153 2529 4221 qui
2554 4153 2608 4205 in
2631 4141 2794 4206 Bern.
2817 4152 2885 4206 de
2906 4152 3257 4209 Montfaueon
3282 4141 3586 4210 Bibliothe—

324 4231 619 4295 germanus
670 4217 741 4295 sit
772 4216 956 4295 ﬁctus:
994 4214 1189 4295 Ericns
1231 4214 1515 4295 Benaelins
1569 4218 1897 4295 in_cp_islola
2004 4214 2555 4295 ea_.Di_l;lioth_e:_carunt
2598 4224 3098 4295 manuscriptorum
3127 4240 3290 4295 nova,
3332 4235 3468 4280 tom.
3517 4226 3584 4291 ll,

325 4284 559 4366 quadam
589 4285 787 4366 inedita
822 4287 887 4366 ad
912 4284 1142 4366 Gabium
1167 4303 1232 4366 in:
1270 4284 1541 4366 hicn-tonis
1563 4284 1781 4355 Asiani,
1812 4305 1900 4343 se-
2005 4284 2457 4366 fol_.'_1_1’_>26o15§_0,
2491 4284 2897 4366 exstat,_altum
2927 4295 2994 4347 de
3023 4293 3214 4366 Bibliis
3237 4284 3584 4366 Theodulphi

327 4353 494 4410 eundi
530 4357 714 4409 saeculi
745 4354 941 4418 Patris,
975 4355 1133 4419 liber,
1160 4353 1334 4408 Clanis
1368 4358 1564 4421 dictus,
1590 4373 1694 4412 ms.
1721 4353 1900 4413 exstat
2005 4371 2059 4414 et
2074 4359 2325 4416 Melitone
2346 4353 2642 4415 silentium.
2667 4353 2777 4417 Nec
2805 4364 3006 4417 mirum
3034 4385 3045 4417 :
3077 4365 3146 4418 ab
3172 4353 3588 4421 imperitissimo

327 4426 382 4503 in
415 4425 789 4503 vetustissimo
819 4426 1010 4503 codice
1032 4425 1689 4503 membranaceocollegii
1721 4429 1901 4503 Ludo-
2001 4431 2147 4485 enim
2191 4430 2482 4503 κονιστικῷ
2525 4432 2641 4503 haec
2683 4435 3180 4502 manuscriptorum
3226 4425 3585 4491 Hemmiano—

327 4496 430 4549 vici
460 4494 666 4573 Magni,
688 4496 770 4550 vel
793 4496 843 4573 _si
874 4495 1046 4550 mavis
1073 4493 1504 4573 Claromontani,
1538 4493 1640 4573 Pl".
1665 4497 1902 4573 Jesuita-
2001 4517 2124 4573 rum
2153 4493 2497 4573 consignatio
2526 4499 2630 4555 fuit
2653 4503 2923 4563 conlecta.
2950 4493 3111 4573 quem
3135 4521 3242 4558 non
3282 4506 3444 4559 aliter
3463 4522 3583 4560 ver-

328 4580 487 4630 runt;
538 4566 668 4619 illud
718 4567 862 4620 enim
913 4580 1112 4620 nomen
1156 4567 1362 4636 accepit
1390 4568 1675 4638 collegium
1732 4570 1898 4635 istud,
2003 4572 2110 4641 sat-7i
2140 4566 2534 4640 deprehendes,
2566 4587 2730 4641 quam
2765 4566 3142 4628 uttalia'dieat
3166 4575 3235 4629 de
3261 4576 3576 4630 codicibus:

327 4648 614 4704 postquam

434 4703 666 4777 Sustulit
689 4705 810 4758 hinc
836 4705 1041 4772 Iesum,
1064 4708 1338 4777 posuitque
1367 4708 1599 4777 insignia
1624 4707 1758 4777 regis

507 4773 683 4844 Impia
708 4793 851 4845 gens,
883 4773 1236 4830 alium'nescit
1253 4773 1450 4831 habere
1471 4773 1658 4831 Deum.

330 4845 708 4901 Describerem
742 4847 1190 4912 lubentissimus,
1215 4847 1322 4902 nisi
1355 4849 1612 4917 temporis
1645 4852 1897 4921 angustia

331 4925 620 4988 premeret.
654 4935 681 4988 ii

401 4985 994 5060 (_19)__Philipp_.__Labb.
1015 5027 1029 5050 ,
1068 4997 1199 5042 tom.
1244 4987 1284 5041 ll
1316 4986 1686 5056 Bibliotheca},
1722 5006 1776 5060 p.
1805 4989 1895 5056 87,

401 5001 514 5056 (ut)
550 5001 779 5109 rmqu.
825 5001 1029 5050 Laur»,
1068 5001 1199 5042 tom.
1245 5001 1284 5041 Il
1316 5001 1686 5056 monotnecw,
1722 5006 1776 5060 p.
1805 5001 1895 5056 δῑ,

330 5065 386 5111 et
416 5057 470 5130 in
502 5056 655 5110 Nova
728 5057 1011 5130 _ibliotheca
1045 5075 1172 5130 mss.
1213 5060 1579 5130 librorumts.
1619 5063 1898 5130 specimine

329 5128 689 5196 antiquarum,
717 5126 1000 5180 lectionum
1034 5127 1352 5182 Latinarum
1391 5139 1439 5181 et
1490 5126 1795 5184 ercarutn
1843 5133 1897 5184 in

329 5197 364 5250 4
400 5195 575 5271 partes
600 5195 941 5271 tributorum,
970 5196 1332 5271 Paris_._1655,
1358 5199 1412 5264 4,
1450 5208 1591 5271 part.
1629 5216 1688 5267 ιι,
1713 5217 1766 5271 p.
1791 5203 1855 5255 21
1880 5220 1893 5254 :

336 5285 356 5318 ι
391 5267 568 5321 Clavis
585 5283 752 5321 sacra:
773 5267 1084 5337 Scripturw,
1109 5269 1290 5323 Mileto
1325 5284 1419 5323 seu
1446 5267 1892 5337 Melltone,—Asia-

329 5351 424 5403 no,
467 5347 528 5392 ut
568 5337 776 5402 volunt,
820 5341 1076 5408 episcopo
1094 5347 1334 5393 auctore.
1375 5358 1394 5391 ι
1424 5339 1504 5392 Ex
1539 5341 1729 5396 codice
1760 5357 1892 5396 mss.

329 5408 528 5478 collato
556 5423 679 5461 cum
705 5409 1000 5478 appendice
1023 5410 1088 5462 ad
1118 5410 1282 5463 biblia
1306 5409 1419 5463 fere
1441 5425 1602 5464 aurea
1623 5410 1899 5465 Theodul-

330 5477 423 5544 pbi
466 5477 878 5550 Aurelianensis
922 5478 1198 5550 episcopi,
1234 5495 1356 5548 qua:
1407 5481 1685 5548 quantivis
1735 5483 1896 5550 pretii

328 5555 545 5601 exstant
574 5548 630 5602 in
660 5549 985 5604 bibliotheca
1016 5547 1343 5604 Memmiana
1382 5547 1509 5604 ante
1534 5547 1894 5622 octingentos,

2008 4659 2026 4690 ι
2065 4640 2144 4714 Un
2173 4643 2305 4696 livre
2329 4659 2422 4714 sur
2449 4640 2622 4707 veliti;
2647 4644 2791 4697 dcux
2816 4646 3060 4700 volumes
3081 4645 3578 4714 d'ancienspoétcs,

1999 4713 2179 4784 velin;
2219 4728 2293 4784 un
2318 4712 2422 4784 viel
2452 4715 2630 4781 poéte,
2665 4714 2778 4767 invb
2800 4754 2815 4776 ,
2856 4716 3033 4780 velin;
3081 4715 3204 4784 cinq
3240 4712 3425 4770 autres
3462 4732 3580 4770 ma-

2003 4783 2242 4853 nuscrits
2284 4781 2432 4849 in-l,
2469 4785 2691 4852 papier;
2731 4794 2925 4853 quatre
2964 4781 3292 4840 manuscrits
3333 4786 3578 4849 in-folio,

1999 4850 2134 4904 dont
2159 4853 2293 4906 trois
2318 4869 2415 4924 sur
2445 4850 2584 4924 velin
2607 4850 2764 4924 etuti
2795 4870 2862 4908 en
2890 4855 3101 4924 papier,
3129 4865 3232 4909 etc.
3268 4874 3287 4907 ι
3315 4853 3392 4910 Ne
3413 4856 3580 4910 (Edi-

2001 4935 2104 4988 pus
2140 4931 2324 4990 posset
2366 4922 2632 4976 divinare.
2671 4922 2970 4978 Debuisset
2999 4934 3054 4979 et
3091 4925 3226 4978 illud
3269 4927 3452 4982 adhuc
3478 4930 3580 4980 ad-

1999 4990 2390 5065 derescilicet,
2426 5008 2496 5065 an
2529 5009 2764 5057 asseres,
2801 4996 2896 5065 qui
2935 4996 3151 5050 codices
3172 4996 3450 5062 cohibent,
3481 5000 3579 5051 ab-

1999 5061 2144 5137 iegni
2176 5077 2247 5117 an
2284 5064 2526 5137 quercei,
2554 5061 3056 5137 crassiatiqlenues
3077 5067 3228 5137 sint:
3271 5076 3326 5120 et
3361 5082 3430 5120 e-x
3469 5082 3582 5137 quo

1999 5134 2171 5206 corio,
2219 5148 2288 5186 an
2335 5134 2555 5199 bovino,
2601 5149 2670 5188 an
2703 5135 2956 5201 vitulino,
3003 5136 3294 5206 ansuillo,
3347 5134 3578 5206 ligatum

1999 5203 2237 5256 exterior
2261 5214 2491 5276 constet,
2515 5213 2571 5258 et
2598 5210 2682 5260 sic
2706 5205 2935 5261 dixisset
2957 5205 3163 5270 omnia,
3191 5222 3313 5276 quae
3330 5203 3578 5262 de'codd.

1999 5285 2162 5326 nosse
2185 5288 2378 5342 parum
2403 5274 2585 5342 refert.

2070 5341 2191 5412 (‘20)
2222 5343 2354 5397 Vide
2406 5341 2763 5397 Nachrichten
2809 5360 2906 5398 von
2957 5347 3101 5399 einer
3149 5345 3461 5401 Hallischen
3488 5346 3581 5401 Bi-

2000 5409 2342 5486 blio_tltek,_22
2365 5413 2533 5486 stuclt,
2569 5430 2693 5486 pag.
2718 5413 2843 5481 560,
2877 5426 2992 5469 not.
3020 5418 3074 5473 1.

2075 5482 2182 5552 (9.1)
2223 5482 2453 5538 Crusius
2499 5482 2822 5539 iii—Dissert.
2857 5486 3134 5555 epistolica
3162 5487 3232 5540 ad
3267 5485 3395 5541 Chr.
3433 5485 3581 5540 Wor-

2000 5556 2187 5618 miunt,
2215 5569 2337 5624 pag.
2365 5555 2456 5608 15.

335 5724 343 5736 ξ
393 5662 1081 5736 ἶᾘθεηιιιριιεθηρνᾳξιριιιυδ,
1119 5679 1218 5734 non
1259 5663 1960 5736 ptm_slilil_._ngla_vis_textumh
1985 5670 2232 5736 integrum
2276 5685 2345 5736 ex_
2388 5671 2557 5723 codice
2593 5671 2943 5736 Argentincusi
2978 5687 3139 5736 nuper
3181 5672 3335 5723 edidit
3356 5672 3420 5723 D.
3445 5669 3581 5722 Pitra

332 5724 383 5771 in
404 5728 533 5770 torno
560 5725 600 5772 11
625 5722 875 5790 Spicilégii
900 5722 1234 5778 Selesmensts.
1260 5722 1445 5790 Paris,
1471 5729 1607 5790 1852,
1633 5731 1761 5790 ιιι-1,
1791 5745 1872 5793 ap.
1908 5722 2282 5783 FirminVDidot.
2312 5733 2446 5782 Emr.
