3790 6212
317 236 452 292 1201
1191 240 1492 298 ΝΟΤΙἸΊΑ.
1522 272 1592 283 -
1620 242 1682 297 ll.
1716 239 1804 298 DE

2075 243 2151 298 'lS
2193 243 2250 296 S.
2293 241 2596 298 MELITON
2604 244 2685 298 IS.
3434 252 3572 306 1202

307 368 439 408 num
466 354 928 424 appellationibus.
956 356 1089 426 Cap.
1110 357 1164 424 9,
1190 357 1253 412 de
1280 358 1440 412 variis
1479 357 1825 426 wdiﬁciorum
1851 356 2117 410 vocabulis
2141 373 2158 409 :
2185 357 2238 411 in
2263 373 2372 427 quo
2401 367 2579 412 tamen
2623 357 2798 427 capite
2840 359 3000 430 longe
3040 361 3196 430 plura
3239 370 3562 420 tractantur.

303 441 445 516 Cap.
475 447 561 514 10,
588 449 651 502 de
675 449 902 503 metallis
918 457 965 503 et
984 449 1126 516 aliis,
1156 451 1262 503 sive
1291 450 1506 519 hisque:
1520 466 1584 504 ea:
1610 449 1837 502 metallis
1851 450 2005 518 ﬁunt.
2035 447 2169 518 Cap.
2197 449 2284 513 11,
2316 449 2378 504 de
2405 451 2766 503 instrumentis
2785 449 2985 505 bellicis
3011 464 3060 506 et
3081 453 3293 508 militia.
3323 456 3455 525 Cap.
3479 458 3568 522 12,

306 535 379 589 de
415 541 758 597 animalibus.
817 542 952 612 Cap.
989 544 1076 610 15,
1120 543 1186 596 de
1237 543 1418 597 bestiis
1477 553 1527 596 et
1557 543 1760 596 cwteris
1789 544 2167 597 animantibus.
2212 541 2330 598 Huc
2365 559 2541 614 usque
2572 544 2696 600 cod.
2730 543 3081 602 Mesmianus.
3127 545 3288 613 Nota,
3324 564 3410 614 ea,
3443 565 3567 619 qua:

306 626 414 684 hoc
443 631 621 701 capite
649 641 978 700 tractantur,
1009 635 1062 688 in
1089 633 1274 702 plures
1309 641 1544 702 possunt
1572 631 1751 686 adhuc
1773 633 1940 687 dividi
1973 634 2244 688 sectiones
2279 652 2292 687 :
2327 635 2508 704 agitur
2533 636 2680 690 enim
2703 647 2965 706 praeterea
3001 655 3222 710 quoque
3245 641 3312 696 de
3338 658 3479 713 aqua
3509 651 3566 696 et

303 724 470 790 mari,
495 725 563 780 de
586 727 904 784 nominibus
933 727 1361 798 provinciarum,
1388 727 1675 796 regionum
1714 735 1768 781 et
1802 727 2106 792 civitatum,
2137 728 2204 783 de
2235 729 2475 798 piscibus
2504 737 2558 782 et
2595 727 2941 786 ﬂuminibus.
2971 729 3027 782 ln
3057 731 3230 785 altero
3253 733 3443 789 codice
3477 750 3566 790 se-

300 829 554 889 quuntur
580 823 764 878 adhuc
808 823 914 878 alia
944 823 1121 893 capita
1171 842 1183 877 :
1231 822 1364 892 Cap.
1417 823 1506 887 14,
1565 822 1630 875 de
1676 822 1981 878 civitatibus
2012 827 2119 878 sive
2160 825 2463 893 provinciis.
2489 825 2628 894 Cap.
2666 825 2755 892 15,
2800 825 2862 880 de
2893 827 3198 895 ﬂuminibus
3233 838 3281 882 et
3314 829 3552 898 piscinis.

295 915 439 987 Cap.
473 914 561 984 16,
592 915 655 970 de
679 915 887 986 populis
908 925 960 969 et
992 915 1252 986 gentibus.
1275 915 1408 987 Cap.
1438 915 1525 974 l7.
1557 916 1621 970 de
1651 916 1948 971 nominibus
1971 917 2272 972 Hebraicis.
2302 917 2408 974 Sed
2443 919 2545 973 hoc
2563 919 2676 988 jam
2705 919 2838 974 satis
2870 919 2937 974 de
2957 919 3061 974 hac
3089 920 3267 975 Clave.

1189 1069 1216 1139 §
1260 1068 1374 1124 XX.
1418 1070 1494 1124 De
1521 1070 1656 1125 libro
1697 1071 1832 1142 Περὶ
1853 1071 1949 1142 τῆς
1977 1071 2370 1142 ἀποκαλύψεως
2410 1073 2676 1127 Ἰωάννου.

370 1209 510 1277 Quid
541 1210 595 1264 in
625 1211 766 1266 libro
797 1209 937 1278 Περὶ
966 1210 1076 1279 τῆς
1099 1210 1536 1281 ἀποκαλύψεως
1574 1211 1851 1266 Ἰωάννου

2071 1220 2275 1277 noster,
2309 1229 2417 1267 non
2439 1222 2652 1270 constat
2683 1223 2818 1270 tuto.
2845 1215 3200 1271 Clarissimus
3227 1215 3428 1270 Millius
3449 1214 3563 1283 (22)

291 1301 506 1363 credit,
560 1316 686 1355 eum
729 1301 942 1372 integro
993 1303 1392 1356 commentario
1445 1303 1751 1358 illustrasse
1795 1301 2192 1374 Apocalypsin,
2228 1320 2349 1375 quae
2405 1305 2708 1375 probabilis
2759 1307 3049 1362 admodum
3092 1317 3146 1362 et
3175 1307 3308 1361 mihi
3349 1305 3566 1361 videtur

291 1393 635 1462 conjectura.
669 1392 879 1448 Poterit
910 1393 1138 1462 proinde
1173 1396 1257 1450 vel
1292 1411 1359 1450 ex
1391 1397 1548 1450 titulo
1580 1397 1744 1465 hujus
1785 1395 1907 1449 libri
1943 1394 2185 1452 Joannes
2227 1413 2390 1453 verus
2415 1397 2819 1467 Apocalypseos
2857 1407 3048 1453 auctor
3082 1397 3358 1453 Melitonis
3398 1397 3563 1452 etiam

290 1484 643 1552 testimonio,
706 1487 1053 1556 comprobari
1109 1505 1124 1544 :
1178 1496 1397 1542 constat
1451 1489 1597 1542 enim
1657 1489 1726 1542 de
1779 1497 2002 1544 auctore
2063 1489 2480 1558 Ἀποκαλύψεως
2547 1490 2780 1544 multum
2842 1489 2956 1559 jam
3023 1490 3332 1544 dubitatum
3394 1489 3565 1543 fuisse

288 1597 324 1636 a
353 1580 663 1648 veteribus,
709 1583 1067 1652 eamdemque
1105 1597 1136 1636 a
1164 1581 1463 1642 Cerintho,
1501 1582 1888 1646 hmresiarcha.
1926 1582 2182 1652 scriptam
2237 1584 2540 1638 asseruisse
2588 1592 2862 1638 vetustum
2911 1583 3052 1652 apud
3095 1582 3392 1636 Eusebium
3446 1581 3560 1653 (23)

288 1683 608 1741 auctorem,
647 1689 810 1744 quem
850 1673 1144 1746 Dionysius
1174 1674 1288 1744 (24)
1321 1673 1724 1729 Alexandrinus
1765 1672 1981 1736 refellit,
2019 1675 2276 1730 dubitans
2312 1684 2490 1730 tamen
2525 1675 2730 1741 adhuc,
2766 1685 2950 1730 utrum
2979 1674 3218 1729 Joannes
3247 1675 3550 1744 apostolus,

286 1785 359 1824 an
401 1768 654 1840 quisquis
701 1769 844 1824 alius
881 1770 1048 1839 hujus
1085 1769 1329 1823 nominis
1371 1769 1775 1840 Apoealypseos
1821 1779 2012 1824 auctor
2056 1771 2147 1826 sit.
2197 1769 2370 1824 Porro
2401 1768 2678 1826 Justinum
2716 1786 2934 1840 quoque
2979 1780 3031 1824 et
3073 1769 3334 1823 Irenaeum
3359 1811 3373 1834 ,
3412 1769 3559 1823 circa

283 1861 478 1918 eadem
508 1871 788 1932 tempora,
835 1861 1202 1934 Apocalypsin
1252 1863 1641 1932 interpretatos
1685 1877 1840 1926 esse,
1872 1861 2234 1933 Hieronymus
2279 1862 2393 1932 (25)
2449 1870 2700 1917 testatur.
2755 1862 3004 1931 Cumque
3039 1861 3106 1915 ad
3133 1860 3376 1914 divinam
3411 1861 3553 1915 hanc

281 1953 677 2009 revelationem
735 1953 932 2009 crebro
983 1961 1285 2022 provocent
1331 1952 1642 2019 Chiliastaa,
1704 1967 1813 2007 non
1886 1953 2243 2024 improbabile
2315 1952 2448 2006 mihi
2510 1953 2746 2017 videtur,
2806 1951 3151 2018 Melitenem,
3199 1953 3256 2006 in
3305 1952 3555 2007 eamdem

281 2047 743 2100 commentarium
776 2044 1144 2109 scribentem,
1181 2061 1307 2101 cum
1351 2047 1474 2102 aliis
1508 2062 1735 2117 quoque
1767 2048 1932 2117 hujus
1959 2048 2144 2103 saeculi
2171 2047 2425 2103 Patribus
2447 2088 2461 2112 ,
2509 2046 2875 2102 Chiliasmum
2918 2045 2971 2100 in
3002 2045 3192 2100 eodem
3224 2045 3553 2106 asseruisse,

279 2155 398 2194 non
432 2140 584 2194 illum
615 2140 835 2210 quidem
868 2156 1116 2196 crassum
1139 2183 1156 2208 ,
1191 2142 1288 2197 sed
1314 2143 1608 2198 mitiorem.
1642 2141 1882 2198 Ulterius
1912 2142 2109 2197 exinde
2133 2142 2319 2197 ethoc
2347 2152 2528 2212 patere
2554 2141 2790 2206 videtur,
2825 2140 3139 2196 Melitenem
3173 2153 3270 2208 per
3299 2138 3556 2210 angelum

280 2232 548 2290 Ecclesiae
582 2233 794 2299 Sardis,
823 2237 890 2290 ad
920 2251 1082 2307 quem
1119 2236 1367 2306 quintam
1391 2235 1619 2290 Joannis
1651 2237 1961 2306 epistolam,
1993 2251 2117 2305 cap.
2147 2243 2239 2301 ut,
2271 2234 2400 2301 l—6,
2441 2235 2623 2289 datam
2663 2233 2898 2305 legimus
2919 2273 2934 2298 ,
2965 2248 3074 2286 nou
3103 2245 3264 2300 posse
3301 2229 3552 2301 intelligi,

279 2341 350 2384 ut
379 2327 640 2398 quidam,
707 2344 848 2399 quos
903 2330 959 2384 in
1010 2330 1179 2401 priori
1241 2329 1662 2396 dissertatione,
1723 2330 1866 2401 §M,
1919 2327 2430 2398 aliisargumentis
2481 2327 2756 2392 relutavi,
2812 2326 3178 2391 contendunt;
3231 2323 3357 2393 quis
3405 2322 3552 2378 enim

281 2421 506 2486 credat,
538 2419 845 2475 Melitenem
893 2421 948 2475 in
988 2422 1266 2492 propriam
1316 2423 1709 2492 turpitudinem
1753 2422 2209 2477 commentarium
2255 2419 2602 2476 condidisse?
2645 2418 2885 2474 Tandem
2928 2419 3033 2473 hoc
3065 2431 3287 2487 quoque
3330 2431 3547 2476 moneo.

275 2512 339 2568 in
383 2513 582 2583 insigni
628 2513 965 2569 Bibliotheca
1026 2515 1242 2569 lenensi
1295 2514 1745 2569 Commentariun
1783 2515 2220 2584 Apocalypticum
2260 2512 2482 2567 nomine
2532 2511 2804 2566 Melitonis
2849 2510 3174 2580 perantiqua
3224 2508 3549 2563 membrana

272 2604 548 2675 scriptum
580 2604 804 2673 haberi,
838 2619 1004 2675 quem
1045 2605 1196 2659 illum
1229 2605 1416 2675 ipsum
1451 2606 1653 2659 librum
1688 2605 1763 2659 De
1786 2605 2103 2675 Apocalypsi
2132 2613 2287 2675 putat
2313 2603 2398 2658 Jo.
2431 2601 2630 2659 Gottl‘r.
2660 2601 2910 2657 Olearius
2942 2601 3080 2672 (26).

1326 2759 1354 2831 ᾗ
1395 2759 1536 2814 XXI.
1586 2759 1655 2813 De
1700 2759 1836 2813 libro
1886 2760 2025 2832 Περὶ
2070 2758 2388 2830 ὲνσωμάτου
2417 2758 2595 2813 Θεοῦ.’

347 2911 424 2969 De
457 2913 598 2970 libro
627 2915 767 2984 Περὶ
812 2914 1159 2985 ὲνο-ωμάτου
1210 2915 1379 2982 Θεοῦ,
1418 2914 1510 2985 qui
1571 2914 1712 2969 inter
1761 2928 1844 2968 om

2046 2929 2169 2984 [uos
2214 2923 2400 2969 noster
2444 2913 2690 2983 scripsit,
2738 2913 2955 2968 exsistit
3000 2911 3238 2966 maxime
3274 2910 3543 2976 celebris,

270 3004 511 3075 plurima
541 3006 813 3061 disserere
849 3022 1063 3077 possem
1090 3047 1106 3073 ,
1154 3015 1338 3076 utpote
1367 3007 1461 3077 qui
1498 3007 1550 3060 in
1583 3023 1751 3062 causa
1794 3021 1917 3062 esse
1946 3005 2181 3072 videtur,
2207 3022 2307 3061 cur
2330 3007 2641 3061 venerabile
2673 3005 2949 3061 Melitonis
2976 3021 3173 3060 nomen
3203 3006 3254 3058 in
3288 3006 3539 3075 catalogo

270 3099 661 3156 haereticorum
700 3109 1016 3170 compareat
1058 3101 1240 3157 hodie.
1274 3101 1372 3157 Ast
1404 3117 1526 3156 cum
1555 3102 1816 3172 peculiari
1871 3102 2292 3168 schediasmate,
2328 3103 2394 3157 de
2421 3100 2901 3156 Melitonianorum
2950 3100 3173 3167 haeresi,
3207 3109 3261 3154 et
3285 3099 3545 3157 Melitone

269 3204 343 3244 ex
384 3191 767 3244 haereticorum
805 3192 982 3246 classe
1016 3191 1341 3260 eximendo,
1384 3207 1546 3263 agere
1584 3193 1969 3247 constituerim
1996 3233 2010 3256 ,
2064 3194 2181 3247 haec
2212 3193 2395 3247 omnia
2440 3193 2552 3262 jam
2587 3192 2798 3246 mittam
2825 3234 2838 3258 ,
2898 3189 3142 3258 illudque
3185 3207 3332 3246 nunc
3377 3194 3541 3247 unice

270 3283 501 3349 notabo,
533 3289 788 3337 auctores
818 3283 872 3336 in
901 3281 1092 3336 Latine
1127 3283 1400 3337 reddendo
1430 3283 1588 3336 titulo
1616 3283 1780 3355 hujus
1810 3285 1931 3339 libri
1967 3284 2120 3338 valde
2150 3299 2272 3339 esse
2301 3285 2568 3340 diversos.
2603 3284 2850 3340 Bullinus
2880 3283 2956 3337 De
2982 3283 3087 3337 Deo
3120 3299 3334 3354 corpore
3351 3286 3541 3346 induto

268 3377 474 3442 vertit,
524 3391 656 3444 seu,
707 3386 767 3431 ut
821 3376 1142 3447 loqueretur
1187 3379 1420 3434 fortasse
1454 3379 1860 3443 Tertullianus,
1912 3388 2210 3449 corporato.
2262 3377 2448 3434 Sixtus
2493 3379 2788 3443 Senensis,
2837 3380 2976 3446 Περὶ
3027 3377 3347 3447 ἀσωμάτου
3387 3384 3535 3437 Θεοῦ

269 3469 494 3539 legens,
530 3469 698 3534 dixit,
733 3485 858 3524 eum
912 3470 965 3524 in
1020 3470 1152 3525 illud
1187 3471 1463 3526 Geneseos
1495 3487 1508 3522 :
1547 3468 1836 3522 Faciamus
1880 3471 2163 3533 hominem,
2214 3470 2503 3540 scripsisse
2540 3469 2738 3522 librum
2778 3484 2947 3522 unum
2978 3467 3053 3522 De
3079 3467 3186 3521 Deo
3213 3469 3268 3522 in
3294 3485 3534 3539 corpore.

271 3561 546 3629 Valesius,
577 3563 871 3619 Bollandus
905 3563 1039 3631 (27),
1081 3563 1296 3620 Ceillier
1347 3565 1547 3635 aliique
1592 3563 1945 3620 reddiderunt
1981 3563 2075 3634 De)
2100 3563 2500 3628 Incarnatione,
2538 3564 3089 3634 Christophorsonus.
3133 3565 3345 3621 Caveas
3380 3564 3534 3634 (28),

271 3652 545 3724 Dupinius
582 3652 717 3724 (29),
757 3652 944 3723 Steph.
977 3653 1250 3726 Lemoyne
1289 3654 1426 3726 (50),
1461 3654 1720 3708 Suicerus
1753 3653 1890 3723 (51),
1929 3653 2001 3706 De
2027 3653 2132 3708 Deo
2178 3656 2476 3708 incarnato.
2517 3654 2765 3710 Versioni
2812 3653 3117 3710 Valesianae
3163 3657 3340 3714 libens
3392 3657 3530 3713 sub~

269 3747 538 3804 scriberet
575 3746 991 3808 Tillemontius,
1037 3746 1144 3801 nisi
1189 3745 1517 3801 Theodoreti
1557 3753 1610 3800 et
1637 3744 1902 3799 Gennadii
1954 3746 2201 3801 obstaret
2246 3747 2567 3810 auctoritas,
2623 3761 2859 3817 quorum
2900 3747 2989 3801 ille
3045 3747 3162 3818 (52)
3197 3763 3262 3802 ex
3291 3746 3532 3818 Origene

270 3839 428 3895 aB‘ert
477 3839 690 3904 locum,
731 3837 820 3891 ubi
855 3836 1036 3892 Melite
1088 3839 1156 3893 iis
1199 3838 1403 3892 diserte
1452 3837 1875 3903 adnumeratur,
1926 3838 2020 3908 qui
2073 3837 2362 3907 imaginem
2404 3837 2496 3892 Dei
2551 3838 2606 3891 in
2651 3853 2882 3908 corpore
2933 3838 3177 3892 hominis
3226 3839 3535 3894 consistere

269 3931 648 3996 allirmarunt,
685 3929 995 3998 diciturque
1024 3943 1149 3982 eum
1194 3927 1620 3983 commentarios
1651 3928 1766 3982 relit

2036 3926 2132 3994 ’epl
2161 3927 2266 3981 τοῦ
2299 3927 2649 3996 ἐνσώματον
2676 3924 2829 3982 εἶναι
2869 3926 2976 3980 τὸν
3007 3928 3174 3992 Geor,
3206 3927 3277 3982 De
3309 3944 3368 3984 eo
3393 3931 3533 4000 quod

271 4026 412 4077 Deus
433 4025 502 4076 sit
530 4037 837 4091 corporeus:
863 4020 949 4074 hic
967 4021 1076 4091 (55)
1097 4035 1220 4074 vero
1243 4020 1426 4086 tradit,
1454 4018 1760 4074 Melitenem
1792 4028 1846 4074 et
1874 4018 2268 4073 Tertullianum
2302 4034 2628 4090 corporeum
2659 4020 2790 4090 quid
2826 4019 2879 4074 in
2911 4019 3179 4076 Trinitate
3207 4023 3530 4089 credidisse,

268 4117 398 4170 licet
425 4123 653 4184 uterque
684 4130 750 4169 ex
777 4113 956 4167 classe
991 4111 1674 4180 Anthropomorphitarum
1725 4112 2004 4166 eximatur
2032 4126 2287 4179 expresse
2335 4126 2366 4164 a
2397 4111 2699 4166 Gennadio.
2755 4111 2864 4167 Sed
2920 4113 2975 4167 in
3019 4113 3136 4168 haec
3179 4115 3366 4170 omnia
3412 4117 3531 4187 jam

267 4227 382 4268 non
429 4211 701 4280 inquiram
724 4249 738 4274 ,
775 4207 828 4263 id
867 4207 1057 4262 saltem
1109 4207 1286 4261 adhuc
1318 4207 1553 4273 addens,
1603 4203 2023 4277 Hieronymum,
2060 4203 2390 4260 inlindicule
2430 4221 2531 4261 suo
2572 4206 2838 4261 librorum
2879 4223 2910 4262 a
2935 4207 3187 4263 Melitone
3219 4209 3535 4280 editorum,

340 4387 360 4599 ἓ

363 4386 454 4455 22)
494 4383 719 4450 Millius,
754 4382 1058 4455 Prolegom.
1081 4384 1136 4436 in
1163 4381 1236 4438 N.
1264 4381 1680 4455 Testamtnum.
1709 4381 1838 4436 227.
1943 4391 2157 4455 auteurs
2197 4383 2641 4455 ec_clésiastiques,
2691 4400 2816 4455 pag.
2850 4385 2938 4448 65,
2971 4393 3086 4440 not.
3116 4401 3147 4440 c
3181 4403 3192 4438 :
3226 4406 3244 4438 ι
3275 4386 3352 4455 De
3387 4387 3530 4442 Dieu

362 4452 454 4524 25)
497 4455 696 4510 Euseb.
734 4454 879 4508 Hist.
909 4452 1092 4508 eccles.
1118 4455 1326 4524 libum,
1354 4468 1474 4524 cap.
1502 4452 1647 4524 28.___

2030 4456 2175 4524 arné.
2231 4452 2312 4507 En
2341 4469 2467 4523 grec
2507 4452 2648 4522 Περὶ
2685 4452 3032 4524 ἐνὰωμάτου
3063 4457 3230 4510 Θεοῦ.
3273 4454 3524 4513 D’autres

361 4521 454 4587 24)
493 4527 650 4594 Apud
682 4525 932 4581 eumdem
969 4524 1168 4580 Euseb.
1199 4522 1344 4578 Hist.
1366 4522 1551 4576 eccles.
1594 4521 1687 4576 lib.
1719 4535 1838 4586 vm,
1941 4523 2257 4597 expliqueut
2287 4521 2365 4580 ce_
2399 4521 2629 4597 passage
2681 4521 3008 4597 autreinent,
3045 4535 3099 4580 et
3126 4535 3224 4580 ont
3258 4541 3357 4581 cru
3387 4528 3524 4597 qu‘i!

266 4593 389 4668 cap.
411 4593 556 4668 25.;
922 4665 931 4668 _
1018 4664 1043 4668 _
1153 4664 1162 4668 _
1402 4664 1413 4668 _
1769 4661 1779 4668 _
1943 4595 2246 4668 ayaitAtenu
2294 4610 2400 4668 que
2429 4593 2728 4651 Dieu'était
2755 4597 3022 4668 corporei,
3057 4597 3196 4652 mais
3238 4597 3284 4650 la
3317 4593 3525 4667 prdpre

342 4661 456 4739 (25)
496 4666 860 4739 Hieronymus
918 4665 974 4718 in
1003 4664 1262 4736 Catalogo
1307 4664 1627 4733 scriptorum
1671 4661 1839 4716 eccle-
1943 4661 2327 4739 signiﬁcation
2359 4667 2432 4719 du
2469 4677 2584 4739 met
2627 4661 2879 4739 grecesi
2921 4667 3059 4739 gelle
3090 4681 3218 4739 _que
3269 4661 3525 4739 noua—lui

266 4735 583 4806 siastscap.
613 4738 670 4790 9.
706 4735 716 4737 “
775 4806 781 4807 ί
862 4804 940 4807 μ
966 4803 994 4807 μ
1068 4805 1078 4807 4
1322 4805 1329 4807 A
1941 4748 2111 4807 avens
2140 4735 2372 4807 donnée.
2404 4735 2655 4807 Origene,
2681 4735 2786 4790 cité
2807 4752 2904 4807 par
2921 4735 3249 4801 Theodoret,
3267 4738 3523 4806 question

339 4809 454 4882 (26)
493 4803 835 4882 σκοτίας-111
855 4803 1183 4858 Bibliotheca
1225 4805 1542 4873 scriptorum
1585 4807 1838 4862 ecclesia-
2137 4804 2391 4882 Exortum
2426 4803 2773 4882 (in—_Genesin
2808 4803 3050 4882 ’tlgiebat
3100 4803 3378 4882 esse),'dit
3415 4823 3525 4876 quo

265 4871 544 4942 uicorum,
578 4893 702 4947 pag.
732 4875 860 4929 485.
935 4945 943 4947 _
1022 4946 1028 4947 ί
1098 4945 1154 4947 _,
1334 4871 1340 4873 ν
1439 4945 1444 4947 _

2030 4875 2162 4928 liton
2195 4876 2342 4929 avait
2379 4871 2543 4947 laissé
2578 4893 2650 4930 un
2691 4879 2827 4932 livre
2858 4877 2998 4943 Περὶ
3034 4876 3140 4930 τοῦ
3175 4871 3523 4946 immitia.-

340 4949 472 5021 (27)
495 4944 790 5021 Bollandus
823 4947 876 4998 in
909 4945 1057 5021 Actis
1085 4945 1182 5021 _SS.
1214 4961 1387 5021 mens.
1425 4945 1594 5021 April.
1627 4957 1760 5003 tom.
1797 4947 1836 5010 l,
1940 4944 2275 5021 elratesdr,
2314 4963 2420 5015 quc
2453 4945 2584 5002 Dieu
2619 4947 2752 5003 était
2780 4947 3048 5017 corporei,
3081 4961 3143 5001 ce
3175 4947 3269 5017 qui
3313 4944 3525 5002 revient

303 5013 393 5089 ag.
423 5013 520 5072 ll:
569 5036 589 5069 ι
636 5016 693 5070 lu
729 5017 868 5089 libro
911 5016 1050 5083 Περὶ
1075 5016 1422 5085 ἑνσωμάτου
1460 5019 1629 5083 Θεοῦ,
1678 5035 1800 5088 quer

932 5016 1050 5083 Ἰερὶ
1075 5016 1422 5085 ἑνσωμάτου
1460 5019 1629 5083 Θεοῦ,
1678 5035 1837 5088 quem
1942 5013 1973 5067 ἐι
2006 5016 2198 5089 l‘autre
2234 5013 2380 5089 scus.
2412 5036 2429 5066 ι

303 5037 393 5089 ag.
423 5037 520 5072 l'l:
569 5037 589 5069 ί
636 5037 693 5070 ιιι
729 5037 868 5071 ΗΙΠὉ
911 5037 1050 5083 Περι
1075 5037 1422 5085 ενσωματου
1460 5037 1629 5083 σεου,
1678 5037 1837 5088 quem
1942 5037 1973 5067 il
2006 5037 2198 5069 lilllll'e
2234 5037 2380 5070 SUIIS.
2412 5037 2430 5066 ι

267 5037 346 5146 lite
371 5090 738 5143 incarnatione
772 5087 864 5139 Dei
891 5102 1024 5157 cum
1071 5088 1192 5141 aliis
1240 5091 1575 5157 interpretati
1625 5105 1836 5151 smnus,
2019 5086 2129 5157 (50)
2172 5085 2472 5157 laerMoyne
2495 5086 2562 5157 in
2605 5086 2726 5157 Var.
2755 5103 2892 5141 sacr.
2924 5102 3045 5157 pag.
3077 5087 3201 5142 199.

265 5161 511 5216 ostendit
560 5157 852 5228 Dionysius
888 5155 1160 5219 Petavius,
1201 5158 1295 5211 lib.
1328 5173 1368 5210 ll
1412 5156 1839 5228 Tltealogicorum
2012 5155 2126 5264 (’31)
2182 5155 2440 5212 Suicerus
2490 5156 2545 5212 in
2581 5156 2832 5211 Thesaur.
2880 5155 3064 5211 eccles.
3109 5165 3242 5212 tom.
3286 5155 3364 5221 ll,
3420 5156 3518 5212 fol.

268 5233 574 5264 .r...............
635 5243 735 5264 ρο..
785 5231 807 5264 4
891 5227 1112 5264 imninui
1151 5227 1478 5264 ..ιιηνῖηηηη
1523 5231 1835 5264 “animm...
1943 5228 2000 5264 η
2042 5227 2081 5264 θ

266 5233 599 5301 dogmatnm,
635 5227 755 5301 cap.
785 5231 839 5291 1,
891 5227 1114 5301 impingi
1149 5229 1218 5281 ab
1245 5227 1478 5301 Origene
1523 5227 1837 5301 opinionem
1943 5227 2082 5301 1122.

791 5267 1478 5364 ’ξειιέρῗὶίῗ-ὦλνξξξῆξξ
1948 5267 2124 5366 ..(52)
2155 5295 2546 5368 Theodoretus,
2579 5296 2871 5368 Quwstiqn.
2901 5297 2957 5350 in
2982 5295 3227 5368 Genesin,
3265 5313 3357 5364 xx,
3390 5312 3519 5367 cpe-

267 5365 440 5425 Deum
472 5365 978 5437 esse—corporeum.
1014 5387 1030 5419 ι
1619 5365 1631 5368 ’
1942 5365 2061 5423 rum
2099 5365 2231 5437 tom.
2263 5365 2303 5432 Ι,
2340 5383 2466 5436 pag.
2492 5368 2581 5422 21.
2617 5367 2758 5422 Edit.
2796 5366 3094 5420 Sirmondi.

251 5465 318 5516 g_
339 5439 460 5516 (28)
502 5436 962 5516 Caveusiscript;
1006 5437 1190 5516 ecclgs.
1214 5438 1339 5516 hist.
1385 5438 1552 5492 litter.
1580 5453 1702 5507 pag.
1727 5438 1833 5516 42.;
1949 5509 1959 5516 -
2018 5437 2129 5507 (55)
2162 5436 2479 5516 Gennadius
2507 5439 2713 5492 Massil.
2748 5437 2822 5490 De
2847 5436 3515 5516 ecclgsigticisfegmgi—

253 5505 410 5580 Ἡερὶ
435 5505 782 5578 ἐνσωμάτου
809 5505 984 5589 Θεοῦ,⁸
1012 5509 1083 5589 ρο
1103 5507 1212 5561 Deo
1249 5507 1376 5589 (non
1404 5505 1688 5589 corporeo;
1721 5524 1745 5562 s

2019 5505 2059 5569 ς,
2088 5508 2293 5589 c:Ip._
2327 5505 2479 5561 Nihil
2496 5516 2911 5589 c-orporenurn,-ut
2938 5506 3120 5589 Melito
3151 5516 3206 5589 et.
3227 5505 3516 5561 Tertullia-

267 5575 569 5658 cotfporato,
592 5575 700 5634 'seu
732 5593 947 5648 corpore
967 5579 1172 5643 induto,
1202 5575 1265 5633 ut
1287 5578 1419 5633 olim
1446 5575 1689 5632 Bullinus
1719 5575 1838 5632 red-
1943 5595 2046 5658 nus
2071 5596 2082 5630 :
2113 5575 2251 5658 nihil
2289 5575 2641 5658 corporaliter
2660 5579 2966 5658 eﬁigiatum,
2995 5578 3518 5658 tit-Anthropomor-

268 5645 425 5707 didit.
824 5645 832 5648 ⁷
1943 5649 2085 5717 phus
2129 5657 2184 5701 et
2209 5645 2482 5706 Vadianus
2519 5665 2531 5699 :
2565 5645 2818 5703 nihiltibi
2858 5647 3122 5704 invisibile
3167 5664 3199 5702 a
3226 5645 3512 5710 creaturis,

338 5719 456 5790 (29)
512 5717 686 5790 Dupiu
721 5719 774 5774 in
813 5733 1014 5788 opere:
1055 5719 1306 5775 Nuurclle
1345 5717 1706 5788 Bibliothi’quc
1748 5717 1835 5772 des
1947 5728 2007 5774 ut
2031 5716 2314 5789 Origenes.

559 5734 686 5791 upm
721 5735 774 5774 tn
813 5733 1014 5788 opere:
1055 5732 1306 5775 .Vourctte
1345 5732 1706 5788 mutaturque
1748 5732 1835 5772 aes
1947 5732 2007 5774 ut
2031 5732 2314 5789 Ut‘tgcnes.
