3872 6210
330 283 470 339 ηοῦ
1376 288 1431 344 S.
1483 287 1740 345 MELITO
1783 289 1859 344 SA

2063 289 2091 345 tl
2132 288 2462 346 EPISCOPU
2473 288 2532 346 S.
3456 285 3592 341 1206

328 401 619 458 retinuisse
662 401 850 459 Graeca
902 402 1120 460 Eusebii
1170 405 1367 470 verba,
1424 408 1691 463 incertum
1745 409 1865 465 sine
1914 409 2114 476 dubio,
2162 409 2439 480 quomodo
2493 407 2764 463 Melitonis
2806 414 3042 462 mentem
3089 404 3296 477 absque
3326 406 3596 462 hereseos

331 495 654 567 suspicione
724 499 996 568 exprimat
1056 498 1268 556 Latine.
1338 498 1466 556 Haec
1509 502 1694 557 omnia
1745 504 1978 573 probare
2025 511 2314 573 poterunt,
2361 512 2612 558 nostrum
2661 502 2733 556 ob
2789 500 2898 555 hoc
2946 500 3211 569 scriptum
3264 515 3376 553 non
3427 498 3594 556 fuisse

329 589 518 644 statim
553 605 584 644 a
618 591 893 646 veteribus
925 591 1240 648 hatreticum
1285 601 1619 662 reputatum.
1660 594 1802 662 Quid
1849 596 1894 652 si
1929 612 2082 667 spem
2124 596 2344 663 fecero,
2375 611 2464 650 me
2501 595 2587 650 his
2620 593 2754 664 ipsis
2785 592 3016 663 plagulis
3044 591 3316 647 Melitonis
3342 591 3586 646 libellum

329 680 411 737 De
449 682 559 738 Deo
603 695 880 755 corporato
915 685 1056 741 forte
1082 687 1488 754 exhibiturum,
1523 697 1578 744 et
1601 704 1669 744 ex
1701 690 1930 760 ipsamet
1962 690 2128 745 libelli
2169 689 2510 758 inspectione
2539 686 2862 742 benevolum
2894 684 3176 741 Lectorem
3215 683 3594 740 convicturum

330 787 486 840 esse,
520 773 832 831 Melitenem
871 793 901 830 a
929 778 1080 848 gravi
1111 778 1212 833 hoc
1242 794 1428 836 errore
1464 780 1710 837 abfuisse
1740 799 1908 853 quam
1943 783 2285 853 longissime.

1431 896 1460 969 ᾗ
1501 897 1666 952 XXII.
1706 897 1783 953 De
1817 899 2078 969 Apologia
2119 897 2179 953 S.
2207 897 2500 952 Melitonis.

421 983 501 1039 Ad
532 984 652 1055 ejus
679 987 987 1060 Apologiam
1008 1030 1024 1056 ,
1059 1005 1157 1047 seu
1196 993 1255 1046 τὸ
1283 994 1438 1062 Πρὸς
1480 995 1824 1050 Ἀντωνῖνον
1849 996 2154 1061 βιϐλίδιον
2185 1012 2332 1050 nunc
2364 993 2522 1049 venio
2555 1010 2569 1045 :
2605 993 2685 1049 sic
2712 993 2928 1048 videtur
2963 989 3226 1060 inscripta
3275 989 3448 1045 fuisse
3480 989 3602 1044 hac

327 1070 590 1146 Apologia
639 1094 739 1149 pro
763 1080 1091 1141 Christianis
1139 1085 1206 1139 ad
1255 1085 1635 1155 imperatorem
1680 1087 1923 1144 Marcum
1959 1089 2239 1146 Aurelium
2268 1088 2603 1150 Antoninum
2630 1127 2645 1152 ,
2676 1085 3000 1156 cognomine
3045 1083 3462 1153 Philosophum,
3498 1081 3598 1152 qui

325 1165 399 1222 ab
432 1170 591 1225 annis
625 1171 832 1228 Christi
865 1175 960 1229 itii
990 1191 1166 1246 usque
1191 1176 1258 1232 ad
1290 1178 1394 1232 180
1423 1179 1652 1249 imperio
1688 1179 1939 1237 Romano
1971 1180 2223 1252 prmfuit,
2276 1191 2330 1236 et
2361 1196 2456 1250 per
2480 1180 2513 1235 9
2542 1179 2752 1248 priores
2806 1192 2981 1232 annos
3033 1191 3158 1231 cum
3219 1173 3391 1229 Lucio
3427 1172 3596 1237 Vero,

324 1257 529 1328 fratre,
587 1262 877 1334 imperium
924 1283 1219 1326 commune
1284 1271 1496 1326 habuit.
1547 1273 1854 1328 Βιθλίδιον
1891 1273 2094 1329 dicitur
2143 1274 2301 1340 ideo,
2355 1272 2504 1343 quod
2554 1272 2774 1343 proprie
2825 1279 2971 1326 esset
3023 1267 3238 1324 libellus
3283 1282 3508 1336 precum
3546 1275 3603 1321 et

327 1355 554 1425 supplex
602 1357 918 1428 imperatori
967 1361 1218 1427 oblatus,
1274 1379 1384 1417 non
1416 1379 1546 1418 vero
1598 1365 1813 1436 longior
1862 1367 2180 1437 integraque
2233 1366 2547 1437 dogmatum
2592 1363 3028 1419 Christianorum
3083 1361 3152 1415 ab
3199 1359 3602 1431 objectionibus

324 1459 380 1504 et
409 1449 699 1506 calumniis
733 1453 1014 1524 gentilium
1043 1455 1363 1521 vindicatio,
1399 1466 1459 1511 ut
1482 1466 1632 1528 patet
1664 1458 1747 1514 vel
1787 1475 1854 1513 ex
1901 1459 2022 1528 ipso
2066 1459 2209 1513 illius
2253 1458 2580 1528 fragmento,
2613 1457 2761 1528 quod
2799 1455 3009 1526 profert
3032 1453 3340 1510 Eusebius:
3374 1451 3602 1523 Ταύτην

324 1539 381 1594 δέ
415 1559 496 1597 σοι
533 1544 701 1618 μόνην
734 1548 1117 1621 προσφέρομεν
1144 1549 1347 1620 δέησιν.
1382 1549 1525 1604 Idem
1556 1551 1719 1606 etiam
1753 1550 1853 1605 fuit

2071 1569 2076 1601 ι
2102 1550 2382 1620 Apologia:
2409 1549 2610 1604 Justini
2641 1548 2918 1620 Martyris,
2955 1555 3014 1602 ut
3039 1563 3106 1602 ex
3137 1548 3243 1601 fine
3273 1545 3600 1616 posterioris

323 1635 652 1710 Apologetici
698 1641 818 1710 ejus
854 1651 1099 1706 constat,
1153 1643 1244 1697 ubi
1295 1643 1374 1698 sic
1415 1644 1664 1712 loquitur
1692 1643 1808 1714 (54)
1849 1664 1852 1696 :

2081 1646 2188 1714 μᾶς
2232 1640 2324 1698 οὖν
2359 1641 2618 1712 ἀξιοῦμεν
2667 1640 3096 1712 ὑπογράψαντας
3137 1639 3197 1692 τὸ
3227 1641 3355 1710 ὑμῖν
3387 1637 3601 1701 δοκοῦν,

322 1731 605 1806 προθεῖναι
637 1735 787 1787 τουτὶ
819 1735 878 1788 τὸ
908 1735 1196 1806 βιϐλίδιον,
1231 1755 1251 1789 ι
1275 1736 1618 1807 Quapropter
1658 1751 1757 1792 vos
1798 1752 2080 1807 rogamus,
2122 1747 2181 1791 ut
2227 1737 2696 1807 superscribentes
2729 1735 2877 1805 quod
2909 1733 3066 1788 vobis
3103 1735 3307 1802 placet,
3349 1733 3601 1788 libellum

321 1827 470 1884 hunc
505 1827 842 1897 proponatis.
875 1847 894 1880 ι
936 1831 1290 1884 Occasionem
1324 1831 1489 1901 hujus
1521 1831 1824 1886 scribenda:
1870 1831 2226 1900 Ἀπολογίας
2256 1831 2356 1901 ipsi
2393 1829 2852 1886 subministrabat
2881 1829 3073 1900 quinta
3103 1828 3208 1883 sub
3243 1827 3600 1897 imperatori-

324 1916 428 1972 bus
453 1917 575 1971 istis
611 1917 665 1971 in
691 1918 1037 1974 Christianos
1071 1921 1274 1992 agitata
1312 1923 1640 1992 persecutio.
1671 1920 1810 1976 Cum
1853 1922 1998 1975 enim
2032 1921 2101 1975 ab
2139 1920 2360 1977 Hellade
2396 1923 2466 1977 ad
2501 1922 2690 1978 Asiam
2739 1921 3007 1976 minorem
3046 1920 3357 1976 transiisset
3397 1930 3602 1991 tragoe—

322 2009 536 2064 diarum
563 2008 1110 2080 CallicarumJama,
1139 2023 1348 2070 etcum
1394 2014 1540 2070 fama
1585 2015 1770 2070 rabies
1818 2015 1873 2069 in
1902 2014 2284 2082 Christianos;
2338 2031 2479 2071 nova
2525 2015 2842 2088 regionibus
2883 2015 3024 2081 istis,
3061 2014 3383 2084 iniquorum
3419 2014 3600 2084 magi-

323 2109 594 2156 stratuum
621 2110 676 2157 et
705 2105 1096 2174 proconsulum
1127 2104 1344 2172 furore,
1381 2117 1500 2162 orta
1529 2113 1823 2176 tempestas
1853 2107 2200 2162 occasionem
2229 2109 2446 2164 dedisse
2473 2108 2689 2163 videtur
2711 2106 2981 2177 Apologiis
3008 2106 3281 2162 Melitonis
3308 2113 3364 2160 et
3388 2105 3601 2175 Apolli-

322 2192 498 2260 naris,
545 2209 658 2249 uno
689 2197 990 2268 eodemque
1035 2200 1276 2270 scriptis.
1308 2201 1390 2255 An
1437 2201 1572 2272 ipse,
1613 2201 1810 2256 itinere
1841 2200 2073 2256 Romam
2106 2204 2377 2270 instituto,
2421 2204 2742 2274 imperatori
2783 2203 3040 2257 obtulerit
3077 2201 3394 2271 Apologiam
3441 2214 3600 2254 suam

321 2284 528 2350 Melito,
577 2290 724 2359 quod
768 2306 834 2345 ex
876 2294 1063 2362 phrasi
1108 2295 1384 2362 ἐπέδωκε,
1416 2312 1524 2366 qua
1555 2311 1690 2351 usus
1727 2306 1812 2352 est
1852 2295 2122 2352 Eusebius
2169 2297 2223 2350 in
2251 2296 2536 2363 Chronico,
2579 2307 2635 2351 et
2663 2311 2828 2366 quam
2877 2295 2932 2349 in
2957 2294 3212 2350 versione
3259 2307 3358 2347 sua
3386 2292 3600 2361 pariter

321 2392 389 2433 ac
429 2378 484 2433 in
510 2377 768 2452 Catalogo
803 2384 1039 2438 virorum
1080 2386 1375 2442 illustrium
1418 2387 1647 2443 retinuit
1680 2403 1899 2459 quoque
1933 2388 2318 2459 Hieronymus,
2346 2389 2550 2458 colligit
2579 2386 2983 2453 Tillemontius,
3015 2393 3164 2440 certo
3193 2399 3304 2437 non
3332 2391 3553 2437 constat
3581 2397 3596 2434 :

321 2468 378 2524 id
415 2478 598 2527 tamen
625 2483 779 2528 extra
807 2475 1202 2532 dubitationem
1233 2479 1471 2548 positum
1497 2479 1730 2546 videtur,
1763 2479 1934 2534 fuisse
1958 2479 2062 2534 hoc
2095 2479 2347 2533 ultimum
2373 2478 2646 2534 Melitonis
2681 2478 2967 2548 scriptum,
2999 2491 3108 2546 quo
3140 2475 3277 2530 bene
3308 2475 3376 2528 de
3401 2473 3598 2529 Eccle-

320 2561 406 2618 sia
445 2565 672 2634 meruit;
709 2583 867 2636 nam,
903 2571 1115 2626 caeteris
1163 2573 1448 2629 recensitis
1486 2574 1643 2628 libris
1675 2573 1769 2628 ἐπὶ
1805 2592 1849 2627 πε

2059 2575 2177 2644 quit
2207 2573 2498 2641 Eusebius,
2531 2574 2713 2628 καὶτὸ
2751 2575 2908 2643 Πρὸς
2943 2574 3049 2628 τὸν
3097 2571 3458 2630 Ἀντωνῖνον
3485 2571 3586 2636 ,βι-

321 2657 588 2726 dudm;
629 2663 796 2732 quod,
836 2679 948 2734 quo
989 2666 1210 2721 demum
1251 2668 1600 2738 imperatoris
1643 2685 1788 2726 anno
1837 2672 2079 2727 oblatum
2111 2673 2216 2736 sit,
2252 2671 2446 2741 paucis
2487 2686 2636 2725 nunc
2675 2670 2783 2724 erit
2822 2669 3142 2724 videndum.
3198 2666 3258 2722 Si
3294 2666 3601 2722 Chronico!

321 2747 545 2807 Eusebii
583 2755 940 2823 evolvamus,
983 2759 1267 2828 sequentia
1323 2761 1397 2814 ibi
1439 2761 1720 2816 memoriae
1761 2763 1956 2824 tradita
2001 2762 2466 2834 deprehendimus
2494 2760 2638 2830 (35);
2682 2761 2789 2812 ΟΛ.
2833 2760 2997 2813 ΣΛΖ’.
3033 2759 3077 2812 Ι.
3113 2759 3284 2811 POA'.
3323 2755 3603 2810 ΚΛΑΡΟΣ

321 2843 414 2897 ΤΟ
448 2845 504 2898 Β
541 2847 662 2902 ΚΑΙ
702 2850 1054 2919 ΚΕΘΗΓΟΣ,
1105 2854 1354 2908 Μελίτων
1403 2855 1718 2928 Σαρδιανῶν
1761 2857 2057 2922 ἐπίσκοπος
2102 2859 2200 2929 τῆς
2227 2856 2426 2920 Λυδίας
2472 2855 2675 2926 βιϐλίον
2713 2856 3070 2924 Ἀπολογίας
3115 2851 3418 2924 Ἀντωνίνῳ
3459 2851 3602 2924 ὑπὲρ

319 2936 664 3010 Χριστιανῶν
691 2942 929 2998 ἐπέδωκε
952 2985 967 3010 ,
1012 2961 1132 3002 cam
1168 2947 1374 3004 scilicet
1406 2949 1657 3010 traditam
1687 2966 1830 3017 esse,

2071 2960 2108 3006 ξι
2132 2951 2371 3021 Cethego
2399 2966 2543 3006 coss.
2577 2949 2897 3021 Olympiade
2927 2963 3204 3010 ccxxxvu,
3237 2949 3381 3016 qna},
3416 2943 3600 2998 debita

321 3025 782 3100 chronologorum
835 3034 1082 3090 instituta
1132 3040 1562 3108 computatione,
1611 3041 1770 3096 anuis
1811 3051 1936 3111 post
1975 3041 2256 3098 Christum
2293 3043 2438 3096 natis
2467 3041 2708 3096 169-172
2766 3040 3082 3112 respondet,
3130 3049 3184 3094 ct
3233 3039 3287 3092 in
3319 3037 3600 3094 decimum

318 3115 527 3175 Aurelii
573 3122 832 3178 Antonini
882 3139 1086 3181 annum
1117 3126 1324 3182 incidit.
1359 3127 1561 3184 Eadem
1591 3131 1751 3187 habet
1797 3132 2058 3188 Chronici
2101 3131 2460 3187 Alexandrini
2511 3144 2703 3188 auctor
2768 3134 2903 3205 (56).
2952 3131 3095 3200 Quin
3147 3147 3216 3186 ex
3271 3130 3429 3200 ipsis,
3478 3145 3603 3199 qua:

319 3225 620 3282 supersunt
672 3218 834 3274 hodie
869 3221 1140 3293 Apologia:
1189 3223 1354 3294 hujus
1403 3224 1747 3296 fragmentis,
1791 3244 1917 3284 cum
1960 3229 2204 3284 veritatis
2246 3228 2483 3298 quadam
2532 3227 2712 3298 specie
2761 3226 3128 3298 colligendum
3173 3233 3277 3290 est,
3304 3240 3427 3279 eam
3465 3232 3596 3278 ante

319 3320 525 3363 annum
558 3309 682 3378 £70,
711 3313 806 3384 qui
840 3325 924 3370 est
949 3317 1156 3372 Aurelii
1184 3317 1444 3373 Antonini
1475 3320 1562 3387 l0,
1592 3337 1704 3391 quo
1751 3333 2004 3378 mortuus
2037 3324 2150 3393 jam
2199 3331 2322 3377 erat
2355 3321 2579 3387 Lucius,
2613 3339 2720 3376 non
2759 3320 2930 3376 fuisse
2957 3320 3222 3375 oblatam.
3244 3318 3418 3372 Aliter
3448 3317 3599 3371 enim

318 3407 466 3455 certe
507 3402 657 3460 illam
683 3403 857 3459 Lucio
897 3407 1104 3478 pariter
1143 3424 1208 3464 ac
1239 3409 1424 3466 Marco
1462 3412 1686 3467 Aurelio
1715 3413 1995 3468 Antonino
2045 3413 2436 3484 inscripsisset,
2473 3413 2777 3483 prazsertim
2807 3428 2932 3468 cum
2975 3413 3028 3466 in
3069 3426 3132 3466 ea
3164 3421 3350 3480 ageret
3381 3409 3600 3479 imperii

319 3503 496 3566 parte,
524 3509 646 3566 quae
681 3497 747 3552 ad
778 3496 933 3555 Lucii
965 3499 1228 3557 ditionem
1265 3503 1570 3572 pertinebat
1596 3505 1800 3574 potius,
1837 3520 2000 3575 quam
2037 3505 2105 3558 ad
2140 3504 2438 3570 Antonini;
2475 3519 2575 3558 nec
2603 3504 2858 3568 dixisset,
2895 3502 3138 3557 faustum
3177 3500 3455 3555 Antonino
3487 3499 3598 3554 im-

317 3588 532 3658 perium
566 3589 869 3659 ominatus,
924 3592 1068 3662 μετὰ
1091 3593 1182 3647 τοῦ
1213 3595 1439 3660 παιδός,
1492 3597 1586 3652 sed
1614 3597 1841 3652 omnino

2071 3597 2133 3650 οὗ
2173 3596 2422 3668 ἀδελφοῦ.
2455 3597 2650 3661 Porro,
2684 3597 2850 3652 unius
2879 3597 3071 3652 saltem
3113 3594 3210 3649 lilii
3248 3595 3600 3664 imperatoris

317 3683 524 3739 mentio
554 3683 646 3750 tit;
682 3683 874 3740 habuit
910 3695 1092 3741 autem
1121 3687 1431 3742 Antoninus
1469 3687 1630 3755 duos,
1654 3689 1895 3744 Annium
1927 3687 2150 3756 Verum,
2192 3699 2248 3744 et
2278 3689 2663 3755 Commodum,
2700 3702 2940 3759 quorum
2981 3684 3132 3756 prior
3163 3698 3311 3738 anno
3343 3683 3447 3738 170
3471 3683 3602 3738 fatis

318 3785 579 3832 cesserat.
613 3776 850 3846 Rursus,
881 3779 1237 3848 Commodus,
1277 3780 1366 3836 cui
1397 3781 1526 3836 felix
1556 3791 1810 3850 precatur
1855 3781 2169 3852 imperium,
2203 3781 2506 3836 tribunitiaa
2533 3781 2822 3851 potestatis
2856 3781 2970 3850 jam
3011 3787 3126 3833 tum
3159 3776 3332 3832 fuisse
3357 3777 3598 3842 videtur,

317 3877 444 3919 cum
469 3865 586 3922 hate
617 3868 880 3926 scriberet
903 3869 1108 3940 Melite,
1139 3888 1304 3943 quam
1334 3872 1554 3928 demum
1577 3873 1814 3927 obtinuit
1835 3888 1980 3930 anno
2010 3873 2134 3927 ΠΟ.
2159 3871 2306 3940 Haec,
2333 3873 2579 3942 inquam,
2605 3873 2792 3927 omnia
2818 3869 3250 3942 probabilisatis
3277 3868 3600 3938 conjectura

318 3957 608 4027 evincunt',
656 3963 798 4018 hanc
819 3965 1134 4036 Apologiam
1179 3981 1290 4020 non
1324 3957 1503 4022 fuisse
1549 3974 1674 4022 ante
1716 3981 1921 4022 annum
1967 3966 2315 4037 imperatoris
2353 3965 2627 4020 decimum
2675 3965 3079 4035 consignatam.
3123 3962 3207 4015 An
3247 3970 3428 4015 autem
3467 3976 3603 4016 cum

320 4047 669 4112 Tillemontio
698 4055 812 4130 (57)
847 4058 1077 4115 ulterius
1122 4058 1548 4130 procedendum,
1591 4067 1917 4130 tempusque
1968 4060 2152 4115 traditi
2203 4059 2368 4114 libelli
2406 4058 2670 4128 supplicis
2723 4071 2869 4112 anno
2911 4056 3134 4112 demum
3161 4054 3264 4110 l75
3313 4055 3599 4126 figendum

317 4147 411 4215 sit,
451 4149 507 4203 in
541 4150 722 4208 medio
761 4153 1098 4224 relinquam;
1149 4162 1386 4209 attamen
1434 4167 1540 4207 non
1567 4153 1781 4208 videtur
1811 4154 1962 4208 omni
2009 4152 2330 4222 exceptione
2360 4152 2537 4223 major
2569 4151 2841 4207 sententia
2894 4150 3064 4221 probe
3109 4149 3399 4218 pensitata.
3451 4145 3605 4202 Sane

317 4239 658 4298 Commodus
704 4259 934 4300 consors
987 4245 1203 4315 imperii
1250 4244 1494 4299 nondum
1553 4243 1730 4300 factus
1777 4243 1991 4300 videtur
2025 4259 2151 4298 cum
2188 4243 2305 4300 haec
2339 4244 2606 4299 scriberet
2642 4241 2856 4308 Melito,
2893 4241 3032 4295 alias
3067 4254 3267 4294 nomen
3309 4237 3432 4307 ejus
3484 4254 3599 4292 non

317 4335 762 4405 praetermisisset
803 4335 858 4390 in
899 4337 1088 4404 titulo;
1125 4351 1226 4392 nec
1275 4335 1380 4407 ipsi
1419 4335 1655 4390 ominari
1698 4335 1968 4405 potuisset
2021 4334 2312 4404 imperium
2337 4377 2350 4402 ,
2393 4335 2540 4405 quod
2581 4333 2811 4406 jamjam
2856 4332 3145 4398 tenuisset,
3187 4329 3234 4384 si
3279 4337 3396 4383 tuta
3451 4326 3602 4383 foret

317 4427 653 4486 Tillemontii
689 4431 1038 4501 conjectura;
1082 4431 1186 4487 hoc
1225 4441 1406 4487 autem
1448 4447 1572 4486 cum
1610 4429 1782 4497 faciat
1820 4429 1876 4483 in
1902 4427 2160 4499 Apologia
2205 4443 2303 4483 sua
2337 4438 2544 4493 noster,
2585 4428 2766 4482 innuit
2806 4425 2990 4491 simul,
3009 4439 3150 4490 eum
3187 4431 3319 4476 tunc
3346 4421 3598 4475 nondum

316 4519 492 4579 fuisse
541 4524 950 4595 imperatorem.
999 4522 1219 4594 Dupinii
1252 4523 1364 4594 (38)
1399 4523 1488 4578 hic
1521 4523 1698 4578 obiter
1729 4521 2002 4576 notandus
2054 4535 2232 4585 error,
2282 4535 2448 4590 quem
2498 4528 2681 4574 tamen
2715 4518 3120 4590 typothetarum
3168 4515 3353 4586 potius
3388 4514 3595 4566 vitium

316 4615 504 4684 credo,
549 4617 644 4688 qui
694 4619 949 4674 traditam
1000 4617 1173 4672 nostri
1200 4615 1517 4686 Apologia»;
1567 4613 1740 4670 fuisse
1794 4613 1985 4668 scribit
2034 4628 2180 4667 anno
2207 4611 2344 4678 182,
2389 4626 2501 4682 quo
2546 4610 2755 4665 dudum
2810 4618 3063 4664 mortuus
3094 4617 3220 4670 erat
3266 4607 3594 4676 imperator.

317 4703 589 4766 Referunt
639 4725 804 4781 porro
841 4708 1098 4766 Historia:
1126 4713 1320 4776 [sacrae
1363 4708 1682 4777 scriptores,
1728 4705 1973 4760 Marcum
2018 4704 2381 4770 Antoninum,
2426 4703 2703 4765 Melitonis
2748 4703 3094 4772 aliorumque
3143 4699 3600 4754 Christianorum

319 4805 816 4877 supplicationibus
864 4813 1197 4877 permotum,
1237 4801 1527 4871 scripsisse
1573 4799 1848 4870 epistolam

2073 4813 2280 4850 mmune
2306 4797 2482 4864 Λείας,
2523 4796 2681 4864 Πρὸς
2713 4795 2776 4848 τὸ
2813 4793 3021 4848 κοινὸν
3071 4791 3184 4861 τῆς
3221 4792 3447 4858 Ἀσίας,
3481 4807 3598 4860 qua

389 4962 525 5035 (34)Δ
551 4958 1285 5035 Justtn.“Martyrzﬁpolog.
1329 4973 1368 5011 ιι
1413 4973 1508 5026 pro
1544 4954 1891 5035 Christianis,

2070 4954 2148 5035 ζον
2173 4951 2728 5035 Ἀποιξογίαςλέξωκε
2761 4953 2872 5018 τοῖς
2904 4949 3250 5021 λελεγμένοις
3285 4945 3593 5019 βασιλεῦσι,

315 5022 438 5104 cap.
465 5022 554 5105 μ,
590 5032 828 5105 pag._lf>§,
861 5022 988 5087 edit.
1020 5022 1280 5084 llutchiﬁ.
1322 5022 1422 5083 seu"
1450 5027 1633 5097 potius
1663 5026 1844 5082 Grabi:

1817 5029 1894 5080 εει·
1999 5022 2394 5105 “tiranii
2427 5022 2685 5105 πολλοι..
2783 5093 2795 5104 .
3243 5091 3254 5101 .
3335 5090 3346 5103 .

316 5047 438 5104 cap.
466 5043 554 5099 14,
590 5049 711 5157 pag.
737 5043 828 5094 55,
861 5043 988 5087 edit.
1020 5043 1280 5084 tlutcmn.
1322 5044 1416 5083 seu
1450 5043 1633 5097 pouus
1663 5043 1845 5082 uram:

316 5120 421 5168 nae,
453 5102 633 5158 Oxon.
704 5102 827 5156 703.
1612 5167 1623 5168 ί
1814 5167 1819 5168 γ

2061 5043 2095 5077 ιι
2127 5043 2214 5078 ars
2257 5043 2306 5077 οι
2338 5043 2394 5077 οε
2427 5043 2630 5076 ποΑΑοι.

2074 5097 2188 5168 (37)
2223 5043 2543 5168 qillemont,
2599 5092 2881 5168 Μέηιοὶνεξ
2931 5108 3072 5168 p_o_u_r_
3119 5091 3285 5144 serrir
3319 5090 3357 5168 ῥ
3398 5089 3590 5168 l‘flist.

390 5159 504 5244 (35)
526 5173 728 5229 Euseb.
767 5169 1130 5244 ingC/zronico,
1159 5171 1252 5230 lib.
1279 5178 1418 5240 post.
1450 5184 1572 5242 pag.
1603 5167 1730 5230 2H,
1761 5167 1892 5222 edit.
1997 5159 2181 5244 ecclés.
2215 5169 2321 5244 _cit.
2359 5166 2495 5244 lo_c._
2513 5159 2650 5244 nupta
2687 5165 2735 5244 72
2777 5181 2791 5217 :
2847 5159 3174 5244 sistent..."
3233 5175 3262 5213 a
3302 5159 3442 5241 écrit
3466 5177 3594 5244 _s_o_n

318 5230 923 5316 Scalig.Au_tst.1658_.
1091 5230 1128 5316 μ’
1450 5230 1468 5238 ⁵
1522 5230 1552 5242 ν
1800 5308 1820 5316 -

2058 5235 2256 5316 pol-agis
2291 5235 2449 5316 aprés
2646 5232 3006 5316 ct‘pcut-etre
3045 5233 3222 5284 tuéme
3258 5230 3433 5316 apre's'
3461 5231 3587 5313 l75.

391 5301 507 5388 (δέ)
538 5316 596 5388 ln
615 5313 846 5388 corpore
869 5313 1171 5388 llyzantino
1215 5311 1439 5388 obvius,
1467 5319 1621 5388 _to_m_.
1650 5307 1892 5388 Ill-.Rfol.
2006 5386 2012 5388 Δ
2050 5301 2416 5388 ⁷(58Ῐ-ῡυρἰη,
2466 5301 2966 5388 Hipliothéqn'emdes
3014 5313 3232 5388 guteurs
3291 5301 3589 5388 ecclés‘iast.

315 5373 444 5452 $053,
481 5373 614 5442 edit.
643 5373 836 5442 Vellet.
874 5373 1002 5452 Σῖςν
1052 5381 1386 5454 Ὀλυμπιὰς,
1519 5380 1638 5454 Ίνὸτ
1677 5380 1844 5454 γ’..Ὑτ

2061 5373 2132 5430 In.
2165 5373 2455 5454 '_l,__’pag._
2496 5377 2565 5430 65
2612 5393 2628 5454 ξ
2675 5393 2694 5425 ι
2737 5373 2956 5454 Meliten
3013 5373 3195 5426 lleurit
3224 5387 3381 5454 “sons
3434 5375 3590 5454 l‘cm-

617 5440 1060 5530 καίᾼΠορδενεῖος.
1111 5440 1272 5530 Nota,
1304 5440 1542 5530 ninnium
1588 5440 1859 5504 absblutal‘

2059 5464 2114 5501 re
2147 5448 2213 5528 de
2245 5440 2413 5501 Marc:
2429 5446 2696 5530 Antoniu,
2735 5445 2770 5498 il
2806 5443 3119 5530 représenl‘a
3137 5440 3588 5530 saﬁpquc'steul-a

316 5512 621 5594 Eusebius,
686 5527 994 5582 absolutam
1025 5512 1170 5582 'vero
1212 5512 1586 5594 Olympiadem
1644 5530 1898 5594 nutrierat
1999 5512 2477 5594 deusiegteannée
2499 5517 2565 5594 de
2587 5527 3001 5594 cetempereur,
3047 5512 3373 5594 (gest-“adire
3406 5512 3590 5594 [aliis

317 5580 969 5664 Alex—andri'nustatque
1020 5580 1097 5648 ita
1145 5580 1347 5664 subdit,
1373 5580 1668 5664 postquam
1701 5588 1897 5664 dedit:
1999 5590 2068 5643 de
2117 5589 2165 5641 la
2201 5586 2498 5664 Huissance
2531 5586 2597 5664 de
2623 5582 3230 5664 Jésus-Chr~ist.3_Conf.
3282 5580 3418 5636 Dan.
3449 5582 3615 5636 Lar-t

318 5654 804 5743 stipiMartyris'et
833 5654 1141 5743 Crescenth
1164 5654 1705 5743 Apolo'giisdiserat:
1739 5659 1897 5743 Ἀλλὰ
2001 5659 2234 5730 roquani
2267 5658 2588 5711 Adversaria
2627 5673 2805 5723 sacra,
2840 5671 2963 5726 pag.
2994 5654 3118 5708 646-

320 5735 414 5796 καὶ
447 5730 714 5802 Meliten,
762 5736 1042 5803 Ἀσιανὸς,
1093 5730 1403 5807 Σαρδιανῶν
1437 5733 1763 5799 ἐπίσκοπος,
1817 5730 1895 5802 βι-
