3872 6210
205 405 210 408 _
247 337 394 397 ηοξ
1128 327 1438 386 NOTITIA.
1463 359 1535 370 —
1564 326 1626 382 ll.
1659 327 1747 382 DE
1786 326 2100 383 SCRIPTIS
2141 327 2198 383 S.
2241 325 2630 382 MELITONIS.
3375 326 3514 382 nos

243 455 492 521 vetabat,
532 466 605 507 ne
648 449 774 521 quis
813 447 1175 518 imposterum
1217 445 1565 501 Christianos
1619 444 1899 514 religionis
1940 460 2056 500 suae
2097 457 2264 498 causa
2309 441 2760 496 calumniaretur.
2812 436 3007 494 Exstat
3056 438 3222 509 hujus
3270 439 3519 508 cpistola:

248 548 456 618 duplex
480 545 662 601 versio
688 541 902 607 Graeca,
932 541 1102 595 altera
1139 538 1282 608 apud
1309 537 1586 592 Justinum
1642 537 1931 608 Martyretn
1973 536 2084 608 (39)
2107 577 2123 602 ,
2148 536 2316 589 altera
2363 533 2508 602 apud
2557 531 2856 587 Eusebium
2889 529 3024 604 (40),
3067 539 3299 601 uterque
3335 542 3522 587 tamen

244 638 503 695 eamdem
525 635 806 690 Antonino
835 632 934 688 Pio
959 631 1170 699 tribuit,
1207 631 1350 701 quod
1390 628 1641 686 Valesius
1681 629 1793 702 (41)
1830 639 1883 685 et
1916 628 2234 684 Kortholtus
2269 626 2383 699 (42)
2417 633 2699 692 notarunt,
2729 623 2990 686 Cbronici
3019 623 3373 680 Alexandrini
3417 639 3521 678 au-

247 741 466 788 ctorem
506 731 813 798 laudantes,
847 726 1047 798 quippe
1078 726 1172 797 qui
1201 735 1347 781 recte
1376 724 1841 790 animadverterit,
1876 722 2166 792 epistolam
2205 721 2356 775 illam
2399 734 2508 774 non
2535 717 2816 773 Antonino
2849 716 2969 784 Pio,
3001 717 3095 772 sed
3124 716 3308 773 Marco
3341 718 3524 787 potius

250 839 382 882 esse
413 823 782 880 tribuendam.
813 819 1085 878 Caeterum
1131 819 1188 872 in
1228 818 1347 887 ipso
1386 816 1554 886 hujus
1592 815 1837 886 epistola:
1875 823 2030 870 textu
2074 821 2225 868 tanta
2271 813 2416 867 inter
2444 809 2666 866 Eusebii
2723 809 3003 880 exemplar
3039 817 3096 864 et
3138 809 3275 864 illud
3317 807 3526 864 Justini

257 917 531 989 Apologia
582 914 890 971 subnexnm
941 911 1183 969 occurrit
1224 908 1612 979 discrepantia,
1661 907 1832 963 utJo.
1857 907 2102 964 Clericus
2146 905 2281 977 (45),
2317 920 2416 975 pro
2446 920 2598 960 more
2643 918 2778 970 suo,
2832 910 3003 958 totam
3040 918 3155 958 rem
3206 904 3296 974 pia
3333 902 3528 960 fraude

254 1012 556 1068 confictam
586 1006 794 1063 credat.
825 1005 1032 1076 Duplex
1056 1002 1225 1073 hujus
1253 1000 1546 1072 Apologia,
1575 1016 1698 1070 quae
1719 1009 1935 1057 aetatem
1962 1009 2206 1055 nostram
2240 1013 2351 1053 non
2387 997 2530 1064 tulit,
2557 1004 2735 1052 exstat
2756 994 3124 1065 fragmentum
3145 1015 3158 1050 ε
3181 1011 3351 1051 unum
3382 999 3530 1066 apud

257 1105 585 1171 Eusebium,
625 1101 857 1158 alterum
896 1099 1043 1170 apud
1065 1096 1326 1154 Cbronici
1360 1096 1717 1152 Alexandrini
1750 1096 1950 1166 saepius
1986 1095 2102 1166 jam
2141 1094 2366 1151 citatum
2399 1101 2704 1156 auctorem,
2735 1090 2882 1162 quod
2914 1098 3210 1162 utrumque
3252 1105 3529 1162 apponam

261 1198 432 1258 infra.

1415 1305 1658 1379 §XXIIL
1696 1305 1771 1360 De
1807 1305 2077 1375 Ἐκλογῶν
2101 1305 2254 1360 libris
2287 1321 2396 1359 sex.

339 1428 605 1500 Superest
631 1435 692 1483 ut
718 1426 786 1483 de
817 1424 1202 1496 Excerptorum
1233 1425 1349 1481 sive
1385 1423 1656 1493 Ἐκλογῶν
1680 1423 1836 1479 libris
1855 1424 2102 1493 quaadam
2137 1422 2317 1477 adhuc
2346 1422 2546 1476 dicam.
2579 1420 2842 1476 Erasmus
2877 1421 2990 1493 (44)
3023 1421 3088 1476 ad
3117 1421 3330 1476 titulum
3368 1422 3533 1494 hujus

263 1522 455 1596 operis
497 1521 774 1588 observat,
803 1533 930 1574 eum
978 1527 1124 1574 recte
1167 1517 1392 1572 omnino
1429 1517 1595 1574 scribi
1631 1532 1727 1586 per
1759 1535 1814 1583 κ,
1845 1532 1953 1571 non
1989 1531 2086 1582 per
2130 1533 2185 1585 γ,
2221 1514 2564 1585 Eclogarum,
2611 1513 2953 1585 Eglogarum,
2989 1530 3305 1585 quanquam
3350 1516 3406 1571 in
3446 1517 3538 1572 his

264 1632 466 1688 parum
496 1612 787 1670 conveniat
816 1612 958 1665 inter
984 1607 1318 1678 exemplaria
1349 1606 1564 1660 Latina.
1602 1604 1867 1661 Precibus
1899 1603 2143 1660 Onesimi
2175 1605 2463 1675 cujusdam
2505 1605 2816 1675 composuit
2845 1605 2948 1661 hos
2991 1606 3164 1662 libros
3196 1605 3401 1675 Melito,
3441 1609 3539 1678 qui

268 1728 372 1782 pro
399 1725 589 1767 amore
615 1725 680 1766 ac
707 1709 888 1766 studio
918 1723 1021 1765 suo
1048 1721 1178 1777 erga
1201 1705 1428 1761 verbum
1465 1704 1581 1773 Dei,
1608 1712 1738 1761 sunt
1759 1704 1924 1760 verba
1957 1704 2177 1760 Eusebii
2215 1703 2330 1774 (45)
2351 1746 2366 1769 ,
2415 1703 2618 1773 saepius
2654 1719 2685 1757 a
2728 1713 2921 1760 nostro
2963 1705 3337 1776 postulaverat
3365 1705 3539 1761 libros

269 1805 486 1862 Veteris
520 1804 856 1861 Testamenti
884 1805 1141 1859 accur’ate
1174 1817 1540 1873 cognoscere;
1571 1811 1707 1873 quot
1752 1817 2007 1869 numero,
2057 1810 2111 1856 ct
2157 1817 2270 1872 quo
2313 1801 2424 1856 sint
2463 1801 2656 1856 ordine
2695 1801 3028 1871 conscripti,
3070 1817 3234 1872 quem
3278 1810 3545 1872 praeterea

268 1915 472 1970 magno
505 1898 628 1954 fidei
658 1899 856 1953 ardore
889 1905 944 1952 et
964 1910 1162 1966 magna
1195 1895 1440 1952 discendi
1483 1895 1778 1966 cupiditate
1803 1894 2063 1966 ﬂagrasse
2098 1895 2308 1960 scribit,
2349 1903 2403 1949 et
2447 1894 2514 1949 de
2546 1909 2656 1965 quo
2691 1902 3034 1963 compertum
3088 1895 3346 1962 habebat,
3396 1897 3545 1968 quod

268 1997 345 2052 ob
369 2010 611 2050 amorem
644 1995 739 2050 Dei
765 1993 948 2049 divina
977 1994 1083 2047 ista
1112 1991 1278 2047 rebus
1300 1990 1596 2047 mundanis
1621 1991 1878 2054 omnibus
1900 1988 2193 2055 anteferat,
2221 1989 2526 2058 salutisque
2549 1997 2766 2044 aeternae
2792 1987 3102 2043 obtinendae
3132 2003 3297 2043 causa
3329 1987 3548 2044 fortiter

268 2083 512 2142 decertet
538 2085 716 2141 unice.
745 2084 1074 2142 Praeclarum
1100 2104 1232 2144 sane
1256 2087 1569 2144 encomium
1589 2105 1604 2142 :
1627 2096 1700 2152 et,
1738 2087 1784 2142 si
1808 2102 1838 2141 a
1862 2086 2098 2142 laudatis
2126 2086 2340 2141 laudari
2366 2087 2585 2141 demum
2613 2087 2732 2140 laus
2760 2094 2864 2152 est,
2895 2100 3002 2140 non
3028 2100 3326 2155 possumus
3357 2086 3548 2156 utique

270 2180 455 2248 aliter,
482 2183 616 2252 quin
651 2184 718 2238 de
743 2182 1008 2253 singulari
1042 2183 1240 2254 pietate
1267 2195 1321 2240 et
1351 2184 1566 2255 egregia
1599 2183 1844 2240 Onesimi
1880 2183 2060 2238 indole
2095 2184 2400 2238 sentiamus
2431 2182 2638 2252 optima
2686 2179 2917 2250 quaeris,
2951 2176 3184 2248 ejusque
3223 2179 3550 2233 memoriam

271 2275 646 2332 venerabundi
687 2292 902 2348 semper
933 2282 1262 2338 recolamus.
1292 2281 1491 2337 Itinere
1523 2282 1708 2352 itaque
1738 2283 1794 2336 in
1821 2280 2103 2337 Orientem
2137 2282 2409 2343 instituto,
2453 2278 2664 2334 Veteris
2691 2275 3029 2332 Testamenti
3061 2274 3234 2331 libros
3259 2274 3552 2347 diligenter

272 2381 386 2422 non
412 2366 580 2421 modo
608 2367 800 2424 didicit
831 2368 1046 2438 Melite,
1094 2387 1398 2442 eorumque
1447 2373 1682 2429 indicem
1713 2371 1976 2427 Onesimo
2018 2386 2118 2426 suo
2152 2371 2332 2438 misit;
2376 2387 2568 2425 verum
2620 2370 2785 2425 etiam
2816 2383 2883 2422 ex
2917 2366 3118 2422 divinis
3161 2367 3284 2422 istis
3329 2368 3552 2438 scriptis

274 2461 536 2524 excerpta
578 2456 802 2525 insuper
834 2457 1069 2528 collegit,
1101 2460 1154 2513 in
1186 2476 1282 2514 sex
1327 2461 1497 2516 libros
1546 2461 1860 2526 distributa,
1890 2471 1951 2516 ut
1984 2462 2101 2531 ipse
2128 2470 2360 2515 testatur
2397 2462 2540 2531 apud
2572 2460 2892 2527 Eusebium,
2918 2460 2978 2526 ὲξ
3012 2454 3108 2527 ὧν,
3145 2460 3419 2532 inquiens,
3457 2464 3553 2516 καὶ

270 2545 376 2647 ⁸Ῑτὰς
433 2547 714 2618 Ἐκλογηὰς
759 2551 1124 2623 ἐποιησάμην,
1162 2553 1242 2616 εὶς
1276 2553 1334 2621 ἓξ
1390 2553 1570 2624 βιϐλία
1616 2553 1799 2608 διελών

2023 2554 2210 2609 oribus
2265 2554 2370 2608 mel
2411 2562 2616 2624 sugunt
2647 2567 2798 2623 apes,
2845 2567 3118 2607 venenum
3155 2553 3387 2623 vipera;
3419 2556 3552 2623 quid

275 2640 446 2709 igitur
477 2654 546 2694 ex
589 2640 705 2710 lege
742 2648 796 2696 et
827 2644 1112 2713 prophetis
1144 2645 1480 2714 excerpserit
1512 2655 1718 2708 noster,
1757 2645 1803 2700 si
1839 2654 2139 2714 qumratur,
2179 2645 2298 2714 ipsa
2346 2644 2542 2698 iterum
2579 2640 2834 2701 Sardiani
2881 2650 3048 2704 verba
3087 2651 3431 2721 responsioni
3471 2652 3555 2706 in-

274 2729 484 2785 servire
504 2738 782 2800 poterunt,
816 2732 1017 2802 quibus
1054 2733 1231 2803 palam
1284 2733 1362 2798 lit,
1395 2749 1521 2788 eum
1564 2732 1632 2786 τὰ
1664 2735 1793 2805 περὶ

2024 2748 2209 2806 »τηρος
2256 2733 2350 2785 καὶ
2376 2733 2557 2802 πάσης
2583 2732 2682 2804 τῆς
2713 2735 2953 2802 πίστεως
2995 2738 3174 2811 ἡμῶν,
3207 2755 3295 2806 ea,
3319 2757 3441 2812 qua:
3482 2743 3553 2797 ad

278 2823 633 2884 Servatorem
659 2835 714 2883 et
741 2828 808 2884 ad
835 2829 1144 2885 universam
1178 2830 1338 2885 ﬁdem
1368 2839 1614 2886 nostram
1642 2830 1934 2900 pertinent,
1961 2828 2015 2882 in
2048 2829 2282 2897 gratiam
2319 2825 2564 2882 Onesimi
2604 2829 2687 2884 sui
2723 2829 3028 2901 collegisse,
3057 2847 3219 2902 quem
3251 2832 3558 2904 simplicem

275 2937 688 2995 pauperemque
712 2924 934 2991 laicum,
973 2941 1079 2980 non
1110 2926 1399 2998 κράτιστον
1420 2926 1676 2997 Θεόφιλον
1700 2927 2014 2996 quemdam,
2045 2923 2234 2990 fuisse,
2270 2924 2518 2979 nonnulli
2554 2923 2668 2996 (46)
2700 2926 2934 2984 credunt
2969 2929 3116 2992 ideo,
3155 2939 3213 2984 ut
3241 2941 3556 3000 promptum

277 3014 556 3074 Melitouis
585 3016 786 3072 infima:
817 3018 980 3072 etiam
1013 3019 1181 3074 sortis
1230 3018 1549 3074 hominibus
1588 3018 1917 3074 inserviendi
1946 3017 2190 3072 animum
2219 3031 2286 3071 eo
2315 3016 2617 3086 majoribus
2651 3020 2916 3077 extollant
2952 3022 3228 3078 laudibus.
3277 3023 3335 3076 lu
3374 3022 3560 3078 medio

280 3121 468 3172 tamen
492 3114 856 3184 relinquimus
882 3117 1080 3171 horum
1108 3116 1504 3187 conjecturam,
1538 3116 1591 3172 id
1620 3116 1812 3172 saltem
1850 3115 2028 3170 adhuc
2059 3114 2318 3180 addituri,
2357 3115 2461 3169 hos
2494 3113 2816 3186 Eclogarum
2861 3113 3031 3169 libros
3064 3113 3198 3168 mihi
3237 3129 3344 3168 non
3385 3114 3562 3172 videri

281 3207 536 3262 ultimum
563 3224 594 3263 a
628 3207 882 3267 Melitone
915 3213 1287 3284 conscriptum
1326 3229 1488 3284 opus,
1538 3215 1666 3268 licet
1696 3213 1895 3285 potiori
1927 3213 2048 3268 loco
2077 3213 2131 3266 in
2164 3212 2429 3267 librorum
2464 3213 2606 3267 serie
2639 3214 2708 3268 ab
2735 3212 2973 3268 Eusebio
3008 3227 3116 3266 non
3155 3209 3364 3266 fuerint
3403 3227 3563 3268 com-

279 3299 561 3369 prehensi,
584 3303 679 3358 sed
707 3315 832 3374 post
858 3321 1072 3374 omnes,
1109 3306 1411 3377 interjectis
1439 3308 1765 3378 quibusdam
1797 3306 1940 3370 aliis,
1971 3314 2382 3372 recenseantur,
2415 3306 2731 3375 appendicis
2755 3305 2914 3376 quasi
2945 3303 3088 3370 loco,
3113 3303 3274 3372 cujus
3303 3305 3382 3358 rei
3422 3305 3563 3360 hanc

282 3389 458 3449 fuisse
482 3409 709 3452 causam
741 3399 1091 3471 conjicimus,
1133 3405 1280 3473 quod
1311 3403 1420 3459 non
1453 3413 1563 3459 tam
1597 3403 1798 3474 ingenii
1824 3419 1963 3472 opus
1992 3402 2292 3466 censuerit,
2325 3416 2490 3470 quam
2522 3401 2748 3457 laboris.
2800 3400 3194 3470 Fragmentum
3241 3401 3459 3470 insigne
3506 3409 3565 3456 et

281 3483 340 3551 in
371 3482 612 3544 Historia
637 3504 795 3546 sacra
816 3493 1054 3550 maxime
1079 3495 1294 3552 celebre
1319 3505 1572 3567 superest
1602 3496 1763 3551 hodie
1795 3511 1862 3551 ex
1889 3495 2046 3552 libris
2077 3494 2230 3550 hisee
2260 3494 2592 3563 caeteroquin
2621 3493 2940 3564 deperditis.

556 3627 797 3700 §XXIV.
827 3630 1136 3688 Observatio
1161 3631 1226 3686 de
1257 3632 1409 3688 libris
1441 3633 1712 3688 Melitonis
1742 3640 1925 3686 contra
1952 3632 2085 3687 hwre

1780 3640 1925 3686 antra
1952 3632 2190 3687 hwreses.
2229 3630 2305 3685 De
2341 3629 2476 3684 libro
2506 3629 2643 3701 Περὶ
2699 3629 3029 3701 σαρκώσεως
3052 3632 3309 3704 Χριστοῦ.

358 3743 592 3814 Quando
621 3761 817 3820 praeter
843 3751 947 3807 hos
968 3750 1204 3808 Eusebio
1227 3760 1688 3808 commemoratos
1717 3751 1887 3824 libros
1915 3750 2282 3822 Hieronymus
2310 3749 2423 3820 (47)
2449 3756 2710 3819 praeterea
2737 3749 3070 3806 mentionem
3100 3750 3232 3808 facit
3257 3755 3563 3815 multorum

282 3837 654 3910 voluminum,
679 3843 882 3912 quibus
904 3843 1142 3915 origines
1170 3845 1462 3902 haeresium
1486 3845 1828 3915 singularum
1851 3842 2225 3913 explicaverit,
2256 3850 2310 3896 et
2338 3855 2405 3895 ex
2435 3839 2637 3909 quibus
2666 3837 3118 3910 philosophorum
3143 3843 3390 3901 fontibus
3411 3856 3568 3901 Ema-

285 3941 543 3997 naverint
573 3942 840 4013 singulae;
879 3946 986 4002 hoc
1011 3963 1120 4003 non
1165 3947 1233 4004 de
1264 3947 1532 4018 peculiari
1560 3947 1799 4018 quodam
1830 3954 1996 4016 atque
2025 3945 2372 4001 voluminoso
2401 3955 2565 4010 opere
2593 3939 2867 4011 intelligas
2901 3938 3087 4003 velim,
3131 3937 3226 3993 sed
3259 3938 3568 4007 generatim

286 4035 360 4091 de
382 4036 645 4093 omnibus
677 4036 950 4095 Melitonis
979 4037 1201 4110 scriptis
1235 4038 1444 4094 dictum
1473 4046 1625 4110 puta,
1659 4047 1846 4111 utpote
1875 4052 1999 4108 quae
2026 4035 2140 4092 fere
2161 4035 2368 4098 omnia,
2411 4041 2473 4088 ut
2519 4032 2757 4087 vidimus
2785 4031 3072 4096 hactenus,
3117 4031 3312 4088 haeresi
3347 4031 3570 4087 cuidam

287 4128 516 4198 fuerunt
538 4133 810 4204 opposita.
846 4132 1078 4205 Scripsit
1105 4143 1288 4191 tamen
1328 4143 1592 4207 praaterea
1630 4144 1838 4202 noster,
1885 4141 1948 4188 ut
1975 4132 2387 4188 observavimus
2412 4145 2599 4199 supra,
2634 4129 2771 4184 alios
2800 4127 2982 4184 adhuc
3020 4125 3191 4180 libros
3236 4126 3378 4180 inter
3427 4137 3571 4192 quos

289 4223 566 4281 referendi
615 4235 744 4282 sunt
791 4226 1085 4283 Anastasio
1116 4225 1342 4280 Sinaiue
1391 4223 1804 4281 commemorati
1843 4222 1976 4290 duo,
2029 4221 2168 4275 alter
2199 4219 2271 4272 De
2303 4218 2550 4289 passione
2579 4215 2828 4279 Domini,
2883 4217 3023 4271 alter
3063 4214 3139 4269 De
3189 4211 3570 4266 Iucarnalione

290 4319 520 4389 Christi,
548 4322 685 4394 Περὶ
712 4320 1042 4394 σαρκώσεως
1067 4322 1329 4396 Χριστοῦ,
1360 4337 1521 4393 quem
1549 4319 1819 4391 posterior

2041 4332 2160 4386 ique
2187 4315 2328 4369 inter
2352 4314 2553 4383 scripta
2576 4309 2924 4365 Melitoniana
2960 4308 3164 4378 recepit
3187 4305 3404 4361 Caveus
3432 4302 3570 4372 (48'),

290 4433 527 4476 monens
557 4420 801 4490 insuper,
829 4435 970 4490 opus
1007 4415 1154 4472 istud
1185 4429 1217 4468 a
1247 4412 1389 4468 libro
1427 4409 1720 4472 Melitonis,
1766 4409 1819 4461 II;

2047 4405 2085 4458 ιῦ
2121 4403 2437 4476 ἐνσωμάτου
2475 4403 2756 4457 diversum
2787 4414 2911 4455 esse
2949 4399 3285 4456 censendum
3312 4439 3328 4464 ,
3381 4404 3576 4466 utpote

290 4518 442 4589 quod
470 4532 583 4573 non
624 4518 678 4572 in
714 4535 908 4586 unum,
949 4527 1011 4574 ut
1050 4514 1160 4579 ille,
1200 4513 1298 4569 sed
1344 4511 1399 4567 in
1428 4510 1616 4580 plures
1655 4507 1891 4564 divisum
1927 4503 2094 4560 fuerit
2122 4505 2309 4569 libros,
2338 4513 2391 4558 et
2415 4518 2483 4558 ex
2515 4517 2752 4572 quorum
2790 4497 2953 4554 tertio
2986 4495 3352 4565 fragmentum
3385 4492 3571 4546 attulit

295 4613 534 4684 insigne,
580 4614 650 4670 ab
678 4613 973 4669 Anastasio
1008 4617 1373 4668 asservatum.
1423 4607 1628 4664 Contra
1667 4604 1998 4660 Marcionem
2030 4604 2266 4672 scriptus
2299 4609 2418 4657 erat
2449 4600 2538 4655 hic
2568 4600 2726 4662 liber,
2754 4601 2847 4667 qui
2895 4595 3237 4652 divinitatem
3265 4592 3470 4647 Christi
3518 4589 3574 4644 in

293 4727 464 4769 carne
493 4711 728 4784 negavit,
751 4721 806 4768 et
831 4709 1107 4766 Mclitonis
1140 4709 1246 4765 hac
1277 4709 1332 4764 in
1357 4714 1514 4780 parte
1537 4704 1846 4760 doctrinam
1878 4703 2083 4772 scripto
2113 4699 2260 4755 edito
2286 4705 2715 4794 oppugnaverat.

1482 4821 1649 4879 XXV.
1691 4821 1770 4878 De
1801 4822 2033 4877 transitu
2058 4818 2253 4873 Mario:
2295 4816 2445 4870 liber.

369 4958 607 5030 Spurius
631 4966 818 5013 tamen
845 4951 1120 5020 estliber,
1150 4949 1246 5022 qui
1286 4947 1366 5004 De
1395 4945 1632 5002 transitu
1663 4943 1830 4998 beata:
1864 4941 2056 4996 Maria:
2093 4938 2314 5009 virginis
2359 4935 2463 4992 sub
2503 4933 2623 5005 ejus
2660 4929 2882 4986 nomine
2931 4923 3339 4989 circumfertur,
3391 4928 3444 4975 et
3477 4915 3573 5001 qui

371 5118 489 5189 ('59)
514 5113 898 5189 Apuddustin.
928 5111 1090 5167 Mart.
1123 5108 1192 5165 ad
1217 5107 1425 5164 calcem
1454 5102 1660 5176 prioris
1681 5099 1878 5171 Apolo-
2201 5090 2554 5189 Erasmus,
2580 5081 3170 5189 Nootiifrclnilieionlggm‘i
3203 5076 3383 5189 Extat,

371 5127 489 5189 (59)
514 5127 668 5187 Apud
695 5127 898 5170 Justtn.
928 5127 1090 5167 mart.
1123 5127 1192 5165 aa
1217 5127 1425 5164 calcem
1455 5127 1660 5176 pl'lUI'lb'
1681 5127 1827 5171 npuu

298 5187 901 5311 giﬁoliagbﬁsléuseb.
934 5253 1078 5308 Hist.
1107 5249 1293 5305 eccles.
1321 5247 1419 5302 lib.
1447 5263 1523 5311 tv,
1554 5260 1675 5311 cap.
1711 5242 1800 5306 l5,

2056 5127 2174 5298 (ῖςς
2201 5127 3170 5235 ἓὶέἒίἵῇἑὲἓῖὲὲὶὶὲεζῑίῇἶῐ’ἔέῇ
3206 5127 3381 5201 ea?"
3479 5216 3491 5233 ,

2053 5309 2057 5311 ἓ
2085 5235 2176 5304 46)
2220 5228 2916 5311 Tillemont_(Mémotres,
2953 5231 3187 5311 (Ἤδη-ξ.
3219 5215 3582 5311 1.”)η;⁸ε‹ωςιθξ;

373 5218 1293 5342 iisiiiiiiiiuseb."regem
1321 5247 1419 5302 ιίιλ
1554 5260 1675 5315 σειν·
1711 5242 1800 5306 ’δ’
1829 5248 1884 5296 ει
1987 5218 2922 5342 .-3.“:').1‘.‘.L°:::::2:.(ffatim
2953 5218 3188 5342 an;
3219 5218 3292 5342 ‘2}.

302 5285 1419 5388 an‘Eiloiic'ﬁ'i'ié‘x’f’ih‘33:.327‘63.“"'
1554 5285 1675 5315 ”“¹”
1831 5285 1883 5388 Ϊ
1987 5285 2552 5388 adlevantem?!“
2572 5285 2677 5388 ἠυ.
2726 5285 3581 5388 είί¹³ν¹εὲη¹ἓῖῖ¹¹ἐῗιηὲῗοὲἑίξξὲηξῗ

398 5361 1382 5466 Z'i'y"i'$ﬁ:§ilf§'i§é§§éb,_
1401 5387 1499 5444 lib.
1534 5403 1613 5466 tv_,_
1641 5399 1762 5454 cap.
1791 5381 1886 5465 ﬁli.
1992 5361 3583 5466 Sitiptio-tilutmbienﬂeinremfndrendehgraﬂdrsnvoﬂge:

902 5435 1461 5541 inwAJriot-rttivrinibus
1486 5435 1693 5528 'qui'bus
1712 5435 1891 5508 [varia
1993 5460 2047 5507 et
2075 5449 2183 5541 de:
2199 5458 2469 5541 οιξξγῆνὲξξε
2627 5435 3392 5541 [223.53.
3417 5441 3584 5541 ﬁgi:

302 5498 509 5599 J
527 5498 1468 5603 'ii'i'r'é'c'éuiuu'iim‘ii’l:i7
1503 5498 1693 5528 ww”
1741 5498 1817 5603 vi.
1835 5498 1890 5506 Μ
1995 5498 2189 5603 quola
2207 5498 2454 5603 charge,
2485 5511 2597 5603 qui
2624 5498 3294 5603 r’snhnunm‘ble,‘
3308 5509 3392 5554 est
3429 5498 3583 5568 préte.

373 5579 784 5686 ῖὶὲῖὸῖὲτῖὲἶὶἔ
811 5579 1178 5686 arvaarva
1197 5579 1416 5686 ι.
1434 5600 1667 5686 drawn?
2236 5579 2902 5686 megaeram-ar
2932 5587 3295 5686 paeana:

303 5643 792 5744 sumiani???“
819 5643 1891 5749 pag...
2009 5643 2037 5646 ﬂ
2072 5643 2552 5749 liZleluieronytn.
2595 5648 2766 5718 Epist.
2806 5643 3131 5716 Sin—quem
3191 5643 3375 5698 locum
3421 5654 3585 5712 supra

303 5728 1182 5816 EiéiInEVIEbBE'r’nZianiI‘vr,
1223 5741 1518 5816 pagane.
1561 5737 1760 5796 Confer
1803 5736 1902 5790 Ba-
2013 5728 2446 5816 exitibuifp_usA._;_
2505 5791 2686 5816 “LI”
2737 5788 2771 5816 η

312 5783 488 5812 nuth
516 5783 566 5808 ct
604 5783 868 5816 muucuw,
915 5783 1048 5807 ιυιιι.
1108 5783 1182 5814 υ,
1224 5783 1518 5816 ιιι-δεμ.-.
1567 5783 1750 5796 νων...
1803 5783 1837 5790 ..

312 5835 480 5886 rater.
516 5825 555 5881 l.
583 5839 634 5882 c.
661 5837 786 5895 pag.
819 5821 946 5877 199.

1803 5783 1875 5790 ’“
2016 5783 2197 5873 “”(.48)
2239 5791 2704 5864 Cavcus,_llistor.
2735 5788 2920 5858 lmen,
2959 5783 3195 5861 pas-45.
