3872 6210
438 286 574 344 ηοῖ
1481 299 1538 357 S.
1580 298 1841 356 MELITO
1881 299 2190 359 SARDIUM
2226 297 2631 356 EPISCOPUS.
3550 302 3694 357 1208

433 405 491 461 in
521 407 850 479 quibusdam
881 415 1041 472 codd.
1072 431 1208 472 mss.
1242 418 1404 473 etiam
1445 419 1551 475 sub
1581 419 1738 475 titulo
1771 419 1848 473 De
1887 421 2244 490 assumptione
2271 416 2486 484 Maria,
2525 418 2641 472 sive
2662 416 2741 471 De
2770 416 2918 472 obitu
2963 415 3175 486 Mariae,
3207 417 3323 474 sive
3358 418 3483 476 aliis
3508 420 3693 476 adhuc

431 499 606 558 titulis
647 506 833 562 venire
863 508 1018 564 solet.
1051 510 1325 582 Antiquus
1354 512 1576 582 quidem
1609 522 1692 568 est
1719 512 1877 578 liber,
1903 521 1989 567 ast
2018 521 2166 568 certe
2207 511 2572 577 adulterinus,
2617 520 2670 566 et
2700 510 2906 567 Gelasii
2942 511 3055 581 jam
3104 526 3338 567 censura
3383 513 3437 567 in
3474 511 3692 584 synodo

429 586 677 650 Romana
707 598 785 652 sic
813 602 1149 673 proscriptus
1179 605 1293 676 (49)
1319 624 1332 659 :
1371 624 1390 658 ι
1429 605 1612 674 Liber,
1639 607 1732 678 qui
1764 604 2072 677 appellatur
2105 605 2409 671 Transitus,
2446 605 2501 661 id
2549 615 2632 661 est
2663 606 2967 675 Assumptio
3004 607 3173 662 beata:
3207 606 3419 675 Maria,
3451 623 3688 678 apocry-

426 685 590 754 phus.
630 706 651 740 ι
686 691 1024 752 Venerabilis
1055 697 1194 754 Beda
1227 699 1340 770 (50)
1375 701 1522 758 illius
1566 710 1830 773 tanquam
1865 701 2038 772 spurii
2074 712 2238 772 atque
2281 701 2610 772 supposititii
2663 701 2851 772 scripti
2895 701 3143 757 meminit
3175 702 3383 768 multis,
3422 703 3689 772 variaque

425 787 615 834 contra
640 783 888 841 veritatis
918 790 1153 858 speciem
1183 792 1417 848 conﬁcta
1437 794 1634 850 exinde
1659 793 1889 865 profert,
1914 796 2004 850 hic
2027 794 2256 850 omnino
2293 795 2582 852 videndus.
2617 793 2664 849 A
2688 808 2799 864 quo
2837 791 2998 848 fuerit
3041 794 3277 864 scriptus
3311 794 3528 850 libellus
3558 809 3687 849 cum

423 885 532 927 non
569 872 802 943 dicatur,
845 881 964 936 sine
999 886 1241 941 auctoris
1281 885 1439 942 titulo
1473 887 1651 956 ipsum
1677 888 1886 943 editum
1927 887 2098 943 fuisse
2136 887 2520 944 existimamus
2542 903 2666 943 cum
2699 886 2934 942 Baronio
2969 887 3107 957 (51),
3138 887 3227 944 cui
3257 896 3444 957 postea
3472 888 3687 944 otiosus

421 960 695 1030 quispiam
731 970 1024 1035 praefixerit
1052 977 1362 1045 speciosum
1396 979 1616 1034 titulum
1661 978 1934 1036 Melitonis
1968 978 2258 1035 Sardensis
2297 979 2561 1050 episcopi.
2595 979 2788 1035 Editus
2815 989 2900 1035 est
2928 981 3128 1051 saepius
3158 980 3350 1036 Latine
3387 983 3444 1036 iu
3470 981 3685 1037 Biblio-

419 1051 598 1109 thecis
622 1053 869 1129 Patrum,
906 1081 957 1119 ν.
997 1081 1046 1123 c.
1081 1085 1095 1120 :
1127 1067 1182 1122 in
1215 1069 1546 1125 Bibliotheca
1579 1073 1803 1126 Patrum
1823 1081 1873 1127 et
1899 1082 2132 1128 veterum
2157 1083 2439 1128 auctorum
2465 1073 2965 1140 ecclesiasticarum,
2993 1088 3116 1144 qua:
3161 1071 3388 1129 Parisiis
3416 1091 3514 1144 per
3543 1075 3690 1131 Mar-

419 1146 675 1212 garinum
713 1152 781 1208 de
806 1154 856 1209 la
889 1155 1074 1228 Bigne,
1106 1158 1172 1216 D.
1208 1161 1399 1231 Sorb.,
1430 1164 1588 1231 1624,
1617 1166 1780 1221 tomis
1817 1165 1862 1220 X
1909 1165 2132 1236 prodiit,
2163 1175 2218 1220 et
2246 1166 2414 1221 editio
2439 1175 2633 1237 quarta
2666 1167 2887 1234 dicitur,
2919 1175 3070 1220 tomo
3097 1165 3211 1233 VII,
3245 1166 3339 1222 fol.
3387 1167 3525 1236 580;
3556 1169 3687 1223 item

417 1239 475 1294 in
521 1242 759 1300 maxima
789 1247 884 1303 illa
923 1251 1271 1323 collectione,
1311 1272 1434 1326 quae
1487 1257 1558 1312 27
1592 1257 1969 1314 voluminibus
2008 1258 2258 1330 Lugduni
2307 1261 2466 1327 1677,
2502 1271 2629 1331 post
2661 1260 2921 1332 Bigneam
2975 1270 3029 1316 et
3076 1259 3461 1316 Coloniensem
3517 1278 3689 1333 supra

416 1341 635 1388 centum
668 1341 985 1400 auctoribus
1035 1354 1092 1401 et
1115 1348 1402 1417 opusculis
1429 1349 1700 1405 hactenus
1736 1350 2064 1406 desideratis
2108 1350 2444 1421 locupletata
2482 1353 2628 1408 edita
2668 1352 2793 1420 fuit,
2827 1362 2962 1408 tom.
2997 1352 3063 1420 11,
3108 1363 3266 1424 parte
3304 1369 3362 1417 ιι,
3395 1369 3520 1425 pag.
3554 1355 3685 1421 2l2,

498 1427 550 1482 in
577 1428 906 1490 Bibliotheca
934 1440 1330 1498 concionatoria
1359 1443 1697 1511 Combelisii,
1732 1453 1881 1500 tomo
1911 1444 2024 1512 Vll,
2065 1461 2188 1516 pag.
2221 1446 2348 1502 646.
2380 1447 2611 1502 Additur
2641 1457 2821 1504 tamen
2869 1463 3106 1519 semper,
3149 1448 3295 1502 hunc
3339 1448 3581 1504 libellum
3630 1450 3686 1506 in

413 1515 710 1589 Hispanico
760 1523 941 1583 indice
988 1530 1256 1588 librorum
1305 1536 1787 1606 expurgandorum
1820 1538 1934 1610 (5%)
1990 1539 2175 1608 juberi
2221 1540 2458 1610 expungi
2486 1556 2516 1595 a
2549 1557 2669 1610 cap.
2697 1540 2730 1595 8
2761 1541 2830 1596 ad
2869 1515 3054 1606 linem,
3099 1542 3229 1611 quia
3271 1542 3324 1595 in
3362 1556 3428 1596 eo
3480 1543 3686 1612 scripta

413 1611 718 1670 habeantur
750 1624 903 1674 tanto
946 1623 1066 1678 viro
1095 1626 1497 1698 indignissima,
1537 1638 1592 1684 et
1627 1630 1922 1700 ejusmodi,
1967 1647 2090 1701 quae
2118 1633 2492 1700 apostolorum
2521 1633 2673 1690 Actis
2703 1643 3026 1705 repugnent,
3059 1635 3206 1704 quod
3234 1634 3484 1704 pluribus
3518 1611 3685 1705 argu-

410 1705 612 1798 ruentis
640 1707 1090 1771 demonstrarunt
1119 1719 1348 1776 ulterius
1377 1719 1605 1777 Rivetus
1636 1721 1774 1794 (55),
1820 1720 2091 1778 Nourrius
2130 1722 2268 1792 (54),
2305 1724 2486 1780 Natal.
2535 1726 2838 1783 Alexander
2877 1727 3010 1798 (55),
3036 1726 3364 1782 Lambecius
3395 1727 3532 1798 (56),
3559 1729 3684 1784 alii-

408 1808 550 1894 que;
579 1796 652 1854 ita
685 1810 743 1856 ut
771 1803 972 1860 mirum
1003 1823 1247 1867 errorem
1292 1817 1560 1870 erraverit
1590 1815 1817 1871 omnino
1851 1814 2212 1886 Trithemius,
2261 1822 2378 1891 qui,
2431 1830 2491 1877 ut
2534 1821 2771 1877 vidimus
2808 1838 2995 1893 supra,
3033 1821 3186 1876 illum
3237 1822 3379 1878 inter
3417 1823 3685 1894 genuinas

409 1882 683 1947 Melitonis
716 1893 1133 1957 lucubrationes
1161 1904 1564 1962 adnumeravit.

943 2101 1276 2168 OPERUM
1320 2109 1962 2177 DEPEBDITORUM
2015 2119 2077 2178 S.
2124 2115 2570 2179 MELITONIS
2631 2114 3163 2176 FRAGMENTA.

477 2232 583 2292 Sed
605 2237 722 2308 jam
755 2241 823 2298 ad
853 2242 1184 2317 fragmenta,
1221 2264 1457 2321 quorum
1488 2253 1758 2312 hactenus
1811 2261 2034 2315 memini
2082 2261 2281 2328 obiter,
2323 2259 2602 2316 recitauda
2639 2259 2980 2330 progredior.
3021 2258 3506 2316 Consentientibus
3552 2275 3674 2316 om-

403 2328 570 2386 nibus
603 2333 775 2402 asquis
811 2333 1140 2395 Christiana:
1182 2342 1526 2413 antiquitatis
1554 2350 1898 2415 censoribus,
1935 2354 2068 2408 utile
2106 2368 2323 2422 semper
2360 2351 2466 2406 fuit
2501 2328 2813 2422 reputatuvm
2848 2367 3041 2408 eorum
3085 2353 3422 2419 institutum,
3470 2355 3566 2423 qui
3622 2354 3679 2408 in

401 2421 718 2516 colligendis
744 2427 1152 2496 deperditorum
1187 2435 1455 2494 librorum
1492 2438 1834 2511 fragmentis,
1879 2445 2008 2502 hinc
2041 2446 2164 2501 inde
2193 2421 2334 2516 apud
2371 2421 2626 2502 auctores
2657 2446 2856 2514 obviis,
2889 2445 3114 2500 fuerunt
3153 2447 3407 2502 studiosi.
3441 2421 3684 2504 Grabius

401 2515 510 2570 hoc
540 2520 760 2574 nomine
789 2519 1074 2596 Spicilegio
1103 2542 1206 2584 suo
1237 2530 1487 2601 Patrum,
1525 2546 1582 2590 ut
1611 2548 1659 2591 et
1691 2538 2079 2596 ereticorum
2108 2515 2240 2602 uec.
2280 2561 2320 2609 ι,
2362 2561 2424 2611 ιι,
2477 2560 2561 2611 ιιι,
2603 2544 2670 2598 de
2713 2544 2848 2599 orbe
2896 2543 3139 2598 litterato
3188 2542 3389 2596 meruit
3434 2541 3681 2613 egregie;

399 2607 496 2664 sed
524 2610 660 2664 nihil
691 2614 834 2681 apud
861 2617 1114 2674 eumdem
1144 2619 1212 2675 de
1241 2620 1498 2681 Melitone
1538 2638 1728 2684 nostro
1771 2635 2032 2690 occurrit.
2076 2607 2373 2690 Laudamia
2411 2607 2516 2691 hac
2550 2607 2624 2691 rex
2675 2643 2832 2706 parte
2876 2637 3252 2706 maximopere
3297 2645 3382 2692 est
3425 2635 3686 2692 llalloixii

400 2718 596 2774 opera,
619 2707 712 2778 qui
740 2709 1213 2770 Melitonianorum
1245 2715 1675 2788 fragmentorum
1715 2725 2171 2799 diligentissimus
2199 2733 2446 2786 omnium
2482 2733 2693 2788 exstitit
2735 2734 3018 2799 collector,
3046 2733 3404 2803 eruditosque
3451 2734 3682 2803 insuper

400 2811 595 2856 omnes
622 2799 700 2857 ita
723 2811 807 2857 est
834 2804 1178 2864 obtestatus:
1213 2809 1268 2865 Si
1295 2813 1420 2882 quis
1448 2825 1643 2883 praeter
1672 2817 1787 2874 haec
1824 2823 2071 2877 nancisci
2112 2823 2316 2892 aliquid
2358 2837 2561 2877 novum
2597 2822 2791 2892 possit,
2840 2823 2952 2890 det,
2991 2823 3212 2890 amabo,
3263 2799 3330 2878 in—
3367 2799 3675 2892 publicum,

396 2899 452 2946 et
479 2891 706 2948 benede
735 2892 978 2953 Ecclesia
1014 2902 1348 2972 merebitur;
1410 2907 1602 2962 talium
1645 2909 1790 2965 enim
1820 2912 2064 2968 virorum
2109 2891 2338 2985 scripta,
2376 2925 2691 2970 sanctarum
2733 2915 2906 2970 instar
2943 2917 3301 2986 reliquiarum
3344 2926 3491 2972 sunt.
3536 2920 3678 2975 Cum

397 2982 567 3080 igitur
593 2985 730 3080 mihi
761 2987 923 3045 liceat
958 3006 1081 3047 esse
1111 3001 1220 3049 tam
1250 2995 1420 3067 felici,
1454 3010 1514 3055 ut
1539 3002 1698 3074 longe
1717 3005 1894 3074 plura,
1918 3023 2083 3077 quam
2118 3007 2209 3063 ille
2232 2982 2419 3073 habet,
2451 3008 2540 3063 hic
2579 3024 2853 3080 apponere
2882 2982 3088 3080 possim
3123 3009 3449 3080 fragmenta,
3481 3011 3682 3067 iisdem

395 3073 487 3130 hic
510 3076 674 3134 simul
699 3080 960 3138 exhibitis
983 3084 1233 3142 claudam
1258 3102 1581 3159 praesentem
1613 3073 2091 3167 scriptiuneulam,
2119 3099 2172 3154 id
2205 3100 2494 3168 diligenter
2517 3073 2904 3167 adnotaturus,
2938 3119 2969 3157 a
3006 3103 3208 3173 quibus
3234 3103 3339 3158 ista
3376 3100 3588 3158 fuerint
3614 3104 3684 3157 ab

393 3166 614 3226 interitu
637 3183 875 3242 servata,
899 3187 953 3233 et
982 3193 1106 3250 quae
1138 3195 1280 3237 nova
1308 3183 1438 3252 sint,
1469 3201 1593 3257 quae
1624 3166 1755 3245 vero
1778 3190 2008 3261 jamjam
2043 3193 2242 3248 habeat
2269 3166 2593 3250 Halloixius.

1477 3340 1506 3413 ᾗ
1546 3340 1589 3399 I.
1633 3342 1945 3416 Fragment.
1975 3364 2042 3402 ea:
2069 3347 2165 3403 lib.
2204 3347 2278 3404 De
2309 3348 2597 3406 Paschate.

462 3479 854 3579 Fragmentum
879 3491 1120 3560 primum
1148 3508 1214 3550 ex
1241 3494 1361 3566 ejus
1394 3496 1572 3565 libris,
1595 3513 1737 3570 quos
1763 3498 1840 3555 De
1867 3499 2128 3556 Paschate
2157 3503 2413 3572 confecit,
2444 3504 2797 3577 desumptum
2821 3517 2926 3575 est,
2958 3517 3122 3579 atque
3148 3510 3290 3579 apud
3343 3509 3677 3577 Eusebium,

396 3571 540 3671 Hist.
557 3577 750 3671 eccles.
779 3580 874 3638 lib.
913 3597 988 3649 tv,
1016 3599 1136 3654 cap.
1167 3585 1259 3652 26,
1306 3602 1434 3658 pag.
1467 3589 1592 3655 189,
1621 3591 1878 3648 editionis
1909 3592 2218 3665 Readingii,
2258 3571 2458 3653 exstat.
2496 3597 2574 3655 De
2615 3571 2682 3655 eo
2723 3601 2794 3655 ita
2828 3571 3092 3671 praefatur
3123 3571 3480 3658 Caesariensis
3515 3620 3530 3656 :

393 3667 494 3743 μὲν
524 3666 618 3725 οὖν
647 3675 761 3738 τοῖς
793 3674 922 3748 περὶ
953 3677 1048 3731 τοῦ
1074 3679 1286 3750 Πάσχα,
1319 3681 1411 3736 τὸν
1438 3684 1646 3756 χρόνον,
1676 3685 1797 3740 καθ’
1823 3686 1883 3740 ὃν
1913 3689 2254 3754 συνέταττεν,
2295 3691 2596 3763 ἀρχόμενος
2624 3666 2880 3765 σημαίνει
2913 3697 2972 3749 ὲν
3001 3696 3230 3760 τούτοις
3268 3714 3287 3748 ‹
3332 3695 3389 3749 In
3433 3696 3577 3752 libro
3601 3697 3678 3751 De

391 3761 625 3834 Pascha,
655 3774 871 3841 tempus
900 3769 1099 3841 ipsum,
1126 3788 1237 3842 quo
1271 3776 1565 3845 scribebat,
1605 3779 1658 3832 in
1687 3781 1958 3852 principio
1981 3784 2164 3854 operis
2196 3785 2281 3840 sui
2311 3761 2564 3856 designat
2589 3761 2883 3844 hist-verbis
2919 3807 2931 3842 :
2972 3808 2991 3840 ι

2157 3938 2281 3992 Ἐπὶ
2311 3940 2618 4010 Σερουϊλίου
2646 3941 2862 3995 Παύλου
2888 3942 3200 4000 ἀνθυπάτου
3233 3945 3332 4017 τῆς
3379 3945 3589 4012 Ἀσίας,

2075 4032 2317 4106 Σάγαρις
2351 4035 2462 4107 (57)
2512 4036 2690 4109 καιρῷ
2728 4038 3142 4111 ἐμαρτύρησεν,
3177 4040 3396 4108 ἐγένετο
3446 4043 3676 4116 ζήτησις

2071 4123 2242 4198 πολλὴ
2265 4127 2323 4180 ὲν
2348 4128 2640 4201 Λαοδικείᾳ
2671 4131 2799 4201 περὶ
2828 4130 2921 4184 τοῦ
2945 4132 3138 4203 Πάσχα
3171 4133 3305 4204 (58),
3341 4135 3676 4204 ἐμπεσόντος

462 3917 698 3976 Servilio
748 3921 922 3979 Paulo
965 3925 1108 3982 Asia:
1151 3930 1511 3997 proconsule,
1566 3947 1679 4003 quo
1721 3942 1970 4006 tempore

389 4007 614 4082 Sagaris
648 4016 970 4088 martyrium
1030 4035 1324 4090 perpessus
1371 4036 1474 4088 est,
1515 4041 1710 4093 magna
1747 4039 1968 4084 contro-

385 4104 566 4160 versia
588 4103 873 4164 Laodiceae
901 4111 1135 4168 excitata
1155 4123 1241 4169 est
1265 4114 1333 4170 de
1355 4117 1705 4175 solemnitate
1727 4119 1968 4177 Pascha-

457 4221 573 4306 (49)
604 4221 739 4306 Vide
789 4225 1156 4287 Fontaninum
1201 4234 1255 4306 in
1301 4235 1722 4306 Antiquitatibus
1777 4245 1963 4298 Home

383 4289 622 4376 gelenius
669 4294 1055 4376 Etruscorum,
1094 4319 1146 4371 p.
1203 4305 1329 4374 528,
1385 4289 1963 4370 uiiidéééeihniiéiiﬁ

383 4360 587 4419 Gelasii
618 4377 877 4424 accurate
908 4360 1221 4428 exhibetur.

453 4433 777 4523 (‘Eifl)‘Beda,
806 4437 866 4523 in
887 4438 1222 4523 Retractione
1238 4447 1301 4523 in
1330 4447 1465 4523 Acta
1491 4451 1718 4519 apostol.
1755 4467 1876 4523 cap.
1909 4454 1964 4519 8,

380 4505 759 4592 qulem‘lo‘cum
795 4509 961 4592 etiam
988 4515 1208 4592 exhibet
1238 4505 1545 4592 Nanstex'.
1576 4537 1625 4575 c.
1658 4505 1720 4588 1.,
1756 4505 1967 4592 ρζτεθξιῖ

475 4573 567 4654 ξι)
606 4575 808 4654 Baron.
835 4579 1032 4654 Annal.
1067 4585 1136 4637 ad
1159 4604 1285 4640 ann.
1318 4588 1410 4654 48,
1453 4573 1709 4648 έρὲέιξιεζ

476 4644 566 4712 52)
607 4647 690 4701 Ad
719 4664 914 4706 manus
962 4653 1066 4707 fuit
1098 4656 1318 4711 Antonii
1364 4644 1410 4712 a'
1449 4644 1759 4717 Sotoniaior
1800 4662 1971 4719 Index

376 4713 634 4798 librorum
666 4720 1054 4798 prohibitor-um
1081 4736 1130 4778 et
1161 4713 1968 4798 expitrgandoruntnouissimus

441 4786 776 4876 tijfglghquft}
821 4786 1381 4876 ﬂisﬂaniarumjrcg‘is
1427 4800 1737 4876 Philippi]

433 4854 596 4938 adriti
629 4858 786 4922 1667,
821 4854 1002 4938 ili-fol.
1057 4868 1277 4938 prodiit,
1302 4854 1519 4938 "imque,
1541 4854 1544 4855 ί
1566 4854 1626 4928 h'.
1649 4854 1743 4928 ιιι
1759 4854 1771 4862 “
1787 4854 1964 4932 {ita};

374 4941 434 4996 p.
465 4925 590 4993 151,
618 4932 902 4997 sequentia
956 4925 1136 4990 inveni
1195 4925 1349 4994 :C'ol.
1393 4925 1552 5008 1511,
1589 4925 1962 5015 poéi'piié‘rsil

375 4996 516 5052 adde
561 5015 577 5052 :
623 5015 642 5049 ι
688 5000 838 5060 Onus
893 5005 1287 5060 auocrvuhum.
1349 5020 1402 5060 et
1455 5011 1592 5060 falsn
1637 5016 1962 5060 ίιιςρνίηιιηη

375 5011 516 5052 aude
561 5015 577 5052 :
623 5015 642 5049 ι
688 5011 838 5068 Upus
893 5011 1287 5076 apocryphum,
1349 5020 1402 5065 et
1453 5011 1605 5074 falso
1637 5011 1962 5086 inscriptum

377 5063 854 5152 Mglitoninsgol.
905 5075 1066 5152 1514,
1103 5077 1292 5152 littera
1337 5079 1378 5133 Β
1408 5123 1422 5145 ,
1447 5093 1570 5151 post
1619 5085 1707 5140 illa
1751 5089 1914 5141 verba
1946 5110 1959 5142 :

383 5136 578 5217 (Cum
615 5140 695 5195 eis
722 5139 944 5211 Paulus,
975 5164 993 5197 ›
1028 5136 1151 5221 dele
1184 5165 1358 5221 usque
1379 5136 1462 5206 ad.
1483 5173 1502 5203 ι
1527 5136 1962 5221 ‘Ex'Eiréﬁiﬁéil

377 5216 532 5296 sione
563 5216 1346 5296 conversus,nescius-iveﬁol.
1388 5223 1546 5289 1515,
1587 5217 1688 5280 litt.
1729 5227 1795 5292 A,
1840 5239 1965 5296 post

374 5275 511 5333 illud
536 5297 613 5370 ελ(
650 5278 759 5337 Vos
784 5275 892 5340 huc
922 5287 1202 5370 adduxit,»
1240 5291 1359 5370 dele

373 5362 507 5472 οι·ῗο
551 5349 836 5421 deprecor,
891 5374 908 5407 ι
956 5349 1252 5416 exelusive.
1309 5349 1510 5418 Eadem
1559 5349 1670 5421 col.
1705 5349 1958 5434 dinei),

374 5418 655 5505 deecap.
709 5423 764 5485 8,
797 5434 853 5505 et
908 5431 1190 5505 sequentia
1229 5433 1642 5505 eapita_usque
1682 5438 1748 5492 ad
1796 5439 1957 5493 linem

375 5491 582 5570 operis,
618 5495 862 5570 exceptis
903 5491 1370 5558 adnotationibus.
1416 5491 1631 5562 (litat-ur
1657 5491 1826 5564 editio
1855 5491 1959 5565 1‘35;

375 5561 581 5619 risiana
611 5561 772 5618 1589.

447 5627 564 5720 (ἒξ)
583 5630 816 5720 R‘ivetus
838 5636 892 5689 in
909 5635 1110 5720 Critico
1130 5643 1422 5720 sacrq._lib.
1451 5662 1511 5720 ιι,
1540 5663 1661 5718 cap.
1685 5650 1736 5716 7,
1757 5668 1808 5720 p.
1825 5651 1952 5719 201,

378 5703 436 5763 αι
491 5701 548 5754 in
596 5701 850 5778 Apologia
884 5724 981 5778 pro
1016 5711 1213 5782 virgine
1261 5713 1459 5784 Maria,
1500 5701 1674 5786 lily).'t,

2178 4245 2268 4310 54)
2307 4243 2424 4300 Nic.
2450 4245 2536 4319 Le
2563 4244 2797 4319 Nourry,
2841 4248 2895 4301 in
2931 4249 3218 4319 Apparatu
3247 4250 3316 4303 ad
3352 4249 3674 4308 Bibliothec.

2083 4313 2204 4370 PP.
2247 4329 2419 4381 max.,
2449 4317 2543 4371 lib.
2579 4333 2638 4384 ιι,
2669 4313 2804 4374 diss.
2833 4319 2886 4384 5,
2919 4313 3173 4374 fol-[558.

2149 4386 2264 4467 (55)
2311 4386 2454 4467 fiat.
2491 4388 2672 4455 Alex.,
2727 4391 2873 4467 ilist.
2923 4390 3122 4467 eccles.
3144 4400 3276 4446 tom.
3308 4391 3395 4467 111,
3436 4408 3496 4467 p.
3540 4392 3672 4467 298,

2074 4455 2406 4529 ubierudita
2441 4459 2693 4528 lectuque
2721 4459 3041 4529 dignissima
3071 4455 3390 4516 dissertatio
3431 4455 3504 4517 De
3535 4463 3674 4518 libro

2078 4524 2321 4603 M_elitoni
2360 4529 2552 4603 aﬂicto,
2603 4524 2695 4599 qui
2729 4524 3185 4603 inscribiturtde
3219 4535 3451 4585 transitu
3495 4533 3674 4603 Virgi-

2075 4597 2178 4670 nis,
2239 4608 2438 4663 exstat,
2480 4599 2552 4653 ob
2592 4597 2759 4670 quam
2803 4617 2836 4654 a
2884 4601 3210 4656 censoribus
3259 4604 3376 4658 suis
3432 4597 3671 4659 multum

2072 4665 2180 4739 fuit
2204 4671 2523 4739 castigatus.

2145 4738 2260 4812 (56)
2299 4738 2682 4812 Lambecius,
2731 4740 3077 4796 Bibliotheca:
3140 4741 3437 4797 l’indobou.
3524 4754 3667 4801 tom.

2073 4807 2209 4873 VIII,
2238 4808 2332 4864 fol.
2368 4807 2460 4864 161
2495 4821 2549 4864 et
2573 4812 2696 4866 189.

2144 4879 2261 4954 (57]
2316 4879 2562 4954 Sugaris,
2609 4882 2768 4954 cujus
2821 4882 2910 4936 hic
2966 4883 3173 4937 mentio
3204 4883 3308 4954 itit,
3367 4886 3668 4954 episcopus

2070 4948 2412 5022 Laedicenus
2447 4951 2570 5018 fuit,
2611 4948 2754 5007 et'in
2792 4955 3173 5022 persecutione
3201 4953 3273 5007 M.
3313 4948 3527 5009 Aurelii
3559 4948 3667 5008 An-

2071 5021 2240 5093 tonini
2290 5031 2495 5093 martyr
2543 5025 2702 5090 obiit,
2742 5021 2809 5077 de
2849 5039 2960 5092 quo
2997 5023 3189 5078 confer
3231 5023 3569 5079 Ruinartum
3613 5028 3664 5080 in

2066 5092 2220 5163 Actis
2230 5092 2522 5163 martyrum
2541 5094 2783 5160 sinceris,
2801 5109 2856 5163 p.
2876 5094 2967 5159 29,
2985 5095 3115 5148 edit.
3135 5095 3362 5150 Amstel.
3384 5095 3549 5161 1715,
3571 5098 3660 5150 fol.

2139 5162 2254 5233 (58)
2297 5162 2372 5217 De
2399 5165 2779 5219 controversia
2805 5162 2914 5218 ista
2957 5180 3146 5233 supra,
3172 5167 3240 5220 ad
3282 5166 3510 5220 titulum
3545 5168 3660 5220 libri

2067 5230 2143 5285 De
2174 5230 2461 5306 Paschatc,
2505 5236 2770 5288 nonnulla
2798 5230 3050 5306 Afueruni
3085 5237 3252 5306 dicta.
3284 5235 3452 5290 Plura
3481 5239 3576 5306 qui
3599 5239 3661 5291 de

2063 5317 2126 5354 ea
2156 5305 2297 5357 scire
2332 5305 2587 5369 voluerit,
2614 5307 2771 5360 adeat
2790 5304 3059 5360 Jacobum
3098 5304 3386 5360 Usserium
3421 5310 3478 5362 in
3503 5304 3656 5364 Dias.

2063 5372 2127 5425 de
2159 5371 2360 5446 Ignatii
2402 5375 2664 5443 epistolis,
2715 5393 2838 5446 cap.
2881 5376 2969 5437 14,
3001 5392 3058 5445 p.
3092 5377 3182 5439 95,
3217 5392 3384 5445 quam
3429 5379 3656 5433 editioni

2063 5445 2358 5518 suasionge
2377 5447 2676 5518 rarissima:
2701 5445 3073 5518 Epistolarum
3098 5445 3383 5518 Polycairpi
3410 5458 3468 5503 et
3501 5450 3656 5518 lgna-

2062 5514 2144 5588 tii,
2177 5512 2358 5588 omn.
2398 5516 2558 5588 1644,
2605 5512 2764 5588 ιιι-4,
2802 5517 3102 5588 praemisit;
3128 5512 3242 5572 Jos.
3289 5512 3654 5588 Binghamum

2063 5583 2146 5657 in_
2201 5581 2509 5657 Qriginibus
2545 5581 2679 5641 sive
2748 5581 3175 5657 Antiquitatibus
3251 5581 3652 5655 ecclesiasticis,

2061 5654 2169 5708 vol.
2194 5653 2286 5720 IX,
2304 5653 2373 5725 7p.
2400 5656 2506 5720 89;
2553 5657 2677 5711 Joh.
2720 5653 2900 5713 Andr.
2925 5655 3294 5724 Schmidium,
3321 5659 3376 5713 in
3403 5653 3653 5714 Historia

2060 5725 2312 5794 festorum
2355 5737 2402 5782 et
2451 5727 2874 5798 ﬂaminicarum,
2905 5745 2957 5802 ι).
3001 5729 3134 5787 125;
3166 5729 3263 5793 Ge.
3297 5729 3468 5788 llcnr.
3521 5730 3654 5790 Goe-
