3872 6210
129 302 278 360 1209

1568 298 1994 356 FRAGMENTA

3273 305 3408 358 12ίο

120 417 278 472 κατὰ
333 415 522 490 καιρὸν
568 416 629 470 ὲν
681 416 916 482 ἐκείναις
979 419 1098 482 ταῖς
1145 415 1381 489 ἡμέραις
1430 415 1581 488 (59),
1630 414 1710 468 κα)

1829 413 1888 479 li,
1920 429 2044 484 qua).
2086 414 2404 485 tempestive
2450 414 2506 469 in
2558 413 2682 470 illos
2715 414 2834 470 dies
2877 413 3164 471 inciderat.
3198 415 3410 480 Quibus

120 508 348 578 ἐγράφη
378 507 571 561 ταῦτα.

1832 512 1995 566 etiam
2031 507 2224 564 diebus
2250 510 2364 564 haec
2398 525 2429 564 a
2464 510 2624 566 nobis
2659 509 2957 580 perscripta
2989 517 3138 565 sunt.

203 599 433 652 Videtur
456 598 562 653 hoc
584 597 973 670 fragmentum,
1005 598 1151 670 quod
1191 597 1335 669 apud
1379 596 1657 652 Bullinum
1686 599 1796 669 (60)
1831 608 1886 655 et
1924 599 2294 671 Nicephorum
2333 601 2446 673 (6|)
2484 617 2702 671 quoque
2732 602 3001 668 invenies,
3039 601 3258 656 initium
3283 616 3408 657 esse

121 690 307 760 ipsius
365 692 577 761 Operis;
619 705 730 762 quo
764 691 1041 746 scribendi
1089 689 1438 745 occasionem
1490 700 1748 745 accurate
1791 691 2036 760 exponit.
2097 690 2372 747 Exhibcnt
2422 691 2569 746 istud
2621 689 2951 753 lialloixius.
3000 690 3404 761 Tillemontius,

120 782 517 839 Benthemius.

1146 874 1174 947 ξ
1212 872 1280 929 ll.
1319 873 1650 944 Fragmenta
1687 889 1751 927 ea:
1790 874 2050 945 Apologia
2087 874 2376 932 Melilom's.

205 996 451 1054 Alterum
501 997 865 1067 fragmentum
903 994 1174 1051 Eusebius
1217 995 1310 1049 cit.
1353 994 1457 1046 loc.
1509 993 1709 1047 iterum
1753 993 1925 1060 dabit,
1955 994 2103 1064 quod
2127 1011 2192 1049 ex
2226 995 2486 1065 Apologia
2518 995 2586 1050 ad
2626 995 2794 1051 Marc.
2839 978 3025 1053 Aurel.
3064 998 3403 1053 Antoninum

120 1089 265 1158 imp.
300 1087 585 1151 nonnulla,
620 1096 704 1142 ast
735 1086 1014 1158 quantivis
1046 1085 1228 1156 pretii,
1257 1085 1548 1155 κλάσματα
1569 1085 1710 1140 sistit

1829 1114 1830 1133 ;
1859 1088 2079 1156 quibus,
2110 1089 2182 1142 ita
2213 1087 2482 1142 Eusebius
2511 1106 2524 1141 :
2567 1090 2653 1140 Ἐν
2685 1089 2741 1142 δὲ
2761 1089 2840 1157 τῷ
2866 1091 3002 1161 πρὸς
3022 1091 3113 1144 τὸν
3139 1093 3410 1164 αὐτοκρά-

117 1197 262 1249 τορα
296 1179 486 1252 βιϐλίῳ
515 1180 741 1235 τοιαῦτά
766 1197 887 1234 τινα
918 1178 1036 1232 καθ’
1073 1177 1228 1250 ἡμῶν
1256 1180 1340 1230 ἐπ’
1374 1177 1536 1231 αὑτοῦ
1568 1194 1710 1246 γεγο·

1832 1199 1850 1233 ι
1891 1182 2126 1252 ἱστορεῖ·
2169 1201 2188 1235 ι
2224 1182 2345 1238 Jam
2377 1200 2506 1240 vero
2530 1185 2584 1238 in
2614 1200 2681 1240 eo
2724 1185 2868 1240 libro
2902 1203 3066 1258 quem
3093 1189 3408 1260 imperatori

116 1269 488 1339 nuncupavit,
524 1269 651 1324 talia
679 1269 928 1340 quaedam
954 1269 1218 1322 adversus
1243 1282 1345 1322 nos
1369 1268 1472 1322 sub
1499 1267 1592 1320 illo
1629 1267 1771 1322 facta
1799 1283 1920 1325 esse
1946 1282 2267 1328 memorat.»

193 1385 270 1438 Τὸ
295 1384 406 1456 γὰρ
437 1385 782 1439 οὐδεπώποτε
816 1385 926 1456 (62)
972 1385 1282 1456 γενόμενον,
1329 1385 1424 1438 νῦν
1459 1384 1712 1437 διώκεται

122 1476 180 1528 ,τὸ
207 1475 319 1529 τῶν
351 1475 616 1530 Θεοσεϐῶν
648 1478 822 1546 γένος,
853 1481 1060 1541 καινοῖς
1108 1477 1466 1547 ἐλαυνόμενον
1508 1475 1723 1546 δόγμα-ί

114 1584 174 1621 σι
193 1567 309 1638 (65)
332 1568 472 1622 κατὰ
493 1569 588 1640 τὴν
619 1569 799 1624 Ἀσίαν
817 1570 948 1642 (64).
967 1571 1032 1623 Oi
1054 1569 1164 1642 γὰρ
1186 1569 1422 1632 ἀναιδεῖς
1446 1568 1715 1638 συκοφάν-

110 1676 213 1713 ται
246 1660 341 1714 καὶ
375 1659 481 1714 τῶν
522 1660 818 1733 ἀλλοτρίων
861 1664 1088 1734 ἐρασταὶ
1130 1663 1230 1733 τὴν
1284 1664 1348 1714 ὲκ
1389 1661 1498 1714 τῶν
1532 1662 1718 1715 διατα-

112 1754 352 1824 γμάτων
415 1753 632 1825 ἔχοντες
695 1756 948 1828 ἀφορμὴν
973 1797 988 1820 ,
1045 1756 1296 1828 φανερῶς
1357 1755 1714 1828 λῃστεύουσι,

110 1843 341 1917 νύκτωρ
385 1847 480 1900 καὶ
515 1846 833 1920 μεθημέραν
869 1847 1261 1920 διαρπάζοντες
1291 1846 1403 1918 (65)
1440 1847 1569 1910 τοὺς
1606 1863 1714 1918 μη-

111 1934 212 1990 δὲν
235 1936 577 2003 ἀδικοῦντας.

1892 1388 2049 1456 Quod
2073 1392 2219 1446 enim
2261 1408 2543 1462 nunquam
2574 1401 2730 1449 antea
2769 1393 2968 1449 factum
3001 1395 3198 1464 fuerat,
3222 1414 3410 1468 perse—

1815 1483 2094 1564 cutionem
2123 1500 2270 1540 nunc
2297 1486 2500 1554 patitur
2523 1487 2738 1556 piorum
2770 1488 3051 1542 hominum
3087 1504 3276 1559 genus,
3306 1507 3407 1544 n0-

1819 1576 1903 1630 vis
1933 1592 2030 1645 per
2061 1576 2246 1632 Asiam
2279 1578 2515 1634 decretis
2557 1579 2909 1650 exagitatum.
2940 1580 3406 1651 lmpudentissimi

1822 1680 2062 1735 namque
2113 1667 2386 1725 delatores
2439 1678 2494 1723 et
2546 1670 2847 1725 alienarum
2897 1687 3062 1741 opum
3097 1674 3302 1742 cupidi,
3339 1689 3406 1728 ex

1821 1757 1981 1813 editis
2014 1761 2364 1816 occasionem
2404 1765 2574 1830 nacti,
2617 1766 2797 1834 palam
2825 1764 2917 1818 diu
2952 1774 3223 1836 noctuque
3249 1782 3406 1838 gras-

1825 1859 2018 1906 santur
2050 1854 2398 1925 spoliantque
2426 1856 2678 1911 homines
2707 1857 2982 1911 innoxios.

1435 2009 1545 2065 Kal
1563 2009 1694 2080 μεθ’
1721 2008 1892 2079 ἔτερα
1921 2013 2096 2080 φησί·

192 2122 305 2176 Καὶ
324 2124 372 2176 εί
395 2123 496 2196 μὲν
523 2123 614 2177 σοῦ
653 2123 1008 2190 κελεύσαντος
1044 2124 1154 2196 (66)
1188 2125 1358 2180 ταῦτα
1391 2125 1713 2197 πράττεται,

107 2214 264 2269 ἔστω
294 2216 476 2281 καλῶς
513 2218 822 2290 γενόμενον.
862 2219 1081 2283 Δίκαιος
1103 2219 1212 2291 γὰρ
1247 2218 1497 2290 βασιλεὺς
1517 2219 1618 2272 οὐκ
1651 2221 1718 2272 ἂν

107 2306 323 2371 ἀδίκως
354 2307 702 2379 βουλεύσαιτο
742 2309 981 2364 πώποτε·
1023 2310 1120 2364 καὶ
1153 2313 1314 2382 ἡμεῖς
1349 2311 1522 2382 ἡδέως
1559 2311 1720 2382 φέρο-

111 2419 226 2472 μεν
256 2400 350 2454 τοῦ
401 2401 645 2455 τοιούτου
687 2402 919 2456 Θανάτου
958 2403 1020 2456 τὸ
1061 2403 1248 2474 γέρας.
1286 2403 1502 2474 Ταύτην
1535 2402 1594 2455 δέ
1636 2420 1718 2456 σοι

112 2495 296 2566 μόνην
326 2496 709 2567 προσφέρομεν
742 2495 944 2567 δέησιν,
981 2497 1066 2550 ἵνα
1093 2495 1254 2560 αὐτὸς
1293 2497 1560 2568 πρότερον
1594 2496 1718 2547 ἐπι-

108 2586 284 2656 γνοὺς
329 2586 458 2649 τοὺς
501 2587 600 2657 τῆς
642 2587 900 2658 τοιαύτης
944 2587 1275 2658 φιλονεικίας
1325 2587 1562 2658 ἐργάτας
1606 2587 1716 2658 (67)

107 2680 348 2744 δικαίως
392 2680 634 2751 κρίνειας
679 2680 812 2752 (68),
861 2683 909 2735 εί
956 2681 1094 2749 ἄξιοι
1135 2681 1364 2737 θανάτου
1407 2685 1502 2735 καὶ
1541 2700 1717 2753 τιμω-

113 2770 264 2842 ρίας,
299 2771 334 2844 ἢ
365 2771 638 2842 σωτηρίας
667 2773 761 2827 καὶ
793 2773 1022 2844 ἡσυχίας
1056 2775 1212 2827 εἰσίν.
1251 2775 1313 2827 El
1345 2774 1402 2827 δὲ
1435 2775 1529 2828 καὶ
1560 2775 1712 2847 παρὰ

110 2866 215 2916 σοῦ
240 2863 318 2935 μὴ
370 2864 455 2935 ab;
505 2866 538 2936 ἡ
585 2864 746 2936 βουλὴ
796 2864 906 2937 (69)
941 2864 1080 2937 αὕτη
1116 2866 1210 2920 καὶ
1242 2867 1304 2920 τὸ
1343 2867 1528 2921 καινὸν
1559 2866 1717 2922 τοῦτο

108 2955 419 3025 διάταγμα·
455 2955 484 3008 ὃ
518 2957 652 3027 μηδὲ
685 2957 826 3012 κατὰ
856 2958 1145 3030 βαρὸάρων
1180 2960 1381 3030 πρέπει
1414 2959 1712 3029 πολεμίων·

110 3047 254 3102 πολὺ
316 3046 518 3119 μᾶλλον
561 3047 794 3120 δεόμεθά
848 3067 964 3115 σου,
1020 3050 1096 3122 μὴ
1149 3051 1407 3122 περιϊδεῖν
1463 3053 1614 3124 ἡμᾶς
1657 3052 1717 3106 ὲν

110 3137 348 3212 τοιαύτῃ
376 3138 614 3211 δημώδει
646 3138 927 3214 λεηλασίᾳ.

1895 2129 2052 2195 Quod
2082 2131 2128 2185 si
2169 2130 2285 2186 haec
2318 2140 2414 2186 tuo
2439 2131 2598 2202 jussu
2644 2131 2796 2197 liam,
2829 2139 2976 2186 recte
3015 2118 3179 2200 atque
3214 2128 3405 2184 ordine

1822 2219 1966 2275 facta
2025 2230 2210 2276 sunto.
2271 2221 2459 2292 Neque
2509 2222 2654 2276 enim
2713 2221 2829 2276 ﬁeri
2874 2229 3073 2291 potest,
3126 2228 3185 2275 ut
3221 2221 3405 2290 justus

1824 2313 2076 2382 princeps
2103 2314 2308 2383 aliquid
2340 2329 2580 2384 unquam
2611 2314 2814 2384 injuste
2841 2315 3143 2368 constituat
3175 2321 3269 2368 :et
3301 2328 3404 2366 nos

1821 2405 2016 2460 libenti
2069 2407 2255 2462 animo
2302 2406 2575 2477 ejusmodi
2610 2405 2803 2462 mortis
2838 2406 3121 2476 praemium
3153 2405 3400 2460 ferimus.

1823 2497 2006 2553 Unum
2030 2499 2160 2554 illud
2188 2515 2218 2554 a
2244 2508 2294 2553 te
2317 2500 2576 2569 petimus,
2597 2508 2656 2554 ut
2673 2515 2798 2554 eum
2813 2498 3084 2568 ejusmodi
3101 2497 3404 2568 pertinacia

1823 2595 2064 2665 perditos
2097 2592 2346 2646 homines
2388 2609 2485 2663 per
2528 2601 2580 2647 te
2623 2594 2739 2662 ipse
2783 2596 2935 2662 prius
2975 2589 3402 2653 examinaveris,

1823 2700 1936 2744 tmn
1960 2689 2156 2745 deinde
2172 2704 2270 2758 pro
2286 2696 2376 2742 tua
2392 2686 2646 2756 aequitate
2662 2693 2894 2750 statuas,
2921 2693 3103 2738 utrum
3131 2683 3404 2753 supplicio

1821 2802 1888 2841 ac
1906 2797 2084 2841 morte
2105 2785 2261 2851 allici,
2287 2801 2353 2838 an
2388 2785 2523 2840 salvi
2550 2799 2615 2839 ac
2639 2783 2816 2838 securi
2845 2782 3040 2852 degere
3067 2786 3400 2834 mereantur.

1823 2879 1918 2933 Sin
1946 2893 2078 2933 vero
2103 2879 2235 2933 illud
2259 2877 2551 2933 consilium
2585 2884 2748 2946 atque
2777 2875 3016 2929 edictum
3047 2873 3208 2942 plane
3243 2872 3404 2926 inau—

1821 2972 2016 3038 ditum,
2033 2971 2179 3042 quod
2199 2985 2375 3039 neque
2409 2969 2672 3023 adversus
2696 2967 2961 3021 barbaros
2991 2964 3176 3018 hostes
3199 2962 3401 3017 sanciri

1817 3066 2094 3130 decuerat,
2123 3077 2404 3131 nunquam
2435 3076 2464 3115 a
2497 3071 2548 3114 te
2579 3057 2882 3129 profectum
2913 3065 3017 3121 est,
3047 3054 3401 3109 obsecramus

1817 3167 1872 3215 te
1902 3159 2074 3212 multo
2100 3155 2297 3225 magis,
2324 3169 2392 3208 ne
2421 3167 2524 3205 nos
2555 3149 2828 3222 ejusmodi
2859 3148 3079 3220 publico
3109 3147 3401 3203 latrocinio

1813 3253 2023 3311 diutius
2054 3249 2236 3305 vexari
2263 3246 2570 3317 permittas.

1263 3385 1502 3450 Τούτοις
1528 3378 1705 3448 αὖθις
1740 3374 2005 3446 ἐπιφέρει
2031 3369 2243 3437 λέγων·

199 3496 268 3551 Ἦ
300 3497 412 3570 γὰρ
439 3497 562 3552 καθ’
593 3499 740 3570 ἡμᾶς
773 3498 1060 3570 φιλοσοφία
1086 3498 1196 3571 (70)
1226 3501 1489 3572 πρότερον
1523 3499 1622 3572 μὲν
1655 3500 1712 3552 ἐν

115 3586 424 3662 βαρϐάροις
474 3588 583 3661 (71)
617 3590 886 3662 ἤκμασεν·
924 3590 1281 3662 ὲπανθήσασα
1332 3592 1389 3646 δὲ
1433 3594 1547 3656 τοῖς
1602 3593 1714 3656 σοῖς

113 3726 292 3791 zinm,
340 3723 398 3778 in
447 3722 720 3779 ἀίδια-ται.
769 3725 845 3781 De
896 3725 1435 3794 Quartadecimanis;
1494 3745 1711 3786 summe

111 3795 382 3870 ienerab.
432 3795 768 3870 Dey‘li‘ngium
818 3799 874 3852 in
923 3798 1490 3870 ΟὺδειηιᾳιεΜὶδεείιη
1527 3817 1583 3870 p.
1616 3801 1706 3855 41.

115 3812 382 3852 veneran.
433 3812 768 3920 vei'nngium
818 3815 874 3852 in
923 3812 1198 3854 uoservat.
1240 3812 1490 3866 Muscam,
1527 3817 1583 3870 p.
1616 3812 1706 3855 41.

115 3866 198 3922 De
224 3876 471 3935 tempore
535 3867 690 3920 itium
737 3868 932 3922 harum
994 3870 1050 3923 in
1102 3869 1346 3924 Ecclesia
1404 3869 1710 3926 Laodicena

113 3945 399 4058 mqtarum
425 3937 683 4060 disqgigit
708 3937 1046 4008 Baraterius,
1068 3939 1125 3994 in
1148 3939 1536 4009 Disquisitione
1563 3942 1713 3995 chro-

115 4022 186 4060 no
213 4022 393 4060 amca.
425 4022 478 4060 ι).
633 4048 647 4060 .

115 4022 393 4075 nowgtca,
425 4022 478 4075 p.
519 4022 647 4061 τευ.

191 4075 309 4146 (59)
346 4078 427 4130 Ita
464 4076 805 4146 interpunxit
851 4086 907 4133 et
949 4079 1116 4133 vertit
1171 4079 1443 4134 Valesius.
1491 4077 1706 4135 Mallem

110 4161 220 4217 ego
260 4147 643 4222 distinctionis
662 4149 877 4218 signum
917 4165 1121 4222 ponere
1157 4159 1281 4220 post
1309 4151 1448 4203 κατὰ
1493 4151 1705 4222 καιρόν,

110 4227 172 4292 et
201 4217 395 4292 verba,
426 4217 484 4269 ὲν
529 4217 764 4281 ἐκείναις
809 4217 934 4282 ταῖς
970 4217 1224 4292 ἡμέραις,
1245 4221 1325 4292 ιιό
1359 4222 1551 4274 ultima
1590 4217 1708 4276 tra-

113 4287 274 4349 here,
309 4287 416 4341 hoc
445 4302 633 4350 sensu,
658 4287 1095 4343 controversiain
1113 4290 1392 4345 Laodiceae
1417 4292 1707 4346 excitatam

115 4358 298 4430 fuisse
327 4357 774 4430 de_solemnitate
799 4360 1067 4429 paschali,
1106 4377 1229 4430 quae
1278 4369 1408 4416 tunc
1444 4361 1710 4417 inciderat

109 4429 276 4502 juxta
304 4427 590 4502 antiquam
628 4427 1081 4502 consuetudinem
1105 4427 1350 4502 {hisque
1377 4431 1547 4486 etiam
1590 4433 1709 4488 die-

113 4498 396 4570 busipsis
423 4499 536 4570 haec
570 4515 599 4553 a
627 4498 881 4570 Melitone
911 4503 1210 4570 perscripta
1250 4498 1468 4563 fuisse.,

359 4566 628 4642 gemitus,
668 4569 816 4642 Hist.
855 4566 1058 4642 ec'cles.
1084 4566 1176 4626 lib.
1212 4588 1286 4639 IV,
1317 4588 1438 4642 cap.
1475 4570 1569 4626 24.

192 4631 311 4708 (61)
359 4634 703 4709 Nicephorus
754 4639 902 4695 Hist.
952 4641 1135 4696 eccles.
1191 4631 1286 4697 lib:
1333 4631 1411 4708 iv,
1455 4657 1576 4712 cap.
1623 4641 1708 4710 10,

207 4710 339 4763 294.
370 4716 504 4763 ιοιιι.
536 4709 554 4762 l
588 4708 724 4763 ODD.

159 4750 175 4764 .
207 4716 504 4780 234,}9111.
536 4716 554 4762 ι
588 4716 724 4780 Upp.

114 4724 175 4782 p.
207 4724 339 4773 294,
370 4724 504 4764 tom.
536 4724 554 4762 ι
588 4724 724 4780 upp.

193 4778 310 4850 (62)
351 4776 532 4850 Minus
564 4788 820 4850 accurate
850 4781 903 4834 in
951 4781 1093 4836 duas
1134 4795 1296 4835 voces
1334 4780 1526 4836 dividit
1571 4780 1710 4837 Rea-

112 4849 344 4920 dingius
370 4849 491 4920 ούδὲ
526 4849 765 4903 πώποτε.
809 4853 866 4906 ld
913 4868 1117 4904 novum
1177 4867 1286 4905 non
1327 4852 1461 4907 dicit
1501 4851 1708 4918 Melito,

113 4919 270 4989 quod
327 4919 629 5002 Christiani
677 4923 958 5002 patiantur
999 4923 1474 4991 persecutionem;
1505 4924 1602 5002 _sed
1639 4924 1708 4978 de

113 5007 186 5046 eo
235 4992 618 5058 conqueritur,
676 4992 920 5060 illudque
961 5006 1121 5046 antea
1173 5008 1454 5060 nunquam
1503 4992 1706 5047 factum

115 5062 359 5124 asserit,
404 5061 551 5128 quod
587 5061 802 5131 privata
829 5063 1112 5116 inferioris
1155 5063 1373 5117 urbium
1418 5063 1711 5132 magistra-

116 5144 208 5185 tus
241 5133 592 5197 auctoritate,
642 5133 851 5201 absque
889 5133 1281 5201 imperatorum
1307 5142 1402 5187 aut
1435 5134 1710 5202 praefecto-

117 5217 243 5256 rum
278 5201 699 5270 provincialium
732 5204 993 5258 mandato
1019 5203 1237 5272 piorum
1273 5201 1450 5270 genus
1466 5204 1712 5274 exagita-

115 5283 294 5328 I'L'llll‘.

189 5343 312 5412 (65)
358 5341 602 5398 Valesius
632 5343 879 5414 δόγματα
913 5343 982 5399 de
1007 5343 1181 5412 jussis
1210 5343 1590 5414 imperialibus
1627 5343 1712 5397 in-

189 5361 312 5412 (οο)
360 5361 602 5398 vatesrus
632 5361 879 5467 myga‘ra
913 5361 982 5399 ue
1007 5361 1181 5424 Jussls
1210 5361 1590 5425 imperiannus
1627 5361 1707 5397 ιιι-

115 5421 473 5483 trrpretatur.
499 5415 692 5470 Melius
769 5453 784 5469 .
814 5415 1345 5479 Schwrzfletschtus,
1377 5416 1520 5484 apud
1544 5413 1707 5468 Fabr.

115 5484 385 5556 Biblioth.
423 5484 516 5556 Gr.
550 5487 658 5539 vol.
696 5485 756 5545 V,
804 5503 859 5556 p.
907 5486 1031 5548 184,
1066 5501 1162 5556 per
1204 5484 1448 5556 δόγματα
1473 5487 1597 5556 hac
1626 5487 1715 5537 in-

120 5555 316 5628 telligit
345 5555 729 5628 praefectorum
772 5553 1187 5628 provincialium
1237 5553 1433 5610 edicta.
1463 5553 1568 5628 Sed
1607 5571 1710 5624 op-

120 5627 272 5689 time,
331 5626 614 5690 mentique
681 5626 958 5680 Melitonis
1005 5627 1244 5680 maxime
1297 5626 1703 5690 convenienter,

120 5641 272 5689 time,
331 5641 614 5680 mentitue
681 5641 958 5680 mentonis
1005 5641 1244 5680 maxime
1297 5641 1700 5690 convenienter,

119 5710 189 5753 ex
218 5699 491 5758 sententia
523 5641 687 5758 honr.
723 5695 1005 5767 Dodwelli,
1053 5697 1110 5752 in
1153 5696 1379 5752 Dissert.
1423 5696 1700 5766 Cyprium,

1891 3489 2015 3544 Haec
2035 3485 2180 3542 enim
2220 3477 2582 3553 philosophite
2617 3485 2785 3540 secta,
2835 3491 3000 3546 quam
3056 3476 3398 3546 profitemur,

1819 3587 1973 3660 prius
2015 3581 2236 3653 quidem
2289 3574 2463 3644 viguit
2500 3573 2644 3643 apud
2686 3571 2984 3650 barbaros;
3019 3578 3208 3641 postea
3245 3586 3397 3636 vero,

1813 3743 1868 3798 p.
1903 3722 2034 3785 265,
2072 3735 2170 3791 per
2208 3716 2457 3788 δόγματα
2503 3708 2855 3782 intelligenda
2886 3717 3017 3766 sunt
3045 3709 3266 3764 urbium
3307 3710 3402 3765 de-

1813 3804 1998 3938 ονῖἓίθί)
2039 3857 2272 3938 Quando
2321 3857 2398 3938 in_
2425 3852 2553 3910 Asia
2589 3852 2692 3938 hoc
2719 3862 2921 3933 novum
2973 3849 3146 3938 ruﬁs},
3185 3850 3398 3938 πήρη,

1813 3921 1995 3992 innuit
2037 3921 2225 3997 simul,
2260 3943 2363 3982 nec
2385 3925 2490 3979 hoc
2515 3924 2736 3994 quidem
2776 3922 2956 3991 ipsum
2987 3921 3118 3975 alibi
3151 3922 3400 3976 caruisse

1951 4005 2098 4057 inlis.

1812 4023 2226 4148 exfggililgienm
2270 4068 2458 4148 itaque
2513 4063 2766 4148 capitalis
2813 4061 3217 4148 nullahinhac
3248 4059 3399 4148 Asiae

1812 4130 2197 4219 persecutione
2234 4130 2463 4219 ment-i0,
2493 4130 2594 4210 sed
2613 4133 3114 4219 bonor‘umsaltem
3133 4130 3400 4219 confisca-

1816 4203 1913 4284 ἶὶο,
1951 4224 2195 4269 nostram
2217 4206 2469 4284 ulterius
2513 4205 2801 4284 conﬁrmat
2832 4203 3358 4284 interpretationem.

1887 4273 1999 4359 (66)
2037 4282 2270 4359 Quando
2297 4276 2478 4359 Melite
2497 4276 2742 4359 dubitat...
2771 4289 2902 4359 nu_m
2937 4275 3052 4327 haec
3073 4273 3397 4359 'persecutiq

1813 4343 1905 4414 ab‘
1929 4343 2750 4424 itnpei'atoribiJS“emanaverit
2764 4385 2779 4411 ,
2821 4345 2914 4424 d_e_
2931 4343 3162 4424 occultis
3178 4412 3189 4422 .
3205 4343 3400 4412 procul

1812 4412 1982 4484 dubio
2009 4412 2210 4480 litteris
2241 4417 2633 4488 intelligendus
2650 4423 2733 4468 est
2768 4432 2788 4488 :_
2823 4414 3088 4488 dubitare
3105 4412 3252 4466 enim
3286 4427 3398 4467 non

1850 4499 2103 4562 otuisset,
2132 4494 2178 4548 si
2235 4505 2331 4561 per
2357 4483 2547 4562 edicta
2582 4487 2733 4562 illam
2770 4484 3046 4562 jussisset”
3077 4483 3393 4562 imperator.

1850 4516 2103 4562 OIUISSCI,
2132 4516 2178 4548 δι
2235 4516 2330 4561 μΰϊ
2357 4516 2533 4543 tumul
2585 4516 2733 4539 ulalu
2770 4516 3046 4563 June-noce.
3077 4516 3393 4563 ιιιιμξᾱιαιυρο

1813 4516 2062 4640 gmyrnae
2095 4563 2254 4640 enim
2303 4568 2398 4612 aut
2451 4555 2678 4640 Ephesi:
2717 4564 2841 4640 _aut_
2875 4569 2930 4606 ιιι
2979 4554 3397 4640 aliaiprimairia

1814 4624 1956 4694 Asiae.
2004 4636 2223 4691 civitate
2270 4624 2614 4700 propositum
2653 4625 2868 4700 fuisset,
2918 4624 3395 4700 a_ntequam_illud

1750 4725 1756 4730 '
1812 4693 2109 4780 proconsul
2144 4693 2564 4780 exsequeretur,
2580 4697 2918 4780 _mandatum_
2934 4693 3297 4780 imperatoris.

1886 4778 2002 4850 (67)
2041 4763 2360 4850 Hageverba
2396 4763 3395 4850 denealumtiiator‘i'bus.Chris'jano-

1815 4835 1936 4904 ruin
1968 4835 2076 4902 non
2101 4845 2298 4900 debere
2339 4839 2588 4906 intelligi,
2629 4837 2723 4891 sed
2754 4837 2821 4889 de
2851 4835 3182 4906 Christianis
3216 4836 3396 4904 potius

1813 4921 2120 4990 ipsis,recte
2149 4910 2458 4970 onservavit
2484 4905 2730 4963 Valesius
2755 4906 2812 4960 in
2835 4915 2950 4962 not.
2978 4905 3046 4959 ad
3083 4906 3138 4959 b.
3169 4905 3205 4958 ι.
3230 4921 3394 4974 quem

1812 4991 1959 5045 vide.

1883 5059 1995 5129 (68)
2036 5055 2249 5129 {Eolice
2277 5069 2376 5129 pro
2409 5049 2641 5129 κρίναις.

1886 5116 1999 5200 (69)
2043 5116 2536 5200 Urbium'decr'eta
2575 5122 2646 5200 ‘in
2707 5117 2854 5200 hanc
2897 5116 3133 5200 formam
3173 5120 3392 5191 concipi

1814 5189 2064 5256 solebant
2093 5216 2107 5251 :
2151 5195 2356 5248 Ἐδόκει
2385 5193 2450 5263 τῇ
2479 5189 2642 5262 βουλῇ
2675 5190 2769 5243 καὶ
2786 5189 2864 5260 τῷ
2895 5189 3072 5263 δήμῳ.

1886 5270 1998 5339 (70)
2054 5267 2374 5339 Φιλοσοφίας
2426 5261 2708 5339 vocabulo
2769 5261 3088 5339 religionem
3117 5330 3129 5339 .
3170 5274 3393 5339 quoque
3443 5289 3446 5294 -

1815 5330 2182 5395 Christianam
2231 5330 2271 5390 a’
2319 5333 2571 5387 l’atribus
2605 5330 3013 5386 denominatam
3057 5330 3247 5395 fuisse,
3292 5332 3393 5384 ob-

1812 5412 2053 5466 servavit
2081 5408 2338 5463 Suicerus
2369 5405 2425 5458 in
2460 5402 2724 5457 Thesauro
2750 5399 3125 5466 ecclesiastico,
3158 5410 3290 5455 tom.
3320 5400 3388 5469 ll,

1810 5482 1906 5537 fol.
1948 5481 2105 5534 1441.
3397 5529 3400 5533 .

1883 5551 1996 5621 (71)
2040 5551 2132 5605 Sic
2171 5547 2428 5621 nominat
2474 5541 2713 5621 Iudaeos,
2758 5540 2914 5621 apud
2963 5556 3105 5609 quos
3147 5541 3388 5621 primum

1808 5611 1998 5678 exorta
2032 5631 2117 5675 est
2159 5618 2470 5674 Christiana
2508 5615 2716 5685 religio.
2737 5611 2894 5685 _llinc
2946 5623 3029 5685 est.
3064 5613 3211 5685 quod
3250 5611 3389 5667 Por-

1809 5695 2069 5764 phyrius,
2122 5691 2265 5761 apud
2335 5682 2671 5754 Eusebium,
2725 5682 2867 5738 Hist.
2920 5684 3104 5739 eccles.
3158 5683 3255 5740 lib.
3301 5698 3387 5752 vi,
