3872 6210
3222 301 3383 359 -121ι

92 302 251 358 1213
1498 308 1709 364 FRAG!

1791 307 1946 363 NTA.

945 423 973 496 ᾗ
1004 424 1094 479 Ill.
1132 423 1356 496 Fragm.
1388 426 1623 494 ejusdem
1663 425 1934 496 Apologia:
1962 439 2026 478 ex
2067 423 2330 478 Chronico
2362 419 2516 478 Alex.

166 511 317 569 ﬂuic
338 522 525 570 statim
550 529 877 587 suojungam
900 515 1268 588 fragmentum
1294 537 1361 574 ex
1391 519 1654 573 Chronico
1679 519 2066 584 Alexandrino,
2088 517 2232 587 quod
2257 530 2312 572 et
2337 514 2642 586 Πασχάλιον
2667 527 2762 568 seu
2793 513 3094 568 Chronicon
3121 507 3385 564 Paschale

84 617 355 673 vocatur,
388 606 762 677 desumptum.
797 606 972 679 Hujus
997 609 1248 665 Chronici
1284 621 1475 667 auctor
1511 613 1578 667 ad
1612 610 1949 682 Olympiadis
1979 609 2372 664 ducentesima:
2400 607 2694 662 tricesima:
2727 614 2894 660 sextae
2929 619 3136 659 annum
3181 617 3380 656 secun‘

83 701 255 768 dum,
295 703 592 759 indictione
616 705 796 768 tertia,
831 706 1066 761 duorum
1092 706 1487 778 Augustorum,
1518 704 1592 761 M.
1627 705 1836 760 Aurelii
1859 704 2124 762 Antonini
2154 712 2210 759 et
2240 701 2304 757 L.
2347 700 2476 758 Veri
2512 715 2660 755 anno
2691 699 2746 767 6,
2783 697 3014 770 Orpbito
3047 707 3103 755 et
3136 696 3382 754 Pudente

83 807 250 851 coss.
291 794 438 852 inter
463 795 570 851 alia
604 796 720 852 haec
751 805 906 852 notat
935 793 1050 868 (8'5)
1077 815 1092 853 :

1490 933 1523 968 σ
1549 914 1582 968 λ
1609 920 1662 980 ς’
1699 914 2002 985 Ὀλυμπιάς
2018 953 2031 978 ε

1094 1033 1170 1096 ς’,
1216 1027 1336 1082 Ἰνδ.
1364 1034 1434 1098 γ’.
1472 1027 1599 1080 ’Υπ.
1641 1029 1891 1100 ὐρφίτου
1914 1029 2008 1081 καὶ
2031 1027 2340 1092 Πούδεντος.

173 1158 346 1217 ’Δλλά
373 1149 739 1219 καῖΜελίτων
769 1164 1015 1231 Ἀσιανὸς
1053 1163 1362 1236 Σαρδιανῶν
1394 1165 1691 1228 ἐπίσκοπος
1725 1165 1930 1236 βιϐλίον
1983 1166 2341 1237 Ἀπολογίας
2369 1165 2536 1220 ἔδωκε
2567 1165 2680 1229 τοίς
2707 1163 3049 1236 λελεγμένοις
3078 1162 3376 1234 βασιλεῦσι,

81 1249 186 1305 καὶ
213 1253 398 1324 ἕτεροι
433 1255 490 1310 δὲ
535 1256 740 1324 πολλοὶ,
784 1251 860 1313 ὧν
890 1261 920 1314 ὁ
955 1257 1052 1330 μὲν
1096 1257 1357 1330 δηλωθεὶς
1397 1257 1679 1321 Ἰουστῐνος
1721 1257 1860 1327 μετά
1890 1275 2014 1312 τινα
2037 1257 2192 1321 ἄλλα,
2227 1249 2303 1313 ὧν
2332 1255 2561 1328 ἔγραψε,
2595 1257 2688 1309 καὶ
2723 1255 2879 1309 τοῦτο
2911 1254 3136 1326 ἐνέθηκε
3160 1273 3174 1286 ο
3203 1253 3377 1324 Κάγὼ

79 1349 408 1422 προσδοκῶ,
441 1369 493 1406 κ.
527 1369 578 1405 τ.
609 1352 686 1418 λ.;
716 1365 771 1408 et
794 1361 919 1424 post
964 1353 1100 1408 satis
1131 1353 1354 1424 longum
1389 1371 1456 1408 ex
1489 1351 1708 1409 Justino

1791 1365 2134 1424 ’agmentum,
2165 1352 2354 1409 statim
2381 1351 2592 1423 pergit:
2633 1351 2879 1406 Μελίτων
2906 1350 3217 1422 Σαρδιανῶν
3247 1348 3373 1403 ἐπί-

81 1462 323 1511 σκοπος,
350 1446 488 1518 μετὰ
535 1447 706 1502 πολλὰ
743 1447 853 1503 τῶν
889 1448 1244 1502 ἐπιδοθέντων
1279 1447 1428 1519 παρὰ
1459 1447 1552 1502 τοῦ
1588 1448 1709 1502 αὖτε

1791 1450 2098 1514 ἰουστίνου,
2127 1448 2293 1520 φησίν
2314 1463 2328 1477 ο
2375 1466 2393 1499 ‹
2418 1447 2601 1503 Melito
2632 1444 3029 1502 Sardianorum
3057 1445 3374 1516 episcopus,

78 1548 218 1608 post
248 1539 425 1594 multa
454 1539 524 1594 ab
547 1539 741 1596 eodem
766 1539 990 1596 Iustino
1021 1543 1240 1610 tradita,
1270 1543 1351 1598 sic
1379 1542 1488 1597 ait:
1521 1562 1540 1594 ι
3309 1543 3315 1551 ’

155 1679 283 1733 Οὐκ
312 1679 480 1750 ἐσμὲν
508 1678 672 1734 λίθων
697 1681 955 1752 οὐδεμίαν
979 1680 1230 1754 αἴσθησιν
1261 1681 1498 1752 ἐχόντων
1530 1681 1686 1753 θερα-

1854 1678 1976 1735 Νοη
2030 1694 2224 1735 sumus
2266 1676 2509 1748 lapidum
2547 1691 2710 1732 sensu
2755 1675 3061 1730 carentium
3110 1675 3373 1742 cultores,

76 1772 318 1836 πευταὶ,
348 1770 483 1825 ἀλλὰ
509 1771 672 1843 μόνου
711 1771 868 1837 Θεοῦ,
893 1772 988 1826 τοῦ
1027 1773 1136 1845 πρὸ
1167 1772 1406 1836 πάντων,
1441 1772 1536 1826 καὶ
1588 1772 1682 1825 ἐπὶ

1791 1767 1879 1823 sed
1909 1767 2085 1822 solius
2117 1765 2234 1832 Dei,
2268 1767 2362 1837 qui
2393 1775 2479 1820 est
2503 1773 2632 1820 ante
2664 1765 2870 1830 omnia,
2901 1772 2955 1818 et
2991 1765 3046 1818 in
3085 1764 3369 1829 omnibus,

78 1863 340 1932 πάντων,
365 1867 458 1918 καὶ
477 1865 569 1918 ἐπὶ
599 1864 710 1937 [ῖσ.
740 1864 846 1937 ἔτι]
877 1865 969 1918 τοῦ
1008 1864 1246 1937 Χριστοῦ
1299 1863 1464 1919 αὑτοῦ
1515 1864 1686 1928 ὅντως

1791 1869 1839 1916 et
1871 1870 2133 1930 praeterea
2160 1859 2364 1914 Christi
2392 1858 2534 1928 ejus,
2560 1857 2657 1928 qui
2683 1873 2808 1912 vere
2835 1865 2921 1913 est
2953 1857 3098 1913 Deus
3131 1855 3370 1944 Verbum

76 1951 228 2005 Θεοῦ
247 1952 424 2022 Λόγου
455 1953 562 2026 πρὸ
583 1952 816 2020 αἰώνων,
844 1955 1010 2026 ἐσμὲν
1045 1955 1398 2029 θρησκευταί.

1791 1961 1913 2008 ante
1943 1951 2164 2019 saecula,
2191 1951 2512 2007 adoratores
2547 1965 2764 2006 sumus.

147 2108 350 2166 Habes
398 2111 501 2166 hoc
537 2128 758 2184 quoque
798 2112 1166 2185 fragmentum
1212 2116 1356 2185 apud
1391 2113 1747 2177 Halloixium,
1774 2113 1868 2182 qui
1901 2121 2084 2168 tamen
2135 2113 2412 2168 incertum
2455 2107 2640 2179 habet,
2678 2127 2709 2166 e
2737 2126 2851 2181 quo
2881 2110 3057 2166 sancti
3096 2109 3199 2164 viri
3228 2109 3373 2186 libro

77 2201 179 2257 sit.
212 2200 374 2265 Mihi,
406 2204 785 2260 antecedentia
815 2207 1158 2276 respicienti,
1189 2207 1400 2260 nullum
1436 2205 1834 2276 propemodum
1867 2213 2112 2260 remanet
2148 2204 2399 2270 dubium,
2439 2204 2574 2274 quin
2609 2219 2676 2258 ex
2705 2203 2964 2274 Apologia
2988 2219 3085 2272 pro
3107 2200 3373 2256 Christia-

78 2295 166 2349 nis
205 2295 345 2351 illud
369 2297 612 2364 credam,
634 2316 743 2369 qua
777 2301 831 2354 in
861 2301 1180 2371 conjectura
1207 2301 1369 2356 video
1399 2302 1565 2355 etiam
1592 2299 2004 2354 Tillemontium
2032 2310 2087 2353 et
2118 2297 2415 2368 Dupinium
2451 2313 2596 2353 esse.
2629 2296 2962 2353 Observabis
2988 2312 3153 2366 porro
3183 2308 3237 2350 et
3266 2295 3371 2350 hoc

75 2405 145 2446 ex
192 2387 452 2444 Chronici
487 2390 843 2446 Alexandrini
874 2393 998 2458 fide,
1031 2391 1347 2449 Melitonem
1385 2394 1438 2448 in
1471 2409 1569 2448 sua
1618 2392 1879 2463 Apologia
1915 2393 2105 2446 eadem
2147 2391 2260 2446 fere
2291 2391 2520 2455 dixisse,
2550 2405 2614 2444 ac
2656 2389 2932 2444 Iustinum
2987 2397 3280 2459 martyrem
3313 2386 3370 2441 in

77 2496 193 2536 suo
228 2479 570 2550 Apologetico
617 2483 686 2537 ad
717 2483 1058 2540 Antoninum
1109 2483 1290 2539 Pium.
1320 2483 1594 2540 Provocat
1641 2501 1782 2554 saepe
1811 2485 1876 2539 ad
1929 2484 2036 2540 hoc
2087 2484 2456 2552 fragmentum
2499 2475 2831 2538 ‘Whistouus
2863 2483 2999 2554 (84),
3032 2483 3103 2538 ob
3135 2483 3371 2570 baeresin

75 2573 358 2628 Arianam
390 2573 631 2630 Ecclesia
666 2575 968 2645 Anglicana
992 2587 1047 2633 et
1074 2578 1366 2634 Academia
1395 2575 1835 2650 Cantabrigiensi
1864 2579 2090 2648 ejectus.
2135 2577 2228 2633 Sic
2269 2595 2320 2631 v.
2352 2593 2403 2633 c.
2431 2579 2673 2648 probare
2714 2579 2912 2634 exinde
2957 2579 3162 2645 studet,
3202 2578 3369 2634 Deum

77 2667 319 2720 Patrem
350 2669 512 2722 unice
539 2668 903 2737 adorandum,
935 2680 990 2726 et
1035 2671 1301 2741 primario
1345 2672 1693 2726 solummodo
1725 2687 1846 2726 esse
1873 2670 2164 2726 colendum
2201 2670 2339 2738 (85).
2386 2667 2558 2724 Porro
2602 2670 2704 2724 hoc
2732 2685 2953 2740 quoque
2982 2670 3107 2726 inde
3145 2673 3368 2726 exscul-

77 2767 222 2823 pere
238 2758 377 2825 vult,
393 2759 673 2815 Christum
700 2765 879 2832 quoad
898 2773 1172 2831 naturam,
1191 2765 1453 2819 attributa
1477 2773 1530 2820 et
1555 2764 1916 2834 perfectiones
1942 2763 2159 2818 divinas
2185 2762 2297 2817 Deo
2320 2761 2470 2816 Patri
2495 2763 2727 2817 multum
2746 2778 2869 2817 esse
2889 2762 3208 2818 inferiorem
3233 2763 3367 2829 (86).

79 2851 340 2908 Sandius
365 2867 587 2924 quoque
620 2855 735 2926 (87)
766 2871 835 2911 ex
867 2855 973 2912 hoc
1015 2857 1136 2914 loco
1173 2867 1360 2928 aperte
1407 2859 1715 2927 profitetur,
1767 2855 2080 2911 Melitonem
2117 2855 2264 2911 circa
2296 2855 2636 2910 divinitatem
2688 2854 2894 2910 Christi
2949 2857 3192 2912 sensisse
3237 2873 3364 2912 cum

74 2942 248 3008 Ario,
282 2959 310 2997 a
341 2959 577 3012 quorum
610 2946 904 3004 calumniis
938 2965 1049 3004 non
1077 2966 1216 3020 opus
1248 2966 1370 3006 esse
1394 2964 1593 3006 censeo
1620 2957 1680 3003 ut
1706 2949 1895 3003 multis
1925 2948 2212 3004 defendam
2249 2956 2524 3010 nostrum,
2549 2947 2667 3016 qui,
2702 2946 2940 3002 Eusebio
2967 2946 3173 3016 judice,
3203 2946 3370 3003 Chri-

76 3035 155 3090 sti
191 3034 539 3093 divinitatem
578 3039 760 3108 potius
795 3042 850 3096 in
885 3043 1108 3114 scriptis
1135 3044 1252 3100 suis
1295 3045 1536 3100 astruxit
1569 3043 1822 3109 mirifice,
1874 3042 2337 3113 Servatoremque
2388 3051 2640 3098 nostrum
2670 3041 2840 3098 Deum
2873 3042 3040 3097 simul
3071 3051 3237 3114 atque
3266 3044 3370 3098 ho-

77 3129 297 3185 minem
325 3145 518 3186 verum
550 3131 972 3191 demonstravit.

1230 3229 1260 3302 §
1291 3228 1381 3284 IV.
1414 3229 1634 3301 Fragm.
1666 3227 2010 3300 εωἙκλογῶν
2052 3231 2204 3286 libris

150 3377 478 3439 Proximum
508 3381 898 3454 fragmentum,
925 3385 1072 3458 quod
1099 3403 1167 3442 ex
1205 3388 1476 3458 Ἐκλογῶν
1504 3390 1772 3459 prooemio
1791 3389 2137 3458 desumptum
2169 3399 2273 3454 est,
2302 3388 2486 3444 denuo
2515 3389 2667 3445 dabit
2695 3390 2989 3457 Eusebius,
3019 3391 3186 3448 citato
3215 3393 3362 3460 loco,

72 3471 153 3525 ita
194 3471 264 3526 de
291 3474 483 3530 eodem
522 3476 818 3546 praafatus:
870 3478 1028 3532 Ἀλλὰ
1079 3480 1252 3533 ταῦτα
1294 3481 1392 3552 μὲν
1444 3483 1502 3534 ἐν
1533 3479 1610 3550 τῷ
1647 3479 1709 3550 δη

1791 3479 1940 3532 ιθὲντι
1980 3478 2218 3532 τέθειται
2253 3479 2396 3550 λόγῳ
2420 3495 2434 3508 ο
2487 3480 2546 3532 ἐν
2577 3479 2634 3532 δὲ
2676 3482 2796 3543 ταῖς
2851 3481 3176 3552 γραφείσαις
3215 3483 3367 3554 αὐτῷ

84 3564 411 3636 Ἑκλογτιῖς
449 3571 478 3624 ὁ
517 3571 680 3636 αὐτὸς
723 3573 864 3643 μετά
911 3572 974 3627 τὸ
1009 3573 1293 3644 προοίμιον
1329 3572 1673 3643 ἀρχόμενοςρ
1699 3570 1808 3624 τῶν
1853 3569 2301 3641 ὁμολογουμένων
2349 3570 2450 3638 τῆς
2501 3569 2745 3634 Παλαιᾶς
2809 3572 3086 3645 Διαθήκης
3129 3574 3363 3647 Γραφῶν

71 3661 324 3714 ποιεῖται
367 3661 664 3731 κατάλογον
683 3680 696 3694 ·
723 3663 784 3717 ὃν
819 3663 912 3717 καὶ
935 3665 1229 3733 ἀναγκαῖον
1256 3663 1485 3717 ἐνταῦθα
1517 3660 1808 3727 καταλέξαι
1834 3661 2133 3733 ἡγούμεθα,
2164 3661 2354 3732 ἔχοντα
2383 3663 2474 3715 ἐπὶ
2501 3660 2698 3727 λέξεως
2733 3663 2934 3728 οὕτως’
2963 3665 3001 3720 i.
3032 3681 3082 3720 e.
3109 3685 3128 3717 ε
3157 3667 3282 3724 Haec
3307 3670 3363 3724 in

72 3768 256 3823 supra
288 3751 438 3808 dicto
472 3753 748 3812 Melitonis
780 3757 922 3812 libro
951 3755 1246 3827 (Apologiw
1275 3755 1420 3826 scil.)
1450 3757 1725 3828 leguntur.
1755 3755 1902 3809 Idem
1929 3754 1983 3808 in
2012 3753 2313 3824 Excerptis,
2343 3755 2412 3809 ab
2433 3755 2552 3826 ipso
2579 3757 2920 3826 compositis,
2949 3759 3238 3817 universos
3263 3762 3364 3818 Ve-

75 3845 223 3900 teris
265 3843 603 3902 Testamenti
648 3849 858 3918 libros,
904 3850 1000 3920 qui
1033 3849 1280 3904 omnium
1314 3865 1585 3905 consensu
1629 3857 1827 3916 recepti
1873 3855 2023 3914 sunt,
2056 3850 2240 3903 statim
2273 3849 2326 3902 in
2363 3849 2634 3918 principio
2673 3850 2853 3920 operis
2881 3864 3148 3908 recenset.
3184 3855 3360 3924 Quem

73 3936 314 4011 quidem
344 3937 580 3994 iudicem
607 3941 711 3997 hoc
742 3941 867 3997 loco
897 3957 1172 4012 apponere
1199 3943 1574 3999 necessarium
1603 3941 1813 4012 putavi.
1852 3940 1942 3996 Sic
1969 3949 2154 3996 autem
2189 3941 2355 3996 habet
2381 3941 2449 3996 ad
2475 3942 2701 3996 verbum
2728 3961 2741 3998 :
2778 3963 2796 3996 ο

150 4051 410 4107 Μελίτων
445 4055 719 4127 Ὀνησίμῳ
760 4056 874 4128 (88)
899 4057 977 4129 τῷ
1002 4057 1216 4129 ἀδελφῷ
1241 4059 1351 4129 (89)
1385 4058 1610 4130 χαίρειν.

164 4141 388 4211 Ἐπειδὴ
419 4145 679 4211 πολλάκις
702 4145 964 4218 ἠξίωσας,
993 4150 1197 4222 σπουδῇ
1226 4153 1292 4221 τῇ
1322 4149 1458 4224 πρὸς
1483 4151 1576 4205 τὸν
1596 4151 1678 4206 λό-

2103 4056 2288 4113 Melito
2311 4058 2572 4114 Onesimo
2598 4057 2751 4114 fratri
2789 4061 3040 4116 salutem.

1851 4148 1989 4204 Cum
2022 4165 2127 4221 pro
2167 4166 2356 4206 amore
2385 4167 2451 4207 ac
2479 4151 2663 4208 studio
2691 4162 2788 4208 tuo
2823 4169 2951 4224 erga
2978 4156 3206 4212 verbum
3237 4157 3358 4228 Dei,

69 4251 180 4305 γον
215 4235 520 4310 χρώμενος,
551 4239 806 4308 γενέσθαι
829 4257 912 4293 σοι
942 4241 1171 4311 ἐκλογὰς
1197 4235 1259 4296 εκ
1283 4261 1344 4296 τε
1365 4243 1458 4296 τοῦ
1483 4245 1670 4315 νόμου,

68 4326 176 4379 καὶ
213 4324 328 4378 τῶν
350 4326 663 4398 προφητῶν,
691 4328 819 4399 περὶ
836 4326 930 4380 τοῦ
958 4329 1209 4402 Σωτῆρος
1237 4331 1332 4383 καὶ
1369 4331 1553 4403 πάσης
1573 4331 1674 4402 τῆς

70 4418 328 4480 πίστεως
371 4417 528 4488 ⁴ἡμῶν
549 4458 564 4482 ,
595 4418 676 4472 ἐτι
703 4436 764 4472 τε
805 4419 898 4472 καὶ
943 4420 1134 4492 μαθεῖν
1160 4421 1259 4494 τὴν
1287 4421 1394 4476 τῶν
1431 4422 1672 4477 παλαιῶν

71 4509 311 4582 βιϐλίων
341 4509 640 4582 ἐϐουλήθης
663 4512 970 4583 ἀκρίϐειαν,
994 4513 1134 4567 πόσα
1161 4514 1252 4568 τὸν
1291 4515 1544 4588 ἀριθμὸν,
1577 4515 1674 4568 καὶ

65 4603 242 4658 ὁποῖα
281 4599 380 4673 τὴν
407 4601 559 4668 τάξιν
595 4598 725 4668 εἶεν,
767 4603 1079 4660 ἐσπούδασα
1104 4605 1164 4660 τὸ
1193 4606 1401 4660 τοιοῦτο
1441 4605 1669 4678 πρᾶξαι,

66 4759 174 4831 ubi
203 4775 271 4813 ex
301 4758 386 4831 his
410 4758 542 4830 ipsis
566 4758 835 4831 Melitonis
855 4759 1040 4816 verbis
1065 4761 1280 4831 probat,
1301 4762 1540 4817 edictum
1563 4764 1668 4820 sub

65 4830 170 4903 Pii
192 4829 587 4903 nomineapud
616 4830 933 4903 Eusebium,
955 4829 1090 4903 ideo
1103 4831 1179 4885 Pii
1201 4849 1322 4888 esse
1345 4849 1454 4887 non
1484 4849 1666 4903 posse,

64 4901 208 4971 quia
263 4901 336 4954 sit
369 4901 689 4970 inscriptum
727 4901 795 4955 ad
845 4901 1024 4954 κοινὸν
1081 4902 1282 4966 Ἀσίας,
1311 4901 1504 4960 omnes
1526 4905 1672 4962 Asiae

65 4972 272 5035 urbes,
297 4986 404 5024 non
421 4986 550 5026 vero
571 4971 636 5026 ad
663 4972 900 5027 Helladis
915 4971 1163 5028 civitates
1189 4982 1421 5029 tantum.

306 5041 579 5123 liditionis
621 5041 946 5123 Parisianae,
978 5058 1160 5123 Suam
1189 5045 1374 5123 studio
1421 5053 1475 5099 et
1521 5060 1670 5100 curae

65 5110 266 5186 Caroli
321 5110 609 5186 Qufresne,
658 5111 814 5186 Dom.
850 5110 1158 5186 Du_Cange
1210 5115 1495 5186 debemus.
1540 5131 1666 5186 pag.

65 5133 266 5166 ιλειΐυιι
321 5133 609 5178 υιιιηξδιιε,
658 5133 814 5168 υοῐη.
850 5133 931 5166 υιι
972 5133 1158 5183 hange
1210 5133 1495 5178 (180011108,
1540 5133 1605 5186 pa
1650 5155 1666 5170 ο

246 5180 1047 5307 ῗοῐξὲιροτροτεβνιαηιὶηο,
1095 5193 1228 5240 tom.
1250 5183 1340 5251 ΙΙΙ,
1376 5202 1503 5257 pag.
1538 5133 1666 5253 20%,

151 5261 211 5304 it.
256 5261 443 5307 Venet.
706 5262 712 5272 '

148 5323 266 5397 (84)
306 5320 562 5397 ijston
586 5321 643 5397 in
678 5323 759 5376 his
800 5323 1038 5378 Account
1080 5325 1145 5395 of
1173 5325 1256 5380 the
1297 5325 1460 5397 Faith
1495 5328 1552 5397 of
1586 5329 1669 5382 the

66 5392 181 5449 two
213 5392 673 5465 ﬁrsthenturies,
699 5397 1016 5465 concerning
1050 5392 1135 5449 the
1170 5413 1288 5451 over
1317 5392 1671 5454 blesserl'Tri-

65 5465 218 5532 nitg,
251 5463 358 5516 and
384 5463 470 5518 the
492 5462 842 5518 Incarnation
872 5467 936 5534 of
957 5462 1056 5519 our
1080 5465 1242 5522 Lord.

154 5534 275 5605 (85)
299 5534 469 5605 Agic.
496 5534 552 5600 2,
579 5551 704 5604 pag.
734 5536 822 5590 69.
845 5535 1060 5592 Titulus
1088 5537 1252 5605 hujus
1285 5539 1500 5593 articuli
1531 5548 1650 5596 est:

70 5603 316 5680 the
338 5602 688 5680 Fother,_a_nd
706 5609 786 5680 He
810 5607 968 5680 alone
990 5609 1034 5660 is
1065 5617 1116 5660 to
1144 5602 1201 5662 be
1212 5611 1491 5680 primarin
1508 5629 1664 5666 wors-

68 5675 263 5749 hipp‘d
294 5677 404 5749 and
430 5677 649 5738 ador’d;
676 5693 737 5729 or
765 5677 820 5729 in
852 5678 935 5731 the
964 5686 1099 5732 most
1127 5675 1315 5748 prapre
1337 5675 1484 5736 sense
1509 5726 1524 5749 ,
1555 5684 1662 5738 and

68 5748 140 5804 in
176 5747 261 5801 the
295 5746 494 5818 highest
532 5763 787 5804 manner:
817 5752 898 5804 He
931 5751 1054 5820 only
1082 5746 1235 5822 being
1272 5751 1355 5805 the
1391 5746 1569 5822 Object
1607 5757 1669 5826 of

1780 4242 1983 4311 saapius
2016 4259 2044 4297 a
2080 4259 2168 4298 me
2196 4245 2582 4314 postulaveris,
2625 4255 2685 4302 ut
2709 4259 2963 4318 excerpta
3005 4251 3254 4321 quaedam
3287 4255 3358 4312 ex

1779 4331 1896 4403 lege
1919 4342 1973 4388 et
2001 4336 2304 4406 prophetis,
2333 4354 2456 4408 quae
2483 4340 2550 4395 ad
2585 4338 2930 4396 Servatorem
2957 4353 3012 4399 et
3042 4346 3110 4400 ad
3137 4348 3358 4406 univer-

1779 4438 1894 4478 sam
1942 4425 2104 4482 ﬁdem
2155 4437 2402 4484 nostram
2452 4432 2756 4501 pertinent,
2789 4434 2882 4489 tibi
2924 4451 3352 4509 componerem;

1775 4531 2014 4588 cumque
2037 4519 2208 4576 libros
2233 4519 2445 4578 Veteris
2477 4523 2811 4579 Testamenti
2845 4538 3104 4583 accurate
3148 4545 3356 4600 cogno-

1779 4625 1933 4666 scere
1971 4612 2375 4682 concupiveris,
2406 4622 2540 4684 quot
2579 4631 2812 4671 numero
2865 4625 2921 4671 et
2949 4633 3061 4688 quo
3107 4619 3219 4674 sint
3263 4637 3354 4676 or-

1774 4767 2118 4846 the_supreme
2139 4770 2322 4846 degree
2363 4771 2589 4846 ofnsueh
2607 4773 2792 4846 divine
2815 4775 3042 4846 worship
3069 4777 3175 4830 and
3213 4778 3350 4833 ado-

1771 4838 1948 4909 ration
1979 4838 2640 4909 through'lesus'Christi.

1844 4907 2152 4988 (86)nA.rtic.
2205 4911 2260 4988 8_,
2305 4925 2424 4988 pag.
2452 4912 2582 4988 184,
2619 4913 2949 4988 inscribitur
3003 4917 3106 4971 hoc
3149 4927 3345 4988 caput:

1844 4926 1956 4978 (δυ)
1983 4926 2152 4990 artic.
2205 4926 2260 4975 δ,
2305 4926 2424 5032 pag.
2452 4926 2582 4974 184,
2630 4926 2949 4968 lnSCl'lDllltl‘
3003 4926 3106 4971 hoc
3149 4927 3345 4988 caput:

1768 4977 1924 5052 {esus
1957 4978 2158 5052 Christ,
2199 4981 2284 5034 the
2330 4979 2492 5046 ’Vord,
2523 4982 2630 5036 and
2657 4999 2752 5036 son
2788 4985 2852 5052 of
2873 4984 3008 5052 God,
3035 4988 3081 5041 is
3116 5004 3148 5041 a
3175 4989 3350 5044 divine

1769 5049 1956 5118 Being,
1990 5049 2306 5122 orJPerson,
2342 5052 2432 5122 [ar
2470 5053 2692 5122 inferior
2735 5063 2787 5108 to
2817 5049 2898 5109 his
2930 5049 3136 5112 Father
3165 5061 3220 5112 in
3250 5075 3348 5114 na-

1772 5129 1907 5190 ture,
1934 5119 2212 5174 attributes
2243 5119 2350 5175 and
2377 5119 2711 5190 perfectionis.

1982 5190 2219 5268 §andius
2245 5189 2532 5268 inilYucleo
2559 5195 2687 5268 hist.
2704 5195 2922 5268 _eccles.,
2949 5212 3072 5268 pag.
3111 5198 3200 5254 13.

1865 5259 1956 5337 88)
1977 5259 2270 5337 Nicephor.
2296 5263 2442 5318 Hist.
2471 5263 2658 5320 eccles.
2701 5265 2797 5321 lib.
2825 5259 3050 5337 Ηλείψῖ
3077 5268 3165 5334 10,
3194 5267 3339 5326 Onc-

1769 5331 2054 5401 sipliorum
2080 5334 2316 5387 vocavit.

1839 5401 1948 5473 (89)
1970 5401 2215 5480 Fratrem
2239 5418 2417 5480 vocat,
2436 5406 2550 5462 sive
2573 5407 2718 5480 quod
2751 5408 3117 5480 erantiisdem
3143 5426 3341 5480 paren-

1769 5474 1916 5528 tibus
1942 5475 2074 5537 nati,
2100 5473 2215 5528 sive
2239 5478 2381 5537 quod
2412 5487 2530 5532 erat
2561 5473 2930 5534 Christianus.
2957 5473 3340 5537 Tillem'ontius

1769 5491 1916 5528 unus
1942 5491 2074 5537 natl,
2100 5491 2215 5528 sive
2239 5491 2381 5599 (Inoa
2412 5491 2530 5532 erat
2561 5491 2930 5534 unrisuanus.
2957 5491 3339 5537 't'ulemontius

1762 5543 1928 5620 etqui
1957 5559 2082 5597 eum
2118 5554 2183 5620 ut
2220 5548 2515 5620 plurimum
2556 5547 2866 5620 statim
2903 5552 3169 5619 sequitur,
3195 5567 3339 5620 saepe

1766 5618 1930 5690 etiam
1953 5615 2213 5690 exscribit
2231 5616 2468 5682 Ceillier,
2486 5619 2538 5690 ll.
2565 5635 2648 5674 cc.
2673 5615 3018 5675 Christianos
3046 5615 3336 5690 primaevos

1768 5700 1828 5761 se
1859 5685 2351 5761 invicemfratrum
2377 5689 2616 5761 nomine
2635 5691 2958 5761 appellasse,
2981 5685 3178 5761 probat
3204 5691 3334 5748 Bina

1767 5756 1930 5828 gliam
1966 5755 2174 5828 Origin.
2199 5774 2340 5816 sacr.
2370 5759 2478 5816 vol.
2498 5759 2540 5827 Ι,
2566 5755 2724 5828 Ιίι).ἰ,
2757 5775 2877 5832 cap.
2905 5760 2958 5817 1.
