3872 6210
537 313 678 372 1215
1581 319 1639 375 S.
1678 320 1934 377 MELITO
1969 321 2279 379 SARDIUM
2319 321 2720 378 EPISCOPUS.
2932 285 2940 291 .
3678 332 3794 386 12M

527 431 656 487 dine
695 432 1018 503 conscripti,
1064 432 1118 488 id
1167 434 1429 504 perﬁcere
1452 435 1600 489 omni
1633 436 1815 490 studio
1838 436 2078 491 laboravi

2260 438 2582 508 πιστάμενός
2620 455 2714 491 σου
2763 437 2826 490 τὸ
2858 437 3143 493 σπουδαῖον
3178 441 3307 513 περὶ
3349 442 3450 514 την
3484 442 3696 507 πίστιν,
3721 447 3797 497 ul

528 522 656 577 Scio
685 522 887 592 quippe
915 533 1122 593 quanto
1151 525 1273 579 lidei
1301 524 1520 592 ardore,
1550 535 1605 580 et
1631 535 1836 594 quanta
1865 527 2078 582 discend

2264 530 2514 601 ιλομίιθὲς
2533 530 2660 601 περὶ
2678 530 2767 582 τὸν
2786 529 2941 598 λόγον
2956 548 2968 560 ·
2989 531 3071 584 ὅτι
3089 549 3149 585 τε
3175 533 3406 603 μάλιστα
3425 534 3653 589 πάντων
3670 537 3798 606 πόθῳ

524 613 820 682 cupiditate
852 612 1066 684 ﬂagres,
1104 622 1264 684 teque
1293 617 1587 686 praecipue
1626 616 1698 670 ob
1736 632 1981 672 amorem
2015 615 2078 671 De

2260 624 2300 696 ᾦ
2335 625 2470 695 πρὸς
2493 624 2625 677 Θεὸν
2653 623 2824 677 ταῦτα
2847 625 3162 697 προκρίνεις
3185 628 3314 699 περὶ
3341 625 3442 698 τῆς
3468 626 3694 683 αἰωνίου
3719 648 3794 683 συν

525 709 627 762 ista
655 708 912 763 omnibus
938 708 1101 763 rebus
1134 707 1406 764 anteferre
1453 726 1556 780 pro
1589 721 1872 782 comperto
1908 711 2078 766 habeo

2260 716 2415 787 ηρίας
2444 713 2865 786 ἀγωνιζόμενος.

523 808 578 852 et
607 807 822 853 aeternae
853 800 1046 854 salutis
1075 801 1386 856 obtinenda:
1415 817 1584 857 causa
1608 803 1906 857 decertare.

590 892 704 962 Ego
743 894 912 964 igitur
948 911 1072 949 cum
1106 896 1160 948 in
1203 896 1482 952 Orientem
1533 897 1808 966 profectus
1830 912 2031 962 essem,
2059 912 2078 949 ε

2276 893 2538 948 ’Δνελοὼν
2563 889 2656 948 οὖν
2680 895 2760 959 εἰς
2779 894 2876 965 τὴν
2897 893 3163 964 ἀνατολὴν
3193 894 3326 968 (90),
3348 896 3444 949 καὶ
3466 896 3580 960 ἕως
3608 893 3701 948 τοῦ
3720 899 3800 951 τό·

523 984 592 1038 ad
635 984 814 1039 locum
851 985 1030 1053 ipsum
1062 986 1459 1054 pervenissem,
1488 987 1542 1039 in
1575 1002 1686 1055 quo
1734 987 1849 1040 hzec
1883 996 1935 1040 et
1970 1001 2078 1055 pra:

2260 1006 2318 1040 ου
2343 987 2653 1058 γενόμενος,
2676 986 2806 1041 ἔνθα
2827 987 3104 1058 ἐκηρύχθη
3122 988 3216 1041 καὶ
3238 987 3515 1059 ἐπράχθη,
3543 988 3641 1040 καὶ
3663 990 3803 1058 ἀκρι-

521 1073 703 1129 dicata
743 1086 798 1129 et
849 1086 998 1146 gesta
1051 1077 1184 1132 olim
1237 1077 1478 1143 fuerunt,
1517 1075 1729 1132 Veteris
1774 1076 2078 1132 Testamenl

2260 1080 2325 1144 ὥς
2348 1079 2535 1150 μαθὼν
2554 1080 2620 1133 τὰ
2632 1081 2732 1151 τῆς
2751 1079 2992 1143 Παλαιᾶς
3016 1081 3289 1152 Διαϐήκης
3313 1081 3516 1152 βιϐλία,
3535 1082 3798 1146 ὑποτάξας

521 1164 693 1220 libros
747 1164 1036 1236 diligenter
1085 1167 1289 1233 didici,
1331 1183 1633 1236 eorumque
1674 1167 1908 1221 indicem
1964 1165 2078 1220 infra

2260 1173 2437 1244 τεμψά
2465 1189 2568 1237 σοι,
2595 1165 2670 1225 ὧν
2704 1174 2821 1226 ἐστι
2848 1172 2917 1226 τὰ
2944 1173 3183 1244 ὀνόματα
3203 1191 3216 1204 ·

519 1256 828 1325 subjectum
863 1258 929 1312 ad
966 1268 1018 1314 te
1051 1261 1198 1315 misi.
1236 1260 1332 1315 Est
1364 1271 1548 1315 autem
1583 1259 1892 1329 ejusmodi:

593 1346 798 1418 Moysis
832 1349 956 1403 libri
991 1350 1235 1420 quinque
1270 1369 1284 1405 :
1323 1349 1579 1415 Genesis,
1616 1350 1861 1413 Exodus,
1900 1349 2078 1405 Leviti

2279 1352 2562 1417 Μωῦσὲως
2599 1353 2784 1407 πέντεα
2810 1354 3050 1419 Γένεσις,
3078 1354 3316 1420 Ἐξοδος,
3344 1357 3659 1420 Λευιτικὸν,
3679 1359 3804 1429 Ἀριι

515 1453 640 1504 cus,
662 1437 909 1506 Numeri,
937 1439 1421 1497 Deuteronomium
1441 1461 1455 1509 ;
1479 1441 1640 1497 Jesus
1664 1440 1834 1506 Nave,
1856 1440 2078 1497 Judices

2260 1446 2354 1510 ιοὶ,
2393 1446 2846 1517 Δευτερονόμιον’
2887 1446 3095 1518 Ἰησοῦς
3142 1447 3322 1518 Ναυῆ,
3361 1450 3802 1519 Κριταὶ,Ῥοὺθ,

518 1528 688 1596 Ruth,
725 1529 1034 1599 Regnorum
1060 1533 1182 1587 libri
1205 1543 1466 1604 quatuor,
1492 1532 1946 1603 Paralipomenon
1970 1531 2078 1587 duo

2260 1537 2504 1590 ισιλειῶν
2545 1538 2806 1610 τέσσαρα,
2849 1538 3344 1610 Παραλειπομὲνων
3390 1540 3508 1605 δύο,
3561 1541 3806 1611 Ψαλμῶν

517 1620 720 1677 Psalmi
759 1622 1000 1688 Davidis,
1041 1623 1358 1680 Salomonis
1390 1625 1714 1688 Proverbia,
1752 1639 1877 1695 qua:
1911 1634 1964 1678 et
2001 1623 2070 1678 Sa

2260 1630 2387 1694 ιϐἰδ,
2418 1629 2760 1700 Σολομῶντος
2778 1631 3094 1703 Παροιμίαι,
3121 1631 3176 1683 αἳ
3193 1633 3284 1684 καὶ
3307 1632 3474 1701 Σοφία
3505 1632 3644 1703 (91),
3690 1634 3807 1686 Ἐκ-

514 1714 751 1785 pientia,
790 1714 1186 1783 Ecclesiastes,
1221 1716 1512 1773 Canticum
1557 1718 1937 1786 canticorum,
1973 1717 2076 1772 Job

2260 1697 2750 1793 ιησιαοτὴςξᾼσμα
2772 1697 3048 1792 acui-ctuti,
3067 1721 3206 1784 Ἰὼϐ,
3235 1697 3540 1793 Προφητῶν
3558 1697 3806 1784 δαῖον,

514 1807 905 1878 prophetarum
943 1809 1117 1876 Isaiaz,
1142 1809 1414 1876 Jeremim,
1449 1821 1502 1866 et
1535 1811 1822 1866 duodecim
1859 1811 2078 1881 praphe

2260 1788 2503 1884 spspiou,
2527 1788 2636 1865 τῶν
2673 1788 2883 1866 δὼδὲκά
2931 1815 2989 1866 ἐν
3033 1788 3606 1884 μονοὸίὸλιρξεέανιὴλ,
3647 1815 3806 1868 Ίεςε-

515 1909 696 1954 tarum
732 1901 866 1955 liber
902 1918 1068 1968 unus,
1107 1901 1316 1966 Daniel,
1355 1903 1629 1971 Ezechiel,
1666 1902 1888 1958 Esdras.
1917 1903 1993 1957 Ex
2015 1903 2078 1956 hi:

2260 1903 2342 1973 ὴλ,
2365 1903 2619 1975 Ἔσδρας.
2654 1903 2744 1970 Ἐξ
2765 1897 2840 1957 ὧν
2870 1903 3078 1968 καὶτὰς
3101 1904 3327 1974 ἐκλογὰς
3349 1907 3706 1979 ἐποιησάμην
3727 1909 3805 1971 εἰς

516 1993 682 2062 igitur
712 2006 970 2066 excerpta
1003 1997 1223 2068 collegi,
1262 2012 1386 2067 quae
1422 1999 1476 2051 in
1512 2013 1606 2053 sex
1642 1996 1815 2052 libros
1862 1995 2099 2066 partitus
2197 1995 2255 2062 ἒξ
2279 1994 2456 2066 βιϐλία
2478 1993 2684 2048 διελών.

583 2179 700 2237 Hoc
728 2181 1096 2254 fragmentum
1128 2185 1215 2241 vel
1241 2184 1364 2241 ideo
1395 2183 1677 2255 quantivis
1707 2183 1868 2252 pretii
1895 2191 1982 2237 est
2004 2179 2391 2251 reputantium,
2415 2177 2546 2248 quia
2572 2184 2828 2231 exactum
2857 2191 3142 2233 sacrorum
3175 2178 3463 2244 librorum,
3499 2180 3562 2234 in
3587 2196 3807 2236 canone

513 2270 729 2330 Veteris
767 2273 1102 2331 Testamenti
1142 2289 1511 2347 receptorum,
1538 2277 1784 2332 continet
1818 2275 2148 2345 catalogum,
2181 2271 2276 2341 qui
2341 2271 2591 2325 omnium
2636 2270 2847 2339 primus
2899 2278 3017 2334 est,
3071 2287 3236 2340 quem
3275 2273 3418 2342 apud
3449 2271 3806 2331 Christianos

512 2366 810 2437 scriptores
853 2369 1182 2425 invenimus.
1233 2371 1538 2426 Adornavit
1578 2386 1644 2424 ex
1673 2368 1928 2424 Patrihus
1967 2367 2216 2422 diversas
2248 2363 2478 2419 canonis
2524 2363 2822 2433 Scriptura:
2871 2377 3043 2417 εοεηε
3093 2364 3517 2420 constitutiones
3568 2367 3802 2424 illustris

511 2459 830 2529 reipublicae
867 2461 1180 2520 Bremensis
1229 2463 1508 2533 quondam
1541 2461 1824 2534 syndicus,
1861 2459 2178 2517 Gerhardus
2204 2473 2306 2512 van
2336 2456 2639 2524 Mastricbt,
2682 2456 2737 2510 in
2770 2455 3120 2511 Bibliotheca:
3144 2456 3446 2512 Bremensis
3476 2459 3662 2516 classe
3696 2478 3798 2524 vn,

512 2547 779 2608 fasciculo
814 2569 853 2620 ι,
877 2564 1066 2625 postea
1103 2572 1349 2618 recusas,
1384 2571 1507 2626 quae
1531 2554 1769 2610 conferri
1798 2563 2053 2624 poterunt
2077 2567 2204 2606 cum
2238 2551 2340 2605 l55
2370 2551 2766 2611 schematibus.
2814 2549 2868 2604 in
2901 2549 3105 2618 quibus
3157 2549 3282 2605 libri
3335 2553 3524 2608 biblici
3579 2555 3803 2610 diVCl’SU

511 2645 705 2699 ordine
767 2648 1138 2716 exhibentur,
1180 2648 1395 2704 Humfr.
1441 2647 1640 2714 llodii,
1694 2649 1761 2702 ad
1809 2650 2012 2703 calcem
2061 2645 2359 2716 percgregii
2414 2644 2538 2698 lihri
2573 2643 2650 2697 De
2696 2643 2980 2697 bibliorum
3036 2645 3262 2699 tactibus
3296 2646 3678 2718 originalibus,
3709 2656 3802 2721 qui

509 2736 690 2794 Oxon.
725 2741 884 2808 1705,
919 2743 972 2796 in
998 2745 1189 2814 prima:
1216 2743 1610 2814 magnitudinis
1635 2742 1812 2798 forma
1855 2743 2077 2814 prodiit.
2116 2739 2239 2795 Non
2279 2755 2508 2810 prorsus
2568 2740 2876 2808 spernenda
2935 2739 3076 2794 ratio
3141 2740 3276 2794 mihi
3327 2741 3588 2808 videtur,
3631 2760 3801 2815 quam

511 2828 839 2889 Whistonus
868 2832 980 2904 (92)
1029 2833 1285 2900 reddidit,
1337 2848 1507 2904 quare
1543 2833 1755 2899 Melito,
1789 2831 1857 2887 de
1893 2847 2105 2887 canone
2139 2830 2402 2884 librorum
2438 2845 2724 2885 sacrorum
2756 2830 3044 2899 quaesitus,
3076 2846 3215 2901 opus
3237 2832 3494 2887 habuerit
3516 2833 3798 2891 Orientem

510 2925 666 2994 prius
700 2926 874 2993 adire,
900 2942 1025 2982 cum
1055 2936 1235 2981 tamen
1275 2933 1556 2997 receptum
1598 2941 1713 2981 sua:
1767 2924 2026 2980 Ecclesia:
2079 2938 2370 2989 canonem,
2419 2930 2764 2992 utpote-quo
2809 2937 2910 2976 nec
2960 2923 3108 2976 illam
3145 2925 3391 2980 caruisse
3431 2927 3793 2992 credendum,

510 3017 877 3072 transcribere
906 3018 1092 3072 statim
1124 3019 1422 3087 potuisset;
1455 3033 1726 3073 canonem
1759 3017 1972 3072 scilicet
2004 3015 2272 3070 librorum
2307 3031 2594 3070 sacrorum
2627 3030 2736 3069 una
2775 3030 2900 3069 cum
2953 3015 3445 3073 constitutionibus
3471 3022 3796 3088 apostolicis

510 3124 621 3166 non
645 3111 904 3167 omnibus
925 3113 1240 3182 promiscue
1263 3111 1525 3169 Ecclesiis
1547 3112 1718 3168 fuisse
1739 3110 2140 3175 concreditum,
2179 3111 2270 3165 sed
2299 3110 2368 3164 iis
2396 3121 2610 3165 tantum
2654 3124 2793 3179 quas
2830 3109 3065 3179 apostoli
3098 3110 3200 3178 ipsi
3231 3110 3631 3180 plantaverint,
3661 3131 3798 3186 qua-

509 3221 630 3262 rum
658 3206 748 3262 ille
778 3205 890 3277 (95)
926 3205 992 3260 19
1021 3215 1294 3272 numerat,
1326 3215 1381 3260 et
1422 3206 1565 3260 inter
1591 3221 1732 3275 quas
1761 3203 2050 3260 Sardensis
2083 3219 2191 3256 non
2228 3211 2475 3272 apparet.
2510 3202 2794 3257 Diﬂicilius
2838 3211 3022 3257 autem
3049 3204 3230 3258 eidem
3259 3205 3378 3260 viro
3412 3207 3796 3265 eruditissimo

507 3301 805 3368 assentior,
831 3300 1054 3370 quando
1085 3298 1369 3354 contendit
1398 3297 1674 3354 Melitonis
1715 3312 1985 3352 canonem
2031 3296 2423 3365 transcriptum
2456 3293 2626 3350 fuisse
2653 3311 2719 3350 ex
2746 3311 2956 3353 canone
2987 3295 3115 3362 isto,
3143 3297 3237 3367 qui
3273 3298 3327 3352 in
3354 3300 3519 3367 libro,
3555 3301 3795 3357 Conone:

508 3391 788 3460 apostolici
817 3389 984 3452 dicto.
1013 3405 1133 3460 cap.
1162 3388 1232 3444 85
1255 3397 1531 3458 occurrat,
1549 3389 1711 3460 cujus
1737 3387 2076 3459 γνησιότητα
2104 3387 2363 3442 omnibus
2390 3387 2625 3456 viribus,
2669 3388 2781 3444 imo
2808 3387 2892 3442 vel
2916 3402 2983 3443 ex
3029 3387 3150 3458 ipso
3181 3389 3286 3446 hoc
3313 3391 3594 3451 Melitonis
3626 3396 3792 3452 libro-

507 3502 632 3546 rum
663 3487 988 3544 biblicorum
1022 3485 1296 3557 catalogo,
1328 3485 1710 3542 demonstrare
1747 3496 1927 3554 opera:
1955 3481 2193 3552 pretium
2222 3479 2400 3534 duxit.

1561 3709 1628 3765 ν.
1670 3708 2055 3780 Fragmentum
2081 3720 2147 3758 ea;
2163 3711 2352 3758 catena
2377 3703 2434 3756 in
2465 3700 2711 3757 Genesiu.

578 3847 698 3904 Alia
733 3848 1036 3919 fragmenta
1058 3891 1074 3916 ,
1121 3863 1247 3918 quat
1281 3861 1430 3901 nunc
1457 3845 1602 3902 dabo
1625 3887 1643 3914 ,
1671 3861 1739 3901 ex
1769 3854 1966 3900 catena
1993 3840 2230 3913 quadam
2259 3839 2634 3910 manuscripta
2663 3854 2693 3893 a
2725 3837 2932 3895 Jacobo
2963 3839 3264 3897 Sirmundo
3311 3842 3591 3913 descripta
3625 3857 3791 3916 atque

508 3941 781 3997 Ilalloixio
817 3942 1224 3998 communicata
1251 3940 1496 4006 luerunt,
1531 3940 1625 4010 qui
1661 3939 1752 3993 illa
1787 3951 2010 4008 quoque
2037 3931 2279 4003 imprimi
2313 3933 2529 3987 curavit
2559 3947 2626 3985 ex
2656 3941 2832 4001 parte.
2864 3931 3067 3988 Eadem
3101 3943 3315 4003 postea,
3339 3944 3396 3988 et
3427 3935 3615 3991 adhuc
3639 3940 3789 4008 plura

508 4037 773 4092 hactenus
803 4036 1046 4091 nondum
1071 4035 1238 4102 edita,
1273 4050 1340 4088 ex
1363 4033 1569 4103 duplici
1601 4033 1793 4088 codice
1816 4033 1871 4086 in
1905 4029 2138 4100 gratiam
2171 4025 2258 4082 Jo.
2295 4025 2514 4082 Ernest.
2537 4024 2724 4080 Grabii
2750 4027 3046 4096 descripsit
3071 4027 3485 4083 eruditissimus
3513 4028 3687 4086 Mich.
3721 4029 3787 4084 Le

505 4130 704 4197 Quien,
732 4143 802 4185 ex
823 4128 982 4200 cujus
1007 4129 1349 4200 autographa
1373 4128 1489 4184 hate
1517 4125 1807 4196 descripsi,
1839 4123 2002 4190 verti,
2031 4129 2086 4178 et
2112 4120 2388 4177 variantes
2410 4137 2536 4176 cum
2570 4119 2844 4176 Ilalloixio
2873 4121 3150 4175 adnotavi.

1801 4329 2142 4393 Μελίτωνος
2180 4323 2471 4394 Σάρδεων.

570 4468 679 4526 Pro
709 4467 897 4527 lsaaco
927 4471 1078 4542 justo
1122 4471 1376 4542 apparuit
1397 4470 1541 4526 aries
1588 4470 1644 4524 in
1681 4467 2078 4524 mactationem.

2274 4461 2445 4532 ’Υπὲρ
2470 4460 2657 4514 Ἰσαὰκ
2685 4458 2776 4513 τοῦ
2813 4455 3023 4536 δικαίου
3053 4456 3226 4530 ἐφάνη
3255 4456 3408 4529 κριὸς
3441 4458 3524 4521 εἰς
3551 4457 3776 4528 σφαγὴν,

504 4573 565 4620 ut
589 4565 824 4620 vinculis
847 4564 1002 4620 Isaac
1019 4565 1416 4620 exsolveretur.
1449 4565 1541 4618 Ille
1566 4571 1838 4618 mactatus
1864 4561 2078 4617 redemit

2260 4573 2280 4607 ι
2317 4552 2528 4624 δεσμῶν
2561 4551 2748 4606 Ἰσαὰκ
2779 4551 2934 4622 λυθῇ.
2967 4551 3205 4613 Ἐκεῖνος
3245 4551 3476 4619 σφαγεὶς
3509 4550 3778 4614 ὲλυζώσει-

507 4654 756 4711 lsaacum
791 4675 804 4710 :
847 4655 920 4710 ita
950 4663 1004 4709 et
1039 4653 1305 4709 Dominus
1345 4664 1521 4708 morte
1561 4669 1662 4708 sua
1707 4669 1808 4707 nos
1844 4652 2072 4706 salvavit

2285 4645 2392 4717 (94)
2416 4646 2506 4698 τὸν
2532 4644 2737 4706 Ἰσαὰκ,
2769 4643 2940 4706 οὕτως
2974 4643 3070 4696 καὶ
3104 4645 3132 4697 ὁ
3159 4642 3363 4713 Κύριος
3395 4644 3633 4711 σφαγεὶς
3651 4641 3780 4694 ἔσω-

500 4757 556 4803 et
586 4749 819 4804 vinculis
866 4748 982 4805 suis
1015 4762 1119 4804 nos
1164 4748 1437 4814 liberavit,
1476 4761 1684 4818 suaque
1723 4746 2078 4801 immolatione

2260 4756 2288 4791 ν
2325 4739 2498 4810 ἡμᾶς,
2537 4738 2632 4791 καὶ
2658 4737 2832 4800 δεθεὶς
2871 4736 3049 4804 ἔλυσε,
3081 4736 3174 4790 καὶ
3213 4734 3395 4798 θυθεὶς
3427 4734 3788 4809 ἂυτρὼπατο.

503 4855 607 4896 nos
636 4840 888 4896 redemit.

2263 4955 2370 5008 Καὶ
2395 4953 2526 5023 μετ’
2554 4953 2748 5021 ὀλίγα·

571 4953 644 5010 Et
671 4964 789 5026 post
811 4972 984 5026 pauca
1015 4970 1034 5008 :

2260 5042 2368 5100 Ἦν
2409 5045 2518 5117 γὰρ
2562 5047 2592 5098 ὁ
2634 5044 2838 5117 Κύριος
2894 5044 3097 5115 ἀμνὸς,
3149 5044 3225 5108 ὡς
3292 5045 3479 5114 ιιριὺς,
3532 5044 3594 5098 ὃν
3641 5037 3764 5096 εἶδεν

569 5046 702 5105 Erat
729 5048 875 5103 enim
902 5047 1168 5105 Dominus
1193 5063 1388 5120 agnus,
1414 5048 1482 5104 ad
1513 5050 1686 5104 instar
1708 5047 1898 5103 arietis
1913 5047 2083 5114 illius,

570 5269 683 5343 (90)
713 5268 1012 5343 Whistono
1056 5271 1414 5343 conjiciente,
1455 5271 1709 5328 Primazvi
1751 5271 2079 5325 Christiani-
2188 5285 2364 5324 meam
2395 5269 2638 5341 priorem
2669 5266 2744 5322 De
2777 5266 3030 5322 Melitone
3053 5267 3310 5324 Sardium
3335 5267 3602 5337 episcopo,
3634 5264 3658 5334 §
3687 5264 3759 5318 lii.

496 5340 616 5417 smi_
637 5340 745 5396 vol.
770 5340 876 5417 _Ill.
902 5341 1512 5417 pag.___577_,_Ecclesias
1554 5343 2079 5417 Hierosolymitanas
2187 5356 2373 5417 supra,
2685 5411 2696 5417 _
2770 5408 2832 5417 __
2917 5409 2953 5417 __
3235 5409 3246 5417 -
3521 5407 3555 5417 __

495 5427 550 5470 et
577 5407 946 5493 Caesarienses
977 5407 1131 5493 adiit.
1258 5413 1501 5493 Adriano
1527 5407 1952 5493 urbsAHierosol.
1978 5413 2081 5493 hoc
2403 5411 2650 5466 Whiston
2667 5408 2875 5493 _ir_iuThe
2907 5409 3077 5480 Essay
3107 5425 3172 5464 on
3205 5409 3289 5462 the
3321 5407 3638 5476 apostolica!
3656 5421 3760 5458 con-

497 5485 701 5563 saaculo
745 5485 942 5537 iterum
984 5485 1218 5550 exstrui,
1259 5494 1316 5539 et
1362 5484 1501 5539 (Elia
1550 5484 1845 5555 Capitolin.
1890 5483 2080 5538 vocari
2186 5481 2486 5563 stitutj‘ons‘,
2515 5481 2792 5563 wgf-3375.

495 5555 838 5637 casui}:
999 5621 1013 5637 .
1313 5623 1378 5637 η.
1907 5626 1940 5637 ..
2061 5636 2064 5637 ,
2262 5554 2376 5637 ei?)
2414 5551 2744 5637 εαειιιε.ιεεάη
2780 5551 3060 5637 pag-23s

570 5621 791 5695 (91)lta
825 5621 972 5676 hunc
999 5621 1182 5695 locum
1213 5639 1281 5679 ex
1311 5623 1416 5679 ﬁde
1448 5625 1784 5694 optimorum
1821 5626 2077 5680 codicum

2260 5622 2373 5695 (9.1)
2416 5622 2558 5693 Lege
2593 5621 2976 5695 ίὲλμτρὼοατο,
3015 5623 3087 5695 ita
3127 5635 3347 5692 quoque
3376 5637 3446 5676 ex
3476 5621 3644 5695 altero
3669 5630 3755 5670 co-

496 5691 839 5763 restitiiimus
861 5708 986 5746 cum
1017 5692 1251 5757 Valesio,
1277 5711 1441 5763 quam
1475 5691 1766 5750 lectionem
1796 5707 1850 5750 et
1874 5696 2071 5750 Rulli".
2181 5691 2300 5746 dice
2338 5691 2629 5761 descripsit
2653 5691 2942 5758 Le'Quien,
2973 5693 3065 5762 qui
3095 5691 3158 5747 et
3179 5702 3465 5760 praeterea,
3485 5693 3608 5747 loco
3631 5699 3753 5756 σφα·

499 5761 806 5838 c_ont_irmat,
836 5763 1191 5838 “avertens:
1219 5761 1525 5838 ﬁatomotiis
1565 5765 1851 5822 Proverbia
1879 5786 1998 5837 qua:
2023 5774 2070 5815 et

2260 5780 2321 5838 ις,
2371 5763 2586 5833 σφαγῆς
2621 5766 2814 5829 habet,
2860 5761 3023 5833 quam
3087 5765 3374 5820 lectione.
3428 5773 3611 5819 tamen
3661 5771 3752 5812 non

501 5829 808 5906 .Sapiegtia,‘
842 5831 1138 5906 subscribit
1166 5829 1386 5906 quoque
1417 5833 1707 5905 Nicephor.
1753 5839 1845 5906 qui
1876 5829 1948 5893 ita
1983 5841 2076 5893 ha-
2187 5835 2377 5902 probo.

501 5899 625 5955 bet:
663 5897 972 5966 Σολόμωνος
1013 5897 1328 5974 Παροιμίαι,
1363 5904 1396 5974 ἢ
1434 5908 1527 5961 καὶ
1551 5897 1902 5977 Eoum-VM.
1940 5911 2073 5968 diss-
