3872 6210
225 6081 282 6127 Κ

441 417 444 420 ~
511 384 652 444 12l9
1575 377 1633 436 S.
1661 373 1920 432 MELITO
1959 368 2268 432 SARDIUM
2304 366 2702 427 EPISCOPUS.
3645 353 3782 410 1390

1579 555 1667 611 Vl.
1697 555 1921 627 Fragm.
1951 570 2017 609 ea:
2043 552 2234 608 Bibiiis
2265 550 2463 607 Graecis
2493 547 2613 604 τῶν
2643 551 2724 604 0’.

586 699 644 755 In
674 699 976 755 Bibliorum
1009 699 1324 756 Grmcorum
1349 698 1457 752 τῶν
1486 698 1543 750 0'
1570 695 1819 750 Romana
1852 693 2127 759 editione,
2155 705 2277 760 qua:
2305 704 2374 744 ex
2402 686 2790 756 antiquissimo
2824 693 2878 739 et
2921 677 3378 753 praestantissimo
3405 674 3605 732 codice
3633 671 3786 728 Vati—

512 808 673 858 cano,
699 792 960 862 auspiciis
993 791 1134 846 Sixti
1171 790 1230 857 V,
1264 788 1541 861 pontiﬁcis
1570 785 1839 850 Romani,
1882 798 2015 838 cura
2049 782 2261 837 cardiu.
2297 777 2528 834 Carallie
2571 777 2774 848 prodiit
2812 773 3000 830 Graece
3031 787 3157 827 cum
3198 768 3424 862 scholiis
3450 765 3668 862 Cracis
3688 779 3787 862 per

521 882 682 937 codd.
715 860 851 937 mss.
893 881 1160 946 collectis,
1213 860 1432 944 Rome,
1458 895 1508 933 a.
1543 876 1706 940 1581,
1747 874 1842 930 fol.
1880 873 2021 944 typis
2052 887 2316 943 perquam
2351 867 2581 933 nitidis,
2633 885 2701 923 ex
2746 864 3101 939 typographia
3133 862 3328 917 Franc.
3371 860 3660 923 Zannetti,
3686 861 3786 914 hoc

512 973 854 1045 frontispicio
887 993 899 1028 :
944 974 1009 1028 Ἡ
1043 973 1256 1028 Παλαιὰ
1289 972 1530 1044 Διαθήκη
1565 967 1706 1024 κατὰ
1737 967 1862 1030 τοὺς
1893 965 2318 1036 Ἐϐδομήκοντα,
2353 959 2419 1017 δι’
2447 960 2732 1025 αὑθεντίας
2747 959 2954 1014 Ξύστου
2985 963 3047 1023 ε’,
3073 957 3245 1028 ἄκρου
3278 953 3613 1027 ἀρχιερέως,
3644 952 3784 1006 ἐκδο-

513 1067 688 1133 Θεῖσα,
725 1068 822 1122 fol.
856 1066 945 1132 15,
979 1067 1046 1122 ad
1082 1066 1262 1120 locum
1295 1064 1425 1120 Gen.
1462 1079 1531 1118 xx
1558 1104 1574 1129 ,
1615 1075 1762 1115 vers.
1795 1059 1860 1112 15
1883 1100 1898 1125 ,
1935 1058 2032 1112 καὶ
2080 1057 2127 1112 ἰδ

2247 1057 2384 1130 ιριὸς
2424 1051 2505 1120 εἷς
2552 1051 2915 1124 κατεχόμενος
2960 1051 3018 1103 ὲν
3052 1047 3229 1118 φυτῷ,
3269 1064 3324 1099 κ.
3383 1064 3434 1099 τ.
3472 1045 3552 1110 λ.,
3593 1045 3789 1115 duplex

514 1161 761 1216 occurrit
783 1161 1076 1229 scholium,
1109 1159 1385 1216 Melitonis
1405 1158 1628 1212 nomine
1665 1157 2014 1228 insignitum.
2053 1153 2118 1210 Et
2146 1153 2388 1225 primum
2427 1149 2650 1222 quidem
2699 1147 2954 1213 brevius,
2986 1145 3054 1200 ad
3088 1159 3246 1200 voces
3279 1141 3659 1212 κατεχόμενος
3691 1139 3793 1192 τῶν

514 1254 786 1326 κεράτων.

595 1378 766 1450 Syrus
807 1388 861 1434 et
892 1377 1154 1435 Hebraeus
1199 1391 1481 1448 suspensus
1515 1377 1738 1444 dicunt,
1779 1385 1842 1433 ut
1864 1379 2106 1449 apertius

524 1474 936 1544 prmllgurarent
961 1487 1204 1528 crucem.
1598 1485 1630 1500 ’-

2290 1379 2349 1434 Ὀ
2377 1379 2547 1452 Σύρος
2579 1379 2675 1433 καὶ
2696 1382 2725 1433 ὁ
2749 1369 3000 1452 Ἑϐραιος
3017 1377 3092 1449 (8)
3123 1371 3492 1445 κρεμάμενος
3523 1370 3692 1442 φασὶ,
3722 1371 3796 1434 ὡς

2209 1473 2544 1544 σαφέστερον
2570 1471 2773 1526 τυποῦν
2795 1473 2886 1526 τὸν
2906 1470 3140 1542 σταυρόν
3161 1469 3256 1541 (9).

588 1595 835 1650 Alterum
870 1603 1052 1650 autem
1084 1593 1301 1665 longius
1330 1602 1437 1660 est,
1469 1601 1634 1664 atque
1667 1591 1733 1648 ad
1769 1604 1932 1647 voces
1961 1591 2022 1645 ὲν
2053 1606 2125 1660 qm

2247 1588 2438 1644 Σασέκ.

588 1707 821 1776 Quidam
860 1707 922 1760 τὸ
955 1707 1137 1762 Σαόέκ
1169 1716 1446 1764 verterunt
1467 1707 1682 1776 ἄφεσιν,
1712 1705 2097 1770 dimissionem,

2277 1703 2351 1756 Τὸ
2389 1701 2600 1766 Σαόὲκ,
2629 1700 2851 1770 ἄφεσίν
2875 1716 3017 1763 τινες
3059 1697 3418 1753 ὲκδεδώκασιν
3460 1694 3600 1767 (10).
3646 1697 3709 1749 ΟΞ
3744 1693 3799 1747 δὲ

516 1799 890 1854 liberationem
913 1815 932 1852 :
963 1800 1188 1870 quidam
1219 1815 1349 1854 vero
1375 1797 1576 1871 ὄρθιος,
1621 1806 1842 1862 erectus,
1866 1804 1928 1850 ut
1956 1795 2099 1850 idem

2247 1799 2426 1864 ρθιος,
2465 1793 2541 1856 ὠς
2575 1789 2714 1846 εἶναι
2751 1791 2882 1846 αὐτὸ
2931 1787 2990 1844 τὸ
3025 1789 3334 1862 λεγόμενον,
3362 1789 3590 1858 τράγος
3622 1787 3803 1856 ὀρθὸς

518 1891 720 1955 valeat,
748 1906 814 1946 ac
843 1891 891 1947 si
931 1891 1227 1960 diceretur,
1270 1892 1458 1947 hircus
1503 1898 1720 1945 erectus
1761 1885 2021 1942 incedens
2045 1888 2102 1942 in

2247 1886 2666 1955 παναϐεϐηκὼς
2692 1884 2878 1955 φυτῷ·
2899 1882 3134 1938 ἐνταῦθα
3162 1883 3218 1937 δὲ
3233 1879 3391 1954 ὀρθὸς
3414 1881 3528 1935 τῶν
3547 1880 3802 1954 κεράτων

518 1983 788 2054 virgulto,
824 1984 1085 2039 cornibus
1137 1992 1322 2039 autem
1363 1983 1438 2037 ibi
1487 1981 1760 2046 detentus,
1813 1979 1889 2034 ita
1941 1987 2001 2034 ut
2033 1977 2106 2034 sit

2247 1977 2712 2048 ατεχόμενοςῌ1),
2725 1976 2799 2040 ὼς
2816 1972 2954 2030 εἶναι
2971 1977 3201 2048 φανερὸν
3218 1977 3385 2028 τύπον
3401 1973 3648 2045 σταυροῦ
3669 1975 3802 2045 (1‘2).

521 2076 850 2132 manifestus
881 2085 1044 2150 typus
1075 2078 1282 2134 crucis.
1328 2075 1626 2147 Propterea
1666 2089 1798 2129 vero
1839 2073 1895 2127 in
1938 2073 2103 2128 aliam

2249 2071 2303 2124 ιὰ
2340 2069 2497 2123 τοῦτο
2542 2069 2599 2122 δὲ
2630 2070 2730 2141 οὐχ
2769 2069 3162 2142 ἑρμηνεύεται,
3194 2071 3274 2123 ὅτι
3309 2070 3342 2139 ἡ
3385 2062 3666 2140 Ἑϐραῖκὴ
3708 2068 3805 2138 μία

521 2165 765 2237 linguam
801 2183 912 2223 non
966 2169 1340 2234 convertitur,
1388 2167 1653 2238 quoniam
1702 2181 1808 2221 vox
1857 2162 2104 2230 Hebraea,

2247 2155 2342 2216 ὅσα
2380 2159 2522 2226 λέξις
2562 2160 2732 2214 πολλὰ
2771 2161 3026 2233 σημαίνει
3067 2161 3499 2233 ἐρμηνευομένη.
3548 2160 3704 2232 Πρὸς
3748 2159 3804 2212 δὲ

519 2272 649 2314 cum
679 2274 786 2314 una
819 2260 910 2328 sit,
944 2261 1116 2315 multa
1159 2259 1463 2330 signiﬁcat,
1506 2258 1553 2314 si
1587 2259 1658 2312 sit
1686 2255 1970 2311 vertenda.
2018 2251 2109 2309 In-

2247 2257 2335 2318 οὺς
2375 2254 2806 2325 πυνθανομένους
2827 2253 2909 2307 δεῖ
2929 2252 3319 2325 ἀποκρίνεσθαι
3348 2251 3443 2305 καὶ
3471 2250 3662 2320 λέγειν
3683 2290 3698 2316 ,
3723 2250 3804 2302 ὅτι

521 2353 928 2426 terrogantibus
971 2360 1154 2406 autem
1206 2350 1646 2422 respondendum
1680 2356 1786 2413 est,
1831 2357 1886 2403 et
1923 2345 2112 2402 dicen-

2247 2348 2270 2401 ὸ
2299 2347 2477 2403 Σαὸὲκ
2500 2347 2836 2417 ἐπηρμένος
2867 2343 3160 2419 ἑρμηνεύει
3189 2344 3323 2418 (15).

522 2439 676 2509 dum,
701 2443 762 2496 τὸ
790 2442 968 2495 Σαϐέκ
998 2441 1266 2496 sublatum
1291 2439 1610 2495 vertendum
1637 2452 1780 2494 esse.

593 2555 722 2612 Bato
753 2555 939 2611 itidem
971 2556 1225 2611 videntur
1251 2570 1375 2611 esse
1400 2570 1469 2609 ex
1496 2550 1801 2622 Ἐκλονῶν
1844 2551 2002 2607 libris
2022 2592 2036 2617 ,
2069 2550 2124 2604 in
2147 2548 2349 2620 quibus
2381 2563 2446 2603 ea
2484 2547 2835 2618 potissimum
2856 2588 2872 2614 ,
2909 2563 3033 2617 qua:
3063 2548 3132 2603 ad
3161 2545 3514 2602 Servatorem
3548 2555 3802 2602 nostrum

524 2649 908 2720 pertinebant,
946 2648 1186 2718 collegit.
1229 2646 1518 2702 Cohazrent
1556 2660 1682 2702 cum
1725 2644 2169 2700 antecedentibus
2201 2641 2522 2712 fragmentis
2561 2657 2628 2696 ex
2655 2639 2881 2708 Catena,
2911 2649 3075 2709 atque
3111 2638 3355 2695 lsaacum
3381 2647 3570 2708 typum
3593 2636 3803 2693 Christi

529 2741 704 2799 fuisse
737 2751 1071 2798 monstrant.
1099 2738 1215 2795 Hoc
1239 2739 1604 2810 fragmentum
1634 2736 1940 2793 Halloixius
1962 2751 2073 2790 non
2100 2735 2282 2803 habet,
2310 2749 2411 2790 nec
2439 2732 2537 2788 ulli
2573 2733 2905 2804 scriptorum
2938 2732 3008 2788 de
3037 2730 3291 2787 Melitone
3313 2741 3803 2801 commemoratur,

525 2842 723 2905 praeter
743 2831 1118 2888 Colomesium
1154 2829 1292 2902 (14),
1322 2829 1419 2900 qui
1447 2829 1678 2900 digitum
1701 2828 1769 2883 ad
1793 2828 1925 2882 illud
1952 2827 2204 2884 intendit.

1630 2965 1746 3022 VII.
1780 2963 2006 3036 Fragm.
2036 2980 2106 3020 ea:
2133 2965 2422 3024 Anastasio
2453 2963 2686 3020 Sinaila.

600 3080 764 3136 Aliud
790 3078 1158 3151 fragmentum
1191 3074 1464 3132 Melitonis
1485 3076 1765 3147 quantivis
1794 3075 1952 3146 pretii
1985 3075 2055 3130 ab
2075 3074 2369 3132 Anastasio
2391 3076 2600 3132 Sinaita
2626 3086 3007 3133 conservatum
3035 3077 3140 3133 fuit
3164 3079 3220 3134 in
3261 3079 3509 3152 Ὀδηγῷ,
3532 3099 3635 3139 seu
3666 3084 3805 3138 Duce

528 3175 660 3242 vita,
690 3188 811 3243 cap.
840 3171 930 3237 1'5,
959 3185 1070 3240 quo
1101 3177 1294 3224 contra
1317 3167 1650 3238 Acephalos,
1673 3167 1913 3222 divinam
1939 3168 2374 3223 incarnationem
2403 3168 2611 3223 Christi
2634 3167 2850 3224 Domini
2877 3181 3279 3241 Oppugnantes,
3308 3174 3579 3245 disputat,
3611 3177 3799 3247 p.260,

527 3265 662 3323 edit.
693 3262 959 3327 Gretseri,
996 3262 1082 3316 his
1114 3260 1298 3316 verbis
1327 3276 1342 3314 :
1371 3258 1511 3315 Cum
1539 3261 1686 3314 enim
1710 3261 2002 3315 ostendere
2031 3259 2212 3316 velitis
2234 3300 2248 3323 ,
2275 3260 2556 3316 Christum
2581 3270 2776 3327 totum,
2802 3263 2940 3318 nihil
2966 3265 3116 3320 aliud
3140 3281 3296 3331 esse,
3333 3283 3502 3337 quam
3538 3270 3800 3326 divinita~

530 3371 677 3425 tem;
713 3358 768 3412 in
802 3359 978 3428 ipsam
1007 3357 1372 3423 divinitatem,
1403 3355 1577 3410 instar
1605 3349 2034 3407 Manichaeorum
2069 3362 2124 3408 et
2152 3353 2509 3420 Arianorum,
2533 3354 2785 3425 injuriosi
2815 3365 2868 3412 et
2889 3358 3279 3414 contumeliosi
3305 3361 3468 3427 estis;
3497 3363 3636 3432 quia
3663 3365 3798 3419 illam

530 3451 885 3524 passionibus
910 3461 967 3507 et
995 3447 1415 3512 mutationibus,
1447 3460 1601 3501 more
1639 3453 1945 3500 creatarum
1975 3459 2181 3524 rerum,
2220 3445 2512 3515 subjicitis.
2541 3447 2702 3503 Certe
2731 3449 2952 3505 divinus
2977 3459 3032 3504 et
3060 3451 3504 3521 sapientissimus
3543 3457 3696 3513 inter
3718 3460 3802 3514 do-

532 3521 715 3604 ctores
744 3542 948 3610 Melito,
985 3543 1040 3597 in
1068 3541 1226 3597 tertio
1255 3538 1328 3594 De
1355 3538 1722 3593 incarnatione
1749 3551 2023 3602 sermone,
2050 3521 2292 3606 graviter
2347 3539 2623 3595 invehitur
2661 3542 2716 3596 in
2760 3539 2884 3597 illos
2925 3543 3270 3614 interpretes,
3303 3546 3399 3615 qui
3442 3550 3804 3618 comprobare

534 3643 788 3700 nituntur
815 3653 884 3693 ex
909 3635 1068 3691 factis
1095 3633 1302 3691 Christi
1335 3639 1462 3703 post
1507 3631 1846 3702 baptismum
1894 3631 2180 3685 veritatem
2229 3633 2481 3701 corporis
2530 3642 2585 3688 et
2613 3635 2832 3700 animas,
2861 3635 3102 3706 itemque
3131 3636 3490 3704 naturalium,
3537 3649 3593 3694 et
3631 3642 3804 3695 omnis

535 3733 748 3810 peccati
773 3731 1082 3803 expertium
1110 3727 1494 3799 operationum
1532 3726 1675 3797 ejus,
1705 3726 1867 3782 famis
1887 3767 1903 3792 ,
1937 3725 2193 3796 inquam,
2235 3725 2390 3793 sitis,
2421 3727 2637 3794 somni,
2670 3729 2910 3794 laboris,
2937 3729 3330 3801 lacrymarum,
3360 3733 3534 3802 sputi,
3567 3735 3804 3800 sudoris,

537 3827 868 3887 excretionis
896 3841 992 3896 per
1037 3838 1222 3890 nares,
1271 3821 1683 3892 egestionisque
1711 3820 1956 3890 corrupti
1997 3831 2053 3876 et
2085 3822 2406 3876 naturaliter
2451 3823 2702 3878 concocti
2745 3823 2856 3879 cihi
2902 3839 2967 3878 ac
2996 3834 3195 3894 potus;
3231 3841 3411 3895 neque
3441 3826 3648 3881 horum
3673 3828 3806 3883 dun-

536 3931 712 3987 taxat,
740 3920 834 3975 sed
862 3929 916 3974 et
941 3933 1160 3984 eorum,
1201 3931 1325 3988 qua!
1354 3916 1554 3971 anima:
1583 3922 1788 3970 nostrae
1821 3930 1853 3968 a
1883 3921 2083 3969 natura
2112 3914 2293 3971 inesse
2322 3916 2532 3982 solent,
2562 3918 2669 3972 hoc
2697 3925 2811 3983 est,
2847 3918 3084 3974 tristitia:
3109 3959 3127 3986 ,
3159 3921 3416 3975 maeroris
3459 3930 3518 3976 et
3543 3921 3806 3993 dejectio-

539 4021 648 4076 nis.
672 4017 807 4073 Nam
832 4023 1028 4072 contra
1052 4012 1387 4068 Marcionem
1414 4010 1702 4082 disputans
1739 4009 1820 4064 sic
1851 4009 1929 4064 ait
1973 4010 2184 4067 caelesti
2228 4012 2543 4080 cognitione
2588 4013 2863 4068 excellens
2899 4011 3121 4070 Mclito:
3175 4015 3412 4086 negabat
3449 4019 3603 4072 enim
3647 4021 3803 4075 etiam

634 4174 686 4243 8)
734 4169 993 4243 Origenes
1040 4167 1097 4243 in
1141 4165 1399 4243 Hexaplis
1463 4179 1604 4234 saepe
1643 4165 1688 4243 ’ὁ
1733 4163 1904 4243 Σύρος
1953 4164 2047 4218 καὶ
2092 4165 2120 4216 ὁ

555 4235 1096 4315 Ἐδραὶξοςζνιιῖθ-όο
1140 4238 1388 4306 simplice
1441 4245 1495 4289 et
1545 4235 1768 4315 antiqua
1809 4235 1936 4315 ista
1995 4249 2120 4315 ver-

544 4303 698 4370 sione
730 4303 876 4365 V.T.
906 4309 1150 4379 Syriaca,
1197 4303 1361 4379 quam
1398 4306 1645 4379 nonnulli
1680 4303 2122 4379 ’ad_Salomonis

552 4385 799 4439 referunt
825 4375 1021 4443 acvuin,
1051 4377 1143 4432 alii
1173 4375 1240 4430 ad
1269 4377 1467 4446 Alvgari
1498 4385 1553 4430 et
1583 4375 1959 4446 apostolorum
1993 4385 2125 4446 afla-

543 4465 676 4516 tem,
710 4449 1188 4506 Montefalconium
1222 4447 1276 4500 in
1308 4443 1700 4502 Prwliminfad
1733 4443 1975 4515 Hexapla
2001 4443 2126 4498 Ori-

545 4526 710 4596 genis,
742 4538 862 4596 cap.
899 4524 950 4583 1,
1038 4519 1155 4596 8Aet
1175 4518 1230 4596 ε),
1257 4533 1377 4587 pag.
1414 4517 1503 4582 19,
1534 4525 1589 4571 et
1617 4532 1832 4596 sumine
1861 4516 2119 4571 venerab.

543 4585 909 4664 Carpiovi'um
932 4632 946 4656 ,
979 4585 1272 4664 irrCriticd
1300 4602 1478 4652 sacra,
1511 4602 1632 4656 pag.
1659 4585 1784 4664 6‘22.

619 4656 694 4734 (9')
730 4663 785 4717 ln
825 4671 972 4734 textu
1002 4659 1228 4714 Hebraeo
1259 4667 1500 4734 est'tnND
1536 4667 1632 4715 7m
1675 4660 1813 4734 aries
1863 4656 2124 4734 detentus.

547 4728 690 4790 LXX
719 4733 1066 4788 reddiderunt
1095 4729 1463 4800 κρεμάμενος,
1503 4743 1608 4781 vox
1639 4728 1784 4800 enim
1830 4729 2040 4800 κρεμᾷν
2073 4730 2126 4782 in

553 4808 702 4876 ligno
741 4798 1146 4876 prroprieputat
1175 4798 1614 4876 suspensioueinn.
1637 4798 1906 4876 Arrianus
1934 4798 2010 4852 De
2034 4815 2126 4876 ers-

549 4867 712 4948 ρὲᾂὶι.
741 4867 906 4948 Alea}:
1073 4870 1169 4922 lib.
1202 4884 1470 4948 κλμ-ρος.
1502 4867 1640 4948 410,
1682 4867 2123 4948 edit_l3lancard.

551 4937 720 5002 refert
759 4945 825 4996 de
860 4942 1144 5012 Musicano
1176 4957 1190 4992 :
1235 4937 1440 5012 Τοῦτον
1469 4939 1746 5012 κρεμάσαι
1775 4937 2131 5012 ῘΛλέξανδρος

550 5015 762 5071 κελεύει
797 5015 853 5066 ὲν
886 5016 952 5084 τῇ
987 5009 1147 5084 αὑτοῦ
1181 5013 1273 5082 γῇ.
1317 5029 1335 5060 ι
1366 5009 1521 5084 Hunc
1549 5009 1852 5084 Alexander
1881 5009 2129 5079 cruciligi

551 5089 608 5143 in
635 5103 735 5142 sua
758 5079 1175 5152 regiou'ejuhet,
1217 5079 1249 5132 ἶ
1275 5096 1439 5150 quem
1465 5079 1690 5134 Curtius
1712 5121 1727 5145 ,
1763 5080 1856 5134 lib.
1891 5095 1967 5142 ix,
2003 5097 2127 5150 cap.

553 5160 610 5220 8.
647 5176 665 5209 ι
714 5157 772 5210 in
820 5169 1038 5209 crucem
1101 5153 1380 5206 sublatum
1435 5169 1454 5202 ι
1506 5151 1717 5205 scribit.
1769 5151 1861 5205 Sic
1908 5167 2132 5220 quoque

554 5229 826 5282 Diodorus
879 5224 1121 5287 Siculus,
1172 5223 1260 5276 lib.
1309 5237 1439 5284 xuii,
1467 5222 1520 5274 in
1551 5221 1796 5289 ejusdem
1833 5221 2131 5275 Alexandri

553 5300 740 5360 rebus,
773 5297 838 5351 de
868 5294 1011 5366 Tyro
1039 5301 1229 5366 capta:
1264 5293 1404 5366 Τοὺς
1436 5291 1492 5366 δε
1525 5291 1676 5354 νέους
1709 5292 1946 5366 πάντας,
1971 5291 2132 5366 ὄντας

556 5371 659 5422 οὐκ
706 5362 960 5428 ἐλάττους
991 5362 1297 5434 δισχιλῑῳν,
1352 5363 1857 5434 ὲκρέμασεν,λγ(ιιιο(1
1891 5364 2132 5434 “Curtius

556 5441 753 5500 iturum
781 5438 854 5490 ita
883 5432 1110 5490 retulit:
1145 5453 1164 5486 ι
1207 5433 1327 5488 Duo
1356 5432 1526 5486 millia
1551 5432 2022 5503 crucibus_aflixa,
2043 5449 2135 5503 per

556 5511 748 5581 ingens
773 5505 982 5581 littoris
1018 5505 1255 5573 spatium
1307 5505 1700 5581 pependerunt.
1741 5521 1759 5581 ι
1813 5501 2133 5581 Latinorum

553 5573 868 5649 suspendere
901 5578 969 5649 a_d
1008 5591 1226 5649 crucem
1254 5573 1473 5649 quoque
1501 5573 1876 5649 referendum.
1926 5573 2134 5628 Seneca

553 5643 712 5716 epist.
749 5649 778 5699 7
807 5668 819 5703 :
857 5666 876 5698 r
915 5645 1288 5700 Latrocinium
1315 5645 1444 5699 fecit
1467 5644 1687 5713 aliquis,
1714 5643 1845 5712 quid
1869 5659 2002 5714 ergo
2022 5660 2137 5700 mc-

558 5719 698 5772 rnit?
730 5728 788 5770 ut
821 5716 1204 5786 suspendatur.
1231 5733 1249 5766 ι

625 5788 736 5857 (10)
773 5784 1034 5842 Athanas.
1063 5795 1256 5854 quaest.
1304 5784 1408 5855 98,
1440 5784 1509 5840 ad
1541 5786 1858 5841 Antiochum
1895 5787 1969 5842 ita
2001 5801 2137 5855 quo.

2228 4181 2335 4235 quc
2364 4165 2657 4241 somniavit
2685 4186 2752 4241 :_«
2799 4167 2987 4241 Planta
3028 4168 3236 4236 Sabec,
3282 4172 3564 4241 inquiens,
3596 4187 3684 4231 est
3723 4192 3803 4230 re-

2227 4238 2465 4291 neranda
2501 4252 2656 4292 crux.
2691 4237 2854 4293 Juxta
2881 4239 3136 4295 llebrazos
3162 4237 3373 4297 videtur
3403 4260 3531 4300 esse
3550 4237 3803 4302 remissio

2229 4315 2285 4381 et
2308 4309 2660 4381 condonatio.
2694 4311 2848 4381 Aries
2874 4326 3024 4375 vero,
3047 4312 3142 4381 qui
3174 4314 3226 4366 in
3255 4314 3432 4369 Sabec
3461 4316 3706 4372 haerebat
3742 4317 3801 4370 ad

2229 4377 2469 4500 plantam
2497 4378 2751 4449 figuravit
2785 4377 3080 4436 Christum
3103 4398 3201 4450 pro
3236 4385 3398 4439 nobis
3433 4386 3486 4439 in
3524 4402 3692 4442 cruce
3721 4387 3804 4440 ob-

2252 4457 2422 4500 atum.
2460 4467 2479 4498 9
2526 4451 2690 4500 Atuui
2725 4461 2853 4500 vero
2880 4451 2940 4500 τὸ
2973 4461 3089 4500 'DD
3119 4452 3359 4500 Hehrmig
3402 4471 3582 4500 nemm
3621 4458 3804 4500 rpmis-

2252 4457 2422 4522 atum.
2460 4467 2479 4498 ι
2526 4451 2690 4518 Atqui
2725 4461 2853 4522 vero
2880 4451 2940 4503 τὸ
2973 4461 3089 4522 1:1,“)
3119 4452 3359 4509 Hebraeis
3401 4471 3583 4522 neque
3621 4458 3805 4512 remis-

2232 4519 2444 4590 sionem
2486 4534 2673 4590 neque
2726 4521 2966 4590 plantam
3001 4519 3214 4578 'notare
3277 4519 3651 4582 observarunt
3700 4528 3802 4582 alii.

2229 4586 2526 4662 Excusavit
2550 4586 3162 4662 taineifquotlanlniodo
3196 4603 3406 4648 veteres
3440 4594 3530 4650 Jo.
3562 4595 3646 4652 Js.
3678 4597 3805 4652 Vos-

2229 4659 2346 4736 sius
2368 4657 2836 4736 _f)e_traizstatioiie
2856 4658 3033 4736 LXX,
3065 4665 3302 4736 cap.1‘2,
3335 4680 3460 4736 pag.
3490 4668 3586 4722 58.

2301 4728 2409 4808 (11)
2439 4728 2649 4808 Hebraei
2671 4731 2922 4794 credunt,
2944 4734 3098 4808 hunc
3122 4728 3352 4808 arietem:
3375 4728 3574 4808 sponte
3595 4738 3801 4808 quidem

2231 4800 2296 4853 ad
2338 4800 2710 4854 Abrahamqu
2737 4803 3082 4869 cucurrisse,
3116 4805 3210 4859 sed
3244 4800 3523 4861 diabolum
3558 4800 3687 4863 eum
3727 4825 3803 4863 ar-

2232 4870 2457 4925 boribus
2488 4871 2823 4942 implicuisse
2849 4881 2905 4925 et
2941 4873 3328 4940 immiscuisse,
3357 4888 3418 4930 ut
3443 4879 3800 4942 Abrahamus,

2232 4949 2390 4994 aetate
2424 4941 2535 5010 jam
2587 4941 2868 4996 confectus
2916 4943 3234 5014 fractusque
3272 4947 3424 5001 nullo
3467 4949 3659 5004 labore
3691 4941 3798 5002 eum

2233 5025 2466 5135 fagered
2481 5015 2782 5135 plpttuissct;
2833 5013 2929 5068 sed
2970 5012 3066 5068 Dei
3104 5012 3287 5086 potius
3320 5019 3681 5087 providentia:
3709 5019 3800 5073 hoc

2259 5097 2301 5133 l‘l
2345 5097 2398 5134 ιιι
2472 5098 2501 5135 e
2539 5098 2569 5135 e
2597 5121 2612 5135 .

2234 5090 2398 5134 ll‘lbul
2435 5090 2612 5136 debet.

2309 5152 2417 5223 (12)
2444 5151 2690 5233 .Arietem
2736 5153 2792 5208 in
2820 5154 3293 5233 perplexitatibus
3320 5157 3616 5233 detentum
3660 5157 3800 5233 Chri-

2235 5230 2378 5299 stum
2412 5223 2792 5299 significasse,
2817 5223 2875 5299 ἐν
2907 5226 2984 5296 τῷ
3018 5228 3238 5299 σταυρῷ
3271 5227 3503 5283 θάνατον
3552 5229 3800 5284 ὑποστάν-

2234 5308 2304 5372 τα
2336 5291 2521 5346 ἕνεκεν
2545 5295 2732 5372 ᾑμῶν,
2767 5291 3116 5372 Athanasius
3136 5291 3449 5372 quoquehi
3489 5300 3796 5372 Interpreta-

2237 5319 2304 5346 ἰυι
2337 5319 2521 5346 eve.er
2555 5319 2732 5365 ημων,
2767 5319 3101 5352 nttlallab'lus
3136 5319 3360 5368 quoque
3391 5319 3449 5354 ιιι
3489 5319 3644 5355 Inter
3679 5319 3796 5354 rcta-

2237 5363 2376 5436 tione
2401 5365 2802 5436 pararbolarum,
2827 5376 3021 5436 quaest.
3052 5367 3141 5431 66,
3175 5371 3435 5433 asseruit,
3465 5383 3521 5427 et
3541 5389 3612 5427 ex

2234 5435 2486 5502 probavit
2512 5435 2818 5491 Bochartus
2844 5435 2897 5491 in
2925 5437 3262 5503 Hicrozoico,
3293 5441 3389 5496 fol.
3413 5442 3542 5496 542.

2310 5503 2893 5595 (12),:(A1u'nferomuino
2919 5510 2984 5595 and
3016 5509 3420 5595 hoc-Melitoni's
3451 5512 3796 5595 fragmentum

2237 5571 2735 5653 10.:_F_"ri§_climuthi
2767 5580 2904 5653 diss.
2935 5580 2990 5653 5_,
3011 5579 3085 5635 De
3104 5571 3589 5653 ligAalioueilsaaci,
3619 5599 3734 5653 cap.
3752 5579 3794 5634 5.

2239 5645 2802 5789 pa(314)0C‘olomesius
2839 5651 2896 5706 in
2941 5650 3077 5722 Opp.
3111 5645 3213 5708 εἰ.
3243 5654 3309 5710 A.
3344 5645 3601 5713 Fabricio
3639 5645 3798 5714 editis.
