3872 6210
113 309 251 367 1221

1531 296 1980 356 FRAGMENTA.

3251 290 3392 350 1123

109 428 384 494 Marcion,
413 427 559 484 sicut
582 423 818 482 Severus
846 432 902 481 et
924 421 1187 491 Gaianus,
1218 421 1458 479 divinam
1499 420 1704 476 Christi
1749 416 2182 474 incarnationem
2213 415 2407 471 iisdem
2432 414 2764 471 testimoniis
2808 411 3089 485 Evangelii
3121 410 3389 467 adversus

107 520 430 576 Melitonem
460 533 618 584 usus,
650 517 855 589 quibus
892 531 1040 572 nunc
1081 515 1170 571 isti
1218 512 1514 570 Marcionis
1554 510 1765 566 Pontici
1800 507 2059 579 discipuli
2091 505 2358 562 adversus
2395 519 2499 560 nos
2532 513 2781 560 utuntur.
2831 501 2936 559 Cui
2977 501 3132 558 valde
3159 501 3296 558 scite
3322 507 3382 556 et

109 622 427 684 opportune
455 611 738 682 respondit
765 608 949 664 Melite
978 608 1035 662 in
1055 609 1203 663 hunc
1231 605 1482 661 modum:

165 720 170 724 ’
198 726 290 789 Ὠς
316 722 540 794 οὐδεμία
568 721 784 792 ἀνάγκη
813 723 925 784 τοῖς
946 719 1068 774 νοῦν
1095 717 1332 790 ἔχουσιν,
1386 715 1444 782 ἐξ
1467 710 1541 774 ὧν
1572 714 1707 787 μετὰ

1881 711 2000 766 Non
2029 719 2112 766 est
2149 709 2520 766 necessarium
2555 708 2662 775 his,
2709 723 2848 780 quos
2883 708 3024 765 ratio
3063 724 3173 766 non
3222 708 3391 782 fugit,

107 817 176 872 τὸ
209 816 496 888 βάπτισμα
522 813 552 866 ὁ
584 813 818 884 Χριστὸς
841 811 1066 884 ἔπραξε,
1097 811 1374 883 παριστᾷν
1403 809 1462 862 τὸ
1485 807 1704 880 ἀληθὲς,

108 909 214 964 καὶ
253 906 596 977 ἀφάνταστον
636 905 736 975 τῆς
774 902 952 974 ψυχῆς
981 901 1168 968 αὐτοῦ,
1197 901 1291 956 καὶ
1329 899 1419 954 τοῦ
1457 898 1709 970 σώματος

107 1000 219 1069 τῆς
243 996 367 1052 καθ’
397 997 545 1067 ἡμᾶς
572 993 920 1067 ἀνθρωπίνης
951 993 1186 1062 φύσεως.
1229 992 1311 1045 Τὰ
1340 992 1450 1062 γὰρ
1484 991 1621 1062 μετὰ
1648 989 1710 1044 τὸ

111 1091 407 1160 βάπτισμα
449 1086 555 1140 ὑπὸ
595 1083 832 1157 Χριστοῦ
875 1082 1210 1156 πραχθέντα,
1242 1083 1337 1137 καὶ
1370 1083 1603 1153 μάλιστα
1640 1081 1709 1136 τὰ

111 1180 359 1248 σημεῖα,
393 1175 490 1248 τὴν
522 1173 687 1229 αὑτοῦ
731 1174 1121 1246 κεκρυμμένην
1163 1175 1222 1227 ὲν
1276 1172 1441 1243 σαρκὶ
1482 1171 1708 1243 θεότητα

109 1270 380 1341 ἐδήλουν,
420 1267 514 1322 καὶ
558 1265 875 1320 ὲπιστοῦντο
914 1264 992 1336 τῷ
1033 1265 1246 1336 κόσμῳ.
1289 1265 1422 1328 Θεὸς
1471 1264 1584 1335 γὰρ
1623 1261 1703 1316 ὢν

107 1357 319 1430 ὁμοῦτε
337 1356 433 1411 καὶ
457 1355 743 1429 ἅνθρωπος
771 1354 974 1418 τέλειος
1002 1357 1032 1408 ὁ
1058 1354 1242 1417 αὐτὸς,
1280 1352 1379 1416 τὰς
1411 1351 1504 1405 δύο
1537 1350 1703 1406 αὐτοῦ

107 1449 314 1514 οὐσίας
346 1447 683 1503 ἐπιστώσατο
708 1449 839 1519 ἡμῖν
857 1463 871 1478 ο
908 1446 1005 1518 τὴν
1037 1447 1135 1518 μὲν
1157 1444 1385 1516 θεότητα
1403 1443 1589 1508 αὑτοῦ,
1617 1444 1708 1500 διὰ

108 1540 231 1594 τῶν
264 1539 508 1612 σημείων
553 1540 612 1592 ὲν
656 1537 722 1608 τῆ
771 1537 1002 1609 τριετίᾳ,
1041 1539 1107 1608 τῇ
1132 1536 1269 1607 μετὰ
1303 1537 1363 1590 τὸ
1392 1536 1704 1608 βάπτισμαο

109 1633 221 1705 τὴν
263 1633 322 1686 δὲ
358 1631 757 1704 ἀνθρωπότητα
801 1629 969 1684 αὐτοῦ
991 1670 1006 1694 ,
1037 1631 1096 1683 ὲν
1130 1631 1242 1693 τοῖς
1265 1628 1556 1701 τριάκοντα
1581 1627 1712 1701 χρό-

1813 818 1878 859 ex
1910 801 2219 857 actionibus
2257 800 2460 855 Christi
2497 809 2622 870 post
2675 799 3008 869 baptismum
3059 808 3309 856 astruere
3338 811 3394 858 et

1813 895 2192 950 demonstrare
2231 891 2430 947 animae
2467 900 2524 947 et
2553 893 2804 961 corporis
2851 891 3005 962 ejus,
3035 899 3091 948 et
3140 892 3396 948 humanas

1813 995 2021 1042 natura:
2043 984 2328 1040 nobiscum
2353 984 2730 1040 convenientis
2751 984 3057 1048 veritatem,
3079 992 3134 1039 et
3153 983 3221 1038 ab
3241 985 3394 1039 omni

1812 1078 2031 1134 fictione
2072 1077 2452 1132 remotionem.
2490 1075 2626 1131 Nam
2658 1092 2784 1147 quae
2829 1088 2953 1146 post
2991 1076 3324 1147 baptismum
3360 1093 3394 1133 a

1811 1171 2033 1226 Christo
2064 1179 2216 1242 gesta
2247 1181 2395 1236 sunt,
2427 1171 2664 1227 maxime
2689 1172 2975 1238 miracula,
2997 1173 3252 1228 latentem
3272 1171 3394 1242 ejus

1813 1265 1870 1319 in
1897 1279 2063 1320 carne
2081 1264 2420 1319 divinitatem
2446 1264 2793 1334 potissimum
2827 1265 3032 1320 mundo
3065 1257 3396 1334 comproba-

1812 1356 1946 1410 bant
1971 1363 2026 1410 et
2049 1354 2472 1410 conﬁrmabant.
2501 1355 2639 1410 Cum
2686 1355 2831 1411 enim
2875 1357 3018 1412 idem
3057 1341 3398 1414 Deus‘simul

1811 1455 1869 1502 et
1894 1447 2060 1500 homo
2091 1445 2364 1515 perfectus
2401 1456 2576 1513 esset,
2609 1448 2748 1504 duas
2792 1460 3018 1504 naturas
3067 1465 3198 1506 suas
3236 1451 3398 1508 nobis

1812 1537 2106 1608 patefecit:
2135 1537 2477 1594 divinitatem
2525 1540 2745 1610 quidem
2781 1555 2879 1611 per
2923 1541 3191 1600 miracula
3227 1543 3399 1599 trien-

1813 1629 1909 1682 nio
1932 1629 2036 1684 isto
2059 1638 2182 1700 post
2210 1631 2540 1700 baptismum
2574 1640 2822 1700 patrata:
2849 1633 3246 1689 humanitatem
3267 1649 3398 1690 vero

111 1743 272 1790 νοις,
307 1727 417 1788 τοῖς
452 1724 559 1796 πρὸ
589 1722 681 1776 τοῦ
713 1721 1121 1794 βαπτίσματος,
1155 1722 1213 1774 ἐν
1239 1715 1339 1784 οἷς,
1367 1719 1456 1773 διὰ
1496 1719 1556 1772 τὸ
1593 1720 1707 1773 ἀτε-

1815 1736 1972 1776 suam
2021 1722 2244 1793 triginta
2290 1722 2400 1778 illis
2429 1725 2607 1791 {annis
2651 1724 2984 1796 baptismum
3021 1727 3397 1797 antegressis,

110 1815 215 1880 λὲς
251 1815 314 1869 τὸ
345 1813 486 1868 κατὰ
518 1814 719 1885 σάρκα,
759 1812 1039 1884 ἁπέκρυὸε
1078 1811 1146 1865 τὰ
1173 1811 1374 1880 σημεῖα
1405 1809 1504 1880 τῆς
1543 1807 1706 1862 αὐτοῦ

1815 1813 2017 1883 quibus
2045 1815 2229 1870 carnis
2256 1814 2440 1870 vilitas
2469 1816 2684 1886 tegebat
2717 1827 2772 1871 et
2805 1817 3170 1872 abscondebat
3193 1817 3398 1873 divini-

111 1909 400 1974 θεόττητος,
429 1907 634 1979 καίπερ
666 1907 797 1971 Θεὸς
837 1905 1043 1978 ἀληθὴς
1078 1902 1402 1977 προαιώνιος
1424 1902 1704 1974 ὑπάρχων.

1812 1905 1939 1960 tatis
1966 1905 2144 1977 signa,
2167 1906 2388 1962 tametsi
2417 1905 2560 1962 Deus
2579 1923 2744 1964 verus
2759 1918 2905 1964 esset
2925 1918 2981 1965 et
3009 1909 3396 1980 sempiternus.

197 2108 316 2165 Hoc
335 2107 702 2179 fragmentum
723 2103 1032 2161 Halloixius
1058 2118 1166 2158 non
1193 2101 1380 2168 habet,
1403 2099 1636 2156 inseruit
1661 2108 1841 2157 tamen
1865 2101 2010 2157 istud
2033 2099 2285 2158 Historiae
2306 2119 2419 2160 suae
2441 2103 2719 2161 litterariae
2746 2105 2997 2163 Caveus:
3046 2105 3248 2164 Notent
3280 2108 3399 2166 hzec

129 2205 247 2260 sibi
279 2201 626 2274 Eutychiani,
660 2200 1019 2272 subjungens,
1050 2198 1285 2253 duarum
1322 2196 1378 2250 in
1411 2194 1632 2250 Christo
1661 2204 1986 2250 naturarum
2014 2205 2456 2266 oppugnatores;
2493 2204 2684 2254 notent
2708 2199 2931 2268 Ariani,
2963 2208 3018 2256 et
3046 2202 3164 2272 qui,
3211 2199 3400 2259 Socini

128 2303 208 2356 de
239 2314 423 2369 grege,
456 2296 750 2354 Dominum
786 2303 1035 2351 nostrum
1077 2291 1250 2347 Deum
1284 2305 1476 2346 verum
1511 2297 1566 2344 et
1607 2289 2004 2360 sempiternum
2049 2305 2176 2346 esse
2205 2289 2491 2360 praefracte
2519 2305 2720 2360 negare
2747 2307 2859 2348 non
2900 2304 3179 2352 verentur.
3210 2295 3402 2352 Mirari

120 2397 306 2466 igitur
335 2391 468 2448 satis
499 2407 609 2446 non
636 2389 838 2461 poterit
861 2385 1158 2443 benevolus
1188 2385 1382 2449 lector,
1413 2381 1508 2452 qui
1537 2381 1864 2439 Whistonus
1884 2381 2019 2454 (15),
2043 2397 2143 2453 pro
2171 2383 2389 2438 Arianae
2430 2399 2496 2438 ex
2523 2399 2658 2442 orco
2692 2395 2961 2443 revocata:
3003 2388 3278 2447 haereseos
3303 2405 3403 2462 pa-

127 2485 401 2552 trocinio,
424 2483 619 2540 crebro
644 2481 713 2537 ad
743 2481 891 2536 hunc
919 2479 1108 2534 locum
1137 2489 1437 2546 provocare
1471 2471 1732 2544 potuerit.
1769 2471 1863 2528 Sic
1882 2489 1936 2526 v.
1967 2488 2016 2528 c.
2045 2475 2277 2544 probare
2311 2475 2417 2529 hoc
2446 2474 2720 2532 Melitonis
2753 2478 3065 2535 testimonio
3091 2485 3395 2552 contendit,

116 2582 331 2637 Filium
375 2594 485 2634 non
527 2577 766 2633 essentia
786 2617 802 2642 ,
836 2575 932 2630 sed
967 2573 1249 2629 voluntate
1280 2569 1474 2626 saltem
1510 2568 1605 2623 Dei
1632 2567 1812 2624 Patris
1846 2568 2082 2624 similem
2103 2584 2225 2625 esse
2253 2567 2432 2637 Patri;
2464 2586 2586 2627 esse
2609 2572 2845 2641 primam
2887 2583 3196 2631 creaturam
3229 2592 3262 2633 a
3290 2577 3404 2636 Deo

118 2671 298 2727 Patre
330 2680 456 2725 ante
477 2670 625 2740 jacta
667 2667 859 2723 mundi
892 2664 1250 2720 fundamenta
1280 2663 1638 2734 productam;
1671 2675 1794 2716 esse
1832 2668 2063 2730 natura,
2106 2662 2383 2718 attributis
2425 2671 2480 2718 et
2519 2663 2950 2734 perfectionibus
2977 2667 3139 2740 longe
3173 2669 3376 2729 inferio

125 2782 281 2832 rem,
319 2775 379 2820 ut
415 2765 520 2820 alia
549 2761 822 2834 ejusmodi
849 2758 1167 2829 blasphema
1201 2756 1420 2812 silentio
1451 2764 1792 2826 praeteream.
1814 2751 1977 2809 Forte
2004 2769 2114 2810 non
2135 2754 2401 2823 deerunt,
2439 2759 2535 2829 qui
2571 2757 2817 2814 Melitoni
2845 2776 2876 2815 a
2906 2761 3201 2818 recentiori
3235 2778 3406 2820 manu

122 2857 566 2928 haecsupposita
595 2855 787 2922 fuisse,
811 2855 898 2909 vel
926 2857 1245 2928 conjicient,
1271 2855 1356 2911 vel
1383 2854 1757 2923 alﬁrmabunt,
1788 2864 1850 2910 ut
1890 2854 2086 2911 fecisse
2112 2857 2278 2911 etiam
2305 2857 2658 2928 deprehendo
2696 2856 2891 2914 Gallici
2921 2859 3209 2930 cujusdam
3237 2860 3403 2916 diarii

124 2951 340 3006 eruditi
372 2958 653 3005 auctorem
684 2947 817 3019 (16).
847 2947 954 3003 Sed
987 2948 1123 3004 istos
1147 2947 1425 3018 ablegatos
1455 2947 1622 3018 cupio
1645 2948 1713 3002 ad
1741 2947 1960 3002 beatum
1995 2946 2412 3005 Weismannum
2439 2951 2570 3023 (17),
2597 2952 2692 3021 qui
2713 2953 3004 3008 occasione
3036 2952 3202 3023 hujus
3223 2953 3404 3024 ipsius

126 3043 451 3114 fragmenti,
479 3041 536 3096 in
570 3041 893 3096 temerarios
921 3041 1194 3112 ejusmodi
1225 3042 1468 3107 eriticos,
1506 3041 1880 3112 temporisque
1903 3043 2078 3098 nostri
2102 3042 2483 3115 Anaxagoras,
2514 3047 2752 3116 graviter
2777 3047 3074 3112 invehitur,
3104 3047 3401 3118 locumque
3453 3027 3455 3030 ί

121 3138 282 3192 hunc
330 3134 603 3190 Melitonis
650 3143 842 3189 contra
897 3134 1221 3188 eorumdem
1270 3133 1625 3202 exceptiones
1651 3133 1914 3188 vindicat.
1961 3131 2042 3188 Ad
2074 3133 2430 3191 Whistonum
2458 3138 2639 3194 adhuc
2669 3138 2838 3194 semel
2865 3140 3052 3207 redeo,
3097 3155 3408 3212 moneoque

122 3246 258 3285 cum
283 3228 483 3284 exinde
512 3241 730 3299 quoque
758 3225 990 3296 probare
1023 3226 1384 3290 allaborasse,
1426 3225 1729 3296 longiorem
1773 3222 2140 3292 Epistolarum
2192 3225 2605 3295 lgnatianarunt
2633 3227 2931 3284 editionem
2958 3243 3082 3300 esse
3110 3231 3408 3303 genuinam

124 3324 481 3394 breviorique
509 3320 921 3377 anteferendam
949 3317 1087 3391 (18),
1115 3334 1281 3390 quam
1307 3317 1620 3389 opinionem
1644 3315 1907 3372 facillime
1941 3317 2045 3386 ipsi
2066 3319 2386 3387 permittere
2409 3333 2730 3390 possumus.

1125 3457 1263 3514 Vlll.
1299 3457 1524 3530 Fragm.
1549 3472 1614 3512 ea:
1653 3464 1798 3511 orat.
1832 3455 1896 3510 de
1930 3456 2179 3525 passione
2212 3456 2450 3513 Domini.

204 3575 371 3632 Aliud
409 3575 685 3632 Melitonis
714 3573 1101 3648 fragmentum,
1136 3575 1394 3647 exiguum
1418 3573 1567 3640 licet,
1609 3572 1846 3628 servavit
1888 3573 2032 3629 idem
2071 3573 2238 3628 modo
2269 3571 2470 3631 citatus
2512 3573 2861 3643 Anastasius,
2889 3575 3039 3632 dicto
3083 3575 3249 3645 libro,
3279 3591 3408 3650 cap.

387 3710 401 3724 .
429 3666 558 3723 216.

387 3710 401 3724 .
471 3667 558 3721 16.

131 3670 238 3738 ιε,
272 3685 379 3740 1³³8
429 3667 466 3723 ἳ
691 3759 1032 3824 Μελίτωνος
1060 3757 1396 3814 ἐπισκόπου
1430 3754 1724 3825 Σάρδεων,
1757 3754 1827 3810 ἐκ
1855 3753 1964 3811 τοῦ
2005 3755 2213 3826 λόγου,
2255 3755 2363 3810 τοῦ
2402 3755 2493 3822 εἰς
2532 3755 2599 3810 τὸ
2642 3755 2851 3825 πάθος.

217 3879 283 3934 Ὀ
316 3877 448 3942 Θεὸς
482 3874 749 3930 πέπονθεν
780 3874 885 3927 ὑπὸ
922 3870 1104 3938 δεξιᾶς
1125 3871 1530 3944 ’1σραηλίτιδος.

1906 3869 2051 3926 Deus
2071 3885 2268 3941 passus
2296 3877 2382 3926 est
2402 3885 2434 3924 a
2457 3870 2647 3926 dextra
2673 3869 2988 3930 Israelitica.

208 3995 399 4050 Monet
424 3987 750 4048 Anastasius
784 3989 1205 4045 Theodosianos
1246 3997 1302 4043 et
1347 3987 1653 4053 Gaianitas,
1679 3993 1740 4040 ut
1768 3983 2019 4054 probent,
2047 3983 2229 4054 ipsum
2262 3983 2427 4040 etiam
2458 3983 2628 4039 Deum
2653 3983 2890 4041 Verbum
2915 3986 3034 4060 (καὶ
3064 3989 3155 4044 τὸν
3187 3991 3246 4046 ἐν
3266 3991 3418 4066 αὐτῷ

131 4088 276 4141 Θεὸν
289 4082 481 4155 Λόγον)
495 4097 622 4138 cum
641 4095 806 4136 carne
828 4095 927 4136 sua
949 4078 1379 4150 passionifuisse
1395 4078 1717 4143 obnoxium,
1745 4075 1938 4131 afferre
1967 4076 2140 4130 solere
2171 4075 2286 4132 haec
2308 4077 2585 4134 Melitonis
2613 4080 2798 4145 verba,
2822 4081 3024 4152 quibus
3049 4092 3252 4154 tamen,
3275 4097 3337 4144 ut
3359 4089 3417 4144 in

133 4177 438 4252 propatulo
485 4183 591 4241 est,
640 4175 752 4230 vim
801 4174 1135 4238 intulerunt;
1184 4181 1370 4228 noster
1413 4172 1576 4227 etiam
1625 4183 1911 4239 nunquam
1942 4166 2011 4222 de
2062 4167 2166 4222 hoc
2191 4183 2380 4223 errore
2415 4168 2520 4226 fuit
2552 4181 2862 4243 suspectus.
2907 4173 3028 4232 Non
3054 4178 3281 4236 memini
3311 4182 3418 4240 hoc

136 4275 518 4343 fragmentum
548 4266 646 4323 ulli
674 4264 846 4322 fuisse
863 4265 1245 4321 observatum.

1253 4403 1346 4456 IX.
1390 4402 1614 4474 Fragm.
1654 4418 1721 4458 ex
1756 4401 1938 4459 Fabro
1976 4404 2301 4474 Stapulensi.

217 4553 388 4607 Miror
429 4558 612 4605 tamen
659 4548 802 4602 inter
845 4545 1152 4616 fragmenta
1189 4540 1540 4598 Melitoniana
1584 4543 2008 4598 commemorari
2039 4559 2067 4598 a
2110 4542 2173 4599 B.
2215 4542 2396 4614 lttigio
2427 4541 2682 4613 aliquod,
2709 4541 2858 4614 quod
2887 4557 2955 4598 ex
2997 4540 3204 4599 Jacobo
3242 4543 3421 4602 Fabro

141 4642 488 4715 Stapulensi,
520 4639 775 4710 produxit
801 4635 1285 4715 Colomesius,-qui
1317 4634 1390 4689 ita
1418 4634 1680 4704 prmfatur
1703 4653 1718 4689 :
1743 4633 1842 4690 Vir
1861 4637 2127 4707 optimus,
2154 4651 2218 4692 ac
2241 4653 2340 4707 pro
2368 4647 2610 4706 tempore
2639 4651 2750 4706 quo
2772 4635 2909 4691 vixit
2937 4637 3086 4691 varia
3111 4637 3423 4694 eruditione

139 4736 426 4802 excultus,
457 4733 701 4789 Jacobus
746 4730 921 4785 Faber
953 4729 1330 4800 Stapulensis,
1366 4729 1422 4783 in
1453 4729 1594 4783 libro
1621 4728 1690 4784 de
1723 4745 1833 4785 una
1872 4746 1937 4785 ex
1969 4731 2148 4787 tribus
2199 4730 2390 4798 Maria,
2432 4731 2716 4800 sequentia
2755 4729 2921 4784 refert
2963 4745 3031 4785 ex
3067 4727 3324 4786 Melitone
3353 4732 3424 4788 de

140 4827 362 4884 Joanne
402 4825 652 4897 apostolo
679 4843 692 4879 :
721 4843 740 4876 ‹
766 4825 904 4880 Cum
935 4831 1084 4878 esset
1113 4837 1384 4881 annorum
1432 4822 1732 4893 nonaginta
1752 4864 1768 4889 ,
1813 4824 2065 4894 apparuit
2098 4825 2149 4880 ei
2182 4823 2447 4880 Dominus
2491 4822 2654 4879 Jesus
2683 4822 2938 4879 Christus
2966 4838 3092 4879 cum
3139 4824 3424 4894 discipulis

140 4925 294 4991 suis,
319 4931 374 4977 et
400 4921 537 4978 dixit
571 4921 656 4977 ei:
683 4919 818 4976 Veni
843 4920 909 4974 ad
939 4935 1047 4986 me,
1078 4919 1206 4989 quia
1237 4930 1454 4988 tempus
1474 4925 1579 4985 est,
1607 4928 1667 4973 ut
1693 4919 1936 4989 epuleris
1967 4920 2021 4974 in
2055 4921 2309 4975 convivio
2341 4934 2464 4974 meo
2487 4934 2614 4974 cum
2639 4916 2903 4973 fratribus
2933 4919 3098 4973 tuis.»
3130 4916 3425 4988 Desumpta

144 5019 274 5074 haec
307 5030 429 5072 esse
458 5015 770 5086 suspicatur
791 5013 1138 5070 Colomesius
1175 5029 1243 5070 ex
1279 5015 1399 5084 ejus
1438 5014 1580 5069 libro
1610 5013 1678 5068 de
1705 5014 2033 5086 Apocalypsi
2073 5013 2322 5082 Joannis,
2347 5016 2441 5080 sed
2471 5014 2677 5069 erravit
2710 5013 2956 5068 eruditus
2979 5013 3084 5078 vir,
3114 5021 3170 5068 et
3197 5029 3322 5069 cum
3359 5028 3426 5068 eo

143 5114 351 5168 beatus
375 5111 609 5183 lttigius.
638 5109 765 5166 Haec
787 5110 932 5165 enim
962 5125 1192 5180 prorsus
1225 5125 1334 5164 non
1367 5119 1498 5165 sunt
1525 5109 1799 5166 Melitonis
1831 5109 2109 5176 Sardiani,
2135 5111 2229 5167 sed
2256 5111 2572 5177 Laodiceni,
2593 5111 2688 5180 qui
2719 5109 2788 5165 de
2817 5108 3076 5178 passione
3108 5105 3166 5162 S.
3196 5105 3425 5162 Joannis

145 5207 518 5279 Evangelista:
544 5207 766 5278 scripsit
799 5205 1062 5272 libellum,
1089 5215 1213 5276 post
1238 5206 1378 5262 alios
1412 5222 1444 5260 a
1472 5205 1829 5261 celeberrimo
1869 5204 1922 5262 Ι.
1945 5207 2011 5260 A.
2043 5206 2296 5262 Fabricio
2335 5221 2578 5277 quoque,
2608 5208 2663 5259 in
2689 5204 2884 5259 Codice
2911 5203 3211 5273 apocrypha
3245 5199 3319 5253 N.
3352 5199 3422 5255 Τ.

146 5313 293 5360 tom.
321 5303 413 5372 ll'l,
443 5304 678 5370 editum,
710 5302 802 5358 ubi
829 5318 954 5373 pag.
999 5301 1126 5370 620,
1160 5302 1348 5358 eadem
1381 5301 1499 5357 haec
1523 5301 1689 5356 verba
1716 5303 1820 5376 legi
1849 5311 2127 5373 poterunt.

229 5461 345 5534 (15)
379 5461 704 5534 Whistonus
730 5477 782 5534 ρ.
813 5460 868 5534 ⁸Ι1
882 5469 1030 5534 tom.
1065 5457 1134 5513 Ill
1179 5458 1433 5515 Primwvi
1477 5461 1743 5518 Christia-
1849 5459 2518 5534 ubiAnastasii'Odmjoi}
2540 5458 3063 5534 editioGretseriana
3089 5464 3426 5534 recensetur.

150 5527 341 5604 nisini,
372 5548 497 5604 pag.
530 5531 621 5604 6'4,
657 5531 943 5604 125,285,
975 5540 1080 5586 etc.
1138 5601 1147 5604 _
1202 5600 1213 5604 Α
1252 5601 1262 5604 _
1414 5601 1423 5604 _
1494 5602 1517 5604 η
1921 5533 2030 5604 (17)
2064 5527 2760 5604 Weismanniintroductio
2789 5527 3242 5604 in__memorabilia
3263 5529 3431 5580 eccle-

230 5599 638 5675 (16)7—N6ttvelle
685 5600 1324 5675 Bibliotliéqueuchoisie,
1371 5601 1592 5675 ait_l‘o_n
1643 5604 1744 5672 fait
1847 5599 2238 5675 siasticaiﬂist.
2275 5601 2358 5675 δη
2392 5600 2602 5675 tom._l,
2629 5618 2751 5671 pag.
2780 5599 2904 5675 115.
2941 5669 2981 5675 _
3024 5671 3035 5675 _
3097 5669 3106 5675 _
3233 5661 3255 5675 Δ,

157 5665 443 5746 εοήηαῖετς
481 5673 555 5727 les
586 5675 712 5746 bons
755 5673 909 5726 livres
934 5665 1193 5746 eh‘diuers
1223 5665 1403 5746 genus
1427 5672 1498 5746 d_e_
1535 5665 1748 5746 litléra-
1923 5675 2034 5746 (18)
2069 5674 2124 5726 ln
2159 5673 2242 5746 his
2277 5665 2790 5742 Dissertation'upon
2821 5670 2907 5725 the
2934 5669 3162 5742 Epistles
3187 5667 3251 5742 of
3265 5665 3432 5739 Igna-

158 5756 304 5817 ωτι,
331 5755 380 5800 et
409 5743 606 5815 l‘usage
628 5744 783 5817 qu’on
816 5759 878 5798 en
921 5743 1032 5797 doit
1068 5740 1237 5812 faire.’
1259 5742 1416 5798 Tom.
1455 5741 1520 5812 ll,
1563 5759 1616 5814 p.
1652 5745 1742 5814 '54,
1853 5740 1978 5813 tius,
2005 5740 2126 5815 pag.
2161 5740 2229 5798 65
2251 5751 2403 5816 seq.’
