3872 6210
238 310 384 366 1225
1638 320 1757 375 Πὶέ

1862 319 2059 376 ΙΕΝΤΑ
2072 361 2084 373 .
3363 332 3502 389 1926

234 427 369 481 Item
407 447 422 483 :
469 425 582 484 Via:
629 428 875 499 Domini,
913 439 1178 503 praecepta
1230 433 1371 504 ejus.
1424 433 1482 489 In
1530 433 1668 491 Osee
1709 437 1753 468 ‘7
1790 456 1803 490 :
1851 457 1868 486 ι
1902 437 2173 503 Quoniam
2215 444 2374 492 recta:
2418 437 2517 493 vise
2565 428 2919 507 Domini,'et
2956 432 3092 510 justi
3141 443 3500 501 ambulabunt

233 534 294 574 ιη
332 529 434 575 ei‘s.
474 540 494 573 ι

316 613 556 689 Vestigia
584 617 831 688 Domini,
862 637 1089 692 operum
1121 631 1455 679 secretorum
1498 623 1674 694 signa.
1711 623 1780 679 Ut
1809 624 1862 678 in
1897 626 2110 695 psalmo
2134 626 2178 657 ⁸⁸
2201 645 2212 680 :
2238 645 2256 677 ς
2288 624 2354 680 Et
2385 627 2611 699 vestigia
2645 635 2737 682 tua
2771 642 2878 682 non
2915 638 3336 699 cognoscentur.
3367 649 3388 683 ι

301 708 551 782 Cognitio
584 714 821 784 Domini,
855 718 1002 788 quod
1035 729 1430 791 cognoscentes
1456 718 1641 775 faciat.
1678 718 1761 774 Ad
1793 719 2074 775 Abraham
2103 721 2148 753 ‘9
2177 740 2190 776 :
2223 719 2419 793 «Nunc
2441 723 2696 793 c0gnovi,
2729 723 2874 793 quod
2907 724 3103 780 timeas
3125 723 3440 794 Dominum,
3469 747 3489 780 ι

225 803 338 859 hoc
363 815 448 862 est
468 823 800 881 cognoscere
831 820 883 868 te
911 811 1036 868 feci.

299 895 522 955 Nescire
543 902 663 970 Dei,
693 905 986 975 reprobare
1015 915 1117 961 est.
1155 905 1212 960 In
1249 905 1546 978 Evangelio
1573 907 1652 960 "z
1684 926 1702 958 ‹
1725 904 1926 962 Nescio
1949 921 2067 964 ves.
2092 927 2110 959 ι

299 990 615 1050 Recordatio
648 997 888 1064 Domini,
934 1001 1311 1058 misericordia
1343 1001 1486 1071 ejus,
1520 1017 1618 1070 per
1645 1017 1809 1070 quam
1847 1003 2059 1071 respuit
2078 1010 2133 1058 et
2156 1002 2449 1058 miseretur
2478 1004 2566 1060 cui
2595 1004 2730 1058 vult.
2779 1002 2872 1059 Sic
2907 1005 2959 1060 in
2987 1003 3186 1064 Genesi
3212 1001 3259 1036 "
3284 1019 3302 1059 :
3330 1020 3355 1056 ι
3383 1002 3491 1059 Rc—

217 1086 485 1143 cordatus
518 1100 601 1146 est
624 1089 890 1149 Dominus
912 1093 1057 1160 Noe;
1088 1113 1106 1145 ι
1135 1102 1190 1149 et
1219 1094 1382 1150 alibi:
1413 1113 1432 1146 ς
1457 1094 1797 1152 Recordatus
1823 1104 1908 1150 est
1932 1093 2196 1150 Dominus
2230 1096 2412 1166 populi
2442 1096 2528 1151 sui
2561 1096 2626 1149 δ’.
2655 1115 2673 1147 ι

292 1182 616 1239 Ρωηὶεεητὶα
664 1186 900 1256 Domini,
933 1204 1117 1245 rerum
1162 1189 1414 1245 mutatio.
1449 1189 1603 1246 Sicut
1634 1190 1686 1244 in
1728 1189 1892 1246 Libro
1935 1188 2144 1260 Regum
2170 1191 2216 1222 ⁸⁸
2249 1209 2304 1243 ε(
2338 1189 2568 1246 Pmnitet
2611 1206 2696 1246 me
2734 1191 2881 1261 quod
2923 1190 3304 1246 constituerim
3351 1186 3484 1242 Saul

213 1290 429 1345 regem.
463 1295 484 1329 ι

294 1369 393 1425 Ira
423 1383 478 1428 et
531 1374 683 1444 furor
715 1376 946 1441 Domini,
980 1377 1116 1433 ultio
1157 1375 1466 1432 Divinitatis
1504 1376 1559 1430 in
1589 1384 1908 1446 peccatores
1944 1373 2242 1429 secundum
2272 1372 2566 1427 vindictam
2612 1372 2898 1442 patientis‘,
2929 1380 2984 1428 et
3030 1387 3140 1428 non
3179 1370 3481 1428 secundum

207 1465 533 1534 aequitatem
561 1467 880 1537 judicantis.
911 1468 980 1524 Ut
1018 1469 1074 1524 in
1111 1468 1324 1539 psalmo
1353 1469 1439 1524 διε
1469 1488 1488 1520 ι
1521 1467 1578 1522 In
1616 1469 1697 1523 ira
1723 1482 1822 1522 sua
1861 1474 1915 1521 et
1945 1467 2001 1520 in
2034 1465 2219 1520 furore
2255 1480 2356 1520 suo
2380 1465 2729 1520 conturbabit
2753 1479 2870 1520 eos.
2895 1481 2915 1514 ι

286 1557 536 1614 Dormire
564 1559 800 1628 Domini,
831 1563 959 1618 dum
991 1564 1044 1618 in
1073 1563 1438 1633 quorumdam
1469 1563 1754 1617 hominum
1780 1560 2042 1617 cordibus
2063 1559 2199 1614 ﬁdes
2224 1557 2344 1626 ejus
2373 1557 2599 1612 minime
2633 1557 2838 1628 vigilat.
2870 1555 2931 1610 In
2959 1555 3172 1627 psalmo
3204 1555 3292 1612 ⁸⁵;
3321 1575 3341 1608 ‹
3371 1555 3480 1610 Ex-

206 1666 403 1721 surge,
437 1667 606 1722 quare
635 1653 939 1719 obdormis,
974 1654 1281 1710 Domine?»

297 1741 508 1812 Vigilia:
539 1742 782 1810 Domini,
808 1745 863 1800 in
891 1745 1187 1801 electorum
1214 1763 1442 1802 suorum
1468 1746 1716 1803 custodia
1753 1759 1850 1816 per
1883 1743 2230 1814 praesentiam
2267 1741 2574 1799 Divinitatis
2617 1757 2832 1814 semper
2858 1743 3032 1799 adest.
3063 1742 3124 1798 In
3152 1743 3363 1815 psalmo
3384 1745 3470 1798 “z

206 1851 231 1885 ι
264 1833 407 1890 Ecce
445 1852 552 1891 non
583 1837 902 1894 dormitabit
929 1856 1104 1910 neque
1139 1841 1465 1896 obdormiet.
1492 1860 1510 1893 ι

281 1933 481 1988 Sedere
507 1932 745 1999 Domini,
771 1950 1023 2008 regnare.
1061 1935 1120 1991 In
1161 1937 1372 2006 psalmo
1395 1939 1470 1991 l’7:
1495 1957 1515 1990 ι
1545 1935 1811 1992 Dominus
1843 1936 1997 1990 sedet
2027 1947 2192 2003 super
2222 1933 2405 1990 sedem
2438 1940 2682 1987 sanctam
2719 1945 2895 1986 suam.
2919 1949 2939 1981 ι

279 2027 584 2084 Scabellum
634 2029 866 2097 Domini,
899 2031 1066 2086 homo
1111 2042 1429 2102 assumptus
1462 2049 1494 2087 a
1526 2032 1715 2097 verbo,
1745 2031 1832 2086 vel
1874 2029 2049 2085 sancti
2092 2027 2232 2098 ejus,
2262 2043 2293 2082 a
2325 2026 2654 2097 quibusdam
2696 2035 2980 2098 putantur.
3031 2022 3090 2079 In
3131 2024 3343 2095 psalmo
3371 2024 3417 2056 ⁸⁸
3451 2041 3470 2082 :

205 2141 228 2173 ι
258 2119 499 2174 Adorate
526 2121 822 2176 scabellum
847 2122 1045 2190 pedum
1069 2123 1210 2192 ejus,
1244 2125 1506 2197 quoniam
1535 2131 1788 2179 sanctum
1814 2131 1918 2177 est.
1946 2140 1965 2174 ι

275 2213 588 2267 Ambulatio
636 2212 1068 2292 Dei,_delectatio
1094 2214 1405 2270 Divinitatis
1445 2213 1501 2268 in
1545 2213 1806 2285 operibus
1845 2211 2145 2268 electorum
2172 2225 2422 2268 suorum.
2450 2209 2509 2264 ln
2536 2208 2802 2281 propheta
2825 2210 2870 2242 ⁸³
2898 2229 2910 2263 :
2943 2227 2960 2261 ι
2991 2207 3058 2265 Ει
3089 2209 3383 2266 ambulabo
3412 2210 3470 2265 in

267 2307 342 2369 is,
367 2316 422 2360 et
445 2321 540 2360 ero
568 2305 785 2361 illorum
812 2305 1103 2362 Dominus.
1132 2325 1151 2358 ι

279 2402 434 2457 Tuba
471 2402 590 2467 Dei,
623 2419 729 2458 vox
764 2403 1076 2460 manifesta.
1124 2402 1183 2459 ln
1221 2403 1485 2474 Apostolo
1512 2404 1559 2444 ⁸ο
1591 2421 1607 2459 :
1641 2423 1659 2456 ι
1682 2402 1741 2460 In
1780 2403 1962 2475 jussu,
1988 2412 2043 2460 et
2071 2404 2126 2459 in
2155 2418 2290 2459 voce
2333 2400 2675 2474 archangeli,
2703 2407 2758 2455 et
2792 2395 2847 2449 in
2876 2392 3008 2449 tuba
3038 2391 3136 2448 Dei
3173 2392 3468 2449 descendet

195 2493 272 2550 de
301 2495 465 2551 cmlo.
504 2514 523 2545 ι

274 2580 439 2637 Forte
475 2582 564 2637 hic
587 2590 672 2638 est
703 2585 818 2653 ipse
841 2584 932 2640 ille
955 2582 1227 2640 Melitonis
1253 2585 1491 2640 maxime
1514 2584 1744 2640 celebris

1862 2600 1906 2640 ξι·
1933 2585 2073 2655 Περὶ
2104 2586 2253 2641 Θεοῦ
2275 2584 2648 2654 ἑνσωμάτου,
2679 2595 2844 2652 quam
2879 2587 3062 2633 tamen
3089 2576 3464 2647 conjecturam

195 2671 316 2726 alio
347 2672 551 2742 scripto
593 2673 811 2742 alioque
853 2683 1100 2745 tempore
1143 2674 1397 2731 diducam
1446 2677 1700 2743 uberius,
1735 2685 1898 2746 atque
1926 2692 1996 2732 ex
2030 2678 2149 2748 ipso
2183 2678 2348 2732 etiam
2397 2677 2518 2732 loco
2557 2671 2913 2735 Theodoreti,
2944 2671 3041 2742 qui
3070 2678 3374 2739 tantopere,
3404 2677 3466 2724 ut

196 2761 448 2818 vidimus
484 2778 672 2832 supra,
701 2765 982 2834 premebat
1008 2763 1281 2821 Melitonis
1318 2763 1728 2832 orthodoxiam,
1756 2765 1900 2821 idem
1941 2767 2270 2820 confirmare
2307 2762 2646 2818 allaborabo.

227 2955 3445 2982 ΨΜ

1408 3126 2236 3218 FRAGMENTUM

955 3317 1049 3378 Ex
1076 3315 1390 3396 Apologia
1428 3314 1757 3377 Melitonis
1794 3316 1874 3378 ad
1927 3313 2324 3378 Antoninum
2358 3315 2690 3378 Caesarem.

277 3489 505 3557 (Syr-iace
532 3488 586 3535 et
607 3483 813 3546 Anglice
839 3495 1000 3544 nuper
1021 3481 1177 3557 edidit
1205 3482 1271 3557 p’
1286 3480 1505 3557 Cureton
1522 3481 1574 3557 in
1589 3479 1826 3557 libroleui
1839 3476 2396 3557 titulusgpieilegiam
2422 3481 2701 3557 Syriacum,
2722 3481 2947 3543 Londini,
2975 3483 3114 3544 1855,
3138 3498 3190 3550 p.
3213 3485 3378 3536 41-56.

1079 3543 1184 3593 Hoc
1203 3542 1533 3605 fragmentum
1550 3543 1632 3592 hic
1651 3542 1948 3592 exhibemus
1979 3543 2223 3592 latinitate
2240 3542 2489 3592 donatum".
2509 3544 2528 3605 )

201 3719 373 3774 Verba
426 3715 694 3770 Melitonis
745 3711 1042 3784 philosophi
1080 3726 1197 3782 qua:
1233 3710 1379 3779 facta
1417 3719 1542 3763 sunt
1583 3725 1772 3764 coram!
1794 3716 1841 3773 Α
1869 3718 2078 3780 quanto
2099 3711 2276 3781 major
2311 3711 2524 3768 insania
2542 3713 2859 3768 multorum.
2879 3712 2956 3768 Ea
2972 3729 3102 3770 vero
3124 3715 3350 3772 stultitia
3369 3726 3455 3777 est

260 3811 531 3864 Antonino
562 3806 792 3863 Casare.
829 3804 900 3858 Et
940 3804 1204 3858 Cwsarem
1229 3801 1493 3856 allocutus
1522 3811 1598 3856 est
1629 3811 1688 3854 ut
1716 3802 1765 3855 ei
1867 3819 2031 3874 quam
2057 3804 2180 3860 dico
2204 3813 2263 3858 ut
2285 3805 2448 3860 homo
2475 3821 2504 3859 a
2527 3805 2754 3860 veritate
2775 3806 2995 3861 recedat
3015 3817 3068 3862 et
3087 3807 3218 3862 illud
3241 3809 3450 3878 ample-

257 3902 430 3957 Deum
459 3913 641 3954 notum
663 3901 876 3970 faceret,
901 3909 950 3954 et
974 3901 1022 3954 ei
1049 3899 1305 3954 indicavit
1333 3899 1471 3952 viam
1498 3899 1760 3964 veritatis,
1866 3904 2046 3951 ctatur
2087 3897 2234 3966 quod
2274 3913 2400 3952 vere
2450 3912 2559 3952 non
2603 3907 2707 3953 est.
2743 3897 2803 3952 Id
2846 3907 3026 3954 autem
3064 3910 3148 3956 cst
3193 3903 3336 3972 quod
3368 3913 3452 3959 est

254 4002 310 4048 et
348 3992 427 4046 sic
452 3991 662 4044 locutus
693 3999 791 4044 est.

256 4081 447 4138 Melito
475 4082 614 4138 dixit
645 4099 659 4136 :
699 4080 926 4138 DilIicile
972 4089 1057 4137 est
1101 4081 1154 4135 in
1179 4081 1322 4134 viam
1351 4079 1598 4135 veritatis
1635 4094 1761 4134 eum

185 4175 450 4230 inducere
499 4175 594 4245 qui
629 4189 661 4228 a
698 4174 862 4244 longo
889 4182 1132 4242 tempore
1169 4171 1224 4226 in
1265 4186 1455 4226 errore
1484 4179 1758 4236 versatur;

184 4268 294 4323 boc
331 4274 511 4322 tamen
560 4266 680 4320 ﬁeri
731 4273 909 4334 potest
943 4283 956 4319 :
991 4263 1269 4320 hominem
1328 4263 1474 4317 enim
1517 4277 1761 4322 errorem

181 4360 470 4431 paululum
527 4368 913 4429 agnoscentem
969 4357 1232 4413 continuo
1285 4355 1434 4411 subit
1491 4355 1759 4410 memoria

179 4451 453 4506 veritatis.
479 4451 953 4517 Quemadmodum
991 4449 1252 4518 dissipata
1284 4447 1518 4518 caligine
1539 4462 1762 4502 serena-

176 4556 274 4602 tur
312 4545 536 4611 caelum,
561 4544 638 4598 ita
675 4544 858 4608 homo,
893 4558 1018 4598 cum
1059 4541 1400 4596 convertitur
1437 4539 1504 4594 ad
1546 4538 1717 4592 Deum
1743 4577 1758 4602 ,

177 4641 419 4698 solvitur
446 4655 476 4693 a
501 4638 642 4694 facie
669 4637 789 4708 ejus
827 4636 1026 4693 nebula
1055 4635 1262 4691 erroris
1287 4635 1390 4689 sub
1413 4647 1523 4702 qua
1561 4631 1762 4686 latebat

176 4749 398 4790 verum.
436 4731 628 4788 Morbo
659 4729 804 4784 enim
840 4729 926 4786 vel
953 4728 1205 4783 amentiae
1231 4724 1429 4782 similis
1467 4734 1550 4780 est
1583 4739 1758 4789 error,

177 4841 388 4896 aegrum
420 4825 502 4880 vel
538 4830 810 4878 amentem
856 4821 925 4876 ad
963 4830 1178 4890 tempus
1227 4817 1524 4884 detinenti,
1557 4816 1759 4871 veritas

180 4929 369 4973 autem
429 4918 659 4972 verbum
711 4915 933 4970 adhibet
988 4914 1130 4969 sicut
1167 4912 1366 4967 clavim
1408 4908 1512 4982 [ad
1558 4924 1760 4965 sanan-

179 5013 315 5067 dum
340 5010 481 5082 eos].
503 5008 844 5064 Dormientes
871 5022 932 5061 ex
972 5004 1287 5078 pergefacit,
1319 5012 1372 5059 et
1393 5000 1756 5074 expergefacti

177 5107 237 5161 in
264 5105 384 5174 ipsa
411 5101 614 5168 vident,
647 5101 979 5170 intelligunt,
999 5107 1054 5155 et
1083 5098 1333 5162 audiunt,
1368 5105 1421 5152 et
1442 5097 1760 5151 discernunt

174 5199 233 5253 id
267 5197 417 5266 quod
439 5204 524 5252 est
553 5195 622 5250 ab
644 5208 711 5249 eo
742 5193 891 5264 quod
940 5207 1052 5246 non
1080 5200 1183 5246 est.
1223 5189 1457 5257 Quidam
1491 5189 1637 5243 enim
1679 5188 1762 5241 in-

170 5289 448 5362 justitiam
465 5286 736 5357 justitiam
759 5293 957 5340 vocant
991 5293 1045 5338 et
1063 5282 1290 5352 justitise
1315 5281 1441 5352 jura
1465 5280 1616 5335 salva
1641 5293 1762 5333 esse

173 5390 377 5456 putant
402 5381 449 5435 si
473 5395 599 5435 cum
623 5378 810 5433 multis
834 5383 1036 5433 errent.
1063 5373 1214 5443 Quos
1241 5374 1320 5429 sic
1342 5381 1636 5429 excusatos
1657 5370 1761 5424 ha-

174 5477 306 5532 bere
328 5489 434 5530 non
463 5486 711 5542 possum.
733 5469 790 5524 Si
808 5469 955 5523 enim
979 5466 1144 5522 unius
1169 5478 1368 5536 magna
1385 5473 1468 5518 est
1497 5462 1749 5527 stultitia,

1865 4002 2014 4052 vere,
2049 3997 2104 4042 et
2127 3988 2442 4043 nominatur
2471 3987 2635 4055 Deus,
2665 3998 2844 4048 etest.
2879 3987 3076 4047 Omnia
3110 3993 3312 4048 virtute
3328 3994 3450 4064 ejus

1866 4082 2174 4147 exsistunt;
2202 4081 2318 4151 ipse
2348 4097 2630 4150 nunquam
2663 4080 2843 4138 factus
2878 4092 2962 4137 est
2992 4099 3092 4138 nec
3115 4085 3329 4139 initium
3357 4085 3441 4140 ba-

1864 4173 2006 4238 buit,
2033 4174 2127 4230 sed
2154 4182 2238 4230 est
2257 4174 2339 4228 ab.
2362 4183 2567 4228 aeterno
2594 4182 2648 4228 et
2677 4189 2850 4244 usque
2884 4174 2940 4228 in
2973 4175 3171 4230 saecula
3197 4194 3212 4241 ;
3245 4175 3446 4231 immu-

1863 4267 2048 4322 tabilis
2073 4275 2258 4322 manet
2283 4266 2413 4322 dum
2451 4277 2648 4322 cuncta
2672 4275 2990 4322 mutantur:
3021 4281 3122 4322 nec
3158 4268 3330 4323 oculis
3363 4268 3444 4322 vi-

1864 4357 2003 4421 deri,
2038 4373 2137 4411 nec
2168 4345 2500 4427 cogitatione
2554 4357 2975 4427 comprehendi,
3028 4373 3131 4412 nec
3159 4359 3324 4414 verbo
3346 4375 3444 4414 ex-

1862 4450 2026 4518 primi
2051 4457 2251 4519 potest.
2286 4450 2370 4504 Ab
2403 4449 2471 4504 iis
2500 4449 2596 4519 qui
2641 4460 2984 4520 cognoscunt
3026 4462 3079 4504 et
3099 4460 3285 4506 amant
3313 4467 3442 4507 enm

1864 4551 2095 4597 vocatur
2139 4542 2299 4598 Pater
2337 4551 2391 4597 et
2439 4541 2584 4596 Deus
2615 4559 2798 4596 verus.
2844 4541 2902 4596 Si
2937 4542 3064 4611 quis
3096 4556 3228 4612 ergo
3255 4559 3282 4596 a
3317 4544 3443 4598 luce

1863 4629 2122 4684 recedens
2167 4629 2311 4683 dicat
2338 4643 2458 4684 esse
2490 4626 2659 4681 Deum
2699 4627 2871 4682 alium
2897 4667 2912 4692 ,
2939 4628 3313 4698 quodcunque
3355 4629 3442 4683 in-

1863 4721 2087 4790 telligat,
2123 4720 2486 4775 substantiam
2528 4729 2770 4773 creatam
2799 4729 2958 4774 vocat
2999 4717 3190 4773 Deum.
3224 4719 3279 4774 Si
3312 4720 3440 4790 quis

1812 4801 1842 4825 ⁵
1862 4816 2005 4868 enim
2040 4814 2217 4883 ignem
2254 4821 2347 4866 aut
2376 4827 2576 4882 aquam
2598 4821 2758 4866 vocat
2782 4811 3106 4877 Deum,non
3147 4819 3232 4866 est
3270 4811 3437 4878 Deus,

1863 4904 1992 4976 quia
2036 4903 2177 4973 ignis
2205 4912 2289 4958 est
2319 4911 2414 4956 aut
2445 4918 2622 4970 aqua;
2652 4911 2707 4957 et
2743 4903 2787 4957 si
2827 4911 3025 4957 terram
3074 4911 3169 4958 aut
3197 4903 3436 4969 coelum,

1864 4998 2033 5051 solem
2079 5005 2173 5050 aut
2201 4995 2389 5049 lunam
2427 5003 2522 5048 aut
2546 4995 2848 5063 quamlibet
2879 5009 2948 5049 ex
2977 4994 3066 5049 his
3102 4995 3294 5058 stellis,
3313 5012 3438 5065 qua:

1863 5086 1981 5142 sine
2019 5085 2430 5140 intermissione
2458 5084 2837 5153 praescriptum
2871 5098 3094 5138 cursum
3142 5084 3438 5139 absolvunt

1859 5194 1962 5234 nec
1995 5180 2214 5249 propria
2239 5177 2524 5232 voluntate
2554 5185 2878 5242 moventur;
2903 5186 2958 5232 et
3002 5176 3049 5231 si
3081 5176 3208 5246 quis
3237 5191 3434 5231 aurum

1857 5279 1912 5326 et
1931 5277 2216 5341 argentum
2242 5268 2376 5323 deos
2405 5275 2585 5334 vocat,
2619 5282 2730 5321 non
2761 5275 2891 5320 sunt
2949 5265 3049 5332 dii,
3085 5267 3432 5336 quandoqui—

1857 5364 1980 5419 dem
2008 5364 2090 5418 eis
2116 5362 2324 5417 utimur
2346 5362 2411 5416 ad
2429 5361 2642 5416 libitum
2661 5368 2942 5425 nostrum;
2962 5368 3016 5414 et
3037 5359 3082 5414 si
3107 5360 3314 5431 lignum
3329 5362 3436 5416 hoc

1858 5456 2006 5525 quod
2054 5454 2421 5518 comburitur,
2476 5453 2524 5508 si
2557 5451 2766 5522 lapides
2812 5451 2902 5508 isti
2945 5451 3041 5510 aui
3079 5450 3432 5522 franguntur,

247 5633 292 5664 "
324 5647 374 5687 c.
412 5647 522 5694 xiv,
551 5645 603 5682 v.
639 5629 719 5684 l0.
795 5627 839 5660 ⁸⁸
861 5626 1004 5681 Psal.
1033 5622 1352 5694 Lxxvuﬁo.
1424 5618 1628 5694 “ﬁen.
1652 5635 1752 5694 _xx1

1862 5617 1965 5694 2.“
1985 5617 2032 5648 ⁸⁰
2223 5629 2344 5694 xm,
2372 5615 2444 5669 25
2516 5617 2583 5694 _"
2613 5629 2896 5694 c_._v_jn,_v.
2943 5614 2994 5667 1.
3069 5613 3115 5694 ξξ
3150 5611 3345 5694 Esther
3373 5627 3433 5694 ξ,

183 5703 267 5757 12.
344 5703 435 5755 ⁵³1
467 5693 597 5769 Reg.
626 5715 714 5762 xv,
745 5698 828 5752 ll.
906 5698 954 5729 ⁵³
987 5695 1132 5769 Psa_l.
1190 5693 1247 5769 ᾖ,
1277 5695 1316 5769 ΔΞ)

178 5755 302 5846 clx,’
372 5777 420 5833 ι.
492 5755 764 5824 ⁵⁹Ἒῑθόη
798 5782 1008 5833 xxxvu,
1033 5766 1122 5819 27.
1199 5755 1289 5817 ’σι
1319 5764 1516 5817 Thess.
1545 5775 1622 5829 tv,
1646 5755 1731 5814 15.

479 5869 751 5929 Puncta
814 5867 934 5929 Gn.
972 5866 1045 5926 ν.

1467 5691 1514 5724 ⁸⁸
1542 5689 1708 5760 ΡδξλιεΔ
1727 5686 1991 5760 ιιιυ,2’5.

2078 5687 2124 5717 ⁸⁸
2145 5684 2290 5740 Psal.
2323 5701 2448 5752 cxx,
2505 5686 2557 5739 4.
2634 5687 2678 5718 ⁵⁷
2708 5683 2853 5739 Psal.
2881 5700 3032 5745 xui,
3077 5683 3130 5738 9.
3206 5683 3252 5752 ’β
3281 5681 3432 5738 Psal.

3115 5849 3193 5907 39
