3872 6210
386 308 520 365 1927

1453 298 1510 352 S.
1548 295 1804 351 MELITO
1841 291 2146 349 SARDIUM
2183 287 2577 346 EPISCOPUS.

3497 279 3640 334 1328

384 421 663 492 quomodo
693 421 805 473 hac
831 419 904 474 dii
927 418 1112 473 haberi
1140 427 1382 489 possent,
1426 416 1866 488 quandoquidem
1897 413 1961 469 ad
1993 418 2038 474 Α
2066 414 2197 484 quia
2227 411 2516 468 adiﬁcavi‘t
2543 422 2724 463 arcem
2750 405 3111 466 Athenarum,
3133 410 3189 456 et
3211 399 3336 456 fecit
3358 399 3432 455 ibi
3453 415 3644 470 regem

387 529 523 568 usus
553 520 772 568 nostros
815 511 1162 565 adhibentur.
1192 509 1366 575 Quam
1408 509 1645 579 graviter
1673 525 1803 579 ergo
1838 507 1956 562 cul-

384 605 552 676 pandi
604 612 732 660 sunt
774 603 850 656 illi
887 602 982 672 qui
1017 601 1111 656 Dei
1136 602 1321 672 magni
1356 602 1479 656 loco
1505 616 1600 656 eas
1629 617 1718 656 res
1750 606 1964 670 ponunt

386 711 527 766 quas
556 695 792 751 creavit!
829 694 941 764 Ego
973 709 1104 749 vero
1147 695 1272 748 dico
1301 712 1312 746 :
1345 691 1577 759 Quando
1611 693 1820 747 homini
1853 706 1960 745 non

387 799 473 845 est
505 788 803 843 revelatum
821 831 836 852 ,
860 803 959 843 nec
992 788 1108 858 ipse
1131 787 1486 857 deprehendit
1513 795 1795 840 creaturas
1826 785 1964 839 istas

389 873 624 930 Domino
651 875 952 944 subjacere,
989 873 1172 930 forsan
1196 875 1352 945 culpa
1383 884 1551 941 caret,
1591 875 1796 930 nemini
1817 875 1962 929 enim

389 966 788 1036 vituperandus
820 981 996 1022 cacus
1027 967 1174 1037 quod
1204 967 1450 1022 titubans
1511 967 1750 1033 incedit;
1779 966 1854 1021 ita
1874 967 1966 1022 ho-

391 1058 568 1113 mines
605 1074 728 1112 cum
754 1068 1065 1128 quarerent
1096 1057 1266 1112 Deum
1292 1058 1638 1112 olfenderunt
1668 1058 1720 1111 in
1758 1057 1965 1127 lapides

389 1160 445 1205 et
486 1151 693 1221 lignum
723 1169 736 1216 ;
790 1158 844 1204 et
871 1151 964 1220 qui
998 1151 1140 1205 inter
1180 1168 1277 1206 eos
1315 1151 1520 1206 divitiis
1549 1150 1844 1219 pollebant,
1877 1148 1965 1203 of-

389 1235 755 1292 fenderuntin
781 1254 976 1293 aurum
1002 1250 1054 1293 et
1087 1252 1407 1311 argentum;
1441 1250 1494 1294 et
1533 1241 1613 1294 sic
1641 1240 1787 1310 quod
1820 1255 1968 1309 qua-

389 1327 584 1382 rebant
606 1342 713 1382 non
742 1329 1089 1384 invenerunt.
1117 1329 1277 1386 Nunc
1307 1345 1439 1386 vero
1469 1346 1594 1385 cum
1621 1346 1724 1384 vox
1759 1331 1814 1384 in
1839 1330 1967 1409 uni-

389 1435 547 1475 versa
583 1430 724 1476 terra
771 1425 1168 1478 etrcumsonuit
1201 1439 1322 1478 esse
1351 1422 1519 1478 Deum
1553 1440 1769 1491 verum,
1795 1433 1851 1480 et
1872 1423 1968 1478 da-

389 1525 480 1570 tus
503 1526 587 1570 est
615 1516 764 1570 omni
793 1516 1003 1571 homini
1031 1519 1227 1573 oculus
1262 1529 1321 1573 ut
1360 1518 1587 1582 videret,
1617 1518 1654 1572 ii
1703 1534 1810 1572 non
1851 1533 1969 1572 am—

388 1605 536 1675 plius
586 1616 716 1661 sunt
772 1610 1072 1664 excusandi
1107 1612 1222 1680 qui,
1276 1612 1421 1682 quod
1464 1612 1620 1667 multi
1662 1628 1788 1668 cum
1834 1613 1969 1684 ipsis

390 1707 598 1764 errant,
630 1699 773 1753 viam
822 1711 1026 1756 rectam
1061 1703 1268 1774 ingredi
1299 1745 1313 1767 ,
1341 1705 1444 1760 etsi
1479 1705 1742 1773 volentes,
1773 1705 1969 1762 erube-

390 1799 573 1844 scunt.
629 1789 972 1862 Quapropter
1029 1796 1319 1850 consilium
1379 1797 1576 1853 damus
1617 1800 1699 1853 eis
1748 1808 1808 1854 ut
1842 1812 1970 1868 ape-
2003 1778 2044 1833 Β

391 1879 536 1934 riant
584 1881 773 1936 oculos
824 1899 956 1939 suos
993 1894 1048 1939 et
1073 1885 1324 1953 videant;
1354 1903 1482 1943 ecce
1521 1889 1667 1944 enim
1701 1890 1820 1945 luce
1851 1905 1973 1960 qua

391 1985 503 2025 non
557 1970 696 2027 fallit
749 1974 1270 2033 illuminati'sumus
1305 1989 1362 2033 ut
1390 1996 1486 2050 per
1511 1997 1630 2036 eam
1662 1982 1967 2039 videamus.

392 2060 452 2116 Si
483 2077 613 2118 vero
647 2075 773 2134 post
822 2076 1000 2122 ortam
1049 2070 1228 2125 lucem
1282 2072 1489 2128 claudit
1552 2075 1720 2129 homo
1780 2076 1971 2132 oculos

391 2168 525 2209 suos
555 2170 622 2210 ne
647 2157 848 2222 videat,
893 2159 958 2213 ad
1007 2159 1211 2216 fossam
1262 2164 1436 2235 pergit
1471 2165 1722 2234 quamvis
1768 2176 1970 2221 rectam

391 2247 536 2300 viam
585 2265 843 2320 sequens.
889 2253 1072 2320 Quare
1101 2257 1246 2310 enim
1292 2258 1457 2313 homo
1489 2260 1543 2313 in
1579 2260 1658 2315 eis
1698 2261 1973 2316 erubescit

393 2345 487 2414 qui
523 2355 708 2400 errant
765 2361 888 2401 cum
934 2349 1036 2402 eo?
1069 2347 1258 2405 Potius
1297 2365 1392 2406 eos
1425 2352 1647 2407 inducat
1686 2363 1742 2409 ut
1791 2354 1972 2423 ipsum

393 2445 717 2506 sequantur,
755 2448 809 2493 et
860 2441 904 2494 si
939 2457 1047 2496 non
1089 2444 1443 2513 acquiescant
1469 2485 1484 2509 ,
1514 2445 1703 2500 liberet
1729 2447 1972 2501 animam

391 2548 549 2588 suam
582 2548 612 2588 e
641 2532 820 2587 medio
851 2548 1061 2587 eorum.
1090 2533 1314 2590 Terreni
1347 2537 1597 2593 homines
1618 2538 1748 2593 deos
1770 2554 1800 2593 e
1827 2548 1972 2594 terra

391 2635 567 2680 matre
613 2639 714 2680 sua
767 2623 1111 2679 constituunt
1155 2625 1402 2693 sibi;rei
1446 2629 1807 2699 suntjudicio
1840 2631 1971 2685 dum

392 2716 733 2770 immutabile
766 2731 963 2770 nomen
1018 2717 1182 2772 rebus
1238 2719 1593 2775 mutabilibus
1648 2719 1969 2790 imponunt,

392 2816 447 2861 et
475 2822 583 2862 non
631 2806 966 2861 erubescunt
1025 2818 1088 2861 ut
1130 2808 1264 2863 deos
1295 2811 1551 2879 tigtnenta
1593 2811 1774 2866 colere
1805 2827 1971 2866 manu

392 2899 636 2954 hominis
667 2897 914 2969 factauiet
951 2899 1491 2972 audent‘imaginem
1540 2902 1831 2958 ell‘ormare
1861 2901 1972 2960 Deo

393 3007 557 3063 quem
595 3008 705 3048 non
733 2993 1010 3048 viderunt.

2065 508 2434 577 Archetypum
2464 503 2634 558 filium
2668 515 2852 564 suum,
2887 512 3051 568 quem
3090 495 3356 550 habuerat
3379 509 3445 548 ex
3483 492 3637 547 adul-

2066 601 2206 656 terio
2235 614 2360 654 cum
2398 596 2691 667 Hephasto
2739 593 2920 658 fabro,
2962 589 3075 644 tilio
3102 585 3292 642 uxoris
3324 585 3498 655 patris
3529 583 3642 640 sui.

2066 692 2129 746 Et
2166 691 2315 747 omni
2348 698 2591 758 tempore
2613 685 2932 742 societatem
2966 679 3203 737 habebat
3228 695 3353 735 cum
3387 676 3644 740 Hercule,

2066 785 2197 855 quia
2251 781 2421 838 frater
2443 781 2562 851 ejus
2592 787 2710 834 erat
2742 792 2809 834 ex
2836 785 2990 848 patre
3023 789 3146 829 suo.
3179 771 3321 827 Zeus
3347 769 3494 824 enim
3547 783 3649 822 rex

2067 877 2271 932 amavit
2322 875 2682 929 Alcumenam
2720 885 2949 926 uxorem
2995 866 3310 922 Alcumenis
3345 879 3414 920 ex
3459 865 3647 933 Argo,

2067 979 2122 1023 et
2157 967 2345 1038 genuit
2378 964 2692 1021 Herculem.
2721 962 3105 1017 Adoraverunt
3135 958 3426 1014 Phanices
3461 954 3652 1011 Vene-

2068 1076 2208 1125 rem,
2240 1059 2485 1130 reginam
2516 1056 2720 1128 Cypri',
2749 1055 2879 1125 quia
2910 1054 3114 1108 amavit
3145 1051 3444 1107 Adonidem
3467 1049 3651 1104 filium

2068 1151 2311 1223 Cytheri,
2343 1151 2488 1222 regis
2524 1149 2884 1213 Phoenicum;
2921 1162 3067 1217 qua,
3105 1147 3293 1200 relicto
3315 1159 3482 1215 regno
3503 1158 3610 1199 suo
3635 1183 3654 1207 ,

2045 1242 2335 1296 habitavit
2388 1239 2650 1296 Gabalam
2708 1252 2896 1293 arcem
2965 1233 3324 1300 Phanicum,
3369 1243 3424 1289 et
3480 1232 3658 1288 simul

2071 1333 2303 1403 subjecit
2343 1333 2527 1387 omnia
2586 1331 2784 1402 oppida
2839 1345 2939 1386 sua
2995 1329 3236 1400 Cythero
3309 1329 3442 1398 regi.
3505 1327 3660 1381 Ante

2070 1424 2373 1480 Adonidem
2407 1439 2540 1480 vero
2583 1424 2790 1478 amavit
2824 1421 3011 1487 Arem,
3059 1429 3111 1476 et
3146 1419 3501 1490 deprehendit
3523 1434 3657 1474 eam

2072 1516 2396 1589 Hephastus
2445 1517 2678 1573 maritus
2734 1516 2891 1584 ejus.
2931 1523 2986 1569 et
3028 1513 3231 1570 occidit
3258 1511 3556 1567 Adonidem
3595 1511 3659 1564 in

2072 1618 2260 1666 monte
2319 1608 2550 1674 Libano,
2606 1607 2864 1680 Cyniram
2925 1621 3055 1662 vero
3102 1605 3263 1661 vertit
3315 1605 3369 1658 in
3428 1618 3660 1674 aprum.

2074 1701 2272 1758 Postea
2319 1702 2523 1756 mansit
2569 1699 2756 1758 Venus
2810 1701 2866 1755 in
2897 1696 3099 1755 Gabala
3144 1708 3200 1754 et
3230 1707 3443 1753 mortua
3467 1705 3554 1753 est
3597 1697 3661 1750 in

2073 1795 2295 1849 civitate
2327 1794 2571 1865 Aphaca,
2605 1794 2696 1848 ubi
2729 1794 2975 1863 sepultus
2996 1801 3081 1848 est
3103 1791 3334 1847 Adonis.
3370 1789 3659 1845 Adorave-

2072 1893 2201 1939 runt
2246 1884 2495 1939 Elamita
2543 1882 2678 1950 Noe,
2731 1883 2897 1938 tiliam
2947 1883 3092 1954 regis
3123 1881 3318 1949 Elam;
3359 1895 3483 1950 qua
3519 1893 3657 1934 cum

2073 1977 2286 2048 captiva
2332 1978 2401 2032 ab
2431 1977 2680 2032 hostibus
2705 1976 2868 2031 ducta
2897 1984 3065 2040 esset,
3101 1973 3234 2029 fecit
3259 1974 3311 2028 ei
3354 1981 3508 2042 pater
3531 1971 3661 2026 ido-

2074 2069 2187 2124 lum
2220 2079 2274 2125 et
2305 2070 2569 2140 templum
2602 2068 2783 2135 Susis,
2814 2071 2870 2123 in
2902 2084 3028 2124 arce
3063 2083 3188 2138 qua
3223 2075 3307 2123 est
3336 2067 3390 2121 in
3418 2066 3655 2135 regione

2073 2161 2246 2215 Elam.
2273 2161 2654 2217 Adoraverunt
2681 2160 2800 2233 Syri
2827 2161 2912 2216 Ati
2944 2161 3332 2223 Adiabensem,
3357 2174 3478 2229 qua
3499 2159 3664 2213 misit

2077 2254 2244 2308 tiliam
2278 2254 2433 2308 Balat
2481 2255 2774 2322 medicam,
2812 2264 2865 2309 et
2894 2254 3010 2309 hac
3042 2253 3257 2308 sanavit
3305 2251 3451 2306 Sime
3480 2251 3658 2306 tiliam

2075 2345 2281 2403 Hadadi
2314 2347 2460 2419 regis
2507 2347 2711 2419 Syria;
2744 2358 2798 2404 et
2823 2358 2946 2418 post
2986 2347 3248 2417 temporis
3283 2344 3657 2409 intervallum.

2073 2457 2197 2496 cum
2225 2442 2374 2511 lepra
2405 2449 2691 2512 correptus
2726 2441 2921 2496 fuisset
2962 2439 3170 2505 Hadad,
3195 2440 3407 2511 rogavit
3429 2437 3517 2491 Ati
3539 2435 3661 2490 Eli-

2074 2549 2230 2590 seum
2262 2532 2552 2589 Hebraum
2580 2534 2673 2604 qui
2694 2533 2844 2588 venit
2879 2543 2932 2588 et
2965 2533 3180 2588 sanavit
3203 2546 3349 2587 eum.
3373 2530 3659 2584 Adorave-

2073 2637 2203 2680 runt
2227 2625 2391 2680 etiam
2424 2635 2612 2697 gentes
2638 2625 3046 2698 Mesopotamia:
3068 2625 3332 2680 Cutebam
3369 2621 3657 2676 Hebraam

2075 2734 2197 2788 qua
2227 2718 2477 2774 liberavit
2502 2717 2677 2774 Bacru
2709 2734 2892 2789 regem
2921 2717 3144 2774 Edessa
3169 2715 3492 2772 deinlmicis
3509 2713 3656 2769 suis.

2073 2806 2150 2863 De
2175 2806 2326 2863 Nebo
2349 2824 2477 2864 vero
2499 2808 2595 2878 qui
2618 2817 2702 2864 est
2725 2810 2779 2863 in
2812 2810 3033 2864 civitate
3063 2807 3279 2880 Mabug,
3301 2805 3435 2877 quid
3467 2804 3660 2859 dicam

2074 2900 2254 2967 vobis,
2288 2899 2732 2970 quandoquidem
2770 2915 2964 2955 omnes
3015 2900 3326 2954 sacerdotes
3357 2897 3660 2968 Mabugen-

2076 3007 2160 3048 scs
2196 2999 2396 3046 norunt
2442 3006 2569 3046 eum
2615 3006 2739 3046 esse
2785 2991 2990 3046 idolum
3051 2988 3254 3060 Orphei
3287 2989 3432 3060 magi
3476 2986 3663 3042 Thra-

464 3084 578 3156 Ego
603 3100 730 3140 vero
754 3100 946 3140 rursus
967 3085 1148 3140 dicere
1178 3101 1285 3140 non
1311 3101 1503 3140 vereor
1526 3087 1672 3156 quod
1695 3087 1809 3156 jam
1834 3088 1968 3178 dixi,
1999 3118 2042 3175 C
2077 3085 2193 3150 cis;
2227 3093 2281 3139 et
2318 3082 2539 3139 Hedron
2569 3084 2775 3140 idolum
2805 3094 2890 3139 est
2914 3082 3224 3138 Zoroastris
3244 3083 3389 3153 magi
3413 3080 3660 3147 Persici;

395 3175 463 3229 ab
507 3165 612 3231 eis
644 3174 910 3246 imagines
971 3190 1158 3247 regum
1216 3184 1562 3232 mortuorum
1621 3178 1858 3233 adorari.
1907 3165 1974 3232 Et

393 3265 573 3334 reipsa
621 3273 812 3319 nostro
859 3265 1038 3319 adhuc
1080 3273 1324 3334 tempore
1378 3266 1646 3338 imagines
1697 3265 1972 3323 Casarum

394 3357 712 3421 adorantur,
732 3364 784 3410 et
815 3357 986 3426 magis
1002 3356 1257 3411 coluntur
1279 3373 1444 3426 quam
1465 3368 1674 3413 veteres
1691 3358 1766 3413 dii
1790 3361 1970 3430 patrii.

396 3446 622 3502 Tributa
665 3448 828 3502 etiam
873 3457 927 3502 et
956 3463 1154 3503 census
1189 3447 1395 3505 Caesari
1436 3450 1747 3518 solvuntur,
1775 3452 1975 3522 quippe

395 3540 489 3611 qui
532 3539 709 3609 major
734 3547 818 3594 est
865 3540 972 3596 diis
1003 3541 1144 3606 illis;
1178 3542 1385 3597 idcirco
1416 3545 1621 3613 pariter
1653 3554 1831 3600 morte
1856 3547 1974 3616 ple-~

397 3638 619 3685 ctuntur
663 3630 756 3700 qui
789 3640 1054 3700 spernunt
1082 3632 1214 3687 deos
1247 3641 1300 3687 et
1330 3616 1832 3690 decretiE‘Casaris
1863 3651 1970 3690 non

397 3723 681 3778 obediunt.
711 3723 861 3778 Alias
879 3724 1042 3778 etiam
1066 3725 1256 3780 eodem
1275 3725 1494 3781 decreto
1517 3736 1781 3783 statutum
1812 3737 1974 3785 estet

397 3832 558 3886 quem
584 3830 812 3870 censum
853 3817 1243 3888 gazophylacio
1275 3819 1418 3888 regis
1457 3821 1691 3890 pendant
1721 3820 1975 3876 adorato-

395 3924 521 3972 res,
565 3909 776 3978 etquid
811 3908 1058 3964 redditus
1087 3909 1318 3964 afferant
1345 3913 1488 3966 sacci
1527 3913 1669 3982 pleni
1713 3929 1855 3984 aqua
1905 3929 1970 3969 ex

396 3999 559 4054 mari.
591 3997 706 4054 Hoc
747 4008 927 4054 autem
968 3999 1204 4056 maxime
1253 4001 1549 4057 dolendum
1591 4005 1734 4074 quod
1766 4005 1843 4059 illi
1879 4006 1972 4076 qui

397 4092 586 4146 colunt
619 4101 672 4145 et
694 4099 950 4146 verentur
985 4107 1048 4147 ea
1078 4107 1200 4162 qua
1245 4093 1498 4150 sensibus
1538 4110 1648 4148 non
1679 4095 1975 4164 capiuntur

398 4183 476 4254 (et
508 4184 564 4237 hi
594 4183 817 4236 maximi
849 4183 990 4238 inter
1021 4184 1297 4253 sapientes
1332 4186 1504 4252 sunt),
1525 4187 1640 4242 sive
1667 4187 1826 4253 lucri,
1859 4187 1975 4243 sive

396 4291 553 4331 vana
591 4275 796 4345 gloria,
848 4276 961 4329 sive
990 4277 1245 4346 potentia
1282 4292 1486 4342 amore,
1516 4278 1585 4332 ab
1608 4278 1800 4334 iisdem
1840 4280 1973 4335 ado-

399 4367 589 4422 randis
626 4366 1003 4436 pusillanimes
1027 4367 1412 4422 dehortantur.
1455 4366 1568 4438 Ego
1589 4383 1719 4423 vero
1758 4378 1820 4423 ut
1843 4385 1973 4424 sen-

402 4457 478 4512 tio
504 4457 680 4513 dicam
710 4466 766 4512 et
794 4458 1094 4528 propalabo
1115 4460 1394 4528 quomodo
1431 4469 1484 4514 et
1526 4461 1728 4530 quibus
1753 4463 1819 4517 de
1845 4478 1975 4517 cau-

399 4552 475 4606 sis
505 4560 698 4606 erecta
729 4553 839 4606 sint
887 4552 1152 4623 imagines
1205 4553 1425 4624 regibus
1461 4569 1525 4608 ac
1565 4556 1810 4625 tyrannis
1836 4565 1890 4610 et
1916 4565 1976 4610 ut

396 4634 684 4700 dii‘habiti
718 4647 844 4701 sint.
874 4645 1090 4702 Herculi
1119 4649 1571 4704 sacrificaverunt
1601 4650 1807 4721 Argivi,
1845 4651 1974 4721 quia

400 4737 635 4808 Argivus
658 4738 792 4808 ipse,
826 4738 972 4808 quod
1001 4749 1262 4808 pratcrca
1282 4756 1479 4812 magno
1505 4744 1754 4812 corporis
1779 4743 1976 4800 robore

400 4831 684 4898 praditus,
719 4830 974 4885 animalia
1018 4833 1210 4886 nociva
1250 4834 1450 4888 virtute
1479 4849 1576 4889 sua
1607 4835 1841 4902 occidit,
1880 4835 1976 4891 sed

400 4922 574 4975 multo
625 4922 797 4990 magis
855 4923 981 4992 quia
1019 4925 1286 5009 tittiebant
1323 4943 1486 4993 eum;
1527 4929 1800 4984 violentus
1828 4931 1995 4985 enim

397 5022 594 5067 eratet
640 5013 898 5068 mulieres
959 5004 1274 5085 magnatum
1314 5004 1591 5087 rapiebat;
1627 5021 1782 5075 valde
1828 5023 1974 5076 enim

397 5104 724 5159 libidinosus
740 5113 876 5172 erat,
895 5105 1035 5160 sicut
1049 5115 1101 5159 et
1120 5106 1356 5162 Zarach
1389 5108 1573 5178 Persa,
1595 5112 1807 5167 amicus
1826 5113 1967 5181 ejus.

399 5197 717 5276 Dionysium
765 5214 944 5270 regem
978 5199 1266 5255 coluerunt
1312 5201 1479 5279 Actai
1505 5203 1605 5275 (Ι),
1635 5205 1764 5274 quia
1799 5206 1852 5259 in
1885 5221 1978 5261 eo-

399 5305 521 5344 rum
556 5290 776 5361 regione
805 5292 966 5346 vitem
995 5292 1366 5362 plantaverat;
1399 5292 1640 5365 lEgyptii
1674 5294 1975 5366 Josephum

399 5380 707 5447 Hebraum,
751 5384 846 5454 qui
901 5394 955 5439 et
1008 5382 1260 5455 Serapis,
1300 5386 1430 5456 quia
1473 5389 1840 5457 suppeditavit
1868 5389 1977 5445 illis

399 5473 733 5531 frumentum
776 5476 830 5529 in
882 5479 1043 5533 annis
1074 5481 1348 5548 egestatis.
1393 5479 1779 5536 Adoraverunt
1808 5483 1979 5538 Athe-

401 5567 619 5624 nienses
651 5569 917 5624 Athenam
945 5571 1111 5627 filiam
1136 5571 1306 5641 Jovis,
1343 5574 1487 5645 regis
1528 5574 1723 5630 insula
1756 5573 1934 5632 Creta
1958 5615 1974 5645 ,

471 5762 546 5831 (1)
585 5719 964 5821 Athenienses.

227 6065 370 6177 [Α
425 6073 546 6178 ⁵⁵η

2076 3177 2170 3249 qui
2220 3178 2330 3232 duo
2377 3179 2523 3248 magi
2575 3177 2833 3247 spiritum
2869 3177 3146 3246 impurum
3195 3175 3524 3245 expulerunt
3557 3175 3663 3244 qui

2075 3270 2359 3341 planitiem
2393 3270 2775 3341 Mabugenscm
2811 3267 3145 3333 infestabat,
3179 3277 3234 3323 et
3262 3282 3457 3322 eorum
3491 3267 3661 3337 jussu

2077 3362 2227 3417 Sima
2254 3361 2362 3416 [ilia
2392 3359 2600 3416 Hadadi
2633 3376 2773 3430 aqua
2798 3375 2828 3415 e
2865 3361 3004 3415 mari
3034 3361 3228 3416 hausta
3278 3359 3422 3414 hanc
3472 3360 3662 3428 plani-

2078 3456 2205 3512 tiem
2247 3455 2490 3524 implevit
2521 3470 2589 3509 ne
2640 3454 2898 3523 deinceps
2928 3461 3250 3524 exsurgeret
3289 3453 3517 3523 spiritus
3559 3453 3665 3507 ille

2078 3563 2314 3617 nequam
2343 3549 2410 3601 ad
2438 3548 2635 3602 iterum
2661 3544 3029 3601 infestandam
3053 3546 3353 3616 regionem.
3387 3546 3478 3600 Sic
3508 3547 3661 3617 apud

2076 3640 2260 3695 varias
2296 3648 2485 3710 gentes
2533 3641 2754 3710 regibus
2784 3639 2853 3695 ab
2896 3639 3276 3694 adoratoribus
3303 3653 3497 3694 eorum
3544 3648 3665 3693 sta-

2077 3743 2184 3788 tua
2215 3734 2408 3803 posita
2457 3742 2614 3800 sunt;
2657 3733 2750 3788 sed
2781 3732 2846 3788 de
2878 3733 2965 3787 his
3005 3732 3242 3802 amplius
3282 3732 3526 3788 scribere
3562 3747 3666 3786 su-

2075 3825 2456 3897 persedemus.

2147 3919 2227 3975 Tu
2256 3934 2385 3975 vero
2423 3919 2517 3990 qui
2544 3927 2728 3974 mente
2766 3919 2938 3976 libera
2965 3918 3241 3989 gloriaris,
3264 3918 3311 3973 si
3333 3917 3447 3972 veri
3467 3918 3662 3989 cogni-

2077 4024 2164 4069 tor
2189 4013 2270 4068 vis
2295 4012 2527 4078 haberi,
2562 4013 2720 4067 stude
2751 4021 2811 4067 ut
2849 4011 2974 4067 talis
3023 4012 3100 4066 sis
3132 4012 3313 4077 intus;
3346 4011 3450 4066 etsi
3491 4026 3663 4066 orna-

2076 4116 2192 4159 tum
2222 4103 2542 4158 muliebrem
2571 4103 2839 4170 indueris,
2865 4104 3087 4158 memini
3114 4113 3164 4159 te
3193 4118 3315 4158 esse
3340 4103 3656 4170 hominem;

2080 4197 2239 4252 crede
2267 4197 2320 4250 in
2353 4211 2476 4250 eum
2509 4197 2604 4266 qui
2634 4211 2760 4250 vere
2789 4195 2937 4252 Deus
2971 4203 3056 4251 est
3084 4206 3138 4253 et
3163 4196 3230 4251 ad
3255 4211 3381 4250 eum
3404 4196 3663 4265 expande

2076 4298 2131 4345 et
2169 4288 2494 4345 commenda
2546 4289 2788 4343 animam
2846 4301 3036 4352 tuam;
3070 4297 3125 4344 et
3177 4289 3294 4360 ipse
3337 4296 3518 4359 potest
3557 4288 3658 4344 tibi

2077 4380 2210 4435 dare
2239 4380 2410 4435 vitam
2447 4387 2707 4434 aternam
2743 4395 2865 4449 qua
2913 4395 3022 4433 non
3057 4380 3219 4436 habet
3245 4379 3443 4448 finem;
3475 4381 3660 4434 omni-

2005 4472 2055 4532 D
2081 4481 2276 4541 potens
2298 4472 2442 4526 enim
2466 4481 2569 4526 est.
2593 4470 2821 4541 Reliqua
2849 4487 2975 4525 vero
2998 4472 3096 4526 tibi
3129 4482 3257 4526 sunt
3290 4487 3390 4542 pro
3419 4487 3485 4526 eo
3507 4473 3660 4543 quod

2081 4572 2209 4620 sunt
2240 4564 2559 4620 astimanda
2589 4583 2600 4616 :
2637 4565 2904 4635 imagines
2952 4575 3009 4620 ut
3042 4565 3343 4636 imagines,
3381 4566 3660 4636 sculptilia

2081 4667 2140 4712 ut
2169 4657 2476 4728 sculptilia;
2509 4667 2562 4712 et
2590 4673 2722 4713 cave
2751 4673 2819 4712 ne
2846 4667 3156 4714 creaturam
3193 4673 3366 4728 ponas
3403 4659 3526 4714 loco
3555 4659 3662 4715 Fa—

2081 4750 2268 4806 ctoris.
2309 4750 2453 4806 Deus
2480 4752 2627 4806 omni
2657 4761 2903 4821 tempore
2927 4753 3089 4820 vivit,
3123 4752 3455 4808 intellectum
3498 4763 3658 4808 tuum

2081 4842 2266 4913 implet
2287 4863 2299 4898 :
2320 4844 2626 4899 intellectus
2647 4846 2790 4899 enim
2811 4855 2936 4900 tuus
2961 4846 3251 4916 imaginem
3275 4862 3525 4916 persona
3537 4849 3661 4918 ejus

2079 4946 2465 5005 reprasentat;
2497 4937 2612 5006 ipse
2631 4938 2776 4993 enim
2797 4938 3086 4995 invisibilis
3110 4949 3214 5004 est,
3236 4941 3590 4996 immutabilis
3606 4951 3661 4996 et

2081 5027 2664 5098 incomprehensibilis,
2693 5039 2748 5084 et
2767 5031 2834 5086 ad
2864 5033 2982 5102 ejus
3005 5042 3197 5087 nutum
3222 5034 3404 5088 omnia
3424 5049 3656 5103 corpora

2083 5131 2392 5176 moventur.
2419 5119 2533 5177 Hoc
2557 5137 2687 5192 ergo
2717 5123 2862 5178 scias
2888 5141 2901 5176 :
2933 5123 2979 5178 si
3007 5139 3132 5178 eum
3167 5124 3260 5194 qui
3297 5124 3658 5180 immutabilis

2082 5226 2165 5271 est
2186 5216 2444 5283 colueris,
2474 5216 2617 5272 sicut
2641 5217 2761 5287 ipse
2782 5227 3019 5273 atomus
3040 5227 3142 5285 est,
3163 5219 3237 5274 ita
3260 5229 3316 5274 et
3337 5229 3416 5285 tu,
3445 5236 3569 5275 cum
3599 5221 3661 5274 il-

2082 5303 2172 5358 lud
2219 5305 2432 5360 visibile
2463 5314 2517 5359 et
2546 5304 2901 5375 corruptibile
2931 5306 3182 5371 exueris,
3212 5309 3262 5361 ei
3295 5307 3349 5361 in
3390 5317 3658 5378 aeternum

2083 5397 2288 5452 astabis
2316 5398 2505 5453 vivens
2535 5407 2590 5452 et
2611 5399 2793 5454 sciens
2817 5438 2832 5462 ,
2864 5407 2917 5452 et
2944 5413 3108 5468 opera
3141 5408 3231 5454 tua
3263 5408 3424 5454 erunt
3449 5400 3547 5455 tibi
3569 5400 3658 5454 di-

2083 5488 2230 5544 vitia
2259 5504 2382 5559 qua
2421 5504 2529 5542 non
2577 5498 2826 5560 pereunt.
2853 5488 3167 5546 Memineris
3209 5499 3394 5545 autem
3425 5506 3656 5561 operum

2084 5589 2306 5636 tuorum
2331 5579 2604 5635 bonorum
2636 5579 2853 5635 initium
2893 5594 3015 5636 esse
3040 5590 3092 5636 et
3118 5580 3540 5638 fundamentum
3562 5580 3661 5640 Dei
