3790 6212
163 279 314 337 1229

1553 301 2001 362 FRAGMENTA.

3281 315 3424 374 H30

157 395 544 499 «agnitionem
702 403 947 472 cultum;
986 422 1086 464 nec
1149 411 1303 468 illum
1335 429 1365 468 a
1413 422 1468 469 te
1503 431 1748 485 quaerere
1776 427 1821 482 Α
1851 418 1901 473 ls
1932 418 2078 474 enim
2110 420 2202 489 qui
2251 388 2410 490 longe
2447 410 2531 478 est
2575 438 2606 477 a
2663 424 2970 495 cognitione
3002 424 3097 481 Dei
3132 425 3258 493 vivi,
3307 431 3421 499 jam

159 490 472 560 quidquam
503 492 572 547 de
599 493 666 550 iis
693 510 815 564 qua:
842 515 949 554 non
977 514 1104 558 sunt
1140 508 1453 562 necessaria
1494 511 1735 578 cognitu.

157 578 314 646 Quid
359 592 444 637 est
472 580 660 639 Deus?
689 584 784 643 Ille
814 589 908 658 qui
944 594 1146 650 veritas
1171 606 1253 650 est
1279 607 1333 651 et
1364 598 1589 654 verbum
1619 601 1740 670 ejus

154 674 390 728 veritas.
417 673 558 740 Quid
585 691 711 732 vero
735 688 821 734 est
850 684 1086 740 veritas?
1109 687 1246 742 illud
1269 689 1412 758 quod
1436 689 1737 747 increatum

154 774 254 820 est
277 776 330 820 et
356 767 691 826 intellectum
723 783 980 842 superat;
1023 777 1152 834 illud
1179 780 1326 849 quod
1354 789 1438 837 est
1465 782 1584 838 sine
1633 785 1740 838 ini-

152 858 248 913 tio
299 866 354 914 et
409 862 613 917 veritas
674 867 1000 935 appellatur.
1028 869 1171 937 Ergo
1208 872 1257 927 si
1305 874 1472 928 homo
1522 889 1741 932 creatu-

152 962 286 1002 ram
335 950 559 1020 adorat,
587 955 872 1012 veritatem
912 975 1022 1014 non
1061 963 1258 1018 adorat
1295 979 1474 1036 neque
1511 967 1739 1024 verbum

155 1040 432 1097 veritatis.

237 1129 408 1186 Multo
441 1135 596 1203 plura
630 1137 699 1192 de
722 1138 826 1195 hac
858 1156 917 1196 re
949 1141 1204 1212 dicerem,
1242 1147 1336 1202 sed
1371 1148 1443 1202 .in
1478 1147 1586 1204 illis
1619 1165 1745 1204 eru—

151 1219 329 1277 besco
361 1225 455 1294 qui
489 1242 598 1282 non
627 1229 924 1302 intelligere
971 1246 1201 1303 possunt
1251 1239 1462 1308 seipsos
1508 1241 1742 1312 majores

151 1331 289 1371 esse
323 1318 578 1387 Operibus
612 1338 874 1380 manuum
922 1343 1144 1384 suarum
1169 1371 1185 1397 ,
1218 1341 1270 1387 et
1301 1334 1394 1402 qui
1431 1351 1538 1390 non
1567 1336 1744 1392 anim-

155 1409 456 1466 advertunt
488 1414 696 1484 seipsos
730 1418 861 1473 dare
901 1435 1096 1475 aurum
1132 1432 1185 1478 et
1217 1434 1498 1496 argentum
1553 1427 1742 1491 fabris,

157 1513 225 1555 u-t
256 1502 392 1573 ipsis
425 1505 584 1560 deum
639 1507 865 1577 faciant;
901 1521 955 1566 et
986 1529 1050 1566 ex
1089 1515 1209 1570 loco
1243 1516 1296 1570 in
1345 1517 1524 1572 locum
1561 1528 1742 1575 trans-

152 1591 352 1650 ferunt
382 1595 600 1652 divitias
633 1613 762 1656 suas
806 1612 860 1656 et
889 1619 984 1660 eas
1017 1605 1269 1662 adorant.
1305 1607 1445 1675 Quid
1488 1626 1616 1666 vero
1647 1611 1746 1666 fla-

147 1685 416 1756 gitiosius
449 1678 614 1758 quam
651 1700 711 1746 ut
743 1695 869 1762 quis
898 1697 1085 1751 adoret
1113 1699 1332 1756 divitias
1359 1718 1509 1769 suas,
1549 1703 1618 1758 ab
1650 1704 1742 1758 illo

1845 520 2095 565 mortuus
2129 520 2184 565 et
2225 512 2469 582 sepultus
2500 522 2601 569 est.
2649 514 2931 572 Daemones
2970 527 3023 572 et
3061 520 3284 576 umbras
3305 537 3426 591 pre-
3461 571 3463 573 .

1845 596 2000 651 cibus
2035 595 2236 652 frustra
2283 599 2660 668 prosequeris,
2707 601 2801 671 qui
2829 603 2962 657 nihil
2989 602 3085 657 tibi
3127 604 3258 660 dare
3296 622 3422 676 pos-

1849 695 1998 741 sunt.

1911 777 2031 833 Non
2057 779 2290 850 amplius
2317 795 2446 851 ergo
2472 782 2786 838 societatem
2821 784 3024 842 habeas
3062 802 3186 842 cum
3234 788 3300 844 iis
3329 790 3424 860 qui

1846 886 1905 927 se
1940 872 2093 927 humi
2123 882 2473 944 prosternunt
2513 883 2568 930 et
2595 875 2800 945 lapides
2821 879 3156 946 osculantur,
3202 891 3256 936 et
3292 882 3426 937 dant

1844 962 2027 1016 cibum
2074 978 2235 1018 suum
2285 979 2467 1020 escam
2511 964 2646 1034 igni,
2677 972 2730 1018 et
2774 964 3063 1020 admovent
3090 976 3266 1023 vestes
3295 984 3425 1026 suas

1844 1054 2033 1121 idolis;
2063 1061 2118 1109 et
2138 1055 2252 1124 qui,
2286 1070 2448 1110 sensu
2488 1055 2717 1124 praediti,
2737 1071 2900 1111 sensu
2919 1057 3157 1112 carentia
3173 1058 3422 1122 adorant,

1845 1145 1914 1200 ad
1955 1144 2127 1200 Deum
2160 1132 2620 1215 incorruptibilem
2656 1161 2843 1215 preces
2888 1148 3228 1218 incorruptas
3260 1147 3425 1205 funde

1844 1251 1945 1306 pro
1976 1235 2156 1289 anima
2194 1244 2286 1289 tua
2328 1234 2741 1304 incorruptibili,
2767 1245 2822 1290 et
2852 1246 2980 1292 tunc
3025 1238 3161 1294 liber
3192 1255 3422 1310 appare-

1845 1327 1949 1383 bis.
1977 1325 2087 1380 Deo
2119 1326 2321 1396 gratias
2342 1342 2459 1398 age,
2490 1327 2582 1397 qui
2627 1337 2676 1382 te
2715 1339 2893 1383 mente
2935 1330 3102 1385 libera
3129 1332 3422 1400 praeditum

1843 1415 2066 1481 creavit,
2092 1427 2152 1470 ut
2170 1416 2237 1470 ad
2273 1416 2554 1471 arbitrium
2574 1427 2728 1473 tuum
2751 1419 3023 1489 dirigaris.
3043 1419 3200 1487 Quod
3231 1422 3276 1477 si
3303 1438 3394 1477 ma
3412 1453 3426 1467 -

1843 1507 1958 1562 lum
1981 1507 2230 1578 elegeris,
2264 1507 2599 1563 damnationi
2653 1510 2962 1579 subjacebis
3021 1526 3117 1581 pro
3166 1512 3423 1582 operibus

1845 1601 2036 1654 malis:
2061 1601 2105 1654 si
2128 1602 2354 1667 bonum,
2380 1601 2537 1656 bonis
2565 1603 2749 1658 multis
2778 1603 2976 1660 frueris
3000 1620 3122 1659 cum
3144 1605 3252 1660 vita
3273 1614 3424 1661 aeter-

1845 1708 1937 1746 na.
1970 1690 2110 1759 Quid
2138 1708 2267 1763 ergo
2295 1693 2538 1762 impedit,
2565 1710 2689 1749 cum
2725 1696 2860 1752 liber
2893 1697 3003 1762 sis,
3026 1699 3156 1768 quin
3193 1713 3425 1753 conver--

149 1780 426 1834 recedens
461 1781 553 1852 qui
587 1798 680 1838 eas
724 1785 828 1855 ipsi
861 1787 1036 1854 dedit;
1088 1791 1364 1848 hominem
1403 1795 1618 1864 probris
1651 1811 1731 1866 ap

1870 1785 2049 1840 iationi
2078 1794 2182 1840 tuae
2227 1786 2386 1841 malae
2431 1786 2718 1852 valedicas,
2762 1797 2816 1843 et
2839 1805 3052 1860 quaaras
3075 1791 3197 1860 quis
3224 1791 3294 1847 sit
3314 1789 3424 1846 Do-

145 1879 341 1937 petat,
397 1873 638 1928 hominis
684 1891 814 1930 vero
862 1877 1151 1950 imaginem
1207 1882 1436 1950 adoret;
1490 1885 1747 1940 animalia

145 1963 405 2028 occidat,
450 1967 793 2023 similitudini
839 1987 969 2027 vero
999 1973 1252 2030 animalis
1288 1976 1493 2031 cultum
1525 1978 1749 2034 reddat?

143 2051 316 2109 Patet
360 2072 454 2112 eos
496 2060 769 2128 opificium
825 2063 1107 2119 hominum
1155 2067 1412 2129 adorare;
1449 2083 1557 2123 non
1599 2071 1744 2125 enim

145 2156 402 2201 aromata
423 2147 556 2218 ipsa,
578 2152 669 2206 sed
693 2167 880 2207 eorum
902 2155 1164 2225 imagines
1181 2157 1250 2212 ab
1263 2157 1746 2214 artificibusfactas

143 2237 424 2305 adorant;
455 2257 556 2296 nec
598 2241 915 2314 fragmentis
937 2247 1056 2302 auri
1079 2259 1134 2303 et
1155 2250 1364 2320 argenti
1395 2252 1706 2306 sacrificant
1728 2294 1742 2318 ,

143 2328 250 2383 sed
285 2329 614 2402 imaginibus
644 2351 784 2402 quas
816 2353 881 2392 ex
901 2339 981 2394 eis
1003 2349 1306 2397 tornatores
1335 2343 1562 2413 fingunt.
1598 2343 1746 2400 Stul-

144 2431 228 2484 te,
267 2421 396 2490 quid
432 2425 666 2493 amplius
691 2428 851 2483 habet
872 2446 1065 2486 aurum
1097 2443 1248 2486 tuum
1282 2445 1342 2488 ut
1376 2451 1520 2489 nunc
1549 2436 1744 2492 adores

143 2511 329 2566 illud?
375 2511 513 2568 Num
541 2517 669 2586 quia
705 2519 944 2576 volucris
978 2522 1206 2592 figuram
1246 2523 1442 2591 induit,
1490 2525 1575 2580 vel
1612 2527 1742 2582 fera:

142 2605 407 2660 voracis?
456 2607 591 2663 Ecce
635 2609 747 2665 fera
784 2612 922 2681 ipsa,
968 2629 1093 2668 ecce
1119 2616 1338 2670 volucer
1367 2617 1536 2672 adest.
1597 2617 1662 2672 Et
1695 2619 1741 2674 si

143 2697 444 2752 artificium
479 2699 719 2768 miraris,
757 2714 961 2772 quanto
992 2705 1296 2762 mirabilius
1333 2708 1612 2777 opificium
1644 2709 1741 2766 Dei

143 2787 249 2856 qui
279 2797 475 2844 cuncta
507 2792 735 2853 creavit,
767 2801 822 2848 et
869 2796 1356 2853 adsimilitudinem
1396 2815 1552 2853 suam
1595 2800 1741 2870 ipsos

143 2879 393 2934 artifices
418 2879 565 2947 fecit,
589 2883 682 2952 qui
709 2898 870 2953 Opera
899 2884 1019 2956 ejus
1047 2887 1268 2955 imitari,
1293 2889 1384 2944 sed
1420 2889 1620 2966 frustra
1655 2906 1742 2945 co-

143 2978 375 3024 nantur.
417 2969 682 3026 Dicesne:
713 2972 824 3027 Cur
856 2976 1016 3029 talem
1068 2992 1176 3030 non
1213 2993 1299 3032 me
1333 2980 1537 3033 creavit
1570 2978 1736 3043 Deus,

1852 1879 2034 1932 minus
2061 1877 2326 1941 omnium,
2355 1886 2410 1933 et
2453 1878 2731 1934 invenias?
2765 1881 3132 1950 quaerentibus
3178 1882 3322 1937 enim
3364 1898 3424 1940 se

1850 1970 2211 2040 cognitionem
2244 1971 2328 2025 sui
2358 1986 2468 2026 non
2508 1971 2655 2042 tegit,
2677 1985 2940 2041 quantum
2970 1974 3187 2043 quidem
3221 1991 3425 2046 cogno-

1849 2063 1927 2118 sci
1953 2073 2148 2134 potest.
2177 2061 2323 2118 Cave
2351 2064 2587 2132 primum
2622 2079 2690 2119 ne
2718 2064 2770 2117 in
2801 2065 2981 2119 anima
3007 2075 3099 2120 tua
3122 2065 3292 2122 falsus
3321 2067 3419 2122 sis.

1850 2156 1906 2212 Si
1936 2158 2081 2229 quod
2116 2173 2224 2213 non
2263 2165 2348 2213 est
2386 2156 2530 2212 Deus
2578 2157 2749 2212 Deum
2791 2158 2948 2225 dicis,
2990 2159 3046 2214 in
3101 2159 3284 2214 anima
3328 2169 3424 2217 tua

1846 2250 2094 2304 mentiris
2122 2257 2178 2304 et
2203 2264 2388 2304 coram
2420 2247 2529 2303 Deo
2561 2263 2692 2303 vero
2736 2263 2950 2318 peccas.
3004 2249 3198 2317 Stulte,
3248 2251 3422 2307 Deum

1846 2341 1929 2396 vis
1956 2342 2169 2396 emere?
2189 2339 2327 2395 Num
2355 2339 2496 2395 Deus
2527 2356 2731 2411 egenus
2757 2342 2874 2396 est?
2903 2339 3044 2395 Num
3069 2341 3211 2397 Deus
3233 2353 3420 2400 custo-

1845 2434 2028 2489 ditur?
2058 2432 2211 2489 Emis
2239 2448 2363 2487 eum
2392 2432 2534 2487 sicut
2558 2448 2774 2487 servum
2810 2441 2864 2488 et
2901 2433 3099 2489 adoras
3130 2437 3270 2490 sicut
3311 2435 3420 2492 Do-

1845 2527 2089 2581 minum?
2123 2523 2300 2595 Rogas
2328 2541 2450 2579 eum
2495 2533 2554 2580 ut
2581 2524 2800 2580 divitem
2829 2534 2888 2580 ut
2921 2526 3016 2580 tibi
3045 2527 3326 2598 largiatur,
3366 2535 3421 2582 et

1843 2619 1942 2674 das
1981 2619 2056 2672 illi
2085 2625 2140 2671 ut
2164 2631 2354 2685 egeno.
2388 2615 2671 2683 Quomodo
2705 2617 2934 2672 confidis
2955 2625 3017 2672 ut
3043 2618 3327 2673 victoriam
3354 2619 3421 2673 de

1844 2709 2096 2764 hostibus
2123 2709 2234 2763 tuis
2263 2707 2359 2762 tibi
2383 2707 2664 2770 concedat,
2690 2706 2820 2762 dum
2855 2708 3060 2763 inimici
3099 2710 3199 2773 tui,
3230 2717 3284 2764 te
3304 2709 3418 2780 jam

1841 2802 2076 2868 devicto,
2111 2808 2468 2855 contemnunt
2508 2799 2668 2854 eum?
2698 2798 2928 2854 Dicesne
2967 2817 2981 2854 :
3015 2798 3284 2867 Quoniam
3324 2815 3421 2855 rex

1843 2909 1988 2960 sum,
2015 2892 2380 2948 multitudinis
2401 2891 2665 2946 voluntati
2695 2907 2801 2944 non
2832 2905 3054 2961 possum
3079 2893 3208 2962 quin
3237 2908 3421 2950 assen-

1842 2984 1981 3039 tiar?
2009 2982 2183 3038 Verba
2213 2984 2329 3038 risu
2359 2998 2484 3038 vere
2514 2981 2706 3052 digna!
2736 2981 2845 3035 Cur
2868 2982 3010 3036 enim
3039 2999 3135 3036 rex
3157 2985 3418 3054 populum

143 3070 211 3114 ut
243 3060 321 3114 illi
344 3069 398 3116 et
423 3078 528 3117 non
562 3063 724 3120 idolis
754 3067 1048 3121 servirem?
1075 3066 1164 3122 Sic
1195 3078 1246 3123 te
1270 3085 1363 3126 vas
1386 3070 1575 3125 inutile
1600 3086 1735 3126 con-
1765 3109 1810 3170 ρ
1842 3077 1945 3133 sibi
1968 3076 2271 3146 subjectum
2305 3079 2357 3130 in
2383 3076 2523 3129 viam
2549 3081 2749 3128 rectam
2785 3089 2894 3127 non
2923 3073 3163 3142 inducat,
3197 3076 3328 3132 etin
3359 3092 3420 3133 se

145 3149 579 3170 n.__._.___.-
755 3157 766 3167 .
1190 3158 1309 3170 ..κ
1508 3159 1708 3170 .-.
2468 3164 2574 3170 --
3315 3167 3411 3170 __

141 3149 322 3205 fiteris
353 3151 482 3205 dum
518 3153 684 3210 homo
718 3157 874 3211 vivus
906 3171 1027 3212 esse
1053 3159 1254 3227 possis.
1271 3158 1414 3214 Deus
1433 3161 1578 3214 enim
1608 3159 1736 3215 fecit

145 3255 202 3300 te
225 3251 389 3312 prout
421 3243 522 3312 ipsi
543 3245 808 3315 optimum
830 3247 1002 3302 visum
1024 3257 1106 3302 est
1129 3258 1182 3304 et
1205 3260 1383 3305 mente
1407 3251 1573 3305 libera
1598 3267 1737 3321 prte-

140 3335 322 3389 ditum
344 3353 358 3389 :
378 3345 574 3390 cuncta
606 3346 735 3392 ante
763 3347 813 3392 te
840 3340 1049 3409 posuit;
1084 3351 1235 3396 tuum
1258 3352 1340 3398 est
1359 3343 1505 3413 quod
1535 3343 1734 3398 bonum

141 3439 232 3482 est
272 3426 592 3496 dignoscere
627 3437 681 3483 et
721 3429 937 3500 eligere.
977 3430 1167 3487 Posuit
1209 3447 1392 3488 coram
1427 3444 1477 3488 te
1513 3434 1732 3498 caelum,

140 3517 354 3584 stellas,
399 3519 568 3573 solem
613 3528 666 3574 et
716 3520 899 3576 lunam
947 3523 1040 3593 qui
1101 3524 1474 3592 quotidianum
1527 3536 1730 3580 motum

141 3609 446 3680 adimplent
494 3612 548 3664 in
583 3613 750 3676 caelo;
789 3613 972 3682 posuit
1005 3630 1187 3669 coram
1219 3627 1269 3671 te
1319 3632 1489 3686 aquas
1535 3618 1734 3673 multas

140 3719 380 3774 quarum
415 3713 620 3759 motum
650 3706 865 3761 cohibet
892 3709 1058 3762 verbo
1093 3723 1230 3775 suo;
1267 3724 1452 3764 coram
1497 3719 1549 3764 te
1589 3719 1730 3765 terra

139 3794 471 3862 expanditur
498 3811 619 3865 quae
642 3799 828 3851 eadem
865 3796 1040 3852 forma
1065 3801 1294 3869 quiescit
1317 3810 1368 3854 et
1406 3811 1533 3855 stat.
1565 3801 1630 3856 Et
1662 3818 1732 3856 ne

138 3898 303 3958 putes
340 3903 460 3943 eam
512 3905 579 3944 ex
635 3903 842 3947 naturae
891 3908 1005 3947 suae
1045 3893 1257 3963 legibus
1303 3902 1471 3961 stare,
1509 3896 1574 3949 ad
1611 3897 1730 3966 ejus

139 3980 294 4036 enim
338 3988 533 4036 nutum
573 3993 967 4040 commovetur.
1000 3985 1190 4041 Posuit
1237 4002 1420 4042 coram
1456 3997 1508 4042 te
1558 3989 1729 4044 nubes

138 4088 288 4144 quae,
301 4089 366 4128 eo
377 4075 620 4144 jubente,
639 4093 810 4147 aquas
828 4078 880 4131 in
903 4087 1100 4132 terram
1117 4079 1727 4146 sitientemimmittunt,

138 4176 201 4222 ut
233 4182 304 4222 ex
329 4168 415 4224 his
445 4169 713 4241 intelligas
741 4187 865 4226 eum
912 4171 978 4226 ad
1005 4172 1161 4241 cujus
1196 4181 1388 4226 nutum
1439 4174 1556 4228 haec
1609 4189 1728 4228 mo-

138 4269 361 4326 ventur,
385 4261 520 4331 ipsis
545 4277 667 4317 esse
718 4264 1011 4334 majorem,
1035 4273 1088 4319 et
1125 4280 1334 4319 memor
1368 4267 1445 4320 sis
1486 4265 1728 4336 benigni-

138 4352 273 4407 tatis
303 4353 421 4422 ejus
455 4355 548 4423 qui
578 4354 908 4411 intellectum
945 4358 1001 4410 in
1038 4367 1088 4412 te
1109 4358 1384 4423 excitavit,
1419 4365 1476 4410 ut
1501 4363 1613 4412 haec
1634 4373 1725 4412 ca-

1842 3181 1951 3221 non
1982 3174 2250 3236 proponat
2273 3164 2518 3233 exempla
2561 3164 2826 3220 bonorum
2853 3167 3119 3234 operum?
3155 3166 3270 3221 Hoc
3313 3167 3417 3237 ipsi

1839 3257 1986 3311 laudi
2009 3265 2184 3324 esset;
2221 3255 2417 3310 rationi
2448 3255 2591 3310 enim
2614 3258 2946 3312 contrarium
2978 3267 3062 3313 est
3090 3273 3270 3329 regem
3292 3273 3418 3326 pra-

1838 3363 1904 3404 ve
1933 3347 2298 3402 ambulantem
2325 3346 2573 3416 judicare
2599 3355 2652 3400 et
2682 3347 2941 3403 damnare
2963 3363 3268 3418 perversos.
3302 3347 3417 3404 Hoc

1838 3454 2064 3510 regnum
2091 3446 2223 3508 puto
2249 3438 2474 3508 pacifice
2503 3438 2791 3510 gubernari
2821 3454 3000 3509 posse,
3027 3439 3186 3509 cujus
3209 3455 3302 3498 rex
3325 3456 3417 3497 ρο-

1837 3530 2050 3602 gnoscit
2069 3539 2124 3584 et
2147 3529 2299 3585 timet
2327 3528 2497 3584 Deum
2520 3547 2730 3597 verum,
2751 3541 2812 3585 ut
2834 3531 3192 3602 intelligentes
3226 3531 3415 3586 reddat

1834 3623 2092 3692 populum
2120 3637 2302 3688 suum,
2331 3630 2384 3677 et
2406 3637 2622 3694 semper
2646 3634 2789 3679 recte
2823 3623 3050 3692 judicet,
3079 3623 3220 3679 sicut
3250 3625 3415 3679 homo

1834 3717 1929 3786 qui
1951 3731 2234 3786 nunquam
2257 3716 2598 3771 obliviscitur
2636 3716 2876 3785 seipsum
2901 3715 3064 3769 etiam
3090 3731 3272 3770 coram
3305 3715 3414 3770 Deo

1828 3807 2208 3877 judicandum.
2275 3807 2428 3862 Tunc
2489 3808 2656 3862 etiam
2698 3806 2946 3876 'subjecti
3007 3806 3124 3875 ejus
3191 3814 3413 3876 propter

1835 3899 2006 3954 Deum
2039 3901 2311 3955 abstinent
2362 3899 2430 3954 ab
2461 3899 2657 3968 injuria
2689 3898 2800 3966 regi
2837 3913 2936 3952 suo
2965 3907 3018 3951 et
3048 3897 3150 3951 sibi
3180 3897 3411 3951 invicem

1832 3992 2100 4046 facienda.
2128 3992 2204 4044 lta
2231 4005 2326 4059 per
2348 3989 2709 4059 cognitionem
2733 3997 2788 4041 et
2812 3987 3059 4041 timorem
3088 3986 3178 4039 Dei
3206 3986 3411 4039 malum

1831 4083 1898 4138 de
1929 4099 2092 4154 regno
2119 4083 2454 4146 eradicatur;
2489 4081 2534 4134 si
2563 4079 2710 4132 enim
2755 4095 2850 4133 rex
2889 4078 3036 4148 juste
3069 4077 3205 4148 regit
3230 4077 3413 4146 subje-

1830 4184 1949 4230 ctos
1984 4190 2134 4240 suos,
2186 4174 2288 4243 ipsi
2329 4187 2453 4242 erga
2498 4185 2620 4225 eum
2657 4179 2711 4224 et
2761 4171 2902 4224 inter
2953 4184 3010 4224 se
3037 4169 3184 4238 juste
3217 4179 3407 4238 agunt,

1828 4267 1976 4338 quod
2018 4266 2293 4335 regionem
2339 4272 2484 4317 certe
2532 4261 2734 4316 indicat
2767 4261 2819 4315 in
2865 4275 2997 4330 pace
3039 4259 3319 4330 degentem
3354 4269 3410 4314 et

1828 4353 2014 4407 multis
2046 4352 2203 4406 bonis
2232 4349 2521 4413 fruentem,
2551 4349 2681 4419 quia
2708 4365 2897 4405 omnes
2926 4364 3122 4402 nomen
3161 4347 3252 4403 Dei
3291 4349 3409 4403 lau-

138 4460 271 4514 pcre
294 4447 494 4516 possis.
517 4445 591 4502 Te
621 4448 784 4518 igitur
810 4451 1000 4504 hortor
1033 4460 1094 4505 ut
1139 4465 1440 4520 cognoscas
1489 4451 1721 4520 teipsum
1755 4449 1803 4507 Β
1829 4446 1980 4500 dant.
2019 4444 2077 4499 Si
2099 4443 2243 4500 enim
2282 4459 2375 4498 rex
2407 4442 2683 4509 subjectos
2703 4457 2834 4496 suos
2864 4451 3078 4496 revocet
3104 4442 3172 4496 ab
3199 4457 3404 4508 errore,

137 4548 191 4592 ct
220 4553 523 4608 cognoscas
570 4539 762 4594 Deum.
819 4540 952 4596 Vide
986 4541 1117 4611 quid
1171 4542 1244 4596 sit
1273 4541 1402 4596 inte
1434 4542 1538 4596 hoc
1581 4542 1724 4612 quod

137 4630 457 4684 nominatur
484 4632 666 4686 anima
703 4649 717 4685 :
754 4632 857 4687 Per
883 4649 1002 4688 eam
1029 4633 1215 4688 oculus
1241 4634 1405 4698 videt,
1428 4632 1577 4687 auris
1627 4648 1724 4688 au-

136 4722 237 4786 dit,
274 4737 336 4776 os
367 4723 638 4793 loquitur;
669 4724 745 4778 illi
790 4733 960 4779 totum
993 4740 1191 4794 corpus
1220 4726 1466 4780 inservit.
1503 4725 1720 4790 Anima,

137 4812 252 4868 Deo
275 4815 509 4879 volente,
540 4815 988 4886 sublata,corpus
1017 4817 1173 4886 perit.
1200 4815 1279 4870 Ex
1306 4832 1371 4871 eo
1395 4816 1561 4886 igitur
1577 4815 1721 4886 quod

135 4903 192 4957 in
223 4913 273 4959 te
301 4916 384 4960 est
415 4905 587 4961 oculis
616 4907 1170 4976 incomprehensibili,
1197 4907 1432 4978 intellige
1450 4907 1723 4976 quomodo

135 4997 340 5051 virtute
360 4997 456 5053 Dei
509 5006 656 5055 totus
707 4999 945 5054 mundus
995 5008 1299 5066 moveatur,
1345 4999 1488 5055 sicut
1524 5014 1721 5068 corpus

135 5090 339 5156 anima;
373 5098 426 5144 et
445 5091 742 5160 quomodo,
768 5092 1050 5147 recedente
1084 5093 1284 5148 virtute
1313 5093 1454 5164 ejus,
1479 5092 1719 5147 mundus

137 5183 280 5234 sicut
304 5195 502 5249 corpus
532 5179 765 5234 deficiet.

205 5268 318 5324 Cur
341 5286 468 5324 vero
502 5269 682 5326 factus
718 5273 788 5326 sit
822 5272 1061 5327 mundus
1097 5272 1206 5339 hic,
1256 5287 1356 5327 cur
1389 5272 1718 5327 transiturus

135 5363 241 5425 sit;
277 5379 376 5418 cur
409 5364 481 5419 sit
510 5380 735 5436 corpus,
761 5381 860 5420 cur
883 5374 1070 5435 pereat
1099 5375 1152 5421 et
1179 5380 1278 5419 cur
1307 5373 1557 5434 resurgat
1577 5365 1718 5420 scire

134 5457 234 5510 tibi
263 5472 370 5510 non
407 5457 644 5522 dabitur,
668 5459 774 5513 nisi
822 5459 1093 5514 insaniam
1141 5458 1359 5513 exueris
1396 5458 1448 5511 in
1496 5473 1602 5525 qua
1624 5457 1719 5511 de-

134 5546 419 5614 mergeris,
452 5557 506 5601 et
537 5549 788 5617 aperiens
823 5549 1014 5604 oculos
1055 5549 1325 5615 intelligas
1373 5563 1544 5601 unum
1597 5561 1718 5602 esse

134 5636 328 5704 Deum,
358 5638 654 5696 Dominum
710 5643 978 5709 omnium,
1033 5650 1087 5697 et
1148 5657 1272 5696 eum
1327 5639 1477 5696 colas
1503 5655 1568 5694 ex
1603 5647 1716 5693 toto

136 5731 298 5790 corde
329 5741 453 5805 tuo;
489 5741 620 5790 tunc
645 5733 952 5792 voluntates
973 5750 1101 5792 suas
1132 5734 1233 5791 tibi
1257 5735 1502 5805 cognitas
1530 5731 1710 5790 faciet.

1827 4538 1957 4608 quid
1987 4526 2146 4591 laude
2189 4535 2449 4606 dignius?
2495 4533 2587 4588 Sic
2641 4533 2751 4588 Dco
2805 4535 2999 4603 placet,
3055 4549 3209 4587 error
3257 4534 3405 4588 enim

1825 4632 2009 4684 omnia
2061 4629 2203 4682 mala
2250 4627 2474 4682 inducit.
2519 4626 2665 4681 Fons
2697 4640 2826 4679 vero
2863 4626 3065 4680 erroris
3097 4626 3185 4680 hic
3231 4635 3332 4692 est,
3357 4628 3406 4682 si

1824 4723 1991 4777 homo
2026 4721 2194 4775 Deum
2225 4722 2456 4792 ignoret,
2493 4731 2547 4775 et
2574 4736 2674 4790 pro
2703 4718 2813 4774 Deo
2843 4719 2973 4773 illud
3011 4719 3157 4789 quod
3191 4735 3297 4774 non
3321 4729 3407 4775 est

1825 4814 1969 4869 Deus
2010 4814 2216 4868 adoret.
2255 4812 2486 4878 Quidam
2538 4812 2772 4866 dicunt:
2827 4809 3120 4881 Imaginem
3175 4812 3405 4866 colendo

1822 4905 1993 4961 Deum
2025 4906 2285 4972 colimus;
2319 4905 2573 4960 nesciunt
2593 4919 2723 4974 ergo
2746 4902 2915 4957 Deum
2948 4903 3146 4972 ubique
3165 4919 3400 4972 praesen-

1821 5006 1952 5064 tem,
1976 5013 2258 5066 nunquam
2288 4997 2660 5060 deficientem;
2695 4995 2944 5049 nesciunt
2972 4993 3089 5064 ipso
3123 4995 3294 5049 inscio
3324 4995 3404 5048 ni-

1821 5090 1900 5144 hil
1926 5089 2062 5143 fieri.
2094 5087 2175 5142 Tu
2203 5104 2350 5153 vero,
2384 5089 2548 5142 homo
2595 5088 2739 5154 vilis,
2770 5090 2858 5143 cui
2897 5087 3042 5142 Deus
3072 5088 3225 5143 adest
3247 5090 3299 5142 in
3326 5098 3400 5154 te,

1819 5189 1975 5234 extra
2017 5188 2089 5246 te,
2138 5195 2299 5249 super
2331 5189 2415 5244 te,
2450 5179 2624 5248 pretio
2659 5194 2949 5248 comparas
2992 5179 3134 5248 apud
3184 5178 3399 5234 fabrum

1819 5271 1965 5340 ligna
1991 5270 2199 5339 sculpta
2231 5270 2287 5323 in
2313 5269 2568 5340 injuriam
2605 5269 2730 5336 Dei;
2766 5270 2874 5325 illis
2905 5271 3197 5333 sacrificas,
3225 5280 3279 5326 et
3302 5287 3400 5325 ne-

1820 5363 1930 5418 scis
1960 5363 2104 5433 quod
2137 5360 2282 5415 videt
2326 5373 2378 5416 te
2411 5361 2602 5416 oculus
2647 5363 2768 5432 ejus
2788 5377 2948 5431 quem
2980 5362 3118 5415 nihil
3159 5361 3310 5426 latet,
3346 5370 3400 5416 et

1818 5454 1996 5524 arguit
2026 5463 2076 5508 te
2105 5454 2328 5508 verbum
2359 5455 2606 5509 veritatis
2635 5455 2822 5508 dicens
2847 5473 2859 5507 :
2887 5453 3050 5520 Deus,
3080 5469 3242 5524 quem
3278 5455 3399 5509 nul-

1817 5545 1922 5601 lius
1957 5545 2148 5601 oculus
2176 5545 2330 5612 vidit,
2354 5546 2630 5615 quomodo
2664 5546 2838 5615 sculpi
2867 5547 3088 5614 potest?
3119 5546 3224 5600 Sed
3258 5547 3396 5600 ima-

1816 5638 1995 5708 ginem
2032 5639 2110 5693 tui
2157 5638 2331 5708 ipsius
2381 5637 2517 5694 facis
2563 5647 2617 5692 et
2644 5639 2799 5693 colis.
2834 5637 3065 5708 Lignum
3122 5638 3393 5708 sculptum

1815 5743 1997 5785 nonne
2031 5743 2265 5802 .semper
2307 5728 2514 5798 lignum
2545 5728 2662 5787 est?
2681 5726 2901 5798 Lapidis
2947 5734 3000 5783 et
3033 5725 3152 5783 auri
3180 5725 3395 5798 pondus
