  <div class='ocr_page' id='page_1' title='image "/cluster/home/n/w/nwhite01/storage/ocr_20150623/5/nnc1.0046978607/624.png"; bbox 0 0 3872 6210; ppageno 0'>
   <div class='ocr_carea' id='block_1_1' title="bbox 221 357 368 413">
    <p class='ocr_par' dir='ltr' id='par_1_1' title="bbox 221 357 368 413">
     <span class='ocr_line' id='line_1_1' title="bbox 221 357 368 413; baseline 0.014 -2"><span class='ocrx_word' id='word_1_1' title='bbox 221 357 368 413; x_wconf 71' lang='grc'><strong>1255</strong></span> 
     </span>
    </p>
   </div>
   <div class='ocr_carea' id='block_1_2' title="bbox 1729 355 2003 414">
    <p class='ocr_par' dir='ltr' id='par_1_2' title="bbox 1729 355 2003 414">
     <span class='ocr_line' id='line_1_2' title="bbox 1729 355 2003 414; baseline -0.004 -2"><span class='ocrx_word' id='word_1_2' title='bbox 1729 355 2003 414; x_wconf 81' lang='lat' dir='ltr'><strong>SPURIA.</strong></span> 
     </span>
    </p>
   </div>
   <div class='ocr_carea' id='block_1_3' title="bbox 3351 356 3566 422">
    <p class='ocr_par' dir='ltr' id='par_1_3' title="bbox 3351 356 3566 422">
     <span class='ocr_line' id='line_1_3' title="bbox 3351 356 3566 422; baseline 0.005 -11"><span class='ocrx_word' id='word_1_3' title='bbox 3351 356 3489 412; x_wconf 65' lang='grc'><strong>1254</strong></span> <span class='ocrx_word' id='word_1_4' title='bbox 3540 371 3566 422; x_wconf 73' lang='lat'><strong><em>7</em></strong></span> 
     </span>
    </p>
   </div>
   <div class='ocr_carea' id='block_1_4' title="bbox 218 470 3488 546">
    <p class='ocr_par' dir='ltr' id='par_1_4' title="bbox 218 470 3488 546">
     <span class='ocr_line' id='line_1_4' title="bbox 218 470 3488 546; baseline -0.002 -15"><span class='ocrx_word' id='word_1_5' title='bbox 218 473 362 531; x_wconf 76' lang='lat' dir='ltr'><strong>Ecce</strong></span> <span class='ocrx_word' id='word_1_6' title='bbox 389 475 537 546; x_wconf 75' lang='lat' dir='ltr'><strong>ﬁlius</strong></span> <span class='ocrx_word' id='word_1_7' title='bbox 562 483 705 531; x_wconf 81' lang='lat' dir='ltr'><strong>tuus.</strong></span> <span class='ocrx_word' id='word_1_8' title='bbox 739 474 808 531; x_wconf 90' lang='lat' dir='ltr'><strong>Et</strong></span> <span class='ocrx_word' id='word_1_9' title='bbox 832 491 901 531; x_wconf 83' lang='lat' dir='ltr'><strong>ex</strong></span> <span class='ocrx_word' id='word_1_10' title='bbox 924 475 1017 531; x_wconf 83' lang='lat' dir='ltr'><strong>illa</strong></span> <span class='ocrx_word' id='word_1_11' title='bbox 1047 476 1182 531; x_wconf 88' lang='lat' dir='ltr'><strong>hora</strong></span> <span class='ocrx_word' id='word_1_12' title='bbox 1224 484 1414 532; x_wconf 87' lang='lat' dir='ltr'><strong>sancta</strong></span> <span class='ocrx_word' id='word_1_13' title='bbox 1442 474 1533 530; x_wconf 85' lang='lat' dir='ltr'><strong>Dei</strong></span> <span class='ocrx_word' id='word_1_14' title='bbox 1563 473 1811 530; x_wconf 76' lang='lat' dir='ltr'><strong>Cenitrix</strong></span> <span class='ocrx_word' id='word_1_15' title='bbox 1841 484 1887 535; x_wconf 81' lang='grc' dir='ltr'>Α</span> <span class='ocrx_word' id='word_1_16' title='bbox 1914 473 2066 527; x_wconf 79' lang='lat' dir='ltr'><strong>deret</strong></span> <span class='ocrx_word' id='word_1_17' title='bbox 2091 480 2274 527; x_wconf 88' lang='lat' dir='ltr'><strong>autem</strong></span> <span class='ocrx_word' id='word_1_18' title='bbox 2292 488 2415 528; x_wconf 91' lang='lat' dir='ltr'><strong>eum</strong></span> <span class='ocrx_word' id='word_1_19' title='bbox 2430 471 2779 528; x_wconf 81' lang='lat' dir='ltr'><strong>sanctissima</strong></span> <span class='ocrx_word' id='word_1_20' title='bbox 2794 472 2950 544; x_wconf 85' lang='lat' dir='ltr'><strong>virgo</strong></span> <span class='ocrx_word' id='word_1_21' title='bbox 2973 470 3165 539; x_wconf 84' lang='lat' dir='ltr'><strong>Maria,</strong></span> <span class='ocrx_word' id='word_1_22' title='bbox 3193 472 3488 529; x_wconf 75' lang='lat' dir='ltr'><strong>exsultavit</strong></span> 
     </span>
    </p>
   </div>
   <div class='ocr_carea' id='block_1_5' title="bbox 219 565 1809 639">
    <p class='ocr_par' dir='ltr' id='par_1_5' title="bbox 219 565 1809 639">
     <span class='ocr_line' id='line_1_5' title="bbox 219 565 1809 639; baseline 0.001 -19"><span class='ocrx_word' id='word_1_23' title='bbox 219 568 279 621; x_wconf 87' lang='lat' dir='ltr'><strong>in</strong></span> <span class='ocrx_word' id='word_1_24' title='bbox 313 565 545 623; x_wconf 78' lang='lat' dir='ltr'><strong>Joannis</strong></span> <span class='ocrx_word' id='word_1_25' title='bbox 571 582 704 622; x_wconf 91' lang='lat' dir='ltr'><strong>cura</strong></span> <span class='ocrx_word' id='word_1_26' title='bbox 730 568 1022 638; x_wconf 84' lang='lat' dir='ltr'><strong>specialius</strong></span> <span class='ocrx_word' id='word_1_27' title='bbox 1058 569 1382 638; x_wconf 80' lang='lat' dir='ltr'><strong>permansit,</strong></span> <span class='ocrx_word' id='word_1_28' title='bbox 1411 568 1655 639; x_wconf 88' lang='lat' dir='ltr'><strong>quandiu</strong></span> <span class='ocrx_word' id='word_1_29' title='bbox 1685 567 1809 622; x_wconf 82' lang='lat' dir='ltr'><strong>vitae</strong></span> 
     </span>
    </p>
   </div>
   <div class='ocr_carea' id='block_1_6' title="bbox 218 659 1808 730">
    <p class='ocr_par' dir='ltr' id='par_1_6' title="bbox 218 659 1808 730">
     <span class='ocr_line' id='line_1_6' title="bbox 218 659 1808 730; baseline 0 -17"><span class='ocrx_word' id='word_1_30' title='bbox 218 659 388 716; x_wconf 87' lang='lat' dir='ltr'><strong>istius</strong></span> <span class='ocrx_word' id='word_1_31' title='bbox 410 660 708 716; x_wconf 88' lang='lat' dir='ltr'><strong>incolatum</strong></span> <span class='ocrx_word' id='word_1_32' title='bbox 740 660 1024 730; x_wconf 80' lang='lat' dir='ltr'><strong>transegit:</strong></span> <span class='ocrx_word' id='word_1_33' title='bbox 1054 659 1118 715; x_wconf 90' lang='lat' dir='ltr'><strong>Et</strong></span> <span class='ocrx_word' id='word_1_34' title='bbox 1142 659 1272 715; x_wconf 92' lang='lat' dir='ltr'><strong>dum</strong></span> <span class='ocrx_word' id='word_1_35' title='bbox 1290 661 1521 730; x_wconf 83' lang='lat' dir='ltr'><strong>apostoli</strong></span> <span class='ocrx_word' id='word_1_36' title='bbox 1544 660 1808 716; x_wconf 89' lang='lat' dir='ltr'><strong>mundum</strong></span> 
     </span>
    </p>
   </div>
   <div class='ocr_carea' id='block_1_7' title="bbox 219 752 1809 824">
    <p class='ocr_par' dir='ltr' id='par_1_7' title="bbox 219 752 1809 824">
     <span class='ocr_line' id='line_1_7' title="bbox 219 752 1809 824; baseline 0 -17"><span class='ocrx_word' id='word_1_37' title='bbox 219 752 342 808; x_wconf 90' lang='lat' dir='ltr'><strong>suis</strong></span> <span class='ocrx_word' id='word_1_38' title='bbox 360 752 603 808; x_wconf 73' lang='lat' dir='ltr'><strong>sortibus</strong></span> <span class='ocrx_word' id='word_1_39' title='bbox 624 753 679 807; x_wconf 92' lang='lat' dir='ltr'><strong>in</strong></span> <span class='ocrx_word' id='word_1_40' title='bbox 696 752 1080 824; x_wconf 61' lang='lat' dir='ltr'><strong>pradicatione</strong></span> <span class='ocrx_word' id='word_1_41' title='bbox 1095 753 1480 823; x_wconf 85' lang='lat' dir='ltr'><strong>sumpsissent,</strong></span> <span class='ocrx_word' id='word_1_42' title='bbox 1511 753 1628 824; x_wconf 90' lang='lat' dir='ltr'><strong>ipsa</strong></span> <span class='ocrx_word' id='word_1_43' title='bbox 1647 753 1809 807; x_wconf 90' lang='lat' dir='ltr'><strong>domo</strong></span> 
     </span>
    </p>
   </div>
   <div class='ocr_carea' id='block_1_8' title="bbox 218 843 1690 915">
    <p class='ocr_par' dir='ltr' id='par_1_8' title="bbox 218 843 1690 915">
     <span class='ocr_line' id='line_1_8' title="bbox 218 843 1690 915; baseline 0 -17"><span class='ocrx_word' id='word_1_44' title='bbox 218 851 512 913; x_wconf 86' lang='lat' dir='ltr'><strong>parentum</strong></span> <span class='ocrx_word' id='word_1_45' title='bbox 548 843 718 910; x_wconf 89' lang='lat' dir='ltr'><strong>illius,</strong></span> <span class='ocrx_word' id='word_1_46' title='bbox 747 845 902 915; x_wconf 86' lang='lat' dir='ltr'><strong>juxta</strong></span> <span class='ocrx_word' id='word_1_47' title='bbox 926 853 1164 900; x_wconf 84' lang='lat' dir='ltr'><strong>montem</strong></span> <span class='ocrx_word' id='word_1_48' title='bbox 1193 843 1388 899; x_wconf 89' lang='lat' dir='ltr'><strong>Oliveti</strong></span> <span class='ocrx_word' id='word_1_49' title='bbox 1423 843 1690 899; x_wconf 85' lang='lat' dir='ltr'><strong>consedit.</strong></span> 
     </span>
    </p>
   </div>
   <div class='ocr_carea' id='block_1_9' title="bbox 840 998 1195 1057">
    <p class='ocr_par' dir='ltr' id='par_1_9' title="bbox 840 998 1195 1057">
     <span class='ocr_line' id='line_1_9' title="bbox 840 998 1195 1057; baseline 0 -1"><span class='ocrx_word' id='word_1_50' title='bbox 840 998 1071 1057; x_wconf 83' lang='lat' dir='ltr'><strong>CAPUT</strong></span> <span class='ocrx_word' id='word_1_51' title='bbox 1106 1002 1195 1057; x_wconf 86' lang='lat' dir='ltr'><strong>Ill.</strong></span> 
     </span>
    </p>
   </div>
   <div class='ocr_carea' id='block_1_10' title="bbox 297 1114 1812 1188">
    <p class='ocr_par' dir='ltr' id='par_1_10' title="bbox 297 1114 1812 1188">
     <span class='ocr_line' id='line_1_10' title="bbox 297 1114 1812 1188; baseline -0.001 -16"><span class='ocrx_word' id='word_1_52' title='bbox 297 1114 556 1174; x_wconf 84' lang='lat' dir='ltr'><strong>Secundo</strong></span> <span class='ocrx_word' id='word_1_53' title='bbox 579 1117 765 1188; x_wconf 83' lang='lat' dir='ltr'><strong>itaque</strong></span> <span class='ocrx_word' id='word_1_54' title='bbox 784 1126 842 1172; x_wconf 91' lang='lat' dir='ltr'><strong>et</strong></span> <span class='ocrx_word' id='word_1_55' title='bbox 862 1117 1124 1174; x_wconf 84' lang='lat' dir='ltr'><strong>vicesimo</strong></span> <span class='ocrx_word' id='word_1_56' title='bbox 1150 1132 1296 1173; x_wconf 92' lang='lat' dir='ltr'><strong>anno</strong></span> <span class='ocrx_word' id='word_1_57' title='bbox 1330 1125 1620 1187; x_wconf 83' lang='lat' dir='ltr'><strong>postquam</strong></span> <span class='ocrx_word' id='word_1_58' title='bbox 1652 1115 1812 1171; x_wconf 86' lang='lat' dir='ltr'><strong>Chri-</strong></span> 
     </span>
    </p>
   </div>
   <div class='ocr_carea' id='block_1_11' title="bbox 223 1208 1810 1275">
    <p class='ocr_par' dir='ltr' id='par_1_11' title="bbox 223 1208 1810 1275">
     <span class='ocr_line' id='line_1_11' title="bbox 223 1208 1810 1275; baseline -0.002 -10"><span class='ocrx_word' id='word_1_59' title='bbox 223 1218 378 1275; x_wconf 86' lang='lat' dir='ltr'><strong>stus,</strong></span> <span class='ocrx_word' id='word_1_60' title='bbox 425 1209 638 1266; x_wconf 89' lang='lat' dir='ltr'><strong>devicta</strong></span> <span class='ocrx_word' id='word_1_61' title='bbox 695 1217 892 1274; x_wconf 90' lang='lat' dir='ltr'><strong>morte,</strong></span> <span class='ocrx_word' id='word_1_62' title='bbox 951 1210 1152 1265; x_wconf 79' lang='lat' dir='ltr'><strong>omium</strong></span> <span class='ocrx_word' id='word_1_63' title='bbox 1201 1209 1625 1275; x_wconf 83' lang='lat' dir='ltr'><strong>conscenderat,</strong></span> <span class='ocrx_word' id='word_1_64' title='bbox 1678 1208 1810 1263; x_wconf 90' lang='lat' dir='ltr'><strong>dum</strong></span> 
     </span>
    </p>
   </div>
   <div class='ocr_carea' id='block_1_12' title="bbox 222 1301 1807 1373">
    <p class='ocr_par' dir='ltr' id='par_1_12' title="bbox 222 1301 1807 1373">
     <span class='ocr_line' id='line_1_12' title="bbox 222 1301 1807 1373; baseline -0.001 -16"><span class='ocrx_word' id='word_1_65' title='bbox 222 1302 317 1357; x_wconf 87' lang='lat' dir='ltr'><strong>die</strong></span> <span class='ocrx_word' id='word_1_66' title='bbox 371 1302 609 1373; x_wconf 90' lang='lat' dir='ltr'><strong>quadam</strong></span> <span class='ocrx_word' id='word_1_67' title='bbox 664 1302 936 1358; x_wconf 88' lang='lat' dir='ltr'><strong>desiderio</strong></span> <span class='ocrx_word' id='word_1_68' title='bbox 994 1301 1200 1358; x_wconf 85' lang='lat' dir='ltr'><strong>Christi</strong></span> <span class='ocrx_word' id='word_1_69' title='bbox 1275 1316 1542 1357; x_wconf 87' lang='lat' dir='ltr'><strong>succensa</strong></span> <span class='ocrx_word' id='word_1_70' title='bbox 1593 1301 1764 1356; x_wconf 83' lang='lat' dir='ltr'><strong>Maria</strong></span> <span class='ocrx_word' id='word_1_71' title='bbox 1794 1342 1807 1365; x_wconf 92' lang='lat'><strong>,</strong></span> 
     </span>
    </p>
   </div>
   <div class='ocr_carea' id='block_1_13' title="bbox 220 1394 1807 1467">
    <p class='ocr_par' dir='ltr' id='par_1_13' title="bbox 220 1394 1807 1467">
     <span class='ocr_line' id='line_1_13' title="bbox 220 1394 1807 1467; baseline -0.001 -17"><span class='ocrx_word' id='word_1_72' title='bbox 220 1394 347 1450; x_wconf 83' lang='lat' dir='ltr'><strong>sola</strong></span> <span class='ocrx_word' id='word_1_73' title='bbox 369 1394 513 1450; x_wconf 90' lang='lat' dir='ltr'><strong>intra</strong></span> <span class='ocrx_word' id='word_1_74' title='bbox 543 1395 744 1451; x_wconf 86' lang='lat' dir='ltr'><strong>domus</strong></span> <span class='ocrx_word' id='word_1_75' title='bbox 770 1395 929 1450; x_wconf 88' lang='lat' dir='ltr'><strong>istius</strong></span> <span class='ocrx_word' id='word_1_76' title='bbox 960 1395 1360 1464; x_wconf 88' lang='lat' dir='ltr'><strong>receptaculum</strong></span> <span class='ocrx_word' id='word_1_77' title='bbox 1387 1396 1807 1467; x_wconf 88' lang='lat' dir='ltr'><strong>lacrymaretur:</strong></span> 
     </span>
    </p>
   </div>
   <div class='ocr_carea' id='block_1_14' title="bbox 221 1485 1807 1557">
    <p class='ocr_par' dir='ltr' id='par_1_14' title="bbox 221 1485 1807 1557">
     <span class='ocr_line' id='line_1_14' title="bbox 221 1485 1807 1557; baseline 0.003 -18"><span class='ocrx_word' id='word_1_78' title='bbox 221 1500 358 1540; x_wconf 89' lang='lat' dir='ltr'><strong>ecce</strong></span> <span class='ocrx_word' id='word_1_79' title='bbox 390 1485 652 1556; x_wconf 79' lang='lat' dir='ltr'><strong>angelus,</strong></span> <span class='ocrx_word' id='word_1_80' title='bbox 705 1486 888 1557; x_wconf 88' lang='lat' dir='ltr'><strong>magni</strong></span> <span class='ocrx_word' id='word_1_81' title='bbox 923 1485 1153 1542; x_wconf 88' lang='lat' dir='ltr'><strong>luminis</strong></span> <span class='ocrx_word' id='word_1_82' title='bbox 1203 1486 1392 1541; x_wconf 91' lang='lat' dir='ltr'><strong>habitu</strong></span> <span class='ocrx_word' id='word_1_83' title='bbox 1435 1486 1807 1556; x_wconf 89' lang='lat' dir='ltr'><strong>resplendens,</strong></span> 
     </span>
    </p>
   </div>
   <div class='ocr_carea' id='block_1_15' title="bbox 222 1577 1807 1648">
    <p class='ocr_par' dir='ltr' id='par_1_15' title="bbox 222 1577 1807 1648">
     <span class='ocr_line' id='line_1_15' title="bbox 222 1577 1807 1648; baseline 0.002 -18"><span class='ocrx_word' id='word_1_84' title='bbox 222 1585 357 1630; x_wconf 84' lang='lat' dir='ltr'><strong>ante</strong></span> <span class='ocrx_word' id='word_1_85' title='bbox 401 1591 522 1631; x_wconf 90' lang='lat' dir='ltr'><strong>eam</strong></span> <span class='ocrx_word' id='word_1_86' title='bbox 570 1577 782 1643; x_wconf 86' lang='lat' dir='ltr'><strong>astitit,</strong></span> <span class='ocrx_word' id='word_1_87' title='bbox 825 1584 882 1631; x_wconf 94' lang='lat' dir='ltr'><strong>et</strong></span> <span class='ocrx_word' id='word_1_88' title='bbox 915 1577 1263 1632; x_wconf 84' lang='lat' dir='ltr'><strong>salutationis</strong></span> <span class='ocrx_word' id='word_1_89' title='bbox 1301 1578 1466 1632; x_wconf 88' lang='lat' dir='ltr'><strong>verba</strong></span> <span class='ocrx_word' id='word_1_90' title='bbox 1515 1579 1807 1648; x_wconf 82' lang='lat' dir='ltr'><strong>persolvit,</strong></span> 
     </span>
    </p>
   </div>
   <div class='ocr_carea' id='block_1_16' title="bbox 223 1668 1811 1741">
    <p class='ocr_par' dir='ltr' id='par_1_16' title="bbox 223 1668 1811 1741">
     <span class='ocr_line' id='line_1_16' title="bbox 223 1668 1811 1741; baseline 0.001 -18"><span class='ocrx_word' id='word_1_91' title='bbox 223 1669 603 1732; x_wconf 84' lang='lat' dir='ltr'><strong>dicens:Ave,</strong></span> <span class='ocrx_word' id='word_1_92' title='bbox 634 1670 918 1725; x_wconf 82' lang='lat' dir='ltr'><strong>benedicta</strong></span> <span class='ocrx_word' id='word_1_93' title='bbox 942 1668 1208 1737; x_wconf 84' lang='lat' dir='ltr'><strong>Domino;</strong></span> <span class='ocrx_word' id='word_1_94' title='bbox 1242 1671 1459 1741; x_wconf 88' lang='lat' dir='ltr'><strong>suscipe</strong></span> <span class='ocrx_word' id='word_1_95' title='bbox 1485 1670 1631 1727; x_wconf 92' lang='lat' dir='ltr'><strong>illius</strong></span> <span class='ocrx_word' id='word_1_96' title='bbox 1658 1671 1811 1727; x_wconf 88' lang='lat' dir='ltr'><strong>salu-</strong></span> 
     </span>
    </p>
   </div>
   <div class='ocr_carea' id='block_1_17' title="bbox 221 1761 1811 1834">
    <p class='ocr_par' dir='ltr' id='par_1_17' title="bbox 221 1761 1811 1834">
     <span class='ocr_line' id='line_1_17' title="bbox 221 1761 1811 1834; baseline 0.003 -20"><span class='ocrx_word' id='word_1_97' title='bbox 221 1767 364 1825; x_wconf 71' lang='lat' dir='ltr'><strong>tem,</strong></span> <span class='ocrx_word' id='word_1_98' title='bbox 411 1761 507 1827; x_wconf 87' lang='lat' dir='ltr'><strong>qui</strong></span> <span class='ocrx_word' id='word_1_99' title='bbox 537 1761 818 1816; x_wconf 81' lang='lat' dir='ltr'><strong>mandavit</strong></span> <span class='ocrx_word' id='word_1_100' title='bbox 871 1762 1101 1817; x_wconf 86' lang='lat' dir='ltr'><strong>salutem</strong></span> <span class='ocrx_word' id='word_1_101' title='bbox 1149 1761 1341 1827; x_wconf 82' lang='lat' dir='ltr'><strong>Jacob,</strong></span> <span class='ocrx_word' id='word_1_102' title='bbox 1394 1778 1491 1833; x_wconf 90' lang='lat' dir='ltr'><strong>per</strong></span> <span class='ocrx_word' id='word_1_103' title='bbox 1518 1764 1811 1834; x_wconf 85' lang='lat' dir='ltr'><strong>prophetas</strong></span> 
     </span>
    </p>
   </div>
   <div class='ocr_carea' id='block_1_18' title="bbox 1909 561 3490 636">
    <p class='ocr_par' dir='ltr' id='par_1_18' title="bbox 1909 561 3490 636">
     <span class='ocr_line' id='line_1_18' title="bbox 1909 561 3490 636; baseline -0.001 -17"><span class='ocrx_word' id='word_1_104' title='bbox 1909 566 1964 619; x_wconf 89' lang='lat' dir='ltr'><strong>in</strong></span> <span class='ocrx_word' id='word_1_105' title='bbox 1991 564 2213 636; x_wconf 87' lang='lat' dir='ltr'><strong>gaudio,</strong></span> <span class='ocrx_word' id='word_1_106' title='bbox 2260 573 2316 619; x_wconf 89' lang='lat' dir='ltr'><strong>et</strong></span> <span class='ocrx_word' id='word_1_107' title='bbox 2352 564 2517 619; x_wconf 80' lang='lat' dir='ltr'><strong>dixit:</strong></span> <span class='ocrx_word' id='word_1_108' title='bbox 2552 563 2709 635; x_wconf 74' lang='lat' dir='ltr'><strong>Rogo</strong></span> <span class='ocrx_word' id='word_1_109' title='bbox 2738 573 2811 631; x_wconf 89' lang='lat' dir='ltr'><strong>te,</strong></span> <span class='ocrx_word' id='word_1_110' title='bbox 2852 564 2925 617; x_wconf 86' lang='lat' dir='ltr'><strong>fili</strong></span> <span class='ocrx_word' id='word_1_111' title='bbox 2974 561 3237 628; x_wconf 81' lang='lat' dir='ltr'><strong>Joannes,</strong></span> <span class='ocrx_word' id='word_1_112' title='bbox 3277 578 3490 618; x_wconf 89' lang='lat' dir='ltr'><strong>memor</strong></span> 
     </span>
    </p>
   </div>
   <div class='ocr_carea' id='block_1_19' title="bbox 1909 653 3487 725">
    <p class='ocr_par' dir='ltr' id='par_1_19' title="bbox 1909 653 3487 725">
     <span class='ocr_line' id='line_1_19' title="bbox 1909 653 3487 725; baseline 0 -16"><span class='ocrx_word' id='word_1_113' title='bbox 1909 664 2027 710; x_wconf 90' lang='lat' dir='ltr'><strong>esto</strong></span> <span class='ocrx_word' id='word_1_114' title='bbox 2052 655 2345 710; x_wconf 81' lang='lat' dir='ltr'><strong>verborum</strong></span> <span class='ocrx_word' id='word_1_115' title='bbox 2380 654 2597 710; x_wconf 89' lang='lat' dir='ltr'><strong>Domini</strong></span> <span class='ocrx_word' id='word_1_116' title='bbox 2631 653 2763 710; x_wconf 83' lang='lat' dir='ltr'><strong>Jesu</strong></span> <span class='ocrx_word' id='word_1_117' title='bbox 2808 654 3048 721; x_wconf 81' lang='lat' dir='ltr'><strong>Christi,</strong></span> <span class='ocrx_word' id='word_1_118' title='bbox 3087 654 3336 725; x_wconf 80' lang='lat' dir='ltr'><strong>magistri</strong></span> <span class='ocrx_word' id='word_1_119' title='bbox 3384 654 3487 719; x_wconf 87' lang='lat' dir='ltr'><strong>tui,</strong></span> 
     </span>
    </p>
   </div>
   <div class='ocr_carea' id='block_1_20' title="bbox 1910 747 3489 821">
    <p class='ocr_par' dir='ltr' id='par_1_20' title="bbox 1910 747 3489 821">
     <span class='ocr_line' id='line_1_20' title="bbox 1910 747 3489 821; baseline -0.001 -17"><span class='ocrx_word' id='word_1_120' title='bbox 1910 750 2112 821; x_wconf 87' lang='lat' dir='ltr'><strong>quibus</strong></span> <span class='ocrx_word' id='word_1_121' title='bbox 2138 763 2228 804; x_wconf 89' lang='lat' dir='ltr'><strong>me</strong></span> <span class='ocrx_word' id='word_1_122' title='bbox 2252 749 2655 804; x_wconf 86' lang='lat' dir='ltr'><strong>commendavit</strong></span> <span class='ocrx_word' id='word_1_123' title='bbox 2680 749 2800 803; x_wconf 90' lang='lat' dir='ltr'><strong>tibi.</strong></span> <span class='ocrx_word' id='word_1_124' title='bbox 2850 747 2989 804; x_wconf 89' lang='lat' dir='ltr'><strong>Ecce</strong></span> <span class='ocrx_word' id='word_1_125' title='bbox 3026 748 3173 804; x_wconf 89' lang='lat' dir='ltr'><strong>enim</strong></span> <span class='ocrx_word' id='word_1_126' title='bbox 3205 749 3294 803; x_wconf 90' lang='lat' dir='ltr'><strong>die</strong></span> <span class='ocrx_word' id='word_1_127' title='bbox 3329 749 3489 803; x_wconf 87' lang='lat' dir='ltr'><strong>tertio</strong></span> 
     </span>
    </p>
   </div>
   <div class='ocr_carea' id='block_1_21' title="bbox 1909 840 3489 911">
    <p class='ocr_par' dir='ltr' id='par_1_21' title="bbox 1909 840 3489 911">
     <span class='ocr_line' id='line_1_21' title="bbox 1909 840 3489 911; baseline -0.001 -15"><span class='ocrx_word' id='word_1_128' title='bbox 1909 843 2220 899; x_wconf 86' lang='lat' dir='ltr'><strong>discessura</strong></span> <span class='ocrx_word' id='word_1_129' title='bbox 2247 857 2370 897; x_wconf 90' lang='lat' dir='ltr'><strong>sum</strong></span> <span class='ocrx_word' id='word_1_130' title='bbox 2400 844 2469 897; x_wconf 91' lang='lat' dir='ltr'><strong>de</strong></span> <span class='ocrx_word' id='word_1_131' title='bbox 2490 856 2752 911; x_wconf 87' lang='lat' dir='ltr'><strong>corpore;</strong></span> <span class='ocrx_word' id='word_1_132' title='bbox 2781 841 2964 896; x_wconf 81' lang='lat' dir='ltr'><strong>audivi</strong></span> <span class='ocrx_word' id='word_1_133' title='bbox 2989 849 3170 896; x_wconf 88' lang='lat' dir='ltr'><strong>autem</strong></span> <span class='ocrx_word' id='word_1_134' title='bbox 3194 840 3489 897; x_wconf 87' lang='lat' dir='ltr'><strong>consilium</strong></span> 
     </span>
    </p>
   </div>
   <div class='ocr_carea' id='block_1_22' title="bbox 1909 932 3490 1003">
    <p class='ocr_par' dir='ltr' id='par_1_22' title="bbox 1909 932 3490 1003">
     <span class='ocr_line' id='line_1_22' title="bbox 1909 932 3490 1003; baseline -0.001 -15"><span class='ocrx_word' id='word_1_135' title='bbox 1909 932 2221 989; x_wconf 82' lang='lat' dir='ltr'><strong>Judaeorum</strong></span> <span class='ocrx_word' id='word_1_136' title='bbox 2265 933 2560 989; x_wconf 87' lang='lat' dir='ltr'><strong>dicentium</strong></span> <span class='ocrx_word' id='word_1_137' title='bbox 2592 952 2607 988; x_wconf 92' lang='lat'><strong>:</strong></span> <span class='ocrx_word' id='word_1_138' title='bbox 2641 932 3033 1003; x_wconf 85' lang='lat' dir='ltr'><strong>Exspectemus</strong></span> <span class='ocrx_word' id='word_1_139' title='bbox 3071 932 3236 997; x_wconf 90' lang='lat' dir='ltr'><strong>diem,</strong></span> <span class='ocrx_word' id='word_1_140' title='bbox 3271 932 3490 1001; x_wconf 82' lang='lat' dir='ltr'><strong>quando</strong></span> 
     </span>
    </p>
   </div>
   <div class='ocr_carea' id='block_1_23' title="bbox 1913 1025 3489 1095">
    <p class='ocr_par' dir='ltr' id='par_1_23' title="bbox 1913 1025 3489 1095">
     <span class='ocr_line' id='line_1_23' title="bbox 1913 1025 3489 1095; baseline -0.002 -14"><span class='ocrx_word' id='word_1_141' title='bbox 1913 1025 2181 1081; x_wconf 79' lang='lat' dir='ltr'><strong>moriatur</strong></span> <span class='ocrx_word' id='word_1_142' title='bbox 2211 1041 2333 1095; x_wconf 69' lang='lat' dir='ltr'><strong>qua:</strong></span> <span class='ocrx_word' id='word_1_143' title='bbox 2362 1025 2597 1095; x_wconf 87' lang='lat' dir='ltr'><strong>portavit</strong></span> <span class='ocrx_word' id='word_1_144' title='bbox 2626 1025 2779 1079; x_wconf 91' lang='lat' dir='ltr'><strong>illum</strong></span> <span class='ocrx_word' id='word_1_145' title='bbox 2820 1025 3183 1090; x_wconf 86' lang='lat' dir='ltr'><strong>seductorem,</strong></span> <span class='ocrx_word' id='word_1_146' title='bbox 3211 1032 3266 1078; x_wconf 90' lang='lat' dir='ltr'><strong>et</strong></span> <span class='ocrx_word' id='word_1_147' title='bbox 3290 1038 3489 1093; x_wconf 88' lang='lat' dir='ltr'><strong>corpus</strong></span> 
     </span>
    </p>
   </div>
   <div class='ocr_carea' id='block_1_24' title="bbox 1911 1115 3490 1187">
    <p class='ocr_par' dir='ltr' id='par_1_24' title="bbox 1911 1115 3490 1187">
     <span class='ocr_line' id='line_1_24' title="bbox 1911 1115 3490 1187; baseline -0.002 -16"><span class='ocrx_word' id='word_1_148' title='bbox 1911 1117 2030 1187; x_wconf 83' lang='lat' dir='ltr'><strong>ejus</strong></span> <span class='ocrx_word' id='word_1_149' title='bbox 2058 1116 2170 1187; x_wconf 89' lang='lat' dir='ltr'><strong>igni</strong></span> <span class='ocrx_word' id='word_1_150' title='bbox 2192 1116 2601 1172; x_wconf 89' lang='lat' dir='ltr'><strong>comburamus.</strong></span> <span class='ocrx_word' id='word_1_151' title='bbox 2649 1115 2872 1172; x_wconf 84' lang='lat' dir='ltr'><strong>Vocavit</strong></span> <span class='ocrx_word' id='word_1_152' title='bbox 2907 1131 3039 1186; x_wconf 83' lang='lat' dir='ltr'><strong>ergo</strong></span> <span class='ocrx_word' id='word_1_153' title='bbox 3075 1125 3325 1172; x_wconf 88' lang='lat' dir='ltr'><strong>sanctum</strong></span> <span class='ocrx_word' id='word_1_154' title='bbox 3360 1129 3490 1184; x_wconf 90' lang='lat' dir='ltr'><strong>apo-</strong></span> 
     </span>
    </p>
   </div>
   <div class='ocr_carea' id='block_1_25' title="bbox 1912 1204 3490 1273">
    <p class='ocr_par' dir='ltr' id='par_1_25' title="bbox 1912 1204 3490 1273">
     <span class='ocr_line' id='line_1_25' title="bbox 1912 1204 3490 1273; baseline 0 -13"><span class='ocrx_word' id='word_1_155' title='bbox 1912 1206 2111 1261; x_wconf 88' lang='lat' dir='ltr'><strong>stolum</strong></span> <span class='ocrx_word' id='word_1_156' title='bbox 2131 1204 2419 1273; x_wconf 86' lang='lat' dir='ltr'><strong>Joannem,</strong></span> <span class='ocrx_word' id='word_1_157' title='bbox 2449 1216 2504 1261; x_wconf 86' lang='lat' dir='ltr'><strong>et</strong></span> <span class='ocrx_word' id='word_1_158' title='bbox 2541 1207 2844 1263; x_wconf 78' lang='lat' dir='ltr'><strong>introduxit</strong></span> <span class='ocrx_word' id='word_1_159' title='bbox 2868 1222 2995 1262; x_wconf 91' lang='lat' dir='ltr'><strong>eum</strong></span> <span class='ocrx_word' id='word_1_160' title='bbox 3037 1207 3092 1261; x_wconf 92' lang='lat' dir='ltr'><strong>in</strong></span> <span class='ocrx_word' id='word_1_161' title='bbox 3132 1206 3490 1263; x_wconf 87' lang='lat' dir='ltr'><strong>secretarium</strong></span> 
     </span>
    </p>
   </div>
   <div class='ocr_carea' id='block_1_26' title="bbox 1911 1299 3488 1370">
    <p class='ocr_par' dir='ltr' id='par_1_26' title="bbox 1911 1299 3488 1370">
     <span class='ocr_line' id='line_1_26' title="bbox 1911 1299 3488 1370; baseline 0.001 -16"><span class='ocrx_word' id='word_1_162' title='bbox 1911 1299 2131 1365; x_wconf 89' lang='lat' dir='ltr'><strong>domus,</strong></span> <span class='ocrx_word' id='word_1_163' title='bbox 2163 1309 2218 1354; x_wconf 93' lang='lat' dir='ltr'><strong>et</strong></span> <span class='ocrx_word' id='word_1_164' title='bbox 2249 1301 2489 1356; x_wconf 86' lang='lat' dir='ltr'><strong>ostendit</strong></span> <span class='ocrx_word' id='word_1_165' title='bbox 2523 1301 2573 1354; x_wconf 91' lang='lat' dir='ltr'><strong>ei</strong></span> <span class='ocrx_word' id='word_1_166' title='bbox 2609 1301 2995 1356; x_wconf 86' lang='lat' dir='ltr'><strong>vestimentum</strong></span> <span class='ocrx_word' id='word_1_167' title='bbox 3024 1302 3317 1370; x_wconf 69' lang='lat' dir='ltr'><strong>sepulturas</strong></span> <span class='ocrx_word' id='word_1_168' title='bbox 3353 1315 3488 1367; x_wconf 69' lang='lat' dir='ltr'><strong>sum,</strong></span> 
     </span>
    </p>
   </div>
   <div class='ocr_carea' id='block_1_27' title="bbox 1911 1391 3491 1463">
    <p class='ocr_par' dir='ltr' id='par_1_27' title="bbox 1911 1391 3491 1463">
     <span class='ocr_line' id='line_1_27' title="bbox 1911 1391 3491 1463; baseline 0.004 -20"><span class='ocrx_word' id='word_1_169' title='bbox 1911 1398 1966 1443; x_wconf 91' lang='lat' dir='ltr'><strong>et</strong></span> <span class='ocrx_word' id='word_1_170' title='bbox 1993 1391 2231 1460; x_wconf 85' lang='lat' dir='ltr'><strong>palmam</strong></span> <span class='ocrx_word' id='word_1_171' title='bbox 2266 1392 2417 1447; x_wconf 89' lang='lat' dir='ltr'><strong>illam</strong></span> <span class='ocrx_word' id='word_1_172' title='bbox 2471 1393 2729 1457; x_wconf 86' lang='lat' dir='ltr'><strong>luminis,</strong></span> <span class='ocrx_word' id='word_1_173' title='bbox 2767 1408 2933 1462; x_wconf 90' lang='lat' dir='ltr'><strong>quam</strong></span> <span class='ocrx_word' id='word_1_174' title='bbox 2972 1402 3258 1463; x_wconf 86' lang='lat' dir='ltr'><strong>acceperat</strong></span> <span class='ocrx_word' id='word_1_175' title='bbox 3294 1394 3364 1449; x_wconf 90' lang='lat' dir='ltr'><strong>ab</strong></span> <span class='ocrx_word' id='word_1_176' title='bbox 3392 1408 3491 1448; x_wconf 84' lang='lat' dir='ltr'><strong>an-</strong></span> 
     </span>
    </p>
   </div>
   <div class='ocr_carea' id='block_1_28' title="bbox 1910 1480 3492 1551">
    <p class='ocr_par' dir='ltr' id='par_1_28' title="bbox 1910 1480 3492 1551">
     <span class='ocr_line' id='line_1_28' title="bbox 1910 1480 3492 1551; baseline 0.004 -18"><span class='ocrx_word' id='word_1_177' title='bbox 1910 1480 2052 1550; x_wconf 86' lang='lat' dir='ltr'><strong>gelo,</strong></span> <span class='ocrx_word' id='word_1_178' title='bbox 2082 1496 2427 1551; x_wconf 69' lang='lat' dir='ltr'><strong>praemonens</strong></span> <span class='ocrx_word' id='word_1_179' title='bbox 2470 1498 2599 1538; x_wconf 87' lang='lat' dir='ltr'><strong>eum</strong></span> <span class='ocrx_word' id='word_1_180' title='bbox 2651 1494 2712 1538; x_wconf 88' lang='lat' dir='ltr'><strong>ut</strong></span> <span class='ocrx_word' id='word_1_181' title='bbox 2764 1484 2914 1538; x_wconf 89' lang='lat' dir='ltr'><strong>illam</strong></span> <span class='ocrx_word' id='word_1_182' title='bbox 2960 1483 3166 1539; x_wconf 89' lang='lat' dir='ltr'><strong>faceret</strong></span> <span class='ocrx_word' id='word_1_183' title='bbox 3205 1482 3332 1539; x_wconf 87' lang='lat' dir='ltr'><strong>ferri</strong></span> <span class='ocrx_word' id='word_1_184' title='bbox 3366 1493 3492 1540; x_wconf 86' lang='lat' dir='ltr'><strong>ante</strong></span> 
     </span>
    </p>
   </div>
   <div class='ocr_carea' id='block_1_29' title="bbox 1911 1572 3494 1645">
    <p class='ocr_par' dir='ltr' id='par_1_29' title="bbox 1911 1572 3494 1645">
     <span class='ocr_line' id='line_1_29' title="bbox 1911 1572 3494 1645; baseline 0.004 -20"><span class='ocrx_word' id='word_1_185' title='bbox 1911 1572 2110 1626; x_wconf 90' lang='lat' dir='ltr'><strong>lectum</strong></span> <span class='ocrx_word' id='word_1_186' title='bbox 2145 1588 2327 1641; x_wconf 89' lang='lat' dir='ltr'><strong>suum,</strong></span> <span class='ocrx_word' id='word_1_187' title='bbox 2351 1590 2475 1630; x_wconf 92' lang='lat' dir='ltr'><strong>cum</strong></span> <span class='ocrx_word' id='word_1_188' title='bbox 2504 1577 2796 1631; x_wconf 88' lang='lat' dir='ltr'><strong>duceretur</strong></span> <span class='ocrx_word' id='word_1_189' title='bbox 2817 1576 2884 1631; x_wconf 92' lang='lat' dir='ltr'><strong>ad</strong></span> <span class='ocrx_word' id='word_1_190' title='bbox 2912 1575 3271 1645; x_wconf 85' lang='lat' dir='ltr'><strong>sepulturam,</strong></span> <span class='ocrx_word' id='word_1_191' title='bbox 3302 1584 3356 1632; x_wconf 93' lang='lat' dir='ltr'><strong>et</strong></span> <span class='ocrx_word' id='word_1_192' title='bbox 3390 1576 3494 1631; x_wconf 85' lang='lat' dir='ltr'><strong>iret</strong></span> 
     </span>
    </p>
   </div>
   <div class='ocr_carea' id='block_1_30' title="bbox 1912 1664 2443 1721">
    <p class='ocr_par' dir='ltr' id='par_1_30' title="bbox 1912 1664 2443 1721">
     <span class='ocr_line' id='line_1_30' title="bbox 1912 1664 2443 1721; baseline 0.008 -4"><span class='ocrx_word' id='word_1_193' title='bbox 1912 1664 1979 1718; x_wconf 90' lang='lat' dir='ltr'><strong>ad</strong></span> <span class='ocrx_word' id='word_1_194' title='bbox 2010 1675 2443 1721; x_wconf 86' lang='lat' dir='ltr'><strong>monumentum.</strong></span> 
     </span>
    </p>
   </div>
   <div class='ocr_carea' id='block_1_31' title="bbox 2530 1779 2865 1837">
    <p class='ocr_par' dir='ltr' id='par_1_31' title="bbox 2530 1779 2865 1837">
     <span class='ocr_line' id='line_1_31' title="bbox 2530 1779 2865 1837; baseline 0.006 -2"><span class='ocrx_word' id='word_1_195' title='bbox 2530 1779 2761 1837; x_wconf 83' lang='lat' dir='ltr'><strong>CAPUT</strong></span> <span class='ocrx_word' id='word_1_196' title='bbox 2803 1781 2865 1837; x_wconf 71' lang='grc' dir='ltr'><strong>ν.</strong></span> 
     </span>
    </p>
   </div>
   <div class='ocr_carea' id='block_1_32' title="bbox 222 1830 1817 1946">
    <p class='ocr_par' dir='ltr' id='par_1_32' title="bbox 222 1830 1807 1925">
     <span class='ocr_line' id='line_1_32' title="bbox 222 1830 1807 1925; baseline 0.001 -16"><span class='ocrx_word' id='word_1_197' title='bbox 222 1866 381 1909; x_wconf 84' lang='lat' dir='ltr'><strong>suos.</strong></span> <span class='ocrx_word' id='word_1_198' title='bbox 427 1853 587 1921; x_wconf 88' lang='lat' dir='ltr'><strong>Ecce,</strong></span> <span class='ocrx_word' id='word_1_199' title='bbox 612 1855 813 1924; x_wconf 87' lang='lat' dir='ltr'><strong>inquit,</strong></span> <span class='ocrx_word' id='word_1_200' title='bbox 842 1870 1059 1910; x_wconf 88' lang='lat' dir='ltr'><strong>ramum</strong></span> <span class='ocrx_word' id='word_1_201' title='bbox 1089 1855 1301 1925; x_wconf 70' lang='lat' dir='ltr'><strong>palmae,</strong></span> <span class='ocrx_word' id='word_1_202' title='bbox 1331 1830 1412 1910; x_wconf 25' lang='lat' dir='ltr'><strong>de:</strong></span> <span class='ocrx_word' id='word_1_203' title='bbox 1428 1830 1685 1925; x_wconf 76' lang='lat' dir='ltr'><strong>paradiso</strong></span> <span class='ocrx_word' id='word_1_204' title='bbox 1714 1854 1807 1912; x_wconf 89' lang='lat' dir='ltr'><strong>Dei</strong></span> 
     </span>
    </p>
   </div>
   <div class='ocr_carea' id='block_1_33' title="bbox 1923 1830 3491 1946">
    <p class='ocr_par' dir='ltr' id='par_1_33' title="bbox 1946 1870 3491 1946">
     <span class='ocr_line' id='line_1_33' title="bbox 1946 1870 3491 1946; baseline 0.003 -21"><span class='ocrx_word' id='word_1_205' title='bbox 1946 1870 2085 1926; x_wconf 68' lang='lat' dir='ltr'><strong>‘Cui</strong></span> <span class='ocrx_word' id='word_1_206' title='bbox 2134 1872 2326 1927; x_wconf 83' lang='lat' dir='ltr'><strong>beatus</strong></span> <span class='ocrx_word' id='word_1_207' title='bbox 2378 1883 2432 1928; x_wconf 92' lang='lat' dir='ltr'><strong>et</strong></span> <span class='ocrx_word' id='word_1_208' title='bbox 2473 1874 2704 1930; x_wconf 87' lang='lat' dir='ltr'><strong>dilectus</strong></span> <span class='ocrx_word' id='word_1_209' title='bbox 2751 1877 3030 1946; x_wconf 89' lang='lat' dir='ltr'><strong>apostolus</strong></span> <span class='ocrx_word' id='word_1_210' title='bbox 3091 1875 3329 1933; x_wconf 77' lang='lat' dir='ltr'><strong>Joannes</strong></span> <span class='ocrx_word' id='word_1_211' title='bbox 3377 1877 3491 1932; x_wconf 88' lang='lat' dir='ltr'><strong>ait:</strong></span> 
     </span>
    </p>
   </div>
   <div class='ocr_carea' id='block_1_34' title="bbox 221 1945 1810 2018">
    <p class='ocr_par' dir='ltr' id='par_1_34' title="bbox 221 1945 1810 2018">
     <span class='ocr_line' id='line_1_34' title="bbox 221 1945 1810 2018; baseline 0.003 -18"><span class='ocrx_word' id='word_1_212' title='bbox 221 1946 386 2001; x_wconf 74' lang='lat' dir='ltr'><strong>attuli</strong></span> <span class='ocrx_word' id='word_1_213' title='bbox 406 1947 531 2011; x_wconf 79' lang='lat' dir='ltr'><strong>tibi,</strong></span> <span class='ocrx_word' id='word_1_214' title='bbox 562 1958 727 2017; x_wconf 83' lang='lat' dir='ltr'><strong>quem</strong></span> <span class='ocrx_word' id='word_1_215' title='bbox 748 1958 969 2018; x_wconf 84' lang='lat' dir='ltr'><strong>portare</strong></span> <span class='ocrx_word' id='word_1_216' title='bbox 997 1945 1167 2005; x_wconf 83' lang='lat' dir='ltr'><strong>facies</strong></span> <span class='ocrx_word' id='word_1_217' title='bbox 1195 1959 1321 2005; x_wconf 87' lang='lat' dir='ltr'><strong>ante</strong></span> <span class='ocrx_word' id='word_1_218' title='bbox 1352 1947 1612 2005; x_wconf 81' lang='lat' dir='ltr'><strong>feretrum</strong></span> <span class='ocrx_word' id='word_1_219' title='bbox 1637 1960 1810 2017; x_wconf 90' lang='lat' dir='ltr'><strong>tuum,</strong></span> 
     </span>
    </p>
   </div>
   <div class='ocr_carea' id='block_1_35' title="bbox 222 2039 1815 2114">
    <p class='ocr_par' dir='ltr' id='par_1_35' title="bbox 222 2039 1815 2114">
     <span class='ocr_line' id='line_1_35' title="bbox 222 2039 1815 2114; baseline 0.003 -20"><span class='ocrx_word' id='word_1_220' title='bbox 222 2050 355 2094; x_wconf 76' lang='lat' dir='ltr'><strong>cuin</strong></span> <span class='ocrx_word' id='word_1_221' title='bbox 385 2040 441 2094; x_wconf 88' lang='lat' dir='ltr'><strong>in</strong></span> <span class='ocrx_word' id='word_1_222' title='bbox 469 2039 559 2095; x_wconf 87' lang='lat' dir='ltr'><strong>die</strong></span> <span class='ocrx_word' id='word_1_223' title='bbox 588 2041 748 2096; x_wconf 86' lang='lat' dir='ltr'><strong>tertia</strong></span> <span class='ocrx_word' id='word_1_224' title='bbox 778 2050 1059 2112; x_wconf 81' lang='lat' dir='ltr'><strong>assumpta</strong></span> <span class='ocrx_word' id='word_1_225' title='bbox 1085 2041 1261 2098; x_wconf 86' lang='lat' dir='ltr'><strong>fueris</strong></span> <span class='ocrx_word' id='word_1_226' title='bbox 1293 2045 1360 2099; x_wconf 87' lang='lat' dir='ltr'><strong>de</strong></span> <span class='ocrx_word' id='word_1_227' title='bbox 1390 2057 1640 2114; x_wconf 89' lang='lat' dir='ltr'><strong>corpore.</strong></span> <span class='ocrx_word' id='word_1_228' title='bbox 1675 2040 1815 2099; x_wconf 90' lang='lat' dir='ltr'><strong>Ecce</strong></span> 
     </span>
    </p>
   </div>
   <div class='ocr_carea' id='block_1_36' title="bbox 223 2131 1810 2203">
    <p class='ocr_par' dir='ltr' id='par_1_36' title="bbox 223 2131 1810 2203">
     <span class='ocr_line' id='line_1_36' title="bbox 223 2131 1810 2203; baseline 0.003 -17"><span class='ocrx_word' id='word_1_229' title='bbox 223 2131 380 2186; x_wconf 80' lang='lat' dir='ltr'><strong>enim</strong></span> <span class='ocrx_word' id='word_1_230' title='bbox 403 2140 684 2203; x_wconf 82' lang='lat' dir='ltr'><strong>exspectat</strong></span> <span class='ocrx_word' id='word_1_231' title='bbox 712 2140 766 2189; x_wconf 92' lang='lat' dir='ltr'><strong>te</strong></span> <span class='ocrx_word' id='word_1_232' title='bbox 793 2132 967 2190; x_wconf 86' lang='lat' dir='ltr'><strong>Filius</strong></span> <span class='ocrx_word' id='word_1_233' title='bbox 1002 2142 1153 2201; x_wconf 86' lang='lat' dir='ltr'><strong>tuus,</strong></span> <span class='ocrx_word' id='word_1_234' title='bbox 1199 2150 1323 2190; x_wconf 86' lang='lat' dir='ltr'><strong>cum</strong></span> <span class='ocrx_word' id='word_1_235' title='bbox 1367 2135 1582 2191; x_wconf 84' lang='lat' dir='ltr'><strong>thronis</strong></span> <span class='ocrx_word' id='word_1_236' title='bbox 1620 2150 1675 2191; x_wconf 85' lang='lat' dir='ltr'><strong>et</strong></span> <span class='ocrx_word' id='word_1_237' title='bbox 1710 2152 1810 2191; x_wconf 87' lang='lat' dir='ltr'><strong>an-</strong></span> 
     </span>
    </p>
   </div>
   <div class='ocr_carea' id='block_1_37' title="bbox 228 2225 1817 2294">
    <p class='ocr_par' dir='ltr' id='par_1_37' title="bbox 228 2225 1817 2294">
     <span class='ocr_line' id='line_1_37' title="bbox 228 2225 1817 2294; baseline 0.004 -16"><span class='ocrx_word' id='word_1_238' title='bbox 228 2225 391 2294; x_wconf 86' lang='lat' dir='ltr'><strong>gelis,</strong></span> <span class='ocrx_word' id='word_1_239' title='bbox 417 2232 472 2280; x_wconf 80' lang='lat' dir='ltr'><strong>et</strong></span> <span class='ocrx_word' id='word_1_240' title='bbox 498 2226 773 2282; x_wconf 80' lang='lat' dir='ltr'><strong>universis</strong></span> <span class='ocrx_word' id='word_1_241' title='bbox 796 2228 921 2283; x_wconf 71' lang='lat' dir='ltr'><strong>coeli</strong></span> <span class='ocrx_word' id='word_1_242' title='bbox 954 2228 1269 2284; x_wconf 84' lang='lat' dir='ltr'><strong>virtutibus.</strong></span> <span class='ocrx_word' id='word_1_243' title='bbox 1301 2227 1457 2284; x_wconf 87' lang='lat' dir='ltr'><strong>Tunc</strong></span> <span class='ocrx_word' id='word_1_244' title='bbox 1487 2228 1659 2284; x_wconf 84' lang='lat' dir='ltr'><strong>Maria</strong></span> <span class='ocrx_word' id='word_1_245' title='bbox 1679 2229 1817 2285; x_wconf 80' lang='lat' dir='ltr'><strong>dixit</strong></span> 
     </span>
    </p>
   </div>
   <div class='ocr_carea' id='block_1_38' title="bbox 227 2317 1816 2395">
    <p class='ocr_par' dir='ltr' id='par_1_38' title="bbox 227 2317 1816 2395">
     <span class='ocr_line' id='line_1_38' title="bbox 227 2317 1816 2395; baseline 0.005 -25"><span class='ocrx_word' id='word_1_246' title='bbox 227 2320 298 2371; x_wconf 83' lang='lat' dir='ltr'><strong>ad</strong></span> <span class='ocrx_word' id='word_1_247' title='bbox 320 2317 578 2389; x_wconf 74' lang='lat' dir='ltr'><strong>angelum</strong></span> <span class='ocrx_word' id='word_1_248' title='bbox 614 2337 627 2372; x_wconf 94' lang='lat'><strong>:</strong></span> <span class='ocrx_word' id='word_1_249' title='bbox 677 2317 811 2375; x_wconf 76' lang='lat' dir='ltr'><strong>P-eto</strong></span> <span class='ocrx_word' id='word_1_250' title='bbox 844 2320 942 2376; x_wconf 86' lang='lat' dir='ltr'><strong>abs</strong></span> <span class='ocrx_word' id='word_1_251' title='bbox 964 2328 1019 2375; x_wconf 91' lang='lat' dir='ltr'><strong>te</strong></span> <span class='ocrx_word' id='word_1_252' title='bbox 1044 2334 1196 2394; x_wconf 88' lang='lat' dir='ltr'><strong>ergo,</strong></span> <span class='ocrx_word' id='word_1_253' title='bbox 1236 2331 1296 2377; x_wconf 93' lang='lat' dir='ltr'><strong>ut</strong></span> <span class='ocrx_word' id='word_1_254' title='bbox 1321 2334 1722 2395; x_wconf 83' lang='lat' dir='ltr'><strong>congregemur</strong></span> <span class='ocrx_word' id='word_1_255' title='bbox 1748 2324 1816 2378; x_wconf 91' lang='lat' dir='ltr'><strong>ad</strong></span> 
     </span>
    </p>
   </div>
   <div class='ocr_carea' id='block_1_39' title="bbox 229 2410 1813 2482">
    <p class='ocr_par' dir='ltr' id='par_1_39' title="bbox 229 2410 1813 2482">
     <span class='ocr_line' id='line_1_39' title="bbox 229 2410 1813 2482; baseline 0.004 -19"><span class='ocrx_word' id='word_1_256' title='bbox 229 2424 322 2464; x_wconf 89' lang='lat' dir='ltr'><strong>me</strong></span> <span class='ocrx_word' id='word_1_257' title='bbox 349 2422 545 2469; x_wconf 78' lang='lat' dir='ltr'><strong>omnes</strong></span> <span class='ocrx_word' id='word_1_258' title='bbox 574 2411 807 2482; x_wconf 84' lang='lat' dir='ltr'><strong>apostoli</strong></span> <span class='ocrx_word' id='word_1_259' title='bbox 854 2410 1071 2468; x_wconf 87' lang='lat' dir='ltr'><strong>Domini</strong></span> <span class='ocrx_word' id='word_1_260' title='bbox 1125 2414 1231 2469; x_wconf 89' lang='lat' dir='ltr'><strong>mei</strong></span> <span class='ocrx_word' id='word_1_261' title='bbox 1270 2413 1402 2471; x_wconf 85' lang='lat' dir='ltr'><strong>Jesu</strong></span> <span class='ocrx_word' id='word_1_262' title='bbox 1448 2414 1678 2472; x_wconf 85' lang='lat' dir='ltr'><strong>Christi.</strong></span> <span class='ocrx_word' id='word_1_263' title='bbox 1711 2415 1813 2471; x_wconf 93' lang='lat' dir='ltr'><strong>Cui</strong></span> 
     </span>
    </p>
   </div>
   <div class='ocr_carea' id='block_1_40' title="bbox 227 2501 1819 2578">
    <p class='ocr_par' dir='ltr' id='par_1_40' title="bbox 227 2501 1819 2578">
     <span class='ocr_line' id='line_1_40' title="bbox 227 2501 1819 2578; baseline 0.005 -22"><span class='ocrx_word' id='word_1_264' title='bbox 227 2501 459 2571; x_wconf 80' lang='lat' dir='ltr'><strong>angelus</strong></span> <span class='ocrx_word' id='word_1_265' title='bbox 491 2502 663 2558; x_wconf 89' lang='lat' dir='ltr'><strong>dixit:</strong></span> <span class='ocrx_word' id='word_1_266' title='bbox 695 2502 858 2571; x_wconf 87' lang='lat' dir='ltr'><strong>Ecce,</strong></span> <span class='ocrx_word' id='word_1_267' title='bbox 885 2504 1081 2576; x_wconf 86' lang='lat' dir='ltr'><strong>inquit,</strong></span> <span class='ocrx_word' id='word_1_268' title='bbox 1110 2506 1278 2563; x_wconf 82' lang='lat' dir='ltr'><strong>hodie</strong></span> <span class='ocrx_word' id='word_1_269' title='bbox 1305 2522 1401 2578; x_wconf 89' lang='lat' dir='ltr'><strong>per</strong></span> <span class='ocrx_word' id='word_1_270' title='bbox 1426 2508 1681 2565; x_wconf 89' lang='lat' dir='ltr'><strong>virtutem</strong></span> <span class='ocrx_word' id='word_1_271' title='bbox 1715 2507 1819 2564; x_wconf 85' lang='lat' dir='ltr'><strong>Do-</strong></span> 
     </span>
    </p>
   </div>
   <div class='ocr_carea' id='block_1_41' title="bbox 230 2593 1816 2673">
    <p class='ocr_par' dir='ltr' id='par_1_41' title="bbox 230 2593 1816 2673">
     <span class='ocr_line' id='line_1_41' title="bbox 230 2593 1816 2673; baseline 0.005 -25"><span class='ocrx_word' id='word_1_272' title='bbox 230 2595 370 2649; x_wconf 85' lang='lat' dir='ltr'><strong>mini</strong></span> <span class='ocrx_word' id='word_1_273' title='bbox 413 2595 521 2651; x_wconf 87' lang='lat' dir='ltr'><strong>mei</strong></span> <span class='ocrx_word' id='word_1_274' title='bbox 566 2593 696 2652; x_wconf 66' lang='lat' dir='ltr'><strong>Iesu</strong></span> <span class='ocrx_word' id='word_1_275' title='bbox 734 2594 981 2663; x_wconf 84' lang='lat' dir='ltr'><strong>Christi,</strong></span> <span class='ocrx_word' id='word_1_276' title='bbox 1026 2610 1231 2655; x_wconf 88' lang='lat' dir='ltr'><strong>omnes</strong></span> <span class='ocrx_word' id='word_1_277' title='bbox 1258 2602 1489 2669; x_wconf 86' lang='lat' dir='ltr'><strong>apostoli</strong></span> <span class='ocrx_word' id='word_1_278' title='bbox 1546 2602 1816 2673; x_wconf 89' lang='lat' dir='ltr'><strong>assumpti</strong></span> 
     </span>
    </p>
   </div>
   <div class='ocr_carea' id='block_1_42' title="bbox 232 2685 1817 2763">
    <p class='ocr_par' dir='ltr' id='par_1_42' title="bbox 232 2685 1817 2763">
     <span class='ocr_line' id='line_1_42' title="bbox 232 2685 1817 2763; baseline 0.004 -22"><span class='ocrx_word' id='word_1_279' title='bbox 232 2686 346 2742; x_wconf 86' lang='lat' dir='ltr'><strong>huc</strong></span> <span class='ocrx_word' id='word_1_280' title='bbox 373 2685 442 2741; x_wconf 85' lang='lat' dir='ltr'><strong>ad</strong></span> <span class='ocrx_word' id='word_1_281' title='bbox 470 2694 525 2742; x_wconf 90' lang='lat' dir='ltr'><strong>te</strong></span> <span class='ocrx_word' id='word_1_282' title='bbox 551 2687 793 2743; x_wconf 88' lang='lat' dir='ltr'><strong>venient.</strong></span> <span class='ocrx_word' id='word_1_283' title='bbox 824 2685 890 2743; x_wconf 89' lang='lat' dir='ltr'><strong>Et</strong></span> <span class='ocrx_word' id='word_1_284' title='bbox 908 2689 987 2744; x_wconf 89' lang='lat' dir='ltr'><strong>ait</strong></span> <span class='ocrx_word' id='word_1_285' title='bbox 1012 2689 1091 2744; x_wconf 89' lang='lat' dir='ltr'><strong>illi</strong></span> <span class='ocrx_word' id='word_1_286' title='bbox 1114 2688 1320 2746; x_wconf 84' lang='lat' dir='ltr'><strong>Maria:</strong></span> <span class='ocrx_word' id='word_1_287' title='bbox 1357 2689 1509 2763; x_wconf 80' lang='lat' dir='ltr'><strong>Rego</strong></span> <span class='ocrx_word' id='word_1_288' title='bbox 1538 2700 1597 2747; x_wconf 92' lang='lat' dir='ltr'><strong>ut</strong></span> <span class='ocrx_word' id='word_1_289' title='bbox 1630 2693 1817 2747; x_wconf 90' lang='lat' dir='ltr'><strong>mittas</strong></span> 
     </span>
    </p>
   </div>
   <div class='ocr_carea' id='block_1_43' title="bbox 234 2780 1818 2856">
    <p class='ocr_par' dir='ltr' id='par_1_43' title="bbox 234 2780 1818 2856">
     <span class='ocr_line' id='line_1_43' title="bbox 234 2780 1818 2856; baseline 0.004 -22"><span class='ocrx_word' id='word_1_290' title='bbox 234 2792 405 2848; x_wconf 87' lang='lat' dir='ltr'><strong>super</strong></span> <span class='ocrx_word' id='word_1_291' title='bbox 430 2792 523 2835; x_wconf 88' lang='lat' dir='ltr'><strong>me</strong></span> <span class='ocrx_word' id='word_1_292' title='bbox 559 2780 997 2838; x_wconf 88' lang='lat' dir='ltr'><strong>benedictionem</strong></span> <span class='ocrx_word' id='word_1_293' title='bbox 1036 2788 1186 2839; x_wconf 91' lang='lat' dir='ltr'><strong>tuam</strong></span> <span class='ocrx_word' id='word_1_294' title='bbox 1213 2825 1228 2852; x_wconf 95' lang='lat'><strong>,</strong></span> <span class='ocrx_word' id='word_1_295' title='bbox 1282 2793 1344 2839; x_wconf 90' lang='lat' dir='ltr'><strong>ut</strong></span> <span class='ocrx_word' id='word_1_296' title='bbox 1382 2786 1533 2840; x_wconf 91' lang='lat' dir='ltr'><strong>nulla</strong></span> <span class='ocrx_word' id='word_1_297' title='bbox 1576 2794 1818 2856; x_wconf 87' lang='lat' dir='ltr'><strong>potestas</strong></span> 
     </span>
    </p>
   </div>
   <div class='ocr_carea' id='block_1_44' title="bbox 234 2870 1885 2948">
    <p class='ocr_par' dir='ltr' id='par_1_44' title="bbox 234 2870 1885 2948">
     <span class='ocr_line' id='line_1_44' title="bbox 234 2870 1885 2948; baseline 0.006 -23"><span class='ocrx_word' id='word_1_298' title='bbox 234 2870 437 2926; x_wconf 81' lang='lat' dir='ltr'><strong>inferni</strong></span> <span class='ocrx_word' id='word_1_299' title='bbox 467 2886 722 2929; x_wconf 88' lang='lat' dir='ltr'><strong>occurrat</strong></span> <span class='ocrx_word' id='word_1_300' title='bbox 742 2875 879 2930; x_wconf 87' lang='lat' dir='ltr'><strong>mihi</strong></span> <span class='ocrx_word' id='word_1_301' title='bbox 909 2875 965 2931; x_wconf 89' lang='lat' dir='ltr'><strong>in</strong></span> <span class='ocrx_word' id='word_1_302' title='bbox 1008 2876 1101 2932; x_wconf 86' lang='lat' dir='ltr'><strong>illa</strong></span> <span class='ocrx_word' id='word_1_303' title='bbox 1134 2877 1292 2943; x_wconf 88' lang='lat' dir='ltr'><strong>hora,</strong></span> <span class='ocrx_word' id='word_1_304' title='bbox 1325 2893 1434 2948; x_wconf 90' lang='lat' dir='ltr'><strong>qua</strong></span> <span class='ocrx_word' id='word_1_305' title='bbox 1465 2879 1647 2935; x_wconf 86' lang='lat' dir='ltr'><strong>anima</strong></span> <span class='ocrx_word' id='word_1_306' title='bbox 1694 2895 1817 2935; x_wconf 90' lang='lat' dir='ltr'><strong>mea</strong></span> <span class='ocrx_word' id='word_1_307' title='bbox 1884 2894 1885 2897; x_wconf 75' lang='lat'>‘</span> 
     </span>
    </p>
   </div>
   <div class='ocr_carea' id='block_1_45' title="bbox 234 2963 1814 3046">
    <p class='ocr_par' dir='ltr' id='par_1_45' title="bbox 234 2963 1814 3046">
     <span class='ocr_line' id='line_1_45' title="bbox 234 2963 1814 3046; baseline 0.008 -28"><span class='ocrx_word' id='word_1_308' title='bbox 234 2963 405 3020; x_wconf 89' lang='lat' dir='ltr'><strong>fuerit</strong></span> <span class='ocrx_word' id='word_1_309' title='bbox 433 2979 654 3038; x_wconf 82' lang='lat' dir='ltr'><strong>egressa</strong></span> <span class='ocrx_word' id='word_1_310' title='bbox 685 2969 754 3025; x_wconf 87' lang='lat' dir='ltr'><strong>de</strong></span> <span class='ocrx_word' id='word_1_311' title='bbox 783 2985 1041 3040; x_wconf 84' lang='lat' dir='ltr'><strong>corpore,</strong></span> <span class='ocrx_word' id='word_1_312' title='bbox 1084 2982 1140 3028; x_wconf 92' lang='lat' dir='ltr'><strong>et</strong></span> <span class='ocrx_word' id='word_1_313' title='bbox 1169 2988 1238 3028; x_wconf 90' lang='lat' dir='ltr'><strong>ne</strong></span> <span class='ocrx_word' id='word_1_314' title='bbox 1270 2974 1481 3029; x_wconf 89' lang='lat' dir='ltr'><strong>videam</strong></span> <span class='ocrx_word' id='word_1_315' title='bbox 1515 2976 1814 3046; x_wconf 87' lang='lat' dir='ltr'><strong>principem</strong></span> 
     </span>
    </p>
   </div>
   <div class='ocr_carea' id='block_1_46' title="bbox 231 3057 1817 3136">
    <p class='ocr_par' dir='ltr' id='par_1_46' title="bbox 231 3057 1817 3136">
     <span class='ocr_line' id='line_1_46' title="bbox 231 3057 1817 3136; baseline 0.01 -25"><span class='ocrx_word' id='word_1_316' title='bbox 231 3057 609 3116; x_wconf 80' lang='lat' dir='ltr'><strong>tenebrarum.</strong></span> <span class='ocrx_word' id='word_1_317' title='bbox 658 3059 750 3115; x_wconf 80' lang='lat' dir='ltr'><strong>Ait</strong></span> <span class='ocrx_word' id='word_1_318' title='bbox 791 3070 973 3121; x_wconf 79' lang='lat' dir='ltr'><strong>autem</strong></span> <span class='ocrx_word' id='word_1_319' title='bbox 1014 3065 1241 3136; x_wconf 78' lang='lat' dir='ltr'><strong>angelus</strong></span> <span class='ocrx_word' id='word_1_320' title='bbox 1277 3067 1344 3122; x_wconf 92' lang='lat' dir='ltr'><strong>ad</strong></span> <span class='ocrx_word' id='word_1_321' title='bbox 1375 3083 1535 3123; x_wconf 89' lang='lat' dir='ltr'><strong>eam:</strong></span> <span class='ocrx_word' id='word_1_322' title='bbox 1570 3068 1817 3127; x_wconf 78' lang='lat' dir='ltr'><strong>Potestas</strong></span> 
     </span>
    </p>
   </div>
   <div class='ocr_carea' id='block_1_47' title="bbox 1915 1961 3495 2036">
    <p class='ocr_par' dir='ltr' id='par_1_47' title="bbox 1915 1961 3495 2036">
     <span class='ocr_line' id='line_1_47' title="bbox 1915 1961 3495 2036; baseline 0.004 -19"><span class='ocrx_word' id='word_1_323' title='bbox 1915 1961 2205 2030; x_wconf 84' lang='lat' dir='ltr'><strong>Quomodo</strong></span> <span class='ocrx_word' id='word_1_324' title='bbox 2244 1978 2345 2036; x_wconf 90' lang='lat' dir='ltr'><strong>ego</strong></span> <span class='ocrx_word' id='word_1_325' title='bbox 2392 1965 2543 2022; x_wconf 89' lang='lat' dir='ltr'><strong>solus</strong></span> <span class='ocrx_word' id='word_1_326' title='bbox 2588 1967 2794 2036; x_wconf 86' lang='lat' dir='ltr'><strong>parabo</strong></span> <span class='ocrx_word' id='word_1_327' title='bbox 2836 1967 2970 2033; x_wconf 91' lang='lat' dir='ltr'><strong>tibi,</strong></span> <span class='ocrx_word' id='word_1_328' title='bbox 3026 1967 3284 2033; x_wconf 91' lang='lat' dir='ltr'><strong>Domina,</strong></span> <span class='ocrx_word' id='word_1_329' title='bbox 3334 1982 3495 2025; x_wconf 82' lang='lat' dir='ltr'><strong>exse-</strong></span> 
     </span>
    </p>
   </div>
   <div class='ocr_carea' id='block_1_48' title="bbox 1917 2055 3498 2129">
    <p class='ocr_par' dir='ltr' id='par_1_48' title="bbox 1917 2055 3498 2129">
     <span class='ocr_line' id='line_1_48' title="bbox 1917 2055 3498 2129; baseline 0.002 -19"><span class='ocrx_word' id='word_1_330' title='bbox 1917 2056 2109 2125; x_wconf 85' lang='lat' dir='ltr'><strong>quias;</strong></span> <span class='ocrx_word' id='word_1_331' title='bbox 2141 2056 2249 2112; x_wconf 88' lang='lat' dir='ltr'><strong>nisi</strong></span> <span class='ocrx_word' id='word_1_332' title='bbox 2278 2057 2527 2112; x_wconf 88' lang='lat' dir='ltr'><strong>venerint</strong></span> <span class='ocrx_word' id='word_1_333' title='bbox 2553 2055 2750 2112; x_wconf 81' lang='lat' dir='ltr'><strong>fratres</strong></span> <span class='ocrx_word' id='word_1_334' title='bbox 2782 2059 2909 2125; x_wconf 87' lang='lat' dir='ltr'><strong>mei,</strong></span> <span class='ocrx_word' id='word_1_335' title='bbox 2942 2058 3196 2129; x_wconf 90' lang='lat' dir='ltr'><strong>discipuli</strong></span> <span class='ocrx_word' id='word_1_336' title='bbox 3218 2067 3273 2113; x_wconf 91' lang='lat' dir='ltr'><strong>et</strong></span> <span class='ocrx_word' id='word_1_337' title='bbox 3298 2073 3498 2129; x_wconf 87' lang='lat' dir='ltr'><strong>coapo-</strong></span> 
     </span>
    </p>
   </div>
   <div class='ocr_carea' id='block_1_49' title="bbox 1916 2146 3496 2214">
    <p class='ocr_par' dir='ltr' id='par_1_49' title="bbox 1916 2146 3496 2214">
     <span class='ocr_line' id='line_1_49' title="bbox 1916 2146 3496 2214; baseline 0.003 -14"><span class='ocrx_word' id='word_1_338' title='bbox 1916 2147 2041 2200; x_wconf 87' lang='lat' dir='ltr'><strong>stoli</strong></span> <span class='ocrx_word' id='word_1_339' title='bbox 2091 2146 2304 2201; x_wconf 84' lang='lat' dir='ltr'><strong>Domini</strong></span> <span class='ocrx_word' id='word_1_340' title='bbox 2358 2148 2532 2204; x_wconf 89' lang='lat' dir='ltr'><strong>nostri</strong></span> <span class='ocrx_word' id='word_1_341' title='bbox 2571 2146 2703 2205; x_wconf 82' lang='lat' dir='ltr'><strong>Jesu</strong></span> <span class='ocrx_word' id='word_1_342' title='bbox 2750 2148 2989 2214; x_wconf 87' lang='lat' dir='ltr'><strong>Christi,</strong></span> <span class='ocrx_word' id='word_1_343' title='bbox 3043 2150 3111 2205; x_wconf 90' lang='lat' dir='ltr'><strong>ad</strong></span> <span class='ocrx_word' id='word_1_344' title='bbox 3160 2150 3496 2206; x_wconf 89' lang='lat' dir='ltr'><strong>reddendum</strong></span> 
     </span>
    </p>
   </div>
   <div class='ocr_carea' id='block_1_50' title="bbox 1914 2238 3499 2311">
    <p class='ocr_par' dir='ltr' id='par_1_50' title="bbox 1914 2238 3499 2311">
     <span class='ocr_line' id='line_1_50' title="bbox 1914 2238 3499 2311; baseline 0.002 -18"><span class='ocrx_word' id='word_1_345' title='bbox 1914 2239 2181 2295; x_wconf 88' lang='lat' dir='ltr'><strong>honorem</strong></span> <span class='ocrx_word' id='word_1_346' title='bbox 2215 2241 2541 2311; x_wconf 90' lang='lat' dir='ltr'><strong>corpusculo</strong></span> <span class='ocrx_word' id='word_1_347' title='bbox 2574 2241 2710 2297; x_wconf 82' lang='lat' dir='ltr'><strong>tuo?</strong></span> <span class='ocrx_word' id='word_1_348' title='bbox 2758 2238 2824 2297; x_wconf 88' lang='lat' dir='ltr'><strong>Et</strong></span> <span class='ocrx_word' id='word_1_349' title='bbox 2864 2240 3066 2298; x_wconf 85' lang='lat' dir='ltr'><strong>factum</strong></span> <span class='ocrx_word' id='word_1_350' title='bbox 3095 2251 3181 2298; x_wconf 90' lang='lat' dir='ltr'><strong>est</strong></span> <span class='ocrx_word' id='word_1_351' title='bbox 3221 2260 3233 2296; x_wconf 93' lang='lat'><strong>:</strong></span> <span class='ocrx_word' id='word_1_352' title='bbox 3275 2252 3331 2298; x_wconf 91' lang='lat' dir='ltr'><strong>et</strong></span> <span class='ocrx_word' id='word_1_353' title='bbox 3371 2257 3499 2299; x_wconf 91' lang='lat' dir='ltr'><strong>ecce</strong></span> 
     </span>
    </p>
   </div>
   <div class='ocr_carea' id='block_1_51' title="bbox 1918 2332 3494 2406">
    <p class='ocr_par' dir='ltr' id='par_1_51' title="bbox 1918 2332 3494 2406">
     <span class='ocr_line' id='line_1_51' title="bbox 1918 2332 3494 2406; baseline 0.003 -20"><span class='ocrx_word' id='word_1_354' title='bbox 1918 2332 2122 2400; x_wconf 87' lang='lat' dir='ltr'><strong>subito,</strong></span> <span class='ocrx_word' id='word_1_355' title='bbox 2158 2346 2256 2402; x_wconf 90' lang='lat' dir='ltr'><strong>per</strong></span> <span class='ocrx_word' id='word_1_356' title='bbox 2283 2333 2574 2404; x_wconf 89' lang='lat' dir='ltr'><strong>imperium</strong></span> <span class='ocrx_word' id='word_1_357' title='bbox 2605 2333 2722 2401; x_wconf 82' lang='lat' dir='ltr'><strong>Dei,</strong></span> <span class='ocrx_word' id='word_1_358' title='bbox 2763 2348 2954 2391; x_wconf 89' lang='lat' dir='ltr'><strong>omnes</strong></span> <span class='ocrx_word' id='word_1_359' title='bbox 2982 2335 3215 2406; x_wconf 87' lang='lat' dir='ltr'><strong>apostoli</strong></span> <span class='ocrx_word' id='word_1_360' title='bbox 3242 2335 3311 2405; x_wconf 87' lang='lat' dir='ltr'><strong>de</strong></span> <span class='ocrx_word' id='word_1_361' title='bbox 3337 2336 3494 2398; x_wconf 88' lang='lat' dir='ltr'><strong>locis,</strong></span> 
     </span>
    </p>
   </div>
   <div class='ocr_carea' id='block_1_52' title="bbox 1919 2423 3499 2495">
    <p class='ocr_par' dir='ltr' id='par_1_52' title="bbox 1919 2423 3499 2495">
     <span class='ocr_line' id='line_1_52' title="bbox 1919 2423 3499 2495; baseline 0.004 -19"><span class='ocrx_word' id='word_1_362' title='bbox 1919 2423 1973 2477; x_wconf 85' lang='lat' dir='ltr'><strong>in</strong></span> <span class='ocrx_word' id='word_1_363' title='bbox 1996 2423 2198 2494; x_wconf 88' lang='lat' dir='ltr'><strong>quibus</strong></span> <span class='ocrx_word' id='word_1_364' title='bbox 2236 2424 2605 2495; x_wconf 78' lang='lat' dir='ltr'><strong>praedicabant</strong></span> <span class='ocrx_word' id='word_1_365' title='bbox 2630 2425 2856 2481; x_wconf 89' lang='lat' dir='ltr'><strong>verbum</strong></span> <span class='ocrx_word' id='word_1_366' title='bbox 2890 2426 3003 2493; x_wconf 91' lang='lat' dir='ltr'><strong>Dei,</strong></span> <span class='ocrx_word' id='word_1_367' title='bbox 3044 2427 3238 2482; x_wconf 89' lang='lat' dir='ltr'><strong>elevati</strong></span> <span class='ocrx_word' id='word_1_368' title='bbox 3268 2427 3322 2481; x_wconf 93' lang='lat' dir='ltr'><strong>in</strong></span> <span class='ocrx_word' id='word_1_369' title='bbox 3351 2439 3499 2482; x_wconf 83' lang='lat' dir='ltr'><strong>nunc</strong></span> 
     </span>
    </p>
   </div>
   <div class='ocr_carea' id='block_1_53' title="bbox 1915 2519 3497 2592">
    <p class='ocr_par' dir='ltr' id='par_1_53' title="bbox 1915 2519 3497 2592">
     <span class='ocr_line' id='line_1_53' title="bbox 1915 2519 3497 2592; baseline 0.003 -19"><span class='ocrx_word' id='word_1_370' title='bbox 1915 2519 2058 2586; x_wconf 86' lang='lat' dir='ltr'><strong>rapti</strong></span> <span class='ocrx_word' id='word_1_371' title='bbox 2101 2529 2249 2585; x_wconf 88' lang='lat' dir='ltr'><strong>sunt,</strong></span> <span class='ocrx_word' id='word_1_372' title='bbox 2280 2530 2333 2575; x_wconf 92' lang='lat' dir='ltr'><strong>et</strong></span> <span class='ocrx_word' id='word_1_373' title='bbox 2368 2519 2600 2591; x_wconf 91' lang='lat' dir='ltr'><strong>depositi</strong></span> <span class='ocrx_word' id='word_1_374' title='bbox 2642 2529 2769 2575; x_wconf 87' lang='lat' dir='ltr'><strong>ante</strong></span> <span class='ocrx_word' id='word_1_375' title='bbox 2798 2522 2998 2576; x_wconf 81' lang='lat' dir='ltr'><strong>ostium</strong></span> <span class='ocrx_word' id='word_1_376' title='bbox 3027 2522 3247 2587; x_wconf 90' lang='lat' dir='ltr'><strong>domus,</strong></span> <span class='ocrx_word' id='word_1_377' title='bbox 3299 2522 3353 2576; x_wconf 91' lang='lat' dir='ltr'><strong>in</strong></span> <span class='ocrx_word' id='word_1_378' title='bbox 3390 2538 3497 2592; x_wconf 87' lang='lat' dir='ltr'><strong>qua</strong></span> 
     </span>
    </p>
   </div>
   <div class='ocr_carea' id='block_1_54' title="bbox 1919 2612 3500 2682">
    <p class='ocr_par' dir='ltr' id='par_1_54' title="bbox 1919 2612 3500 2682">
     <span class='ocr_line' id='line_1_54' title="bbox 1919 2612 3500 2682; baseline 0.003 -15"><span class='ocrx_word' id='word_1_379' title='bbox 1919 2613 2204 2668; x_wconf 84' lang='lat' dir='ltr'><strong>habitabat</strong></span> <span class='ocrx_word' id='word_1_380' title='bbox 2247 2612 2417 2668; x_wconf 82' lang='lat' dir='ltr'><strong>Maria</strong></span> <span class='ocrx_word' id='word_1_381' title='bbox 2458 2613 2675 2669; x_wconf 87' lang='lat' dir='ltr'><strong>Domini</strong></span> <span class='ocrx_word' id='word_1_382' title='bbox 2719 2612 2891 2669; x_wconf 85' lang='lat' dir='ltr'><strong>Mater</strong></span> <span class='ocrx_word' id='word_1_383' title='bbox 2917 2658 2931 2682; x_wconf 94' lang='lat'><strong>,</strong></span> <span class='ocrx_word' id='word_1_384' title='bbox 2996 2623 3052 2670; x_wconf 88' lang='lat' dir='ltr'><strong>et</strong></span> <span class='ocrx_word' id='word_1_385' title='bbox 3094 2615 3395 2671; x_wconf 89' lang='lat' dir='ltr'><strong>salutantes</strong></span> <span class='ocrx_word' id='word_1_386' title='bbox 3441 2629 3500 2671; x_wconf 87' lang='lat' dir='ltr'><strong>se</strong></span> 
     </span>
    </p>
   </div>
   <div class='ocr_carea' id='block_1_55' title="bbox 1918 2702 3501 2777">
    <p class='ocr_par' dir='ltr' id='par_1_55' title="bbox 1918 2702 3501 2777">
     <span class='ocr_line' id='line_1_55' title="bbox 1918 2702 3501 2777; baseline 0.001 -20"><span class='ocrx_word' id='word_1_387' title='bbox 1918 2702 2176 2770; x_wconf 81' lang='lat' dir='ltr'><strong>invicem,</strong></span> <span class='ocrx_word' id='word_1_388' title='bbox 2201 2705 2567 2769; x_wconf 88' lang='lat' dir='ltr'><strong>mirabantur,</strong></span> <span class='ocrx_word' id='word_1_389' title='bbox 2594 2705 2843 2760; x_wconf 89' lang='lat' dir='ltr'><strong>dicentes</strong></span> <span class='ocrx_word' id='word_1_390' title='bbox 2870 2723 2885 2777; x_wconf 83' lang='lat'><strong>:</strong></span> <span class='ocrx_word' id='word_1_391' title='bbox 2916 2703 3050 2772; x_wconf 67' lang='lat' dir='ltr'><strong>Quae</strong></span> <span class='ocrx_word' id='word_1_392' title='bbox 3077 2719 3241 2762; x_wconf 91' lang='lat' dir='ltr'><strong>causa</strong></span> <span class='ocrx_word' id='word_1_393' title='bbox 3274 2714 3388 2772; x_wconf 90' lang='lat' dir='ltr'><strong>est,</strong></span> <span class='ocrx_word' id='word_1_394' title='bbox 3430 2704 3501 2759; x_wconf 87' lang='lat' dir='ltr'><strong>ob</strong></span> 
     </span>
    </p>
   </div>
   <div class='ocr_carea' id='block_1_56' title="bbox 1918 2796 3506 2870">
    <p class='ocr_par' dir='ltr' id='par_1_56' title="bbox 1918 2796 3506 2870">
     <span class='ocr_line' id='line_1_56' title="bbox 1918 2796 3506 2870; baseline 0.001 -19"><span class='ocrx_word' id='word_1_395' title='bbox 1918 2812 2083 2867; x_wconf 90' lang='lat' dir='ltr'><strong>quam</strong></span> <span class='ocrx_word' id='word_1_396' title='bbox 2163 2796 2430 2853; x_wconf 86' lang='lat' dir='ltr'><strong>Dominus</strong></span> <span class='ocrx_word' id='word_1_397' title='bbox 2483 2810 2585 2853; x_wconf 88' lang='lat' dir='ltr'><strong>nos</strong></span> <span class='ocrx_word' id='word_1_398' title='bbox 2634 2797 2726 2852; x_wconf 90' lang='lat' dir='ltr'><strong>hic</strong></span> <span class='ocrx_word' id='word_1_399' title='bbox 2782 2796 2837 2850; x_wconf 92' lang='lat' dir='ltr'><strong>in</strong></span> <span class='ocrx_word' id='word_1_400' title='bbox 2891 2813 3062 2852; x_wconf 91' lang='lat' dir='ltr'><strong>unum</strong></span> <span class='ocrx_word' id='word_1_401' title='bbox 3117 2797 3506 2870; x_wconf 75' lang='lat' dir='ltr'><strong>congregavit!</strong></span> 
     </span>
    </p>
   </div>
   <div class='ocr_carea' id='block_1_57' title="bbox 1918 2888 3507 2956">
    <p class='ocr_par' dir='ltr' id='par_1_57' title="bbox 1918 2888 3507 2956">
     <span class='ocr_line' id='line_1_57' title="bbox 1918 2888 3507 2956; baseline 0.001 -11"><span class='ocrx_word' id='word_1_402' title='bbox 1918 2890 2151 2946; x_wconf 77' lang='lat' dir='ltr'><strong>Advenit</strong></span> <span class='ocrx_word' id='word_1_403' title='bbox 2191 2900 2372 2946; x_wconf 89' lang='lat' dir='ltr'><strong>autem</strong></span> <span class='ocrx_word' id='word_1_404' title='bbox 2414 2904 2539 2946; x_wconf 89' lang='lat' dir='ltr'><strong>cum</strong></span> <span class='ocrx_word' id='word_1_405' title='bbox 2577 2889 2656 2944; x_wconf 89' lang='lat' dir='ltr'><strong>eis</strong></span> <span class='ocrx_word' id='word_1_406' title='bbox 2689 2888 2931 2956; x_wconf 84' lang='lat' dir='ltr'><strong>Paulus,</strong></span> <span class='ocrx_word' id='word_1_407' title='bbox 2980 2905 3046 2945; x_wconf 78' lang='lat' dir='ltr'><strong>ex</strong></span> <span class='ocrx_word' id='word_1_408' title='bbox 3082 2890 3507 2947; x_wconf 86' lang='lat' dir='ltr'><strong>circumcisione</strong></span> 
     </span>
    </p>
   </div>
   <div class='ocr_carea' id='block_1_58' title="bbox 1920 2982 3506 3053">
    <p class='ocr_par' dir='ltr' id='par_1_58' title="bbox 1920 2982 3506 3053">
     <span class='ocr_line' id='line_1_58' title="bbox 1920 2982 3506 3053; baseline 0 -14"><span class='ocrx_word' id='word_1_409' title='bbox 1920 2998 2243 3047; x_wconf 87' lang='lat' dir='ltr'><strong>conversus,</strong></span> <span class='ocrx_word' id='word_1_410' title='bbox 2291 2982 2388 3053; x_wconf 88' lang='lat' dir='ltr'><strong>qui</strong></span> <span class='ocrx_word' id='word_1_411' title='bbox 2422 2990 2740 3052; x_wconf 85' lang='lat' dir='ltr'><strong>assumptus</strong></span> <span class='ocrx_word' id='word_1_412' title='bbox 2788 2983 2969 3037; x_wconf 86' lang='lat' dir='ltr'><strong>fuerat</strong></span> <span class='ocrx_word' id='word_1_413' title='bbox 3005 2994 3129 3037; x_wconf 89' lang='lat' dir='ltr'><strong>cum</strong></span> <span class='ocrx_word' id='word_1_414' title='bbox 3171 2982 3417 3038; x_wconf 86' lang='lat' dir='ltr'><strong>Barnaba</strong></span> <span class='ocrx_word' id='word_1_415' title='bbox 3447 2983 3506 3039; x_wconf 86' lang='lat' dir='ltr'><strong>in</strong></span> 
     </span>
    </p>
   </div>
   <div class='ocr_carea' id='block_1_59' title="bbox 1922 3073 3505 3146">
    <p class='ocr_par' dir='ltr' id='par_1_59' title="bbox 1922 3073 3505 3146">
     <span class='ocr_line' id='line_1_59' title="bbox 1922 3073 3505 3146; baseline 0.001 -14"><span class='ocrx_word' id='word_1_416' title='bbox 1922 3076 2286 3132; x_wconf 88' lang='lat' dir='ltr'><strong>ministerium</strong></span> <span class='ocrx_word' id='word_1_417' title='bbox 2328 3073 2592 3146; x_wconf 89' lang='lat' dir='ltr'><strong>gentium.</strong></span> <span class='ocrx_word' id='word_1_418' title='bbox 2640 3073 2891 3144; x_wconf 86' lang='lat' dir='ltr'><strong>Cumque</strong></span> <span class='ocrx_word' id='word_1_419' title='bbox 2924 3074 3067 3129; x_wconf 86' lang='lat' dir='ltr'><strong>inter</strong></span> <span class='ocrx_word' id='word_1_420' title='bbox 3103 3089 3199 3129; x_wconf 92' lang='lat' dir='ltr'><strong>eos</strong></span> <span class='ocrx_word' id='word_1_421' title='bbox 3234 3084 3379 3131; x_wconf 87' lang='lat' dir='ltr'><strong>esset</strong></span> <span class='ocrx_word' id='word_1_422' title='bbox 3415 3077 3505 3146; x_wconf 84' lang='lat' dir='ltr'><strong>pia</strong></span> 
     </span>
    </p>
   </div>
   <div class='ocr_carea' id='block_1_60' title="bbox 230 3152 3505 3239">
    <p class='ocr_par' dir='ltr' id='par_1_60' title="bbox 230 3152 3505 3239">
     <span class='ocr_line' id='line_1_60' title="bbox 230 3152 3505 3239; baseline 0.006 -34"><span class='ocrx_word' id='word_1_423' title='bbox 230 3152 454 3222; x_wconf 77' lang='lat' dir='ltr'><strong>quidem</strong></span> <span class='ocrx_word' id='word_1_424' title='bbox 485 3153 682 3210; x_wconf 88' lang='lat' dir='ltr'><strong>inferni</strong></span> <span class='ocrx_word' id='word_1_425' title='bbox 714 3168 824 3212; x_wconf 86' lang='lat' dir='ltr'><strong>non</strong></span> <span class='ocrx_word' id='word_1_426' title='bbox 855 3159 1073 3214; x_wconf 87' lang='lat' dir='ltr'><strong>nocebit</strong></span> <span class='ocrx_word' id='word_1_427' title='bbox 1098 3159 1226 3227; x_wconf 89' lang='lat' dir='ltr'><strong>tibi;</strong></span> <span class='ocrx_word' id='word_1_428' title='bbox 1261 3161 1693 3219; x_wconf 88' lang='lat' dir='ltr'><strong>benedictionem</strong></span> <span class='ocrx_word' id='word_1_429' title='bbox 1725 3180 1819 3220; x_wconf 90' lang='lat' dir='ltr'><strong>au-</strong></span> <span class='ocrx_word' id='word_1_430' title='bbox 1847 3167 1890 3226; x_wconf 89' lang='lat' dir='ltr'><strong>C</strong></span> <span class='ocrx_word' id='word_1_431' title='bbox 1925 3170 2220 3236; x_wconf 87' lang='lat' dir='ltr'><strong>contentio,</strong></span> <span class='ocrx_word' id='word_1_432' title='bbox 2250 3169 2374 3239; x_wconf 88' lang='lat' dir='ltr'><strong>quis</strong></span> <span class='ocrx_word' id='word_1_433' title='bbox 2398 3182 2464 3222; x_wconf 90' lang='lat' dir='ltr'><strong>ex</strong></span> <span class='ocrx_word' id='word_1_434' title='bbox 2496 3167 2576 3221; x_wconf 90' lang='lat' dir='ltr'><strong>eis</strong></span> <span class='ocrx_word' id='word_1_435' title='bbox 2616 3166 2765 3236; x_wconf 90' lang='lat' dir='ltr'><strong>prior</strong></span> <span class='ocrx_word' id='word_1_436' title='bbox 2794 3176 2975 3221; x_wconf 91' lang='lat' dir='ltr'><strong>oraret</strong></span> <span class='ocrx_word' id='word_1_437' title='bbox 3003 3168 3070 3223; x_wconf 91' lang='lat' dir='ltr'><strong>ad</strong></span> <span class='ocrx_word' id='word_1_438' title='bbox 3100 3166 3413 3232; x_wconf 90' lang='lat' dir='ltr'><strong>Dominum,</strong></span> <span class='ocrx_word' id='word_1_439' title='bbox 3442 3178 3505 3224; x_wconf 87' lang='lat' dir='ltr'><strong>ut</strong></span> 
     </span>
    </p>
   </div>
   <div class='ocr_carea' id='block_1_61' title="bbox 234 3249 1819 3327">
    <p class='ocr_par' dir='ltr' id='par_1_61' title="bbox 234 3249 1819 3327">
     <span class='ocr_line' id='line_1_61' title="bbox 234 3249 1819 3327; baseline 0.009 -29"><span class='ocrx_word' id='word_1_440' title='bbox 234 3252 347 3299; x_wconf 89' lang='lat' dir='ltr'><strong>tem</strong></span> <span class='ocrx_word' id='word_1_441' title='bbox 386 3257 648 3303; x_wconf 62' lang='lat' dir='ltr'><strong>atternam</strong></span> <span class='ocrx_word' id='word_1_442' title='bbox 678 3249 826 3305; x_wconf 89' lang='lat' dir='ltr'><strong>dedit</strong></span> <span class='ocrx_word' id='word_1_443' title='bbox 868 3251 968 3306; x_wconf 88' lang='lat' dir='ltr'><strong>tibi</strong></span> <span class='ocrx_word' id='word_1_444' title='bbox 997 3249 1262 3308; x_wconf 88' lang='lat' dir='ltr'><strong>Dominus</strong></span> <span class='ocrx_word' id='word_1_445' title='bbox 1293 3251 1437 3310; x_wconf 91' lang='lat' dir='ltr'><strong>Deus</strong></span> <span class='ocrx_word' id='word_1_446' title='bbox 1468 3265 1618 3321; x_wconf 92' lang='lat' dir='ltr'><strong>tuus,</strong></span> <span class='ocrx_word' id='word_1_447' title='bbox 1660 3256 1819 3327; x_wconf 89' lang='lat' dir='ltr'><strong>cujus</strong></span> 
     </span>
    </p>
   </div>
   <div class='ocr_carea' id='block_1_62' title="bbox 233 3345 1819 3417">
    <p class='ocr_par' dir='ltr' id='par_1_62' title="bbox 233 3345 1819 3417">
     <span class='ocr_line' id='line_1_62' title="bbox 233 3345 1819 3417; baseline 0.009 -26"><span class='ocrx_word' id='word_1_448' title='bbox 233 3349 340 3407; x_wconf 79' lang='lat' dir='ltr'><strong>ego</strong></span> <span class='ocrx_word' id='word_1_449' title='bbox 380 3352 576 3395; x_wconf 86' lang='lat' dir='ltr'><strong>servus</strong></span> <span class='ocrx_word' id='word_1_450' title='bbox 619 3355 768 3409; x_wconf 90' lang='lat' dir='ltr'><strong>sum,</strong></span> <span class='ocrx_word' id='word_1_451' title='bbox 808 3350 869 3397; x_wconf 88' lang='lat' dir='ltr'><strong>et</strong></span> <span class='ocrx_word' id='word_1_452' title='bbox 905 3345 1129 3401; x_wconf 88' lang='lat' dir='ltr'><strong>nuntius</strong></span> <span class='ocrx_word' id='word_1_453' title='bbox 1150 3363 1173 3417; x_wconf 31' lang='lat'><strong>;‘</strong></span> <span class='ocrx_word' id='word_1_454' title='bbox 1216 3360 1327 3402; x_wconf 91' lang='lat' dir='ltr'><strong>non</strong></span> <span class='ocrx_word' id='word_1_455' title='bbox 1378 3348 1597 3403; x_wconf 88' lang='lat' dir='ltr'><strong>videndi</strong></span> <span class='ocrx_word' id='word_1_456' title='bbox 1637 3359 1819 3405; x_wconf 90' lang='lat' dir='ltr'><strong>autem</strong></span> 
     </span>
    </p>
   </div>
   <div class='ocr_carea' id='block_1_63' title="bbox 231 3426 1820 3499">
    <p class='ocr_par' dir='ltr' id='par_1_63' title="bbox 231 3426 1820 3499">
     <span class='ocr_line' id='line_1_63' title="bbox 231 3426 1820 3499; baseline 0.009 -19"><span class='ocrx_word' id='word_1_457' title='bbox 231 3426 545 3498; x_wconf 81' lang='lat' dir='ltr'><strong>principem</strong></span> <span class='ocrx_word' id='word_1_458' title='bbox 590 3432 941 3489; x_wconf 87' lang='lat' dir='ltr'><strong>tenebrarum</strong></span> <span class='ocrx_word' id='word_1_459' title='bbox 973 3474 989 3499; x_wconf 92' lang='lat'><strong>,</strong></span> <span class='ocrx_word' id='word_1_460' title='bbox 1040 3434 1293 3492; x_wconf 74' lang='lat' dir='ltr'><strong>eﬂ‘ectum</strong></span> <span class='ocrx_word' id='word_1_461' title='bbox 1343 3453 1454 3492; x_wconf 91' lang='lat' dir='ltr'><strong>non</strong></span> <span class='ocrx_word' id='word_1_462' title='bbox 1513 3454 1544 3492; x_wconf 91' lang='lat' dir='ltr'><strong>a</strong></span> <span class='ocrx_word' id='word_1_463' title='bbox 1586 3455 1675 3494; x_wconf 91' lang='lat' dir='ltr'><strong>me</strong></span> <span class='ocrx_word' id='word_1_464' title='bbox 1722 3440 1820 3494; x_wconf 92' lang='lat' dir='ltr'><strong>tibi</strong></span> 
     </span>
    </p>
   </div>
   <div class='ocr_carea' id='block_1_64' title="bbox 232 3518 1822 3599">
    <p class='ocr_par' dir='ltr' id='par_1_64' title="bbox 232 3518 1822 3599">
     <span class='ocr_line' id='line_1_64' title="bbox 232 3518 1822 3599; baseline 0.009 -26"><span class='ocrx_word' id='word_1_465' title='bbox 232 3518 484 3576; x_wconf 82' lang='lat' dir='ltr'><strong>dandum</strong></span> <span class='ocrx_word' id='word_1_466' title='bbox 514 3524 820 3593; x_wconf 58' lang='lat' dir='ltr'><strong>existimes,</strong></span> <span class='ocrx_word' id='word_1_467' title='bbox 856 3528 950 3582; x_wconf 91' lang='lat' dir='ltr'><strong>sed</strong></span> <span class='ocrx_word' id='word_1_468' title='bbox 981 3528 1050 3583; x_wconf 87' lang='lat' dir='ltr'><strong>ab</strong></span> <span class='ocrx_word' id='word_1_469' title='bbox 1084 3529 1198 3595; x_wconf 91' lang='lat' dir='ltr'><strong>illo,</strong></span> <span class='ocrx_word' id='word_1_470' title='bbox 1248 3540 1410 3599; x_wconf 90' lang='lat' dir='ltr'><strong>qucnt</strong></span> <span class='ocrx_word' id='word_1_471' title='bbox 1442 3540 1496 3584; x_wconf 93' lang='lat' dir='ltr'><strong>tu</strong></span> <span class='ocrx_word' id='word_1_472' title='bbox 1536 3532 1590 3583; x_wconf 89' lang='lat' dir='ltr'><strong>in</strong></span> <span class='ocrx_word' id='word_1_473' title='bbox 1632 3540 1822 3587; x_wconf 90' lang='lat' dir='ltr'><strong>sancto</strong></span> 
     </span>
    </p>
   </div>
   <div class='ocr_carea' id='block_1_65' title="bbox 236 3616 1824 3693">
    <p class='ocr_par' dir='ltr' id='par_1_65' title="bbox 236 3616 1824 3693">
     <span class='ocr_line' id='line_1_65' title="bbox 236 3616 1824 3693; baseline 0.008 -26"><span class='ocrx_word' id='word_1_474' title='bbox 236 3620 335 3668; x_wconf 92' lang='lat' dir='ltr'><strong>tuo</strong></span> <span class='ocrx_word' id='word_1_475' title='bbox 381 3626 539 3671; x_wconf 87' lang='lat' dir='ltr'><strong>utero</strong></span> <span class='ocrx_word' id='word_1_476' title='bbox 566 3616 861 3687; x_wconf 87' lang='lat' dir='ltr'><strong>bajulasti;</strong></span> <span class='ocrx_word' id='word_1_477' title='bbox 895 3620 1069 3690; x_wconf 86' lang='lat' dir='ltr'><strong>ipsius</strong></span> <span class='ocrx_word' id='word_1_478' title='bbox 1103 3622 1249 3676; x_wconf 90' lang='lat' dir='ltr'><strong>enim</strong></span> <span class='ocrx_word' id='word_1_479' title='bbox 1292 3632 1377 3677; x_wconf 90' lang='lat' dir='ltr'><strong>est</strong></span> <span class='ocrx_word' id='word_1_480' title='bbox 1425 3631 1663 3693; x_wconf 84' lang='lat' dir='ltr'><strong>potestas</strong></span> <span class='ocrx_word' id='word_1_481' title='bbox 1707 3640 1824 3679; x_wconf 87' lang='lat' dir='ltr'><strong>om-</strong></span> 
     </span>
    </p>
   </div>
   <div class='ocr_carea' id='block_1_66' title="bbox 238 3708 1819 3786">
    <p class='ocr_par' dir='ltr' id='par_1_66' title="bbox 238 3708 1819 3786">
     <span class='ocr_line' id='line_1_66' title="bbox 238 3708 1819 3786; baseline 0.006 -24"><span class='ocrx_word' id='word_1_482' title='bbox 238 3708 394 3763; x_wconf 92' lang='lat' dir='ltr'><strong>nium</strong></span> <span class='ocrx_word' id='word_1_483' title='bbox 421 3709 476 3764; x_wconf 92' lang='lat' dir='ltr'><strong>in</strong></span> <span class='ocrx_word' id='word_1_484' title='bbox 509 3712 707 3766; x_wconf 62' lang='lat' dir='ltr'><strong>sazcula</strong></span> <span class='ocrx_word' id='word_1_485' title='bbox 734 3714 1084 3769; x_wconf 68' lang='lat' dir='ltr'><strong>saeculorum.</strong></span> <span class='ocrx_word' id='word_1_486' title='bbox 1110 3713 1177 3769; x_wconf 88' lang='lat' dir='ltr'><strong>Et</strong></span> <span class='ocrx_word' id='word_1_487' title='bbox 1205 3713 1323 3770; x_wconf 61' lang='lat' dir='ltr'><strong>hate</strong></span> <span class='ocrx_word' id='word_1_488' title='bbox 1348 3716 1538 3772; x_wconf 91' lang='lat' dir='ltr'><strong>dicens</strong></span> <span class='ocrx_word' id='word_1_489' title='bbox 1572 3716 1819 3786; x_wconf 87' lang='lat' dir='ltr'><strong>angelus,</strong></span> 
     </span>
    </p>
   </div>
   <div class='ocr_carea' id='block_1_67' title="bbox 237 3805 1822 3875">
    <p class='ocr_par' dir='ltr' id='par_1_67' title="bbox 237 3805 1822 3875">
     <span class='ocr_line' id='line_1_67' title="bbox 237 3805 1822 3875; baseline 0.006 -20"><span class='ocrx_word' id='word_1_490' title='bbox 237 3816 369 3856; x_wconf 90' lang='lat' dir='ltr'><strong>cum</strong></span> <span class='ocrx_word' id='word_1_491' title='bbox 401 3816 602 3874; x_wconf 88' lang='lat' dir='ltr'><strong>magno</strong></span> <span class='ocrx_word' id='word_1_492' title='bbox 624 3805 940 3875; x_wconf 41' lang='lat' dir='ltr'><strong>,splendore</strong></span> <span class='ocrx_word' id='word_1_493' title='bbox 970 3808 1243 3864; x_wconf 88' lang='lat' dir='ltr'><strong>discessit.</strong></span> <span class='ocrx_word' id='word_1_494' title='bbox 1273 3806 1462 3864; x_wconf 88' lang='lat' dir='ltr'><strong>Palma</strong></span> <span class='ocrx_word' id='word_1_495' title='bbox 1511 3819 1693 3865; x_wconf 90' lang='lat' dir='ltr'><strong>autem</strong></span> <span class='ocrx_word' id='word_1_496' title='bbox 1730 3810 1822 3865; x_wconf 91' lang='lat' dir='ltr'><strong>illa</strong></span> 
     </span>
    </p>
   </div>
   <div class='ocr_carea' id='block_1_68' title="bbox 239 3892 1825 3972">
    <p class='ocr_par' dir='ltr' id='par_1_68' title="bbox 239 3892 1825 3972">
     <span class='ocr_line' id='line_1_68' title="bbox 239 3892 1825 3972; baseline 0.005 -25"><span class='ocrx_word' id='word_1_497' title='bbox 239 3892 486 3965; x_wconf 87' lang='lat' dir='ltr'><strong>fulgebat</strong></span> <span class='ocrx_word' id='word_1_498' title='bbox 513 3896 677 3951; x_wconf 87' lang='lat' dir='ltr'><strong>nimia</strong></span> <span class='ocrx_word' id='word_1_499' title='bbox 724 3898 864 3954; x_wconf 87' lang='lat' dir='ltr'><strong>luce.</strong></span> <span class='ocrx_word' id='word_1_500' title='bbox 917 3897 1074 3955; x_wconf 89' lang='lat' dir='ltr'><strong>Tunc</strong></span> <span class='ocrx_word' id='word_1_501' title='bbox 1100 3899 1270 3955; x_wconf 84' lang='lat' dir='ltr'><strong>Maria</strong></span> <span class='ocrx_word' id='word_1_502' title='bbox 1296 3916 1503 3957; x_wconf 90' lang='lat' dir='ltr'><strong>exuens</strong></span> <span class='ocrx_word' id='word_1_503' title='bbox 1539 3917 1598 3958; x_wconf 89' lang='lat' dir='ltr'><strong>se</strong></span> <span class='ocrx_word' id='word_1_504' title='bbox 1629 3901 1825 3972; x_wconf 88' lang='lat' dir='ltr'><strong>priori-</strong></span> 
     </span>
    </p>
   </div>
   <div class='ocr_carea' id='block_1_69' title="bbox 239 3986 1824 4064">
    <p class='ocr_par' dir='ltr' id='par_1_69' title="bbox 239 3986 1824 4064">
     <span class='ocr_line' id='line_1_69' title="bbox 239 3986 1824 4064; baseline 0.004 -23"><span class='ocrx_word' id='word_1_505' title='bbox 239 3986 348 4042; x_wconf 87' lang='lat' dir='ltr'><strong>bus</strong></span> <span class='ocrx_word' id='word_1_506' title='bbox 380 3986 736 4056; x_wconf 87' lang='lat' dir='ltr'><strong>indumentis,</strong></span> <span class='ocrx_word' id='word_1_507' title='bbox 783 3989 960 4046; x_wconf 88' lang='lat' dir='ltr'><strong>induit</strong></span> <span class='ocrx_word' id='word_1_508' title='bbox 1004 3993 1251 4048; x_wconf 89' lang='lat' dir='ltr'><strong>meliora.</strong></span> <span class='ocrx_word' id='word_1_509' title='bbox 1286 3992 1354 4048; x_wconf 86' lang='lat' dir='ltr'><strong>Et</strong></span> <span class='ocrx_word' id='word_1_510' title='bbox 1389 3993 1664 4064; x_wconf 88' lang='lat' dir='ltr'><strong>accipiens</strong></span> <span class='ocrx_word' id='word_1_511' title='bbox 1704 3993 1824 4063; x_wconf 78' lang='lat' dir='ltr'><strong>pal-</strong></span> 
     </span>
    </p>
   </div>
   <div class='ocr_carea' id='block_1_70' title="bbox 242 4082 1823 4155">
    <p class='ocr_par' dir='ltr' id='par_1_70' title="bbox 242 4082 1823 4155">
     <span class='ocr_line' id='line_1_70' title="bbox 242 4082 1823 4155; baseline 0.006 -24"><span class='ocrx_word' id='word_1_512' title='bbox 242 4090 416 4141; x_wconf 87' lang='lat' dir='ltr'><strong>mam,</strong></span> <span class='ocrx_word' id='word_1_513' title='bbox 438 4093 603 4149; x_wconf 90' lang='lat' dir='ltr'><strong>quam</strong></span> <span class='ocrx_word' id='word_1_514' title='bbox 634 4093 950 4151; x_wconf 85' lang='lat' dir='ltr'><strong>susceperat</strong></span> <span class='ocrx_word' id='word_1_515' title='bbox 975 4082 1044 4138; x_wconf 87' lang='lat' dir='ltr'><strong>de</strong></span> <span class='ocrx_word' id='word_1_516' title='bbox 1076 4099 1243 4139; x_wconf 88' lang='lat' dir='ltr'><strong>manu</strong></span> <span class='ocrx_word' id='word_1_517' title='bbox 1266 4085 1465 4153; x_wconf 80' lang='lat' dir='ltr'><strong>angeli,</strong></span> <span class='ocrx_word' id='word_1_518' title='bbox 1495 4100 1715 4155; x_wconf 87' lang='lat' dir='ltr'><strong>egressa</strong></span> <span class='ocrx_word' id='word_1_519' title='bbox 1741 4095 1823 4140; x_wconf 91' lang='lat' dir='ltr'><strong>est</strong></span> 
     </span>
    </p>
   </div>
   <div class='ocr_carea' id='block_1_71' title="bbox 242 4171 1820 4246">
    <p class='ocr_par' dir='ltr' id='par_1_71' title="bbox 242 4171 1820 4246">
     <span class='ocr_line' id='line_1_71' title="bbox 242 4171 1820 4246; baseline 0.006 -22"><span class='ocrx_word' id='word_1_520' title='bbox 242 4171 300 4224; x_wconf 90' lang='lat' dir='ltr'><strong>in</strong></span> <span class='ocrx_word' id='word_1_521' title='bbox 331 4181 573 4228; x_wconf 88' lang='lat' dir='ltr'><strong>montem</strong></span> <span class='ocrx_word' id='word_1_522' title='bbox 604 4172 822 4241; x_wconf 83' lang='lat' dir='ltr'><strong>Oliveti,</strong></span> <span class='ocrx_word' id='word_1_523' title='bbox 863 4184 917 4229; x_wconf 87' lang='lat' dir='ltr'><strong>et</strong></span> <span class='ocrx_word' id='word_1_524' title='bbox 955 4178 1121 4246; x_wconf 78' lang='lat' dir='ltr'><strong>coepit</strong></span> <span class='ocrx_word' id='word_1_525' title='bbox 1146 4193 1326 4245; x_wconf 90' lang='lat' dir='ltr'><strong>orare,</strong></span> <span class='ocrx_word' id='word_1_526' title='bbox 1370 4187 1425 4233; x_wconf 89' lang='lat' dir='ltr'><strong>et</strong></span> <span class='ocrx_word' id='word_1_527' title='bbox 1454 4179 1664 4235; x_wconf 89' lang='lat' dir='ltr'><strong>dicere:</strong></span> <span class='ocrx_word' id='word_1_528' title='bbox 1701 4177 1820 4234; x_wconf 89' lang='lat' dir='ltr'><strong>Non</strong></span> 
     </span>
    </p>
   </div>
   <div class='ocr_carea' id='block_1_72' title="bbox 241 4263 1825 4341">
    <p class='ocr_par' dir='ltr' id='par_1_72' title="bbox 241 4263 1825 4341">
     <span class='ocr_line' id='line_1_72' title="bbox 241 4263 1825 4341; baseline 0.006 -23"><span class='ocrx_word' id='word_1_529' title='bbox 241 4279 350 4336; x_wconf 87' lang='lat' dir='ltr'><strong>ego</strong></span> <span class='ocrx_word' id='word_1_530' title='bbox 378 4263 587 4321; x_wconf 89' lang='lat' dir='ltr'><strong>fueram</strong></span> <span class='ocrx_word' id='word_1_531' title='bbox 629 4267 830 4339; x_wconf 84' lang='lat' dir='ltr'><strong>digna,</strong></span> <span class='ocrx_word' id='word_1_532' title='bbox 868 4266 1118 4337; x_wconf 84' lang='lat' dir='ltr'><strong>Domi-ne,</strong></span> <span class='ocrx_word' id='word_1_533' title='bbox 1170 4270 1450 4341; x_wconf 86' lang='lat' dir='ltr'><strong>suscipere</strong></span> <span class='ocrx_word' id='word_1_534' title='bbox 1489 4281 1564 4339; x_wconf 89' lang='lat' dir='ltr'><strong>te,</strong></span> <span class='ocrx_word' id='word_1_535' title='bbox 1610 4272 1718 4327; x_wconf 88' lang='lat' dir='ltr'><strong>nisi</strong></span> <span class='ocrx_word' id='word_1_536' title='bbox 1767 4281 1825 4327; x_wconf 89' lang='lat' dir='ltr'><strong>tu</strong></span> 
     </span>
    </p>
   </div>
   <div class='ocr_carea' id='block_1_73' title="bbox 242 4356 1824 4434">
    <p class='ocr_par' dir='ltr' id='par_1_73' title="bbox 242 4356 1824 4434">
     <span class='ocr_line' id='line_1_73' title="bbox 242 4356 1824 4434; baseline 0.006 -24"><span class='ocrx_word' id='word_1_537' title='bbox 242 4356 507 4413; x_wconf 86' lang='lat' dir='ltr'><strong>misertus</strong></span> <span class='ocrx_word' id='word_1_538' title='bbox 535 4356 737 4415; x_wconf 89' lang='lat' dir='ltr'><strong>fuisses</strong></span> <span class='ocrx_word' id='word_1_539' title='bbox 766 4360 902 4427; x_wconf 89' lang='lat' dir='ltr'><strong>mei;</strong></span> <span class='ocrx_word' id='word_1_540' title='bbox 930 4361 1023 4417; x_wconf 90' lang='lat' dir='ltr'><strong>sed</strong></span> <span class='ocrx_word' id='word_1_541' title='bbox 1056 4371 1239 4418; x_wconf 87' lang='lat' dir='ltr'><strong>tamen</strong></span> <span class='ocrx_word' id='word_1_542' title='bbox 1269 4378 1370 4434; x_wconf 85' lang='lat' dir='ltr'><strong>ego</strong></span> <span class='ocrx_word' id='word_1_543' title='bbox 1403 4364 1670 4419; x_wconf 86' lang='lat' dir='ltr'><strong>custodivi</strong></span> <span class='ocrx_word' id='word_1_544' title='bbox 1704 4363 1824 4419; x_wconf 88' lang='lat' dir='ltr'><strong>the-</strong></span> 
     </span>
    </p>
   </div>
   <div class='ocr_carea' id='block_1_74' title="bbox 242 4456 1826 4529">
    <p class='ocr_par' dir='ltr' id='par_1_74' title="bbox 242 4456 1826 4529">
     <span class='ocr_line' id='line_1_74' title="bbox 242 4456 1826 4529; baseline 0.005 -24"><span class='ocrx_word' id='word_1_545' title='bbox 242 4463 476 4505; x_wconf 87' lang='lat' dir='ltr'><strong>saurum</strong></span> <span class='ocrx_word' id='word_1_546' title='bbox 517 4459 706 4518; x_wconf 87' lang='lat' dir='ltr'><strong>tuum,</strong></span> <span class='ocrx_word' id='word_1_547' title='bbox 748 4468 910 4524; x_wconf 89' lang='lat' dir='ltr'><strong>quem</strong></span> <span class='ocrx_word' id='word_1_548' title='bbox 950 4458 1345 4513; x_wconf 88' lang='lat' dir='ltr'><strong>commendasti</strong></span> <span class='ocrx_word' id='word_1_549' title='bbox 1393 4458 1545 4512; x_wconf 89' lang='lat' dir='ltr'><strong>mihi.</strong></span> <span class='ocrx_word' id='word_1_550' title='bbox 1593 4456 1826 4529; x_wconf 88' lang='lat' dir='ltr'><strong>Ideoque</strong></span> 
     </span>
    </p>
   </div>
   <div class='ocr_carea' id='block_1_75' title="bbox 240 4541 1828 4621">
    <p class='ocr_par' dir='ltr' id='par_1_75' title="bbox 240 4541 1828 4621">
     <span class='ocr_line' id='line_1_75' title="bbox 240 4541 1828 4621; baseline 0.008 -26"><span class='ocrx_word' id='word_1_551' title='bbox 240 4550 373 4612; x_wconf 90' lang='lat' dir='ltr'><strong>peto</strong></span> <span class='ocrx_word' id='word_1_552' title='bbox 402 4557 432 4596; x_wconf 91' lang='lat' dir='ltr'><strong>a</strong></span> <span class='ocrx_word' id='word_1_553' title='bbox 464 4551 537 4610; x_wconf 89' lang='lat' dir='ltr'><strong>te,</strong></span> <span class='ocrx_word' id='word_1_554' title='bbox 575 4541 690 4599; x_wconf 81' lang='lat' dir='ltr'><strong>Rex</strong></span> <span class='ocrx_word' id='word_1_555' title='bbox 719 4546 926 4615; x_wconf 72' lang='lat' dir='ltr'><strong>gloriae,</strong></span> <span class='ocrx_word' id='word_1_556' title='bbox 952 4557 1010 4602; x_wconf 92' lang='lat' dir='ltr'><strong>ut</strong></span> <span class='ocrx_word' id='word_1_557' title='bbox 1038 4563 1149 4603; x_wconf 91' lang='lat' dir='ltr'><strong>non</strong></span> <span class='ocrx_word' id='word_1_558' title='bbox 1187 4559 1382 4604; x_wconf 90' lang='lat' dir='ltr'><strong>noceat</strong></span> <span class='ocrx_word' id='word_1_559' title='bbox 1419 4550 1553 4604; x_wconf 87' lang='lat' dir='ltr'><strong>mibi</strong></span> <span class='ocrx_word' id='word_1_560' title='bbox 1586 4560 1828 4621; x_wconf 85' lang='lat' dir='ltr'><strong>potestas</strong></span> 
     </span>
    </p>
   </div>
   <div class='ocr_carea' id='block_1_76' title="bbox 242 4634 1829 4713">
    <p class='ocr_par' dir='ltr' id='par_1_76' title="bbox 242 4634 1829 4713">
     <span class='ocr_line' id='line_1_76' title="bbox 242 4634 1829 4713; baseline 0.008 -25"><span class='ocrx_word' id='word_1_561' title='bbox 242 4634 531 4705; x_wconf 68' lang='lat' dir='ltr'><strong>gehennae.</strong></span> <span class='ocrx_word' id='word_1_562' title='bbox 569 4634 628 4691; x_wconf 86' lang='lat' dir='ltr'><strong>Si</strong></span> <span class='ocrx_word' id='word_1_563' title='bbox 677 4639 823 4693; x_wconf 90' lang='lat' dir='ltr'><strong>enim</strong></span> <span class='ocrx_word' id='word_1_564' title='bbox 871 4641 994 4695; x_wconf 67' lang='lat' dir='ltr'><strong>caeli</strong></span> <span class='ocrx_word' id='word_1_565' title='bbox 1032 4650 1086 4696; x_wconf 91' lang='lat' dir='ltr'><strong>et</strong></span> <span class='ocrx_word' id='word_1_566' title='bbox 1119 4643 1296 4713; x_wconf 85' lang='lat' dir='ltr'><strong>angeli</strong></span> <span class='ocrx_word' id='word_1_567' title='bbox 1334 4652 1462 4697; x_wconf 91' lang='lat' dir='ltr'><strong>ante</strong></span> <span class='ocrx_word' id='word_1_568' title='bbox 1494 4653 1549 4698; x_wconf 87' lang='lat' dir='ltr'><strong>te</strong></span> <span class='ocrx_word' id='word_1_569' title='bbox 1591 4655 1829 4701; x_wconf 89' lang='lat' dir='ltr'><strong>tremunt</strong></span> 
     </span>
    </p>
   </div>
   <div class='ocr_carea' id='block_1_77' title="bbox 243 4728 1829 4804">
    <p class='ocr_par' dir='ltr' id='par_1_77' title="bbox 243 4728 1829 4804">
     <span class='ocr_line' id='line_1_77' title="bbox 243 4728 1829 4804; baseline 0.009 -24"><span class='ocrx_word' id='word_1_570' title='bbox 243 4728 517 4797; x_wconf 88' lang='lat' dir='ltr'><strong>quotidie,</strong></span> <span class='ocrx_word' id='word_1_571' title='bbox 547 4739 754 4800; x_wconf 85' lang='lat' dir='ltr'><strong>quanto</strong></span> <span class='ocrx_word' id='word_1_572' title='bbox 778 4733 953 4803; x_wconf 84' lang='lat' dir='ltr'><strong>magis</strong></span> <span class='ocrx_word' id='word_1_573' title='bbox 980 4734 1145 4789; x_wconf 88' lang='lat' dir='ltr'><strong>homo</strong></span> <span class='ocrx_word' id='word_1_574' title='bbox 1173 4735 1240 4790; x_wconf 89' lang='lat' dir='ltr'><strong>de</strong></span> <span class='ocrx_word' id='word_1_575' title='bbox 1265 4743 1407 4791; x_wconf 89' lang='lat' dir='ltr'><strong>terra</strong></span> <span class='ocrx_word' id='word_1_576' title='bbox 1434 4739 1708 4804; x_wconf 91' lang='lat' dir='ltr'><strong>conditus,</strong></span> <span class='ocrx_word' id='word_1_577' title='bbox 1740 4741 1829 4795; x_wconf 92' lang='lat' dir='ltr'><strong>cui</strong></span> 
     </span>
    </p>
   </div>
   <div class='ocr_carea' id='block_1_78' title="bbox 244 4820 1827 4899">
    <p class='ocr_par' dir='ltr' id='par_1_78' title="bbox 244 4820 1827 4899">
     <span class='ocr_line' id='line_1_78' title="bbox 244 4820 1827 4899; baseline 0.008 -25"><span class='ocrx_word' id='word_1_578' title='bbox 244 4820 390 4875; x_wconf 84' lang='lat' dir='ltr'><strong>nihil</strong></span> <span class='ocrx_word' id='word_1_579' title='bbox 428 4823 626 4879; x_wconf 89' lang='lat' dir='ltr'><strong>residet</strong></span> <span class='ocrx_word' id='word_1_580' title='bbox 672 4825 833 4893; x_wconf 90' lang='lat' dir='ltr'><strong>boni;</strong></span> <span class='ocrx_word' id='word_1_581' title='bbox 878 4828 986 4883; x_wconf 90' lang='lat' dir='ltr'><strong>nisi</strong></span> <span class='ocrx_word' id='word_1_582' title='bbox 1030 4839 1296 4899; x_wconf 89' lang='lat' dir='ltr'><strong>quantum</strong></span> <span class='ocrx_word' id='word_1_583' title='bbox 1341 4831 1612 4899; x_wconf 90' lang='lat' dir='ltr'><strong>acceperit</strong></span> <span class='ocrx_word' id='word_1_584' title='bbox 1656 4844 1686 4884; x_wconf 90' lang='lat' dir='ltr'><strong>a</strong></span> <span class='ocrx_word' id='word_1_585' title='bbox 1737 4840 1827 4887; x_wconf 88' lang='lat' dir='ltr'><strong>tua</strong></span> 
     </span>
    </p>
   </div>
   <div class='ocr_carea' id='block_1_79' title="bbox 247 4911 1828 4992">
    <p class='ocr_par' dir='ltr' id='par_1_79' title="bbox 247 4911 1828 4992">
     <span class='ocr_line' id='line_1_79' title="bbox 247 4911 1828 4992; baseline 0.008 -26"><span class='ocrx_word' id='word_1_586' title='bbox 247 4911 517 4969; x_wconf 89' lang='lat' dir='ltr'><strong>bonitate.</strong></span> <span class='ocrx_word' id='word_1_587' title='bbox 567 4913 648 4971; x_wconf 89' lang='lat' dir='ltr'><strong>Tu</strong></span> <span class='ocrx_word' id='word_1_588' title='bbox 676 4932 737 4972; x_wconf 92' lang='lat' dir='ltr'><strong>es</strong></span> <span class='ocrx_word' id='word_1_589' title='bbox 766 4919 911 4972; x_wconf 90' lang='lat' dir='ltr'><strong>enim</strong></span> <span class='ocrx_word' id='word_1_590' title='bbox 946 4917 1212 4976; x_wconf 87' lang='lat' dir='ltr'><strong>Dominus</strong></span> <span class='ocrx_word' id='word_1_591' title='bbox 1240 4919 1382 4976; x_wconf 89' lang='lat' dir='ltr'><strong>Deus</strong></span> <span class='ocrx_word' id='word_1_592' title='bbox 1412 4935 1627 4992; x_wconf 89' lang='lat' dir='ltr'><strong>semper</strong></span> <span class='ocrx_word' id='word_1_593' title='bbox 1660 4923 1828 4978; x_wconf 87' lang='lat' dir='ltr'><strong>bene-</strong></span> 
     </span>
    </p>
   </div>
   <div class='ocr_carea' id='block_1_80' title="bbox 247 5005 1832 5082">
    <p class='ocr_par' dir='ltr' id='par_1_80' title="bbox 247 5005 1832 5082">
     <span class='ocr_line' id='line_1_80' title="bbox 247 5005 1832 5082; baseline 0.008 -22"><span class='ocrx_word' id='word_1_594' title='bbox 247 5005 432 5062; x_wconf 88' lang='lat' dir='ltr'><strong>dictus</strong></span> <span class='ocrx_word' id='word_1_595' title='bbox 462 5007 517 5062; x_wconf 92' lang='lat' dir='ltr'><strong>in</strong></span> <span class='ocrx_word' id='word_1_596' title='bbox 547 5010 773 5064; x_wconf 68' lang='lat' dir='ltr'><strong>saecula!</strong></span> <span class='ocrx_word' id='word_1_597' title='bbox 821 5008 887 5065; x_wconf 86' lang='lat' dir='ltr'><strong>Et</strong></span> <span class='ocrx_word' id='word_1_598' title='bbox 918 5026 1044 5067; x_wconf 89' lang='lat' dir='ltr'><strong>eum</strong></span> <span class='ocrx_word' id='word_1_599' title='bbox 1074 5014 1189 5070; x_wconf 73' lang='lat' dir='ltr'><strong>hmo</strong></span> <span class='ocrx_word' id='word_1_600' title='bbox 1214 5015 1461 5082; x_wconf 89' lang='lat' dir='ltr'><strong>dixisset,</strong></span> <span class='ocrx_word' id='word_1_601' title='bbox 1497 5030 1715 5072; x_wconf 89' lang='lat' dir='ltr'><strong>reversa</strong></span> <span class='ocrx_word' id='word_1_602' title='bbox 1748 5027 1832 5072; x_wconf 91' lang='lat' dir='ltr'><strong>est</strong></span> 
     </span>
    </p>
   </div>
   <div class='ocr_carea' id='block_1_81' title="bbox 248 5097 846 5170">
    <p class='ocr_par' dir='ltr' id='par_1_81' title="bbox 248 5097 846 5170">
     <span class='ocr_line' id='line_1_81' title="bbox 248 5097 846 5170; baseline 0.008 -18"><span class='ocrx_word' id='word_1_603' title='bbox 248 5097 310 5152; x_wconf 89' lang='lat' dir='ltr'><strong>in</strong></span> <span class='ocrx_word' id='word_1_604' title='bbox 338 5099 636 5170; x_wconf 87' lang='lat' dir='ltr'><strong>hospitium</strong></span> <span class='ocrx_word' id='word_1_605' title='bbox 664 5115 846 5158; x_wconf 87' lang='lat' dir='ltr'><strong>suum.</strong></span> 
     </span>
    </p>
   </div>
   <div class='ocr_carea' id='block_1_82' title="bbox 867 5235 1303 5292">
    <p class='ocr_par' dir='ltr' id='par_1_82' title="bbox 867 5235 1303 5292">
     <span class='ocr_line' id='line_1_82' title="bbox 867 5235 1303 5292; baseline 0.002 -1"><span class='ocrx_word' id='word_1_606' title='bbox 867 5235 1096 5291; x_wconf 82' lang='lat' dir='ltr'><strong>CAPUT</strong></span> <span class='ocrx_word' id='word_1_607' title='bbox 1144 5235 1234 5292; x_wconf 84' lang='lat' dir='ltr'><strong>iV.</strong></span> <span class='ocrx_word' id='word_1_608' title='bbox 1293 5263 1303 5269; x_wconf 89' lang='lat'><strong>-</strong></span> 
     </span>
    </p>
   </div>
   <div class='ocr_carea' id='block_1_83' title="bbox 321 5348 1832 5423">
    <p class='ocr_par' dir='ltr' id='par_1_83' title="bbox 321 5348 1832 5423">
     <span class='ocr_line' id='line_1_83' title="bbox 321 5348 1832 5423; baseline 0.005 -18"><span class='ocrx_word' id='word_1_609' title='bbox 321 5348 393 5405; x_wconf 85' lang='lat' dir='ltr'><strong>Et</strong></span> <span class='ocrx_word' id='word_1_610' title='bbox 416 5364 542 5406; x_wconf 89' lang='lat' dir='ltr'><strong>ecce</strong></span> <span class='ocrx_word' id='word_1_611' title='bbox 572 5350 776 5418; x_wconf 87' lang='lat' dir='ltr'><strong>subito,</strong></span> <span class='ocrx_word' id='word_1_612' title='bbox 818 5350 952 5407; x_wconf 88' lang='lat' dir='ltr'><strong>dum</strong></span> <span class='ocrx_word' id='word_1_613' title='bbox 994 5351 1316 5423; x_wconf 70' lang='lat' dir='ltr'><strong>prmdiearet</strong></span> <span class='ocrx_word' id='word_1_614' title='bbox 1366 5354 1561 5409; x_wconf 90' lang='lat' dir='ltr'><strong>beatus</strong></span> <span class='ocrx_word' id='word_1_615' title='bbox 1592 5358 1832 5413; x_wconf 79' lang='lat' dir='ltr'><strong>Joannes</strong></span> 
     </span>
    </p>
   </div>
   <div class='ocr_carea' id='block_1_84' title="bbox 249 5442 1833 5513">
    <p class='ocr_par' dir='ltr' id='par_1_84' title="bbox 249 5442 1833 5513">
     <span class='ocr_line' id='line_1_84' title="bbox 249 5442 1833 5513; baseline 0.002 -14"><span class='ocrx_word' id='word_1_616' title='bbox 249 5444 308 5499; x_wconf 89' lang='lat' dir='ltr'><strong>in</strong></span> <span class='ocrx_word' id='word_1_617' title='bbox 345 5442 588 5513; x_wconf 86' lang='lat' dir='ltr'><strong>Epheso,</strong></span> <span class='ocrx_word' id='word_1_618' title='bbox 625 5445 717 5500; x_wconf 82' lang='lat' dir='ltr'><strong>die</strong></span> <span class='ocrx_word' id='word_1_619' title='bbox 758 5443 1064 5510; x_wconf 77' lang='lat' dir='ltr'><strong>Dctninica,</strong></span> <span class='ocrx_word' id='word_1_620' title='bbox 1110 5446 1246 5500; x_wconf 89' lang='lat' dir='ltr'><strong>hora</strong></span> <span class='ocrx_word' id='word_1_621' title='bbox 1293 5446 1401 5501; x_wconf 88' lang='lat' dir='ltr'><strong>diei</strong></span> <span class='ocrx_word' id='word_1_622' title='bbox 1452 5446 1632 5511; x_wconf 88' lang='lat' dir='ltr'><strong>tertia,</strong></span> <span class='ocrx_word' id='word_1_623' title='bbox 1674 5457 1833 5503; x_wconf 71' lang='lat' dir='ltr'><strong>terra:</strong></span> 
     </span>
    </p>
   </div>
   <div class='ocr_carea' id='block_1_85' title="bbox 252 5535 1837 5608">
    <p class='ocr_par' dir='ltr' id='par_1_85' title="bbox 252 5535 1837 5608">
     <span class='ocr_line' id='line_1_85' title="bbox 252 5535 1837 5608; baseline 0.001 -17"><span class='ocrx_word' id='word_1_624' title='bbox 252 5545 439 5592; x_wconf 87' lang='lat' dir='ltr'><strong>motus</strong></span> <span class='ocrx_word' id='word_1_625' title='bbox 473 5535 655 5592; x_wconf 87' lang='lat' dir='ltr'><strong>factus</strong></span> <span class='ocrx_word' id='word_1_626' title='bbox 673 5547 757 5593; x_wconf 88' lang='lat' dir='ltr'><strong>est</strong></span> <span class='ocrx_word' id='word_1_627' title='bbox 779 5552 1043 5608; x_wconf 81' lang='lat' dir='ltr'><strong>magnus;</strong></span> <span class='ocrx_word' id='word_1_628' title='bbox 1076 5546 1130 5592; x_wconf 92' lang='lat' dir='ltr'><strong>et</strong></span> <span class='ocrx_word' id='word_1_629' title='bbox 1154 5538 1328 5594; x_wconf 88' lang='lat' dir='ltr'><strong>nubes</strong></span> <span class='ocrx_word' id='word_1_630' title='bbox 1351 5538 1582 5594; x_wconf 89' lang='lat' dir='ltr'><strong>elevavit</strong></span> <span class='ocrx_word' id='word_1_631' title='bbox 1600 5553 1749 5604; x_wconf 87' lang='lat' dir='ltr'><strong>eum,</strong></span> <span class='ocrx_word' id='word_1_632' title='bbox 1780 5548 1837 5593; x_wconf 87' lang='lat' dir='ltr'><strong>et</strong></span> 
     </span>
    </p>
   </div>
   <div class='ocr_carea' id='block_1_86' title="bbox 252 5629 1834 5700">
    <p class='ocr_par' dir='ltr' id='par_1_86' title="bbox 252 5629 1834 5700">
     <span class='ocr_line' id='line_1_86' title="bbox 252 5629 1834 5700; baseline -0.001 -14"><span class='ocrx_word' id='word_1_633' title='bbox 252 5630 497 5700; x_wconf 81' lang='lat' dir='ltr'><strong>suscepit</strong></span> <span class='ocrx_word' id='word_1_634' title='bbox 540 5644 668 5685; x_wconf 85' lang='lat' dir='ltr'><strong>eum</strong></span> <span class='ocrx_word' id='word_1_635' title='bbox 711 5630 784 5685; x_wconf 87' lang='lat' dir='ltr'><strong>ab</strong></span> <span class='ocrx_word' id='word_1_636' title='bbox 810 5630 987 5687; x_wconf 86' lang='lat' dir='ltr'><strong>oculis</strong></span> <span class='ocrx_word' id='word_1_637' title='bbox 1030 5631 1298 5697; x_wconf 87' lang='lat' dir='ltr'><strong>omnium,</strong></span> <span class='ocrx_word' id='word_1_638' title='bbox 1336 5638 1391 5685; x_wconf 88' lang='lat' dir='ltr'><strong>et</strong></span> <span class='ocrx_word' id='word_1_639' title='bbox 1437 5629 1667 5685; x_wconf 84' lang='lat' dir='ltr'><strong>adduxit</strong></span> <span class='ocrx_word' id='word_1_640' title='bbox 1708 5647 1834 5685; x_wconf 85' lang='lat' dir='ltr'><strong>eum</strong></span> 
     </span>
    </p>
   </div>
   <div class='ocr_carea' id='block_1_87' title="bbox 252 5721 1830 5794">
    <p class='ocr_par' dir='ltr' id='par_1_87' title="bbox 252 5721 1830 5794">
     <span class='ocr_line' id='line_1_87' title="bbox 252 5721 1830 5794; baseline 0.001 -18"><span class='ocrx_word' id='word_1_641' title='bbox 252 5732 385 5778; x_wconf 84' lang='lat' dir='ltr'><strong>ante</strong></span> <span class='ocrx_word' id='word_1_642' title='bbox 418 5722 623 5779; x_wconf 85' lang='lat' dir='ltr'><strong>ostium</strong></span> <span class='ocrx_word' id='word_1_643' title='bbox 646 5721 868 5791; x_wconf 85' lang='lat' dir='ltr'><strong>domus,</strong></span> <span class='ocrx_word' id='word_1_644' title='bbox 902 5722 995 5778; x_wconf 86' lang='lat' dir='ltr'><strong>ubi</strong></span> <span class='ocrx_word' id='word_1_645' title='bbox 1035 5731 1155 5779; x_wconf 89' lang='lat' dir='ltr'><strong>erat</strong></span> <span class='ocrx_word' id='word_1_646' title='bbox 1195 5723 1348 5794; x_wconf 90' lang='lat' dir='ltr'><strong>virgo</strong></span> <span class='ocrx_word' id='word_1_647' title='bbox 1377 5722 1610 5794; x_wconf 87' lang='lat' dir='ltr'><strong>Deipara</strong></span> <span class='ocrx_word' id='word_1_648' title='bbox 1638 5722 1830 5778; x_wconf 86' lang='lat' dir='ltr'><strong>Maria.</strong></span> 
     </span>
    </p>
   </div>
   <div class='ocr_carea' id='block_1_88' title="bbox 256 5814 1834 5885">
    <p class='ocr_par' dir='ltr' id='par_1_88' title="bbox 256 5814 1834 5885">
     <span class='ocr_line' id='line_1_88' title="bbox 256 5814 1834 5885; baseline 0 -15"><span class='ocrx_word' id='word_1_649' title='bbox 256 5814 321 5870; x_wconf 71' lang='lat' dir='ltr'><strong>Et</strong></span> <span class='ocrx_word' id='word_1_650' title='bbox 347 5815 575 5885; x_wconf 86' lang='lat' dir='ltr'><strong>pulsans</strong></span> <span class='ocrx_word' id='word_1_651' title='bbox 615 5815 839 5885; x_wconf 87' lang='lat' dir='ltr'><strong>ostium,</strong></span> <span class='ocrx_word' id='word_1_652' title='bbox 886 5814 1070 5873; x_wconf 80' lang='lat' dir='ltr'><strong>statim</strong></span> <span class='ocrx_word' id='word_1_653' title='bbox 1103 5814 1386 5885; x_wconf 82' lang='lat' dir='ltr'><strong>ingressus</strong></span> <span class='ocrx_word' id='word_1_654' title='bbox 1432 5824 1533 5871; x_wconf 89' lang='lat' dir='ltr'><strong>est.</strong></span> <span class='ocrx_word' id='word_1_655' title='bbox 1568 5814 1702 5871; x_wconf 87' lang='lat' dir='ltr'><strong>Cum</strong></span> <span class='ocrx_word' id='word_1_656' title='bbox 1756 5816 1834 5870; x_wconf 89' lang='lat' dir='ltr'><strong>vi-</strong></span> 
     </span>
    </p>
   </div>
   <div class='ocr_carea' id='block_1_89' title="bbox 1922 3255 3508 3327">
    <p class='ocr_par' dir='ltr' id='par_1_89' title="bbox 1922 3255 3508 3327">
     <span class='ocr_line' id='line_1_89' title="bbox 1922 3255 3508 3327; baseline -0.001 -12"><span class='ocrx_word' id='word_1_657' title='bbox 1922 3259 2233 3315; x_wconf 89' lang='lat' dir='ltr'><strong>ostenderet</strong></span> <span class='ocrx_word' id='word_1_658' title='bbox 2261 3258 2368 3314; x_wconf 91' lang='lat' dir='ltr'><strong>illis</strong></span> <span class='ocrx_word' id='word_1_659' title='bbox 2398 3272 2621 3313; x_wconf 88' lang='lat' dir='ltr'><strong>causam</strong></span> <span class='ocrx_word' id='word_1_660' title='bbox 2664 3259 2929 3327; x_wconf 89' lang='lat' dir='ltr'><strong>ipsorum,</strong></span> <span class='ocrx_word' id='word_1_661' title='bbox 2957 3266 3008 3311; x_wconf 88' lang='lat' dir='ltr'><strong>et</strong></span> <span class='ocrx_word' id='word_1_662' title='bbox 3042 3255 3237 3312; x_wconf 90' lang='lat' dir='ltr'><strong>Petrus</strong></span> <span class='ocrx_word' id='word_1_663' title='bbox 3272 3255 3508 3314; x_wconf 85' lang='lat' dir='ltr'><strong>Paulum</strong></span> 
     </span>
    </p>
   </div>
   <div class='ocr_carea' id='block_1_90' title="bbox 1923 3347 3501 3420">
    <p class='ocr_par' dir='ltr' id='par_1_90' title="bbox 1923 3347 3501 3420">
     <span class='ocr_line' id='line_1_90' title="bbox 1923 3347 3501 3420; baseline -0.003 -14"><span class='ocrx_word' id='word_1_664' title='bbox 1923 3352 2256 3419; x_wconf 89' lang='lat' dir='ltr'><strong>hortaretur,</strong></span> <span class='ocrx_word' id='word_1_665' title='bbox 2294 3362 2355 3405; x_wconf 90' lang='lat' dir='ltr'><strong>nt</strong></span> <span class='ocrx_word' id='word_1_666' title='bbox 2400 3352 2549 3420; x_wconf 90' lang='lat' dir='ltr'><strong>prior</strong></span> <span class='ocrx_word' id='word_1_667' title='bbox 2578 3359 2779 3417; x_wconf 90' lang='lat' dir='ltr'><strong>oraret,</strong></span> <span class='ocrx_word' id='word_1_668' title='bbox 2830 3347 3034 3404; x_wconf 83' lang='lat' dir='ltr'><strong>Paulus</strong></span> <span class='ocrx_word' id='word_1_669' title='bbox 3078 3349 3381 3419; x_wconf 90' lang='lat' dir='ltr'><strong>respondit,</strong></span> <span class='ocrx_word' id='word_1_670' title='bbox 3415 3349 3501 3403; x_wconf 86' lang='lat' dir='ltr'><strong>di-</strong></span> 
     </span>
    </p>
   </div>
   <div class='ocr_carea' id='block_1_91' title="bbox 1921 3440 3506 3511">
    <p class='ocr_par' dir='ltr' id='par_1_91' title="bbox 1921 3440 3506 3511">
     <span class='ocr_line' id='line_1_91' title="bbox 1921 3440 3506 3511; baseline -0.001 -12"><span class='ocrx_word' id='word_1_671' title='bbox 1921 3459 2084 3500; x_wconf 89' lang='lat' dir='ltr'><strong>cens:</strong></span> <span class='ocrx_word' id='word_1_672' title='bbox 2122 3441 2301 3498; x_wconf 89' lang='lat' dir='ltr'><strong>Tuum</strong></span> <span class='ocrx_word' id='word_1_673' title='bbox 2339 3451 2423 3497; x_wconf 92' lang='lat' dir='ltr'><strong>est</strong></span> <span class='ocrx_word' id='word_1_674' title='bbox 2457 3443 2602 3498; x_wconf 87' lang='lat' dir='ltr'><strong>istud</strong></span> <span class='ocrx_word' id='word_1_675' title='bbox 2641 3440 2911 3508; x_wconf 81' lang='lat' dir='ltr'><strong>cilicium,</strong></span> <span class='ocrx_word' id='word_1_676' title='bbox 2947 3442 3183 3511; x_wconf 90' lang='lat' dir='ltr'><strong>primum</strong></span> <span class='ocrx_word' id='word_1_677' title='bbox 3219 3441 3506 3509; x_wconf 83' lang='lat' dir='ltr'><strong>inchoare,</strong></span> 
     </span>
    </p>
   </div>
   <div class='ocr_carea' id='block_1_92' title="bbox 1922 3531 3507 3600">
    <p class='ocr_par' dir='ltr' id='par_1_92' title="bbox 1922 3531 3507 3600">
     <span class='ocr_line' id='line_1_92' title="bbox 1922 3531 3507 3600; baseline -0.001 -10"><span class='ocrx_word' id='word_1_678' title='bbox 1922 3536 2161 3590; x_wconf 87' lang='lat' dir='ltr'><strong>maxime</strong></span> <span class='ocrx_word' id='word_1_679' title='bbox 2186 3550 2312 3591; x_wconf 90' lang='lat' dir='ltr'><strong>cum</strong></span> <span class='ocrx_word' id='word_1_680' title='bbox 2352 3535 2430 3590; x_wconf 90' lang='lat' dir='ltr'><strong>sis</strong></span> <span class='ocrx_word' id='word_1_681' title='bbox 2478 3534 2684 3589; x_wconf 90' lang='lat' dir='ltr'><strong>electus</strong></span> <span class='ocrx_word' id='word_1_682' title='bbox 2723 3549 2754 3588; x_wconf 87' lang='lat' dir='ltr'><strong>a</strong></span> <span class='ocrx_word' id='word_1_683' title='bbox 2783 3531 2895 3589; x_wconf 93' lang='lat' dir='ltr'><strong>Deo</strong></span> <span class='ocrx_word' id='word_1_684' title='bbox 2940 3533 3196 3588; x_wconf 86' lang='lat' dir='ltr'><strong>columna</strong></span> <span class='ocrx_word' id='word_1_685' title='bbox 3224 3532 3507 3600; x_wconf 54' lang='lat' dir='ltr'><strong>Ecclesia,</strong></span> 
     </span>
    </p>
   </div>
   <div class='ocr_carea' id='block_1_93' title="bbox 1922 3626 3506 3700">
    <p class='ocr_par' dir='ltr' id='par_1_93' title="bbox 1922 3626 3506 3700">
     <span class='ocr_line' id='line_1_93' title="bbox 1922 3626 3506 3700; baseline -0.003 -15"><span class='ocrx_word' id='word_1_686' title='bbox 1922 3641 1976 3685; x_wconf 90' lang='lat' dir='ltr'><strong>et</strong></span> <span class='ocrx_word' id='word_1_687' title='bbox 2008 3638 2066 3683; x_wconf 91' lang='lat' dir='ltr'><strong>tu</strong></span> <span class='ocrx_word' id='word_1_688' title='bbox 2098 3626 2361 3700; x_wconf 70' lang='lat' dir='ltr'><strong>praecedis</strong></span> <span class='ocrx_word' id='word_1_689' title='bbox 2397 3642 2590 3683; x_wconf 90' lang='lat' dir='ltr'><strong>omnes</strong></span> <span class='ocrx_word' id='word_1_690' title='bbox 2626 3627 2682 3681; x_wconf 92' lang='lat' dir='ltr'><strong>in</strong></span> <span class='ocrx_word' id='word_1_691' title='bbox 2719 3627 3059 3698; x_wconf 79' lang='lat' dir='ltr'><strong>apostolum;</strong></span> <span class='ocrx_word' id='word_1_692' title='bbox 3096 3641 3278 3681; x_wconf 91' lang='lat' dir='ltr'><strong>meum</strong></span> <span class='ocrx_word' id='word_1_693' title='bbox 3320 3636 3506 3681; x_wconf 87' lang='lat' dir='ltr'><strong>autem</strong></span> 
     </span>
    </p>
   </div>
   <div class='ocr_carea' id='block_1_94' title="bbox 1923 3718 3504 3790">
    <p class='ocr_par' dir='ltr' id='par_1_94' title="bbox 1923 3718 3504 3790">
     <span class='ocr_line' id='line_1_94' title="bbox 1923 3718 3504 3790; baseline -0.004 -14"><span class='ocrx_word' id='word_1_694' title='bbox 1923 3722 2181 3788; x_wconf 91' lang='lat' dir='ltr'><strong>minime;</strong></span> <span class='ocrx_word' id='word_1_695' title='bbox 2224 3734 2351 3776; x_wconf 89' lang='lat' dir='ltr'><strong>nam</strong></span> <span class='ocrx_word' id='word_1_696' title='bbox 2392 3734 2494 3790; x_wconf 80' lang='lat' dir='ltr'><strong>ego</strong></span> <span class='ocrx_word' id='word_1_697' title='bbox 2526 3719 2785 3773; x_wconf 78' lang='lat' dir='ltr'><strong>minimos</strong></span> <span class='ocrx_word' id='word_1_698' title='bbox 2811 3734 2928 3773; x_wconf 89' lang='lat' dir='ltr'><strong>sum</strong></span> <span class='ocrx_word' id='word_1_699' title='bbox 2964 3718 3211 3773; x_wconf 89' lang='lat' dir='ltr'><strong>omnium</strong></span> <span class='ocrx_word' id='word_1_700' title='bbox 3239 3725 3504 3783; x_wconf 85' lang='lat' dir='ltr'><strong>vestrum,</strong></span> 
     </span>
    </p>
   </div>
   <div class='ocr_carea' id='block_1_95' title="bbox 1923 3804 3507 3882">
    <p class='ocr_par' dir='ltr' id='par_1_95' title="bbox 1923 3804 3507 3882">
     <span class='ocr_line' id='line_1_95' title="bbox 1923 3804 3507 3882; baseline -0.004 -16"><span class='ocrx_word' id='word_1_701' title='bbox 1923 3821 1978 3867; x_wconf 90' lang='lat' dir='ltr'><strong>et</strong></span> <span class='ocrx_word' id='word_1_702' title='bbox 2016 3820 2274 3882; x_wconf 90' lang='lat' dir='ltr'><strong>tanquam</strong></span> <span class='ocrx_word' id='word_1_703' title='bbox 2304 3810 2550 3865; x_wconf 86' lang='lat' dir='ltr'><strong>abortivo</strong></span> <span class='ocrx_word' id='word_1_704' title='bbox 2579 3809 2731 3863; x_wconf 84' lang='lat' dir='ltr'><strong>visus</strong></span> <span class='ocrx_word' id='word_1_705' title='bbox 2775 3817 2860 3862; x_wconf 92' lang='lat' dir='ltr'><strong>est</strong></span> <span class='ocrx_word' id='word_1_706' title='bbox 2909 3806 3044 3861; x_wconf 89' lang='lat' dir='ltr'><strong>mihi</strong></span> <span class='ocrx_word' id='word_1_707' title='bbox 3079 3804 3363 3871; x_wconf 87' lang='lat' dir='ltr'><strong>Christus,</strong></span> <span class='ocrx_word' id='word_1_708' title='bbox 3405 3820 3507 3859; x_wconf 93' lang='lat' dir='ltr'><strong>nec</strong></span> 
     </span>
    </p>
   </div>
   <div class='ocr_carea' id='block_1_96' title="bbox 1925 3897 3509 3974">
    <p class='ocr_par' dir='ltr' id='par_1_96' title="bbox 1925 3897 3509 3974">
     <span class='ocr_line' id='line_1_96' title="bbox 1925 3897 3509 3974; baseline -0.004 -15"><span class='ocrx_word' id='word_1_709' title='bbox 1925 3919 2012 3960; x_wconf 87' lang='lat' dir='ltr'><strong>me</strong></span> <span class='ocrx_word' id='word_1_710' title='bbox 2036 3903 2195 3959; x_wconf 81' lang='lat' dir='ltr'><strong>vobis</strong></span> <span class='ocrx_word' id='word_1_711' title='bbox 2222 3918 2438 3974; x_wconf 79' lang='lat' dir='ltr'><strong>:equare</strong></span> <span class='ocrx_word' id='word_1_712' title='bbox 2485 3915 2778 3972; x_wconf 67' lang='lat' dir='ltr'><strong>praesumo,</strong></span> <span class='ocrx_word' id='word_1_713' title='bbox 2826 3907 3006 3954; x_wconf 87' lang='lat' dir='ltr'><strong>tamen</strong></span> <span class='ocrx_word' id='word_1_714' title='bbox 3048 3899 3218 3968; x_wconf 79' lang='lat' dir='ltr'><strong>gratia</strong></span> <span class='ocrx_word' id='word_1_715' title='bbox 3249 3897 3346 3954; x_wconf 87' lang='lat' dir='ltr'><strong>Dei</strong></span> <span class='ocrx_word' id='word_1_716' title='bbox 3383 3913 3509 3953; x_wconf 86' lang='lat' dir='ltr'><strong>sum</strong></span> 
     </span>
    </p>
   </div>
   <div class='ocr_carea' id='block_1_97' title="bbox 1925 3996 2330 4067">
    <p class='ocr_par' dir='ltr' id='par_1_97' title="bbox 1925 3996 2330 4067">
     <span class='ocr_line' id='line_1_97' title="bbox 1925 3996 2330 4067; baseline 0 -17"><span class='ocrx_word' id='word_1_717' title='bbox 1925 3998 1978 4051; x_wconf 88' lang='lat' dir='ltr'><strong>id</strong></span> <span class='ocrx_word' id='word_1_718' title='bbox 2008 3996 2154 4067; x_wconf 92' lang='lat' dir='ltr'><strong>quod</strong></span> <span class='ocrx_word' id='word_1_719' title='bbox 2186 4011 2330 4052; x_wconf 89' lang='lat' dir='ltr'><strong>sum.</strong></span> 
     </span>
    </p>
   </div>
   <div class='ocr_carea' id='block_1_98' title="bbox 2530 4131 2889 4189">
    <p class='ocr_par' dir='ltr' id='par_1_98' title="bbox 2530 4131 2889 4189">
     <span class='ocr_line' id='line_1_98' title="bbox 2530 4131 2889 4189; baseline -0.011 -1"><span class='ocrx_word' id='word_1_720' title='bbox 2530 4132 2761 4189; x_wconf 79' lang='lat' dir='ltr'><strong>CAPUT</strong></span> <span class='ocrx_word' id='word_1_721' title='bbox 2801 4131 2889 4186; x_wconf 82' lang='lat' dir='ltr'><strong>Vl.</strong></span> 
     </span>
    </p>
   </div>
   <div class='ocr_carea' id='block_1_99' title="bbox 1997 4237 3509 4318">
    <p class='ocr_par' dir='ltr' id='par_1_99' title="bbox 1997 4237 3509 4318">
     <span class='ocr_line' id='line_1_99' title="bbox 1997 4237 3509 4318; baseline -0.008 -15"><span class='ocrx_word' id='word_1_722' title='bbox 1997 4248 2152 4305; x_wconf 91' lang='lat' dir='ltr'><strong>Tunc</strong></span> <span class='ocrx_word' id='word_1_723' title='bbox 2182 4262 2377 4304; x_wconf 90' lang='lat' dir='ltr'><strong>omnes</strong></span> <span class='ocrx_word' id='word_1_724' title='bbox 2409 4246 2641 4318; x_wconf 66' lang='grc' dir='ltr'><strong>θροειοιὶ</strong></span> <span class='ocrx_word' id='word_1_725' title='bbox 2687 4245 2985 4316; x_wconf 84' lang='lat' dir='ltr'><strong>gaudentes</strong></span> <span class='ocrx_word' id='word_1_726' title='bbox 3011 4256 3175 4310; x_wconf 88' lang='lat' dir='ltr'><strong>super</strong></span> <span class='ocrx_word' id='word_1_727' title='bbox 3204 4237 3509 4293; x_wconf 88' lang='lat' dir='ltr'><strong>humilitate</strong></span> 
     </span>
    </p>
   </div>
   <div class='ocr_carea' id='block_1_100' title="bbox 1925 4334 3507 4406">
    <p class='ocr_par' dir='ltr' id='par_1_100' title="bbox 1925 4334 3507 4406">
     <span class='ocr_line' id='line_1_100' title="bbox 1925 4334 3507 4406; baseline -0.004 -13"><span class='ocrx_word' id='word_1_728' title='bbox 1925 4339 2099 4406; x_wconf 90' lang='lat' dir='ltr'><strong>Pauli,</strong></span> <span class='ocrx_word' id='word_1_729' title='bbox 2121 4340 2453 4395; x_wconf 90' lang='lat' dir='ltr'><strong>unanimiter</strong></span> <span class='ocrx_word' id='word_1_730' title='bbox 2467 4344 2987 4394; x_wconf 84' lang='lat' dir='ltr'><strong>consummaverunt</strong></span> <span class='ocrx_word' id='word_1_731' title='bbox 3003 4334 3306 4389; x_wconf 88' lang='lat' dir='ltr'><strong>orationem</strong></span> <span class='ocrx_word' id='word_1_732' title='bbox 3329 4347 3507 4388; x_wconf 88' lang='lat' dir='ltr'><strong>suam.</strong></span> 
     </span>
    </p>
   </div>
   <div class='ocr_carea' id='block_1_101' title="bbox 1929 4425 3508 4495">
    <p class='ocr_par' dir='ltr' id='par_1_101' title="bbox 1929 4425 3508 4495">
     <span class='ocr_line' id='line_1_101' title="bbox 1929 4425 3508 4495; baseline -0.005 -9"><span class='ocrx_word' id='word_1_733' title='bbox 1929 4432 2143 4488; x_wconf 89' lang='lat' dir='ltr'><strong>Etcum</strong></span> <span class='ocrx_word' id='word_1_734' title='bbox 2167 4431 2331 4488; x_wconf 79' lang='lat' dir='ltr'><strong>tinem</strong></span> <span class='ocrx_word' id='word_1_735' title='bbox 2354 4430 2619 4485; x_wconf 89' lang='lat' dir='ltr'><strong>orationis</strong></span> <span class='ocrx_word' id='word_1_736' title='bbox 2636 4428 2913 4495; x_wconf 89' lang='lat' dir='ltr'><strong>fecissent,</strong></span> <span class='ocrx_word' id='word_1_737' title='bbox 2933 4435 2988 4482; x_wconf 91' lang='lat' dir='ltr'><strong>et</strong></span> <span class='ocrx_word' id='word_1_738' title='bbox 3011 4427 3297 4491; x_wconf 83' lang='lat' dir='ltr'><strong>dixissent,</strong></span> <span class='ocrx_word' id='word_1_739' title='bbox 3314 4425 3508 4488; x_wconf 89' lang='lat' dir='ltr'><strong>Amen,</strong></span> 
     </span>
    </p>
   </div>
   <div class='ocr_carea' id='block_1_102' title="bbox 1859 4515 3509 4590">
    <p class='ocr_par' dir='ltr' id='par_1_102' title="bbox 1859 4515 3509 4590">
     <span class='ocr_line' id='line_1_102' title="bbox 1859 4515 3509 4590; baseline -0.008 -9"><span class='ocrx_word' id='word_1_740' title='bbox 1859 4519 1903 4574; x_wconf 85' lang='lat' dir='ltr'><strong>D</strong></span> <span class='ocrx_word' id='word_1_741' title='bbox 1931 4541 2059 4581; x_wconf 90' lang='lat' dir='ltr'><strong>ecce</strong></span> <span class='ocrx_word' id='word_1_742' title='bbox 2081 4525 2265 4580; x_wconf 91' lang='lat' dir='ltr'><strong>subito</strong></span> <span class='ocrx_word' id='word_1_743' title='bbox 2286 4525 2435 4578; x_wconf 90' lang='lat' dir='ltr'><strong>venit</strong></span> <span class='ocrx_word' id='word_1_744' title='bbox 2464 4523 2530 4578; x_wconf 94' lang='lat' dir='ltr'><strong>ad</strong></span> <span class='ocrx_word' id='word_1_745' title='bbox 2559 4537 2655 4578; x_wconf 88' lang='lat' dir='ltr'><strong>eos</strong></span> <span class='ocrx_word' id='word_1_746' title='bbox 2682 4520 2793 4576; x_wconf 91' lang='lat' dir='ltr'><strong>Deo</strong></span> <span class='ocrx_word' id='word_1_747' title='bbox 2818 4522 3017 4590; x_wconf 85' lang='lat' dir='ltr'><strong>dignus</strong></span> <span class='ocrx_word' id='word_1_748' title='bbox 3042 4518 3320 4589; x_wconf 91' lang='lat' dir='ltr'><strong>apostolus</strong></span> <span class='ocrx_word' id='word_1_749' title='bbox 3341 4515 3509 4572; x_wconf 83' lang='lat' dir='ltr'><strong>Joan-</strong></span> 
     </span>
    </p>
   </div>
   <div class='ocr_carea' id='block_1_103' title="bbox 1933 4609 3511 4682">
    <p class='ocr_par' dir='ltr' id='par_1_103' title="bbox 1933 4609 3511 4682">
     <span class='ocr_line' id='line_1_103' title="bbox 1933 4609 3511 4682; baseline -0.006 -12"><span class='ocrx_word' id='word_1_750' title='bbox 1933 4632 2052 4682; x_wconf 89' lang='lat' dir='ltr'><strong>nes,</strong></span> <span class='ocrx_word' id='word_1_751' title='bbox 2084 4625 2139 4670; x_wconf 90' lang='lat' dir='ltr'><strong>et</strong></span> <span class='ocrx_word' id='word_1_752' title='bbox 2165 4614 2427 4671; x_wconf 86' lang='lat' dir='ltr'><strong>indicavit</strong></span> <span class='ocrx_word' id='word_1_753' title='bbox 2466 4615 2547 4669; x_wconf 88' lang='lat' dir='ltr'><strong>eis</strong></span> <span class='ocrx_word' id='word_1_754' title='bbox 2591 4612 2775 4668; x_wconf 88' lang='lat' dir='ltr'><strong>omnia</strong></span> <span class='ocrx_word' id='word_1_755' title='bbox 2803 4612 2938 4666; x_wconf 84' lang='lat' dir='ltr'><strong>haec.</strong></span> <span class='ocrx_word' id='word_1_756' title='bbox 2972 4609 3206 4681; x_wconf 88' lang='lat' dir='ltr'><strong>Ingressi</strong></span> <span class='ocrx_word' id='word_1_757' title='bbox 3229 4623 3360 4680; x_wconf 90' lang='lat' dir='ltr'><strong>ergo</strong></span> <span class='ocrx_word' id='word_1_758' title='bbox 3382 4624 3511 4677; x_wconf 89' lang='lat' dir='ltr'><strong>apo-</strong></span> 
     </span>
    </p>
   </div>
   <div class='ocr_carea' id='block_1_104' title="bbox 1932 4701 3509 4775">
    <p class='ocr_par' dir='ltr' id='par_1_104' title="bbox 1932 4701 3509 4775">
     <span class='ocr_line' id='line_1_104' title="bbox 1932 4701 3509 4775; baseline -0.007 -11"><span class='ocrx_word' id='word_1_759' title='bbox 1932 4710 2059 4765; x_wconf 90' lang='lat' dir='ltr'><strong>stoli</strong></span> <span class='ocrx_word' id='word_1_760' title='bbox 2099 4710 2362 4775; x_wconf 89' lang='lat' dir='ltr'><strong>domum,</strong></span> <span class='ocrx_word' id='word_1_761' title='bbox 2410 4709 2736 4763; x_wconf 88' lang='lat' dir='ltr'><strong>invenerunt</strong></span> <span class='ocrx_word' id='word_1_762' title='bbox 2789 4703 3015 4758; x_wconf 84' lang='lat' dir='ltr'><strong>Matrem</strong></span> <span class='ocrx_word' id='word_1_763' title='bbox 3060 4702 3278 4757; x_wconf 89' lang='lat' dir='ltr'><strong>Domini</strong></span> <span class='ocrx_word' id='word_1_764' title='bbox 3332 4701 3509 4756; x_wconf 90' lang='lat' dir='ltr'><strong>nostri</strong></span> 
     </span>
    </p>
   </div>
   <div class='ocr_carea' id='block_1_105' title="bbox 1932 4792 3508 4867">
    <p class='ocr_par' dir='ltr' id='par_1_105' title="bbox 1932 4792 3508 4867">
     <span class='ocr_line' id='line_1_105' title="bbox 1932 4792 3508 4867; baseline -0.007 -12"><span class='ocrx_word' id='word_1_765' title='bbox 1932 4802 2158 4857; x_wconf 83' lang='lat' dir='ltr'><strong>Mariam</strong></span> <span class='ocrx_word' id='word_1_766' title='bbox 2184 4842 2198 4867; x_wconf 86' lang='lat'><strong>,</strong></span> <span class='ocrx_word' id='word_1_767' title='bbox 2233 4810 2288 4856; x_wconf 91' lang='lat' dir='ltr'><strong>et</strong></span> <span class='ocrx_word' id='word_1_768' title='bbox 2326 4801 2705 4855; x_wconf 85' lang='lat' dir='ltr'><strong>salutaverunt</strong></span> <span class='ocrx_word' id='word_1_769' title='bbox 2749 4812 2870 4850; x_wconf 88' lang='lat' dir='ltr'><strong>eam</strong></span> <span class='ocrx_word' id='word_1_770' title='bbox 2908 4796 3187 4851; x_wconf 85' lang='lat' dir='ltr'><strong>dicentes:</strong></span> <span class='ocrx_word' id='word_1_771' title='bbox 3221 4792 3508 4850; x_wconf 85' lang='lat' dir='ltr'><strong>Benedicta</strong></span> 
     </span>
    </p>
   </div>
   <div class='ocr_carea' id='block_1_106' title="bbox 1931 4879 3510 4960">
    <p class='ocr_par' dir='ltr' id='par_1_106' title="bbox 1931 4879 3510 4960">
     <span class='ocr_line' id='line_1_106' title="bbox 1931 4879 3510 4960; baseline -0.01 -12"><span class='ocrx_word' id='word_1_772' title='bbox 1931 4904 1987 4948; x_wconf 91' lang='lat' dir='ltr'><strong>tu</strong></span> <span class='ocrx_word' id='word_1_773' title='bbox 2023 4908 2056 4948; x_wconf 92' lang='lat' dir='ltr'><strong>a</strong></span> <span class='ocrx_word' id='word_1_774' title='bbox 2102 4892 2336 4946; x_wconf 90' lang='lat' dir='ltr'><strong>Domino</strong></span> <span class='ocrx_word' id='word_1_775' title='bbox 2361 4928 2377 4955; x_wconf 89' lang='lat'><strong>,</strong></span> <span class='ocrx_word' id='word_1_776' title='bbox 2411 4891 2504 4960; x_wconf 91' lang='lat' dir='ltr'><strong>qui</strong></span> <span class='ocrx_word' id='word_1_777' title='bbox 2540 4888 2666 4943; x_wconf 88' lang='lat' dir='ltr'><strong>fecit</strong></span> <span class='ocrx_word' id='word_1_778' title='bbox 2709 4887 2908 4943; x_wconf 74' lang='lat' dir='ltr'><strong>cmlum</strong></span> <span class='ocrx_word' id='word_1_779' title='bbox 2943 4894 2998 4939; x_wconf 90' lang='lat' dir='ltr'><strong>et</strong></span> <span class='ocrx_word' id='word_1_780' title='bbox 3045 4893 3265 4938; x_wconf 88' lang='lat' dir='ltr'><strong>terram.</strong></span> <span class='ocrx_word' id='word_1_781' title='bbox 3298 4879 3510 4946; x_wconf 79' lang='lat' dir='ltr'><strong>Quibus</strong></span> 
     </span>
    </p>
   </div>
   <div class='ocr_carea' id='block_1_107' title="bbox 1931 4971 3509 5045">
    <p class='ocr_par' dir='ltr' id='par_1_107' title="bbox 1931 4971 3509 5045">
     <span class='ocr_line' id='line_1_107' title="bbox 1931 4971 3509 5045; baseline -0.011 -4"><span class='ocrx_word' id='word_1_782' title='bbox 1931 4987 2023 5041; x_wconf 90' lang='lat' dir='ltr'><strong>illa</strong></span> <span class='ocrx_word' id='word_1_783' title='bbox 2056 4985 2165 5039; x_wconf 89' lang='lat' dir='ltr'><strong>ait:</strong></span> <span class='ocrx_word' id='word_1_784' title='bbox 2198 4982 2313 5037; x_wconf 74' lang='lat' dir='ltr'><strong>Pax</strong></span> <span class='ocrx_word' id='word_1_785' title='bbox 2342 4982 2625 5036; x_wconf 89' lang='lat' dir='ltr'><strong>vobiscum</strong></span> <span class='ocrx_word' id='word_1_786' title='bbox 2660 4981 2764 5045; x_wconf 90' lang='lat' dir='ltr'><strong>sit,</strong></span> <span class='ocrx_word' id='word_1_787' title='bbox 2810 4978 3011 5033; x_wconf 81' lang='lat' dir='ltr'><strong>fratres</strong></span> <span class='ocrx_word' id='word_1_788' title='bbox 3051 4974 3208 5029; x_wconf 91' lang='lat' dir='ltr'><strong>electi</strong></span> <span class='ocrx_word' id='word_1_789' title='bbox 3247 4989 3278 5027; x_wconf 92' lang='lat' dir='ltr'><strong>a</strong></span> <span class='ocrx_word' id='word_1_790' title='bbox 3323 4971 3509 5025; x_wconf 88' lang='lat' dir='ltr'><strong>Domi-</strong></span> 
     </span>
    </p>
   </div>
   <div class='ocr_carea' id='block_1_108' title="bbox 1933 5065 3511 5147">
    <p class='ocr_par' dir='ltr' id='par_1_108' title="bbox 1933 5065 3511 5147">
     <span class='ocr_line' id='line_1_108' title="bbox 1933 5065 3511 5147; baseline -0.011 -12"><span class='ocrx_word' id='word_1_791' title='bbox 1933 5095 2034 5147; x_wconf 90' lang='lat' dir='ltr'><strong>no;</strong></span> <span class='ocrx_word' id='word_1_792' title='bbox 2076 5087 2132 5133; x_wconf 89' lang='lat' dir='ltr'><strong>et</strong></span> <span class='ocrx_word' id='word_1_793' title='bbox 2170 5075 2524 5146; x_wconf 77' lang='lat' dir='ltr'><strong>interrogavit</strong></span> <span class='ocrx_word' id='word_1_794' title='bbox 2566 5089 2660 5128; x_wconf 90' lang='lat' dir='ltr'><strong>eos</strong></span> <span class='ocrx_word' id='word_1_795' title='bbox 2700 5072 2924 5127; x_wconf 89' lang='lat' dir='ltr'><strong>dicens:</strong></span> <span class='ocrx_word' id='word_1_796' title='bbox 2969 5066 3257 5135; x_wconf 83' lang='lat' dir='ltr'><strong>Quomodo</strong></span> <span class='ocrx_word' id='word_1_797' title='bbox 3281 5065 3392 5119; x_wconf 85' lang='lat' dir='ltr'><strong>huc</strong></span> <span class='ocrx_word' id='word_1_798' title='bbox 3420 5081 3511 5119; x_wconf 89' lang='lat' dir='ltr'><strong>ve-</strong></span> 
     </span>
    </p>
   </div>
   <div class='ocr_carea' id='block_1_109' title="bbox 1933 5158 3510 5236">
    <p class='ocr_par' dir='ltr' id='par_1_109' title="bbox 1933 5158 3510 5236">
     <span class='ocr_line' id='line_1_109' title="bbox 1933 5158 3510 5236; baseline -0.009 -10"><span class='ocrx_word' id='word_1_799' title='bbox 1933 5171 2125 5227; x_wconf 88' lang='lat' dir='ltr'><strong>nistis?</strong></span> <span class='ocrx_word' id='word_1_800' title='bbox 2156 5168 2260 5236; x_wconf 85' lang='lat' dir='ltr'><strong>Qui</strong></span> <span class='ocrx_word' id='word_1_801' title='bbox 2294 5169 2440 5223; x_wconf 89' lang='lat' dir='ltr'><strong>illico</strong></span> <span class='ocrx_word' id='word_1_802' title='bbox 2471 5172 2836 5221; x_wconf 88' lang='lat' dir='ltr'><strong>narraverunt</strong></span> <span class='ocrx_word' id='word_1_803' title='bbox 2884 5163 2933 5217; x_wconf 92' lang='lat' dir='ltr'><strong>ei</strong></span> <span class='ocrx_word' id='word_1_804' title='bbox 2957 5204 2973 5229; x_wconf 95' lang='lat'><strong>,</strong></span> <span class='ocrx_word' id='word_1_805' title='bbox 3028 5158 3306 5231; x_wconf 91' lang='lat' dir='ltr'><strong>quomodo</strong></span> <span class='ocrx_word' id='word_1_806' title='bbox 3339 5173 3510 5213; x_wconf 88' lang='lat' dir='ltr'><strong>unus—</strong></span> 
     </span>
    </p>
   </div>
   <div class='ocr_carea' id='block_1_110' title="bbox 1932 5250 3513 5335">
    <p class='ocr_par' dir='ltr' id='par_1_110' title="bbox 1932 5250 3513 5335">
     <span class='ocr_line' id='line_1_110' title="bbox 1932 5250 3513 5335; baseline -0.01 -15"><span class='ocrx_word' id='word_1_807' title='bbox 1932 5265 2165 5335; x_wconf 88' lang='lat' dir='ltr'><strong>quisque</strong></span> <span class='ocrx_word' id='word_1_808' title='bbox 2196 5278 2263 5318; x_wconf 79' lang='lat' dir='ltr'><strong>ex</strong></span> <span class='ocrx_word' id='word_1_809' title='bbox 2297 5262 2431 5331; x_wconf 90' lang='lat' dir='ltr'><strong>ipsis</strong></span> <span class='ocrx_word' id='word_1_810' title='bbox 2463 5277 2494 5314; x_wconf 87' lang='lat' dir='ltr'><strong>a</strong></span> <span class='ocrx_word' id='word_1_811' title='bbox 2532 5257 2734 5329; x_wconf 88' lang='lat' dir='ltr'><strong>Spiritu</strong></span> <span class='ocrx_word' id='word_1_812' title='bbox 2770 5255 2867 5311; x_wconf 89' lang='lat' dir='ltr'><strong>Dei</strong></span> <span class='ocrx_word' id='word_1_813' title='bbox 2898 5255 3141 5310; x_wconf 88' lang='lat' dir='ltr'><strong>elevatus</strong></span> <span class='ocrx_word' id='word_1_814' title='bbox 3168 5252 3221 5307; x_wconf 90' lang='lat' dir='ltr'><strong>in</strong></span> <span class='ocrx_word' id='word_1_815' title='bbox 3260 5250 3427 5317; x_wconf 91' lang='lat' dir='ltr'><strong>nube,</strong></span> <span class='ocrx_word' id='word_1_816' title='bbox 3458 5259 3513 5304; x_wconf 91' lang='lat' dir='ltr'><strong>et</strong></span> 
     </span>
    </p>
   </div>
   <div class='ocr_carea' id='block_1_111' title="bbox 1934 5342 3509 5428">
    <p class='ocr_par' dir='ltr' id='par_1_111' title="bbox 1934 5342 3509 5428">
     <span class='ocr_line' id='line_1_111' title="bbox 1934 5342 3509 5428; baseline -0.011 -16"><span class='ocrx_word' id='word_1_817' title='bbox 1934 5355 2215 5428; x_wconf 88' lang='lat' dir='ltr'><strong>depositus</strong></span> <span class='ocrx_word' id='word_1_818' title='bbox 2257 5353 2458 5408; x_wconf 87' lang='lat' dir='ltr'><strong>ibidem</strong></span> <span class='ocrx_word' id='word_1_819' title='bbox 2509 5349 2876 5406; x_wconf 90' lang='lat' dir='ltr'><strong>advenissent.</strong></span> <span class='ocrx_word' id='word_1_820' title='bbox 2919 5344 3130 5413; x_wconf 90' lang='lat' dir='ltr'><strong>Quibus</strong></span> <span class='ocrx_word' id='word_1_821' title='bbox 3174 5345 3289 5414; x_wconf 89' lang='lat' dir='ltr'><strong>ipsa</strong></span> <span class='ocrx_word' id='word_1_822' title='bbox 3332 5342 3509 5397; x_wconf 85' lang='lat' dir='ltr'><strong>dixit:</strong></span> 
     </span>
    </p>
   </div>
   <div class='ocr_carea' id='block_1_112' title="bbox 1936 5430 3512 5502">
    <p class='ocr_par' dir='ltr' id='par_1_112' title="bbox 1936 5430 3512 5502">
     <span class='ocr_line' id='line_1_112' title="bbox 1936 5430 3512 5502; baseline -0.01 -2"><span class='ocrx_word' id='word_1_823' title='bbox 1936 5445 2203 5502; x_wconf 87' lang='lat' dir='ltr'><strong>Dominus</strong></span> <span class='ocrx_word' id='word_1_824' title='bbox 2251 5460 2348 5499; x_wconf 92' lang='lat' dir='ltr'><strong>vos</strong></span> <span class='ocrx_word' id='word_1_825' title='bbox 2400 5443 2508 5497; x_wconf 88' lang='lat' dir='ltr'><strong>huc</strong></span> <span class='ocrx_word' id='word_1_826' title='bbox 2558 5440 2788 5495; x_wconf 83' lang='lat' dir='ltr'><strong>adduxit</strong></span> <span class='ocrx_word' id='word_1_827' title='bbox 2833 5438 2888 5492; x_wconf 92' lang='lat' dir='ltr'><strong>in</strong></span> <span class='ocrx_word' id='word_1_828' title='bbox 2935 5435 3192 5492; x_wconf 90' lang='lat' dir='ltr'><strong>solatium</strong></span> <span class='ocrx_word' id='word_1_829' title='bbox 3228 5430 3512 5488; x_wconf 89' lang='lat' dir='ltr'><strong>ferendum</strong></span> 
     </span>
    </p>
   </div>
   <div class='ocr_carea' id='block_1_113' title="bbox 1935 5524 3510 5609">
    <p class='ocr_par' dir='ltr' id='par_1_113' title="bbox 1935 5524 3510 5609">
     <span class='ocr_line' id='line_1_113' title="bbox 1935 5524 3510 5609; baseline -0.01 -16"><span class='ocrx_word' id='word_1_830' title='bbox 1935 5538 2233 5609; x_wconf 88' lang='lat' dir='ltr'><strong>angustiis,</strong></span> <span class='ocrx_word' id='word_1_831' title='bbox 2274 5550 2397 5605; x_wconf 63' lang='lat' dir='ltr'><strong>qua:</strong></span> <span class='ocrx_word' id='word_1_832' title='bbox 2427 5542 2672 5589; x_wconf 67' lang='lat' dir='ltr'><strong>ventura:</strong></span> <span class='ocrx_word' id='word_1_833' title='bbox 2700 5539 2830 5587; x_wconf 92' lang='lat' dir='ltr'><strong>sunt</strong></span> <span class='ocrx_word' id='word_1_834' title='bbox 2861 5529 3019 5585; x_wconf 92' lang='lat' dir='ltr'><strong>mihi.</strong></span> <span class='ocrx_word' id='word_1_835' title='bbox 3074 5525 3229 5581; x_wconf 86' lang='lat' dir='ltr'><strong>Nunc</strong></span> <span class='ocrx_word' id='word_1_836' title='bbox 3251 5540 3383 5595; x_wconf 85' lang='lat' dir='ltr'><strong>ergo</strong></span> <span class='ocrx_word' id='word_1_837' title='bbox 3413 5524 3510 5578; x_wconf 88' lang='lat' dir='ltr'><strong>de-</strong></span> 
     </span>
    </p>
   </div>
   <div class='ocr_carea' id='block_1_114' title="bbox 1934 5619 3511 5702">
    <p class='ocr_par' dir='ltr' id='par_1_114' title="bbox 1934 5619 3511 5702">
     <span class='ocr_line' id='line_1_114' title="bbox 1934 5619 3511 5702; baseline -0.011 -15"><span class='ocrx_word' id='word_1_838' title='bbox 1934 5647 2129 5702; x_wconf 80' lang='lat' dir='ltr'><strong>precor</strong></span> <span class='ocrx_word' id='word_1_839' title='bbox 2165 5645 2280 5692; x_wconf 83' lang='lat' dir='ltr'><strong>vos,</strong></span> <span class='ocrx_word' id='word_1_840' title='bbox 2310 5638 2368 5683; x_wconf 90' lang='lat' dir='ltr'><strong>ut</strong></span> <span class='ocrx_word' id='word_1_841' title='bbox 2391 5629 2511 5684; x_wconf 89' lang='lat' dir='ltr'><strong>sine</strong></span> <span class='ocrx_word' id='word_1_842' title='bbox 2532 5625 2940 5683; x_wconf 89' lang='lat' dir='ltr'><strong>intermissione</strong></span> <span class='ocrx_word' id='word_1_843' title='bbox 2958 5637 3149 5679; x_wconf 90' lang='lat' dir='ltr'><strong>omnes</strong></span> <span class='ocrx_word' id='word_1_844' title='bbox 3182 5619 3511 5676; x_wconf 88' lang='lat' dir='ltr'><strong>unanimiter</strong></span> 
     </span>
    </p>
   </div>
   <div class='ocr_carea' id='block_1_115' title="bbox 1938 5710 3514 5795">
    <p class='ocr_par' dir='ltr' id='par_1_115' title="bbox 1938 5710 3514 5795">
     <span class='ocr_line' id='line_1_115' title="bbox 1938 5710 3514 5795; baseline -0.008 -21"><span class='ocrx_word' id='word_1_845' title='bbox 1938 5723 2220 5795; x_wconf 75' lang='lat' dir='ltr'><strong>vigilemus</strong></span> <span class='ocrx_word' id='word_1_846' title='bbox 2247 5763 2260 5788; x_wconf 93' lang='lat'><strong>,</strong></span> <span class='ocrx_word' id='word_1_847' title='bbox 2310 5735 2485 5791; x_wconf 88' lang='lat' dir='ltr'><strong>usque</strong></span> <span class='ocrx_word' id='word_1_848' title='bbox 2524 5720 2582 5774; x_wconf 89' lang='lat' dir='ltr'><strong>in</strong></span> <span class='ocrx_word' id='word_1_849' title='bbox 2628 5718 2776 5773; x_wconf 87' lang='lat' dir='ltr'><strong>illam</strong></span> <span class='ocrx_word' id='word_1_850' title='bbox 2820 5718 3051 5781; x_wconf 84' lang='lat' dir='ltr'><strong>horam,</strong></span> <span class='ocrx_word' id='word_1_851' title='bbox 3092 5727 3205 5785; x_wconf 88' lang='lat' dir='ltr'><strong>qua</strong></span> <span class='ocrx_word' id='word_1_852' title='bbox 3247 5710 3514 5767; x_wconf 89' lang='lat' dir='ltr'><strong>Dominus</strong></span> 
     </span>
    </p>
   </div>
   <div class='ocr_carea' id='block_1_116' title="bbox 1939 5809 3515 5884">
    <p class='ocr_par' dir='ltr' id='par_1_116' title="bbox 1939 5809 3515 5884">
     <span class='ocr_line' id='line_1_116' title="bbox 1939 5809 3515 5884; baseline -0.007 -18"><span class='ocrx_word' id='word_1_853' title='bbox 1939 5824 2201 5871; x_wconf 75' lang='lat' dir='ltr'><strong>venturus</strong></span> <span class='ocrx_word' id='word_1_854' title='bbox 2227 5826 2333 5881; x_wconf 75' lang='lat' dir='ltr'><strong>cSt,</strong></span> <span class='ocrx_word' id='word_1_855' title='bbox 2363 5827 2414 5870; x_wconf 87' lang='lat' dir='ltr'><strong>et</strong></span> <span class='ocrx_word' id='word_1_856' title='bbox 2445 5828 2543 5884; x_wconf 80' lang='lat' dir='ltr'><strong>ego</strong></span> <span class='ocrx_word' id='word_1_857' title='bbox 2575 5813 2640 5868; x_wconf 87' lang='lat' dir='ltr'><strong>de</strong></span> <span class='ocrx_word' id='word_1_858' title='bbox 2674 5825 2903 5882; x_wconf 85' lang='lat' dir='ltr'><strong>corpore</strong></span> <span class='ocrx_word' id='word_1_859' title='bbox 2923 5809 3028 5870; x_wconf 86' lang='lat' dir='ltr'><strong>hoc</strong></span> <span class='ocrx_word' id='word_1_860' title='bbox 3055 5824 3176 5866; x_wconf 85' lang='lat' dir='ltr'><strong>sum</strong></span> <span class='ocrx_word' id='word_1_861' title='bbox 3208 5817 3515 5864; x_wconf 83' lang='lat' dir='ltr'><strong>recessura.</strong></span> 
     </span>
    </p>
   </div>
  </div>
