3872 6210
435 399 576 456 ηδε

1031 519 1259 576 CAPUT
1301 521 1405 579 VII.

505 608 755 679 Cumque
783 611 1180 678 consedissent,
1209 622 1264 668 et
1287 616 1632 670 consolantes
1653 631 1795 684 eam,
1827 619 2007 673 triduo

437 700 494 756 in
525 699 619 756 Dei
657 702 908 758 laudibus
950 703 1335 772 perstitissent,
1375 723 1501 763 ecce
1532 708 1618 763 die
1666 710 1825 764 tertia
1861 709 2006 766 circa

439 792 629 847 horam
655 795 867 849 tertiam
892 795 1018 861 diei,
1047 812 1211 867 super
1235 813 1448 862 omnes,
1477 801 1570 871 qui
1592 809 1748 855 erant
1767 802 1818 856 iu
1842 802 2005 857 domo

438 884 529 939 illa
561 894 781 954 repente
807 902 971 957 sopor
1002 889 1183 956 irruit,
1216 899 1272 945 et
1307 891 1492 946 nullus
1523 892 1752 946 omnino
1780 893 2006 963 vigilare

426 979 630 1048 potuit,
667 980 772 1034 nisi
813 981 913 1036 soli
941 983 1194 1052 apostoli,
1236 992 1290 1038 et
1333 992 1442 1040 tres
1481 985 1857 1041 tantummodo
1895 987 2006 1040 vir-

434 1068 616 1140 gines,
671 1086 794 1140 quae
835 1087 1005 1127 sacra:
1037 1073 1244 1144 Virgini
1275 1075 1504 1130 comites
1558 1084 1732 1130 erant.
1782 1075 1848 1131 Et
1877 1092 2004 1134 ecce

433 1162 615 1218 subito
638 1165 855 1220 advenit
880 1164 1144 1222 Dominus
1179 1166 1336 1224 Jesus
1364 1185 1487 1223 cum
1523 1185 1717 1238 magna
1753 1171 2005 1225 multitu-

431 1253 560 1308 dine
581 1256 921 1325 angelorum,
947 1268 1001 1312 et
1024 1259 1278 1328 splendor
1299 1277 1530 1331 magnus
1551 1263 1604 1316 in
1632 1263 1812 1318 locum
1848 1263 2002 1318 illum

430 1346 743 1415 descendit,
793 1361 847 1406 et
886 1360 1041 1406 erant
1074 1353 1250 1422 angeli
1300 1353 1563 1425 hymnum
1620 1354 1899 1423 dicentes,
1949 1366 2004 1412 et

431 1439 805 1498 collaudantes
837 1441 1152 1498 Dominum.
1203 1443 1357 1502 Tunc
1392 1444 1643 1502 Salvator
1674 1447 1888 1504 locutus
1920 1460 2005 1504 est

429 1530 618 1588 dicens
648 1551 661 1588 :
689 1531 846 1600 Veni,
876 1535 1044 1590 electa
1082 1551 1223 1602 mea,
1257 1538 1653 1606 pretiosissima
1688 1540 2000 1611 margarita,

431 1625 574 1680 intra
606 1626 660 1680 in
698 1628 1099 1698 receptaculum
1132 1631 1257 1686 vita:
1289 1639 1522 1686 aeternae.

1009 1764 1241 1820 CAPUT
1275 1764 1411 1824 VIII.

1487 404 1542 457 S.
1587 402 1844 460 MELITO
1877 403 2185 460 SARDIUM
2215 399 2607 458 EPISCOPUS

2033 531 2080 586 Α
2107 524 2323 587 Maria,
2366 533 2420 579 et
2463 524 2712 577 laverunt
2755 519 2886 575 illud
2937 517 3188 574 funerum
3231 531 3400 572 more.
3437 514 3676 584 Cumque

3548 393 3568 446 I
3580 393 3677 447 236

2110 616 2390 672 exuissent
2418 614 2564 668 illam
2595 613 2836 668 vestibus
2867 610 3013 673 suis;
3063 625 3282 664 sacrum
3313 623 3514 677 corpus
3550 606 3676 660 illud

2110 715 2259 762 tanta
2288 706 2533 761 claritate
2567 703 2920 773 resplenduit,
2971 711 3032 758 ut
3067 701 3212 770 tangi
3243 701 3462 770 quidem
3500 706 3682 767 posset

2108 815 2209 870 pro
2240 798 2526 868 obsequio,
2571 795 2740 850 videri
2768 804 2950 849 autem
2978 794 3190 864 species
3223 807 3336 862 pra:
3363 790 3539 844 nimia
3565 789 3682 843 luce

2109 897 2460 957 coruscante,
2496 903 2605 944 non
2637 895 2850 957 posset;
2900 894 2956 941 et
2986 885 3244 955 splendor
3274 882 3532 952 apparuit
3569 896 3685 934 ma-

2107 998 2246 1053 gnus
2267 1022 2282 1044 ,
2331 990 2384 1036 et
2437 980 2574 1034 nihil
2609 979 2976 1041 sentiebatur,
3007 976 3138 1032 dum
3171 975 3444 1029 lavaretur
3481 985 3689 1041 corpus

2106 1071 2559 1136 mundissimum,
2609 1077 2663 1124 et
2705 1068 2856 1122 nullo
2890 1067 3121 1121 horrore
3173 1065 3350 1120 sordis
3392 1061 3684 1117 infectum.

2105 1161 2354 1232 Cumque
2384 1161 2676 1216 vestissent
2703 1174 2826 1212 eam
2859 1156 3042 1212 linteis
3072 1164 3127 1210 et
3163 1154 3498 1210 indumentis
3537 1168 3692 1206 mor-

2105 1253 2345 1317 talibus,
2379 1252 2640 1322 paulatim
2681 1251 2776 1304 lux
2820 1249 2911 1304 illa
2961 1247 3201 1304 evanuit.
3253 1245 3317 1300 Et
3360 1254 3480 1301 erat
3514 1244 3692 1300 facies

2104 1347 2275 1401 beata:
2308 1345 2598 1401 Genitricis
2624 1343 2716 1398 Dei
2751 1342 2936 1397 Mariae
2966 1340 3162 1396 similis
3199 1339 3427 1394 floribus
3462 1337 3598 1400 lilii,
3631 1346 3692 1392 et

2103 1435 2238 1489 odor
2266 1434 2555 1489 suavitatis
2579 1448 2792 1503 magna:
2815 1430 3193 1501 egrediebatur
3220 1444 3286 1485 ex
3309 1444 3394 1495 ea,
3435 1429 3513 1483 ita
3550 1437 3610 1483 ut
3635 1428 3688 1483 ei

2104 1525 2298 1580 similis
2325 1525 2568 1581 suavitas
2600 1524 2832 1579 inveniri
2866 1523 3015 1578 nulla
3046 1530 3250 1592 posset.

2711 1654 2940 1710 CAPUT
2979 1655 3070 1710 XI.

2176 1767 2332 1822 Tunc
2362 1767 2528 1837 igitur
2557 1777 2806 1822 sanctum
2831 1781 3030 1837 corpus
3059 1767 3434 1836 imposuerunt
3456 1765 3693 1833 feretro,

499 1875 656 1933 Tunc
684 1877 852 1932 Maria
887 1880 1185 1950 prostravit
1217 1895 1275 1934 se
1304 1879 1359 1933 in
1388 1879 1719 1950 pavimento,
1767 1879 1999 1936 adorans

2103 1860 2469 1930 dixeruntque
2518 1859 2586 1913 ad
2641 1859 2874 1914 invicem
2942 1858 3174 1928 apostoli
3209 1877 3221 1912 :
3255 1857 3392 1924 Quis
3439 1858 3693 1928 palmam

428 1969 754 2036 Dominum,
803 1985 924 2043 qua:
962 1971 1100 2026 dixit
1137 1990 1150 2025 :
1189 1949 1542 2027 Benedictum
1584 1986 1784 2028 nomen
1818 1973 2004 2043 gloriae
2033 1949 2070 1954 —
2104 1953 2246 2008 hanc
2285 1961 2411 2007 ante
2454 1950 2715 2043 “3"”me
2762 1951 2885 2021 eius
2931 1951 3204 2021 Donabit?
3243 1949 3398 2006 Tunc
3441 1949 3692 2006 Joannes

426 2074 555 2131 tuae,
597 2063 825 2120 Domine
854 2065 998 2120 Deus
1043 2081 1220 2130 meus,
1273 2066 1367 2136 qui
1408 2067 1665 2139 dignatus
1693 2082 1754 2123 es
1783 2082 1872 2122 me
1898 2067 2002 2121 hu-

425 2155 711 2213 millimam
762 2157 1014 2214 ancillam
1060 2165 1209 2212 tuam
1239 2158 1458 2229 eligere,
1504 2169 1558 2214 et
1606 2174 1871 2215 arcanum
1921 2159 2000 2214 tui

426 2250 671 2322 mysterii
729 2249 862 2304 mibi
908 2251 1310 2308 commendare.
1381 2249 1588 2305 Memor
1650 2251 1815 2322 igitur
1879 2260 2001 2306 esto

425 2343 554 2410 mei,
607 2339 718 2396 Rex
760 2341 964 2412 gloriae.
1025 2340 1107 2395 Tu
1137 2341 1280 2396 enim
1313 2342 1420 2398 scis
1449 2342 1576 2413 quia
1609 2342 1664 2396 in
1693 2351 1809 2398 toto
1839 2343 2004 2398 corde

425 2449 549 2489 meo
585 2434 745 2490 dilexi
789 2442 861 2497 te,
912 2443 965 2488 et
1007 2433 1272 2489 custodivi
1322 2434 1640 2490 thesaurum
1685 2449 1716 2490 a
1768 2443 1822 2489 te
1864 2435 2000 2490 mihi

425 2523 712 2579 creditum.
766 2522 992 2593 Suscipe
1037 2523 1219 2593 itaque
1267 2539 1385 2590 me,
1432 2524 1694 2591 Domine,
1743 2525 1999 2582 ancillam

426 2627 597 2682 tuam,
631 2625 685 2669 et
711 2615 879 2671 libera
915 2629 1000 2669 me
1030 2629 1061 2668 a
1084 2622 1350 2684 potestate
1387 2616 1758 2682 tenebrarum,
1787 2627 1850 2673 ut
1879 2618 2002 2673 nul-

426 2709 515 2765 lus
545 2707 758 2764 Satana:
794 2709 1027 2778 impetus
1067 2716 1321 2762 occurrat
1349 2707 1504 2773 mihi,
1538 2725 1638 2765 nec
1673 2710 1886 2766 videam
1916 2719 2001 2765 te-

428 2809 546 2858 tros
582 2800 806 2870 spiritus
845 2810 1217 2857 occursantes.
1257 2801 1356 2856 Cui
1393 2801 1648 2858 Salvator
1685 2801 1996 2871 respondit:

428 2893 567 2950 Cum
595 2909 696 2965 ego
724 2893 926 2949 missus
954 2908 984 2947 a
1012 2891 1173 2948 Patre
1202 2909 1303 2964 pro
1331 2893 1505 2951 salute
1543 2892 1734 2948 mundi
1773 2891 1998 2948 fuissem

429 3005 731 3060 suspensus
778 2990 831 3044 in
881 3003 1079 3055 cruce,
1113 2989 1178 3043 ad
1219 3004 1306 3044 me
1345 2989 1601 3061 princeps
1647 2990 1998 3046 tenebrarum

425 3081 594 3148 venit,
637 3079 729 3134 sed
774 3079 900 3134 dum
941 3079 1150 3134 nullum
1183 3079 1268 3135 sui
1295 3079 1350 3134 in
1383 3095 1470 3134 me
1503 3081 1685 3150 Operis
1713 3081 1999 3150 vestigium

424 3170 670 3226 invenire
715 3170 1016 3240 praevaluit,
1046 3169 1223 3225 victus
1254 3178 1310 3225 et
1335 3171 1688 3226 conculcatus
1711 3171 1995 3227 abscessit.

2101 2044 2176 2099 ait
2201 2045 2269 2100 ad
2295 2043 2552 2100 Petrum:
2593 2042 2674 2098 Tu
2711 2043 2806 2113 qui
2837 2043 3099 2113 praecedis
3131 2057 3234 2098 nos
3262 2043 3317 2096 in
3347 2044 3689 2113 apostolatu,

2097 2138 2263 2193 debes
2287 2137 2522 2207 palmam
2553 2136 2696 2191 hanc
2721 2144 2846 2191 ante
2871 2135 3131 2190 feretrum
3160 2136 3355 2189 merito
3385 2134 3553 2191 ferre.
3579 2135 3692 2191 Cui

2099 2225 2292 2283 Petrus
2325 2225 2608 2296 respondit
2635 2245 2648 2280 :
2675 2225 2759 2280 Tu
2804 2226 2956 2281 solus
3003 2241 3072 2282 ex
3111 2226 3268 2281 nobis
3293 2227 3448 2296 virgo
3477 2241 3541 2281 es
3575 2227 3694 2282 ele-

2100 2329 2222 2376 ctus
2267 2336 2298 2375 a
2329 2318 2594 2374 Domino:
2655 2327 2710 2374 et
2751 2326 2959 2372 tantam
3008 2317 3237 2389 gratiam
3282 2317 3576 2384 invenisti,
3628 2326 3694 2372 ut

2102 2429 2266 2482 super
2302 2421 2491 2482 pectus
2533 2411 2653 2481 ejus
2701 2409 3068 2465 recumberes.
3130 2409 3352 2481 Insuper
3395 2410 3531 2465 dum
3571 2412 3692 2481 ipse

2101 2521 2201 2576 pro
2236 2504 2409 2559 salute
2442 2511 2630 2558 nostra
2673 2502 2730 2557 in
2773 2501 2955 2557 crucis
2991 2501 3175 2570 stipite
3220 2502 3503 2572 penderet,
3544 2503 3692 2557 hanc

2103 2597 2200 2651 tibi
2249 2611 2344 2652 ore
2389 2596 2611 2667 proprio
2648 2594 3076 2650 commendavit.
3131 2593 3210 2649 Tu
3254 2595 3418 2666 igitur
3465 2606 3692 2665 portare

2101 2691 2266 2746 debes
2293 2690 2433 2744 hanc
2461 2689 2722 2760 palmam,
2755 2698 2810 2743 et
2841 2703 2946 2758 ego
2975 2687 3275 2758 suscipiam
3307 2688 3374 2742 ad
3399 2690 3691 2744 sustinen-

2101 2782 2230 2838 dum
2266 2788 2676 2838 sacrosanctum
2711 2779 2816 2834 hoc
2843 2789 2898 2835 et
2925 2779 3237 2835 venerabile
3264 2795 3468 2849 corpus
3508 2797 3693 2851 usque

2101 2874 2168 2929 ad
2210 2874 2388 2928 locum
2431 2871 2796 2928 monumenti.
2827 2871 2928 2931 Cui
2959 2869 3162 2927 Paulus
3199 2871 3309 2926 ait:
3355 2870 3424 2934 Et
3458 2887 3564 2944 ego
3593 2873 3693 2944 qui

2096 2965 2284 3035 junior
2342 2981 2463 3021 sum
2514 2964 2758 3024 omnium
2827 2974 3115 3030 vestrum,
3186 2965 3421 3033 portabo
3479 2974 3689 3022 tecum.

2100 3059 2349 3129 Cumque
2390 3061 2799 3115 consensissent
2846 3073 3080 3125 omnes,
3133 3057 3334 3116 Petrus
3380 3059 3611 3115 elevans
3657 3075 3690 3114 a

2100 3152 2277 3221 capite
2323 3152 2580 3206 feretrum
2629 3153 2792 3222 cmpit
2832 3152 3096 3222 psallere,
3151 3160 3206 3206 et
3259 3151 3482 3207 dicere:
3532 3151 3692 3207 Exiit

425 3261 571 3330 Vidi,
605 3271 657 3317 ει
679 3236 737 3317 "'1
769 3277 899 3332 ergo
927 3261 1138 3317 videbis
1163 3277 1288 3316 eum
1318 3261 1537 3332 quidem
1569 3265 1848 3318 communi
1883 3264 1999 3335 lege
2025 3236 2067 3294 C
2101 3243 2274 3335 Israel
2305 3243 2370 3298 de
2398 3243 2653 3314 ﬁgypto,
2705 3243 2958 3299 Alleluia.
2995 3241 3314 3299 Sustinebat
3344 3253 3530 3299 autem
3559 3261 3688 3301 cum

425 3355 647 3413 ltumani
680 3355 916 3426 generis,
971 3370 1068 3424 per
1114 3371 1278 3425 quam
1314 3356 1531 3410 sortiris
1578 3358 1742 3411 linem
1781 3358 1998 3425 mortis,

425 3461 622 3502 nocere
650 3458 830 3501 autem
864 3462 971 3500 non
1004 3448 1201 3516 poterit
1236 3448 1358 3513 tibi,
1399 3447 1529 3517 quia
1569 3449 1707 3503 nihil
1737 3449 1791 3502 in
1823 3457 1876 3504 te
1904 3449 2002 3505 ha-

423 3537 536 3605 bet,
570 3548 624 3593 et
648 3539 777 3609 quia
804 3547 983 3593 tecum
1020 3554 1164 3606 sum,
1214 3547 1276 3596 ut
1319 3555 1508 3596 eruam
1539 3549 1612 3595 te.
1656 3539 1787 3595 Veni
1837 3541 2002 3612 igitur

418 3631 535 3704 jam
567 3645 780 3697 secura,
810 3632 939 3701 quia
964 3640 1242 3701 exspectat
1277 3641 1330 3687 te
1361 3633 1600 3688 coalestis
1636 3632 1758 3688 vitae
1786 3634 1998 3702 militia,

424 3730 486 3776 ut
513 3731 566 3776 te
594 3721 936 3776 introducam
960 3721 1015 3776 in
1039 3723 1277 3792 paradisi
1309 3724 1528 3794 gaudia.
1562 3723 1628 3779 Et
1650 3724 1767 3779 haec
1787 3724 2002 3780 dicente

427 3807 997 3879 Domino,exsurgens
1026 3809 1340 3866 beatissima
1371 3810 1538 3883 Virgo
1570 3813 1637 3868 de
1665 3813 1997 3885 pavimento,

424 3901 683 3964 accubuit
715 3918 877 3973 super
914 3903 1113 3959 lectum
1144 3920 1329 3972 suum,
1371 3914 1426 3960 et
1455 3899 1661 3978 gratias
1693 3922 1859 3978 agens
1888 3906 1999 3962 Do-

425 3993 576 4048 mino
617 3993 763 4061 Deo,
809 3995 992 4051 emisit
1035 3997 1308 4066 Spiritum.
1350 3995 1614 4052 Viderunt
1647 4007 1827 4054 autem
1867 4013 2000 4068 apo-

425 4085 552 4140 stoli
598 4093 808 4141 tantum
840 4087 980 4142 lucis
1011 4087 1327 4154 candorem,
1376 4097 1438 4143 ut
1485 4089 1632 4144 nulla
1683 4090 1996 4145 mortalium

423 4175 608 4245 lingua
637 4175 797 4247 digne
844 4177 1018 4246 possit
1061 4177 1234 4233 ell‘ari.
1278 4177 1538 4233 Vincebat
1586 4178 1730 4234 enim
1779 4195 1996 4235 omnem

423 4267 716 4322 candorem
751 4268 912 4331 nivis,
942 4276 996 4323 et
1023 4269 1270 4327 universi
1298 4269 1534 4336 metalli,
1576 4279 1630 4324 et
1654 4271 1865 4342 argenti
1909 4287 1998 4326 ra-

421 4356 622 4418 diantis
665 4373 859 4428 magna
892 4358 1159 4413 claritate.

1025 4494 1254 4552 CAPUT
1290 4495 1382 4550 IX.

491 4608 645 4665 Tune
677 4607 927 4665 Salvator
955 4610 1170 4665 locutus
1201 4619 1303 4677 est,
1333 4608 1554 4674 dicens:
1587 4606 1780 4680 Surge,
1811 4607 1990 4674 Petre,
2024 4584 2069 4639 Β

420 4707 478 4756 tu
503 4711 557 4756 et
578 4702 772 4772 reliqui
801 4702 1058 4772 apostoli,
1093 4713 1147 4758 et
1175 4717 1378 4771 corpus
1410 4700 1595 4756 Mariae
1621 4701 1830 4757 dilectae
1861 4717 1996 4758 mea:

419 4793 670 4864 accipite,
715 4804 770 4850 et
806 4793 1010 4850 deferte
1040 4795 1173 4852 illud
1207 4793 1261 4849 in
1307 4794 1588 4849 dexteram
1624 4803 1830 4865 partem
1859 4794 1995 4851 civi-

416 4889 544 4944 tatis
575 4888 643 4943 ad
673 4887 932 4944 orientem
956 4931 971 4956 ,
1010 4897 1064 4942 et
1112 4887 1398 4942 invenietis
1438 4895 1853 4952 monumentum
1895 4901 1995 4941 no-

418 4991 568 5042 vum,
593 4975 646 5029 in
669 4990 779 5045 quo
800 4982 1064 5044 ponentes
1081 4989 1223 5039 eam,
1247 4981 1554 5041 exspectate
1577 4973 1753 5028 donec
1777 4971 1989 5034 veniam

417 5067 482 5121 ad
518 5082 636 5123 vos.
688 5066 756 5120 Et
797 5067 912 5121 haec
953 5067 1139 5121 dicens
1181 5065 1444 5119 Dominus
1489 5063 1710 5118 tradidit
1751 5063 1990 5118 animam

415 5168 622 5216 sanctae
652 5160 845 5216 matris
897 5168 1096 5214 nostra:
1135 5156 1348 5220 Mariae,
1379 5155 1628 5212 Michaeli
1663 5156 1990 5228 archangelo

417 5269 539 5321 suo,
568 5258 664 5324 qui
691 5262 774 5308 est
805 5252 1132 5322 praepositus
1161 5249 1422 5321 paradisi,
1451 5255 1506 5304 et
1530 5249 1781 5320 princeps
1812 5247 1991 5318 gentis

415 5345 800 5401 Hebraeorum:
833 5355 886 5400 et
934 5343 1151 5400 Gabriel
1191 5342 1551 5414 archangelus
1584 5342 1698 5396 ibat
1737 5357 1860 5396 cum
1901 5355 1985 5394 ea.

415 5440 684 5496 Dominus
720 5447 901 5494 autem
938 5438 1188 5493 Salvator
1227 5445 1414 5492 noster
1456 5436 1649 5507 lstatim
1692 5436 1748 5490 in
1787 5436 1988 5504 caelum

412 5549 536 5590 cum
565 5532 772 5604 angelis
796 5540 1044 5602 receptus
1075 5538 1176 5586 est.

1034 5663 1264 5720 CAPUT
1302 5663 1369 5716 Χ.

481 5757 617 5813 Tres
647 5767 830 5814 autem
863 5757 1100 5829 virgines
1137 5773 1259 5827 qua:
1291 5757 1487 5812 ibidem
1521 5765 1708 5825 erant,
1753 5765 1808 5812 et
1846 5755 1986 5826 vigi-

412 5851 635 5916 labant;
697 5859 1054 5920 susccpcrunt
1102 5864 1302 5919 corpus
1358 5849 1686 5906 beatissima:
1747 5848 1985 5918 parentis

2102 3351 2168 3390 eu
2208 3334 2428 3403 Paulus,
2473 3351 2692 3391 sacrum
2739 3337 2910 3391 beatae
2963 3350 3179 3405 semper
3209 3336 3442 3406 virginis
3497 3335 3692 3392 Maria:

2102 3441 2324 3495 corpus,
2375 3435 2429 3480 et
2474 3425 2713 3482 Joannes
2743 3434 2869 3482 ante
2898 3424 3157 3481 feretrum
3189 3424 3514 3495 pmferebat
3565 3431 3688 3496 pal-

2102 3534 2248 3572 mam
2287 3517 2535 3574 luminis.
2571 3517 2766 3574 Caneri
2795 3533 2926 3572 vero
2952 3517 3186 3588 apostoli
3213 3517 3521 3586 psallebant
3551 3534 3689 3575 voce

2103 3623 2449 3666 suavrssrma.

2684 3718 2918 3776 CAPUT
2956 3718 3073 3775 XII.

2171 3810 2238 3866 Et
2273 3825 2398 3867 ecce
2429 3826 2630 3865 novum
2667 3809 2871 3865 factum
2906 3819 2990 3865 est
3023 3809 3370 3865 miraculum.
3410 3809 3684 3880 Apparuit

2101 3905 2247 3960 enim
2290 3918 2496 3960 corona
2538 3903 2700 3959 nubis
2739 3918 2904 3974 super
2950 3900 3212 3957 feretrum
3252 3918 3451 3972 magna
3490 3902 3680 3966 valde,

2100 3998 2241 4053 sicut
2269 4013 2531 4068 apparere
2575 3997 2713 4052 solet
2757 4011 2988 4066 magnus
3026 3994 3266 4050 circulus
3307 3995 3463 4064 juxta
3497 3994 3683 4063 Splen-

2099 4091 2288 4146 dorem
2318 4089 2480 4144 lunae.
2522 4087 2588 4143 Et
2623 4089 2940 4158 angelorum
2980 4087 3256 4142 exercitus
3284 4095 3401 4140 erat
3435 4086 3490 4140 in
3522 4086 3682 4139 nubi-

2099 4181 2225 4246 bus,
2258 4182 2529 4236 canticum
2563 4181 2848 4236 suavitatis
2876 4179 3259 4243 emittentium,
3298 4189 3350 4232 et
3387 4178 3682 4232 resonabat

2099 4285 2242 4328 terra
2271 4275 2452 4330 sonitu
2497 4272 2804 4328 dulcedinis
2847 4286 3074 4342 magnae.
3123 4269 3278 4325 Tunc
3319 4285 3578 4340 egressus
3616 4269 3682 4324 de

2098 4367 2317 4422 civitate
2353 4364 2588 4437 populus
2634 4365 2748 4419 fere
2781 4362 3090 4434 quindecim
3132 4362 3298 4416 millia
3353 4360 3676 4424 hominum,

2098 4459 2461 4523 mirabantur,
2492 4455 2767 4512 dicentes:
2813 4454 2950 4521 Quis
2989 4463 3074 4511 est
3114 4454 3328 4510 sonitus
3353 4462 3521 4506 tanta:
3551 4467 3679 4505 sua—

2099 4547 2320 4602 vitatis?
2349 4545 2503 4600 Tunc
2540 4547 2689 4600 stetit
2727 4561 2908 4609 unus,
2945 4546 3039 4615 qui
3080 4545 3283 4599 diceret
3317 4543 3462 4598 illis:
3504 4541 3674 4597 Maria

2099 4639 2272 4694 Mater
2289 4637 2420 4695 Jesu
2450 4639 2585 4694 exiit
2609 4639 2772 4694 modo
2795 4639 2862 4694 de
2895 4653 3143 4708 corpore,
3179 4645 3234 4692 et
3262 4635 3515 4704 discipuli
3543 4634 3674 4690 Jesu

2096 4730 2243 4786 circa
2280 4745 2402 4784 eam
2449 4730 2638 4785 laudes
2679 4731 2888 4785 dicunt.
2921 4727 2988 4782 Et
3027 4728 3375 4798 respicientes
3422 4727 3673 4782 viderunt

2095 4833 2415 4886 coronatum
2460 4821 2642 4876 feretri
2685 4819 2942 4875 lectulum
2978 4833 3175 4888 magna
3221 4817 3412 4888 gloria,
3453 4826 3505 4871 et
3538 4832 3670 4886 apo-

2096 4917 2268 4972 stolos
2303 4924 2590 4969 cantantes
2625 4929 2754 4967 voce
2783 4927 2998 4981 magna.
3040 4909 3105 4964 Et
3130 4925 3256 4964 ecce
3286 4926 3427 4963 unus
3449 4924 3516 4963 ex
3545 4909 3667 4971 illis,

2093 5009 2188 5082 qui
2217 5016 2336 5063 erat
2370 5007 2624 5077 princeps
2663 5004 3008 5060 sacerdotum
3040 5001 3352 5056 Judmorum
3384 5001 3441 5054 in
3480 5000 3668 5054 ordine

2094 5087 2196 5158 suo
2227 5101 2467 5170 repletus
2495 5108 2578 5153 est
2606 5096 2791 5151 furore
2819 5106 2873 5150 et
2905 5097 3008 5162 ira,
3045 5105 3100 5148 et
3129 5095 3266 5149 dixit
3293 5092 3359 5147 ad
3395 5093 3661 5162 reliquos:

2093 5194 2230 5249 Ecce
2259 5191 2671 5248 tabernaculum
2712 5190 2861 5244 illius
2889 5189 2982 5258 qui
3022 5201 3124 5242 nos
3152 5185 3391 5240 turbavit
3425 5194 3479 5239 et
3507 5198 3661 5238 omne

2093 5303 2264 5358 genus
2305 5294 2588 5351 nostrum,
2631 5283 2846 5352 qualem
2886 5280 3115 5351 gloriam
3158 5294 3306 5332 nunc
3333 5276 3565 5346 accipit?
3601 5272 3663 5326 Et

2091 5382 2357 5435 accedens
2400 5379 2573 5434 voluit
2615 5385 2858 5433 evertere
2912 5376 3167 5430 feretrum
3194 5414 3210 5439 ,
3255 5382 3311 5427 et
3353 5387 3552 5440 corpus
3597 5367 3658 5421 ad

2091 5481 2294 5528 terram
2333 5473 2588 5542 dejicere.
2624 5470 2691 5524 Et
2719 5470 2900 5524 statim
2930 5474 3197 5522 aruerunt
3243 5479 3443 5518 manus
3477 5462 3592 5530 ejus
3627 5470 3660 5512 a

2090 5566 2310 5630 cubitis,
2343 5574 2407 5620 et-
2429 5565 2780 5618 adhaeserunt
2806 5561 3029 5618 lectulo.
3071 5558 3138 5612 Et
3163 5555 3505 5612 elevantibus
3532 5563 3658 5620 apo-

2090 5659 2246 5714 stolis
2274 5656 2555 5723 feretrum,
2596 5672 2722 5726 pars
2758 5655 2878 5724 ejus
2920 5652 3209 5724 pendebat,
3245 5657 3300 5704 et
3330 5663 3456 5718 pars
3490 5646 3657 5699 haere-

2090 5753 2184 5808 bat
2217 5751 2285 5805 ad
2321 5751 2505 5806 feretri
2551 5749 2810 5804 lectulum
2835 5789 2852 5814 ,
2893 5755 2948 5801 et
2992 5743 3355 5815 torquebatur
3397 5733 3657 5808 supplicio

2089 5845 2415 5912 vehementi,
2449 5841 2856 5903 ambulantibus
2891 5838 3174 5910 apostolis,
3215 5846 3270 5893 et
3307 5827 3654 5905 psallentibus
