3872 6210
253 355 396 410 £257

1715 346 1986 406 SPURIA.

3381 344 3518 398 1%38

255 447 494 502 Domino
519 466 532 502 :
556 447 743 517 Angeli
770 461 888 501 vero
920 446 1013 518 qui
1041 454 1192 501 erant
1223 447 1280 500 in
1304 446 1438 501 nube
1472 454 1839 514 percusserunt
1869 448 1916 504 Α
1943 455 2088 496 mam
2125 453 2288 509 super
2316 437 2505 492 oculos
2537 450 2750 500 eorum,
2787 444 3108 506 receperunt
3143 435 3341 492 visum.
3391 435 3521 502 Qui-

243 540 503 610 ropulum
537 540 794 594 cwcitate.

845 671 1075 729 CAPUT
1114 670 1255 728 XIII.

319 786 478 841 Tunc
505 787 758 857 princeps
786 785 874 841 ille
905 787 1177 843 clamabat
1217 786 1404 842 dicens
1431 804 1443 840 :
1469 785 1737 856 Deprecor
1764 794 1836 849 te,

242 878 444 934 dilecte
473 877 584 934 Deo
614 878 792 945 Petre,
836 893 905 932 ne
946 893 1034 933 me
1061 878 1330 948 despicias
1369 879 1424 932 in
1460 886 1610 932 tanta
1651 893 1838 932 neces-

249 969 437 1036 sitate,
467 969 596 1038 quia
627 969 916 1024 tormentis
942 969 1154 1040 magnis
1177 968 1393 1024 crucior
1421 968 1598 1022 valde.
1627 967 1836 1022 Memor

245 1068 371 1114 esto
393 1059 538 1129 quod
571 1059 792 1130 quando
819 1059 876 1112 in
901 1059 1153 1128 praetorio
1183 1058 1383 1113 ancilla
1410 1058 1633 1113 ostiaria
1669 1067 1718 1114 te
1747 1073 1852 1113 re-'~

241 1153 527 1220 cognovit,
571 1163 626 1208 et
656 1152 792 1206 dixit
826 1151 1069 1217 caeteris,
1101 1161 1162 1207 ut
1200 1151 1668 1208 calumniarentur
1709 1151 1828 1217 tibi,

250 1254 388 1300 tunc
414 1259 515 1316 ego
537 1245 754 1300 locutus
777 1260 898 1299 sum
924 1259 1025 1314 pro
1053 1254 1103 1300 te
1128 1243 1291 1298 bona.
1317 1243 1472 1297 ‘I‘unc
1492 1241 1832 1313 respondens

244 1332 443 1389 Petrus
472 1333 549 1388 ait
581 1351 595 1388 :
629 1331 747 1387 Non
778 1340 863 1388 est
899 1347 1080 1387 meum
1112 1332 1364 1386 auxiliari
1396 1332 1528 1398 tibi;
1573 1332 1619 1386 si
1649 1342 1830 1388 autem

243 1421 548 1480 credideris
577 1431 694 1478 toto
723 1423 890 1478 corde
913 1423 969 1477 in
1004 1423 1294 1478 Dominum
1316 1421 1502 1478 Jesum
1525 1421 1828 1490 Christum,

241 1531 410 1586 quem
445 1516 500 1570 in
537 1531 638 1572 suo
675 1525 867 1572 sancto
889 1525 1047 1572 utero
1080 1516 1197 1571 haec
1229 1515 1318 1570 cui
1349 1515 1716 1570 calumniatus
1747 1531 1827 1582 es,

244 1606 415 1677 Virgo
445 1609 714 1678 portavit,
761 1616 814 1663 et
854 1616 977 1678 post
1031 1617 1247 1678 partum
1295 1607 1448 1677 virgo
1494 1607 1827 1676 permansit,

243 1699 539 1755 clementia
583 1699 800 1755 Domini
829 1709 883 1755 et
910 1701 1061 1771 larga
1099 1700 1218 1770 ejus
1246 1700 1457 1769 pietas,
1498 1713 1620 1769 quae
1651 1699 1828 1753 salvat

1943 547 2160 602 cunque
2193 541 2400 586 tantum
2430 547 2496 584 ex
2531 531 2612 584 eis
2650 539 3029 599 permanentes
3067 529 3122 583 in
3154 529 3357 583 duritia
3399 545 3520 585 eor-

1940 629 2048 692 dis,
2091 626 2218 683 cazci
2262 625 2463 680 mortui
2493 634 2638 678 sunt.
2675 622 2741 676 Et
2769 638 3021 691 egressus
3055 621 3306 691 princeps
3337 636 3521 676 sacer-

1939 721 2128 776 dotum
2153 719 2218 774 ad
2244 718 2542 788 apostolos,
2571 717 2753 771 retulit
2778 717 3038 786 palmam,
3067 714 3310 769 referens
3335 714 3522 769 otnnia

1939 827 2061 882 quae
2091 810 2304 866 fuerant
2335 809 2493 864 facta.
3365 811 3368 813 λ

2521 964 2748 1020 CAPUT
2789 963 2929 1017 XVI.

1933 1091 1936 1093 λ
2009 1079 2236 1134 Mariam
2262 1090 2442 1133 autem
2477 1086 2758 1148 portantes
2789 1077 3019 1147 apostoli
3050 1086 3414 1147 pervenerunt
3450 1077 3519 1131 ad

1936 1173 2119 1227 locum
2148 1172 2305 1225 vallis
2333 1170 2614 1240 Josaphat,
2656 1185 2816 1238 quem
2859 1169 3170 1224 ostenderat
3195 1169 3300 1223 illis
3331 1168 3519 1222 Domi-

1934 1281 2060 1320 nus.
2111 1263 2176 1316 Et
2226 1270 2528 1332 posuerunt
2565 1277 2685 1315 eam
2735 1261 2790 1313 in
2832 1269 3187 1314 monumento
3231 1274 3410 1323 novo,
3464 1268 3519 1314 ct

1935 1360 2251 1412 clauserunt
2273 1355 2608 1424 sepulcrum.
2641 1353 2746 1422 Ipsi
2781 1367 2909 1407 vero
2942 1353 3199 1406 sederunt
3219 1352 3284 1406 ad
3312 1350 3516 1406 ostium

1934 1445 2319 1507 monumenti,
2388 1446 2529 1500 sicut
2579 1444 2932 1499 mandaverat
2978 1444 3058 1498 eis
3107 1443 3392 1498 Dominus.
3449 1441 3518 1497 Et

1930 1548 2056 1588 ecce
2094 1532 2276 1587 subito
2306 1532 2520 1586 advenit
2560 1531 2824 1587 Dominus
2860 1531 3018 1587 Jesus
3047 1547 3170 1587 cum
3201 1533 3516 1586 innumera-

1931 1626 2026 1680 bili
2066 1627 2306 1681 exercitu
2339 1625 2656 1695 angelorum
2699 1639 2908 1695 magna:
2937 1623 3199 1679 claritatis
3229 1624 3382 1678 radio
3423 1640 3516 1678 co-

1933 1727 2210 1783 ruscante,
2245 1726 2300 1772 et
2336 1716 2475 1771 dixit
2509 1709 2769 1786 apostolis
2816 1735 2828 1770 :
2867 1715 2976 1770 Pax
3004 1717 3304 1771 vobiscum.
3341 1717 3410 1770 At
3437 1716 3514 1770 illi

244 1791 522 1880 ἱηάὶεηοε,
551 1793 702 1847 dabit
731 1791 826 1847 tibi
851 1793 1100 1847 δόιυῐθω·
1138 1791 1221 1846 Αά
1248 1795 1364 1846 hac
1400 1791 1487 1846 me
1513 1790 1826 1860 respondi“
1863 1812 1906 1870 Β
1935 1811 2326 1880 respondentes
2363 1810 2650 1864 dixerunt:
2686 1806 2808 1863 Fiat
2847 1808 3218 1864 misericordia
3249 1818 3372 1876 tua,
3414 1807 3516 1863 Do-

241 1879 503 1950 Nunquid
541 1897 649 1936 non
688 1883 1003 1938 credimus?
1048 1881 1142 1938 sed
1186 1883 1318 1953 quid
1355 1882 1652 1948 faciemus,
1697 1884 1824 1954 quia

241 1972 504 2029 inimicus
539 1973 764 2028 humani
791 1975 1002 2044 generis
1027 1975 1319 2030 excaecavit
1336 1975 1500 2030 corda
1530 1985 1735 2043 nostra,
1773 1984 1828 2032 et

239 2063 496 2118 confusio
524 2063 739 2134 operuit
766 2065 975 2119 vultum
1020 2076 1300 2133 nostrum,
1351 2081 1421 2121 ne
1464 2067 1823 2124 confiteamur

239 2156 518 2226 magnalia
541 2154 655 2222 Dei,
686 2155 922 2209 maxime
948 2171 1072 2211 cum
1098 2155 1199 2225 ipsi
1225 2155 1608 2212 malediximus
1633 2168 1821 2212 contra

237 2246 523 2303 Christum
577 2247 756 2317 palam
822 2247 1170 2302 clamantes:
1208 2245 1437 2318 Sanguis
1488 2249 1601 2317 ejus
1666 2266 1824 2319 super

239 2356 358 2407 nos,
397 2347 446 2392 et
474 2355 631 2407 super
658 2337 800 2407 ﬁlios
826 2347 1075 2391 nostrosa
1104 2340 1130 2394 .’
1161 2335 1316 2392 Tunc
1350 2335 1542 2393 Petrus
1577 2337 1824 2394 ait:Ha:c

241 2431 559 2486 maledictio
591 2430 662 2486 iis
692 2430 822 2487 solis
867 2430 1114 2496 nocebit,
1159 2431 1255 2500 qui
1288 2430 1535 2486 infideles
1569 2446 1822 2501 perman-

237 2521 432 2577 serint.
475 2520 930 2576 Convertentibus
961 2531 1143 2577 autem
1182 2537 1242 2576 se
1273 2521 1340 2576 ad
1378 2520 1571 2588 Deum,
1606 2523 1820 2577 miseri-

234 2615 428 2671 cordia
458 2629 568 2668 non
612 2622 862 2684 negatur.
897 2612 964 2667 Et
998 2613 1088 2668 ille
1135 2613 1248 2667 ait:
1283 2610 1478 2668 Omnia
1508 2613 1672 2669 credo
1697 2629 1820 2684 quae

235 2707 398 2772 dicis,
434 2715 646 2761 tantum
673 2721 868 2776 precor
893 2705 1091 2760 misere
1122 2721 1193 2760 ne
1227 2706 1450 2760 moriar.

819 2839 1048 2895 CAPUT
1084 2839 1224 2896 XIV.

311 2951 467 3006 Tunc
507 2950 700 3008 Petrus
743 2952 874 3008 fecit
895 2961 1040 3009 stare
1070 2954 1330 3010 lectulum
1351 2996 1364 3019 ,
1397 2965 1450 3010 et
1479 2957 1557 3010 ait
1588 2955 1663 3010 illi
1705 2975 1718 3010 :
1758 2955 1816 3011 Si

236 3045 536 3102 credideris
565 3055 678 3102 toto
705 3046 870 3101 corde
905 3046 958 3101 in
990 3045 1286 3102 Dominum
1325 3047 1511 3103 Jesum
1536 3047 1814 3104 Christum

236 3138 524 3193 solventur
557 3153 589 3193 a
619 3137 820 3193 feretro
866 3153 1064 3193 manus
1106 3147 1231 3193 tute.
1263 3138 1328 3194 Et
1372 3156 1496 3194 cum
1545 3141 1811 3197 dixisset:
1842 3165 1884 3222 ο

237 3228 354 3284 Hoc
379 3231 541 3286 credo
557 3271 572 3295 ,
600 3230 782 3285 statim
807 3229 1000 3285 soluta:
1023 3238 1153 3285 sunt
1178 3247 1376 3287 manus
1397 3234 1516 3302 ejus
1538 3249 1569 3287 a
1596 3232 1816 3301 feretro,

235 3335 292 3378 et
319 3325 487 3394 ccepit
515 3331 662 3378 stare
689 3321 916 3392 pedibus
945 3323 1082 3390 suis,
1123 3324 1219 3379 sed
1256 3333 1410 3379 erant
1444 3325 1668 3380 brachia
1693 3326 1814 3396 ejus

237 3415 433 3482 arida,
472 3424 526 3470 et
575 3429 686 3469 non
734 3412 988 3468 discessit
1030 3414 1101 3469 ab
1147 3429 1214 3469 eo
1259 3415 1610 3485 supplicium.
1664 3414 1819 3471 Tunc

234 3506 434 3562 Petrus
477 3506 555 3561 ait
595 3506 674 3560 illi
728 3524 742 3560 :
795 3505 1008 3560 Accede
1050 3506 1120 3562 ad
1163 3521 1402 3576 corpus,
1463 3517 1518 3562 et
1567 3508 1818 3563 osculare

233 3598 498 3654 lectulum
523 3613 760 3668 quoque,
797 3606 852 3654 et
873 3598 1000 3654 dic:
1033 3597 1208 3654 Credo
1240 3599 1293 3652 in
1331 3595 1606 3665 Deum,'et
1634 3599 1687 3653 in
1725 3597 1820 3653 Dei

233 3689 459 3757 Filium,
483 3705 645 3760 quem
669 3691 772 3746 ista
795 3692 1031 3760 portavit
1051 3689 1236 3745 Iesum
1255 3688 1554 3756 Christum,
1578 3700 1634 3746 et
1653 3690 1818 3746 credo

233 3783 423 3837 omnia
451 3797 788 3852 quaecunque
814 3783 1029 3838 locutus
1052 3791 1136 3838 est
1165 3782 1300 3837 mihi
1321 3780 1515 3837 Petrus
1538 3782 1818 3852 apostolus

235 3873 357 3930 Dei.
387 3874 454 3930 Et
478 3873 764 3942 accedens,
808 3875 1087 3930 osculatus
1117 3882 1201 3930 est
1229 3875 1511 3939 lectulum,
1548 3881 1602 3929 et
1633 3875 1818 3930 statim

232 3964 418 4020 omnis
447 3964 603 4019 dolor
627 3965 894 4019 abscessit
922 3965 990 4020 ab
1028 3979 1115 4030 eo,
1141 3971 1196 4018 et
1231 3972 1436 4020 sanatae
1465 3974 1592 4019 sunt
1623 3979 1820 4020 manus

233 4057 380 4128 ejus.
422 4056 576 4112 Tunc
603 4056 768 4126 coepit
801 4057 1022 4112 laudare
1049 4066 1105 4112 et
1142 4056 1462 4112 benedicere
1503 4055 1670 4111 Deum
1711 4057 1820 4112 lar-

231 4151 409 4219 giter;
446 4158 500 4204 et
535 4151 602 4204 de
634 4150 790 4204 libris
819 4148 989 4221 Moysi
1026 4148 1399 4205 testimonium
1436 4148 1662 4204 reddere
1697 4150 1814 4204 lau-

230 4241 398 4298 dibus
424 4241 660 4296 Cbristi:
689 4242 764 4295 ita
797 4250 859 4296 ut
883 4243 1045 4296 etiam
1070 4241 1175 4310 ipsi
1206 4241 1436 4326 apostoli
1460 4241 1814 4308 mirarentur,

229 4341 288 4390 et
299 4332 489 4387 flerent
499 4347 609 4402 pra:
621 4332 820 4403 gaudio
835 4332 1120 4388 laudantes
1139 4333 1243 4388 sub
1256 4333 1346 4387 illa
1360 4347 1559 4387 nomen
1578 4330 1817 4386 Domini.

824 4471 1054 4527 CAPUT
1093 4471 1210 4527 XV.

301 4587 498 4643 Petrus
530 4603 660 4643 vero
692 4586 831 4642 dixit
863 4587 930 4642 ad
958 4603 1083 4642 eum
1119 4606 1134 4643 :
1161 4588 1360 4658 Accipe
1397 4587 1635 4656 palmam
1668 4587 1811 4642 hanc

227 4673 302 4728 de
329 4689 494 4728 manu
531 4673 717 4730 fratris
745 4675 920 4729 nostri
949 4673 1206 4730 Joannis:
1246 4685 1299 4730 et
1335 4676 1644 4745 ingrediens
1672 4677 1808 4732 civi-

213 4771 406 4818 tatem
448 4763 698 4821 invenies
737 4765 1002 4835 populum
1039 4765 1270 4820 multum
1303 4776 1592 4832 caecatum,
1623 4776 1678 4822 et
1721 4781 1813 4824 an-

233 4857 429 4911 nuntia
461 4857 542 4912 eis
571 4859 842 4928 magnalia
880 4857 999 4924 Dei,
1041 4867 1098 4913 et
1130 4863 1443 4931 quicunque
1481 4860 1812 4917 crediderint

231 4947 290 5002 in
339 4947 633 5004 Dominum
682 4947 870 5004 Jesum
915 4949 1234 5016 Christum,
1285 4951 1533 5023 impones
1574 4954 1812 5023 palmam

232 5040 379 5095 hanc
413 5055 575 5110 super
617 5043 808 5096 oculos
855 5057 1068 5109 eorum,
1113 5052 1168 5097 et
1207 5043 1468 5098 videbunt
1499 5045 1629 5100 (περὶ
1668 5063 1682 5099 :
1717 5045 1813 5115 qui

207 5140 416 5187 autem
447 5148 558 5187 non
587 5133 934 5200 crediderint,
955 5135 1351 5204 permanebunt
1377 5136 1526 5190 caeci.
1554 5135 1656 5202 Qui
1685 5151 1810 5190 cum

229 5220 454 5279 fecisset
485 5225 587 5292 ita,
631 5226 838 5280 invenit
874 5227 1134 5296 populum
1168 5227 1398 5281 multum
1446 5228 1810 5298 plangentem,

229 5323 288 5370 et
329 5315 635 5372 dicentem:
676 5316 766 5372 Va:
801 5318 980 5386 nobis,
1026 5319 1155 5388 quia
1199 5319 1407 5374 similes
1445 5319 1574 5374 facti
1621 5336 1813 5378 sumus

231 5406 534 5464 Sodomitis
556 5411 796 5466 caecitate
827 5414 1121 5479 percussis!
1148 5411 1232 5466 Nil
1257 5424 1502 5481 superest
1521 5413 1633 5482 jam
1654 5414 1812 5469 nobis

228 5499 340 5556 nisi
367 5507 429 5554 ut
451 5516 754 5570 pereamus.
792 5503 928 5559 Cum
955 5513 1136 5560 autem
1171 5505 1451 5560 audissent
1473 5505 1634 5561 verba
1663 5509 1813 5576 prin-

231 5593 371 5664 cipis
413 5593 710 5664 loquentis,
759 5598 854 5668 qui
897 5613 1065 5655 sanus
1109 5597 1317 5663 fuerat,
1365 5598 1713 5654 crediderunt
1757 5601 1810 5654 in

228 5682 529 5745 Dominum
560 5684 748 5743 Jesum
779 5689 1097 5758 Christum;
1133 5699 1184 5748 et
1234 5690 1544 5761 imponentc
1586 5705 1650 5747 eo
1692 5692 1810 5764 pal-

307 5836 340 5868 ι
373 5825 566 5883 Matth.
601 5845 772 5894 xxvu,
804 5829 892 5886 25.

1930 1903 2097 1968 mine,
2135 1917 2300 1970 super
2333 1916 2456 1965 nos,
2487 1901 2950 1970 quemadmodum
2986 1901 3326 1970 speravimus
3354 1901 3408 1954 in
3439 1909 3510 1954 te.

1931 1992 2086 2048 Tunc
2133 1990 2386 2046 Salvator
2420 1991 2635 2045 locutus
2681 1998 2764 2044 est
2797 1989 2898 2055 eis,
2935 1989 3122 2044 dicens
3160 2009 3172 2043 :
3205 1990 3510 2059 Antequam

1927 2081 2277 2140 ascenderem
2313 2081 2380 2136 ad
2408 2079 2622 2135 Patrem
2657 2095 2860 2146 meum,
2897 2079 3174 2149 pollicitus
3198 2095 3318 2135 sum
3352 2080 3511 2136 vobis

1926 2179 2134 2243 dicens,
2171 2176 2318 2247 quod
2352 2191 2450 2230 vos
2479 2176 2574 2245 qui
2622 2176 2794 2231 secuti
2819 2175 2951 2230 estis
2983 2191 3088 2241 me,
3125 2177 3176 2229 in
3213 2190 3508 2246 regenera-

1927 2270 2074 2324 tione
2101 2283 2227 2323 cum
2260 2267 2462 2322 sederit
2488 2266 2660 2322 Filius
2693 2266 2934 2322 hominis
2967 2266 3020 2320 in
3053 2267 3180 2322 sede
3204 2267 3508 2338 majestatis

1925 2377 2058 2427 suae,
2099 2360 2359 2416 sedebitis
2387 2369 2442 2414 et
2469 2374 2570 2414 vos
2609 2373 2775 2428 super
2804 2358 3035 2414 thronos
3079 2360 3389 2426 duodecim,
3417 2360 3508 2430 ju-

1923 2452 2168 2508 dicantes
2197 2451 2488 2507 duodecim
2519 2450 2694 2504 tribus
2720 2448 2906 2504 Israel.
2958 2449 3112 2504 Ilanc
3152 2465 3283 2520 ergo
3309 2466 3376 2504 ex
3408 2452 3507 2505 tri-

1922 2546 2102 2601 bubus
2128 2545 2296 2600 Israel
2322 2545 2482 2616 elegit
2513 2544 2694 2614 jussio
2725 2543 2905 2598 Patris
2942 2543 3068 2605 mei,
3109 2553 3166 2597 ut
3202 2543 3501 2597 habitarem

1922 2638 1977 2691 in
2008 2651 2092 2704 ea,
2119 2637 2250 2708 quid
2287 2652 2418 2708 ergo
2447 2636 2611 2691 vultis
2648 2645 2707 2690 ut
2735 2635 2931 2691 faciam
2975 2635 3059 2690 ei?
3106 2633 3260 2689 Tunc
3285 2634 3500 2697 Petrus,

1919 2738 1974 2783 et
2004 2728 2096 2782 alii
2125 2729 2358 2799 apostoli
2389 2728 2678 2784 dixerunt:
2713 2725 2962 2794 Domine,
2995 2726 3317 2797 praeelegisti
3361 2727 3502 2779 hanc

1918 2821 2170 2876 andiiam
2215 2829 2364 2875 tuam
2400 2820 2516 2875 fieri
2563 2820 2974 2874 immaculatum
3006 2818 3121 2892 tibi
3175 2817 3500 2884 thalamum,

1918 2923 1972 2968 et
2013 2929 2115 2970 nos
2153 2914 2398 2969 servulos
2435 2923 2558 2969 tuos
2598 2915 2652 2967 in
2686 2913 3054 2968 ministerium
3085 2922 3262 2966 tuum.
3305 2910 3502 2966 Omnia

1917 3013 2043 3059 ante
2064 3004 2262 3059 szecula
2289 3006 2610 3074 praescivisti
2632 3021 2758 3060 cum
2776 3004 2955 3069 Patre,
2980 3013 3033 3058 et
3056 3002 3259 3072 Spiritu
3283 3012 3501 3068 sancto,

1917 3113 2041 3152 cum
2076 3097 2274 3166 quibus
2307 3099 2399 3152 tibi
2444 3107 2529 3154 est
2573 3114 2679 3153 una
2705 3099 2903 3165 deitas,
2951 3098 3178 3168 aequalis
3205 3105 3257 3153 et
3288 3096 3500 3152 infinita

1920 3198 2177 3257 potestas.
2209 3189 2302 3243 Sic
2335 3205 2466 3260 ergo
2492 3191 2670 3245 visum
2710 3191 2872 3245 nobis
2917 3189 3093 3245 fuerat
3132 3189 3350 3244 famulis
3390 3189 3505 3244 tuis.

1921 3282 2086 3336 etiam
2128 3291 2339 3336 rectum
2367 3297 2519 3348 esse;
2556 3290 2615 3336 ut
2651 3282 2793 3337 sicut
2832 3291 2910 3349 tu,
2937 3281 3147 3336 devicta
3183 3289 3378 3345 morte,
3414 3296 3504 3336 rea

1921 3389 2054 3443 gnas
2084 3373 2136 3426 in
2171 3373 2368 3444 gloria,
2400 3375 2473 3428 ita
2504 3374 2838 3429 resuscitans
2869 3373 3061 3428 matris
3087 3373 3504 3444 corpusculum,

1919 3477 1978 3520 tu
2006 3476 2184 3521 tecum
2210 3466 2438 3521 duceres
2466 3482 2586 3520 eam
2613 3467 2789 3521 laetam
2821 3467 2873 3520 in
2902 3467 3123 3521 coelum.

2498 3599 2729 3656 CAPUT
2767 3599 2932 3654 XVII.

1992 3711 2147 3768 Tunc
2181 3710 2432 3769 Salvator
2471 3712 2582 3769 ait:
2628 3711 2750 3768 Fiat
2798 3713 3098 3768 secundum
3144 3712 3373 3766 verbum
3404 3727 3498 3768 ve-

1922 3812 2118 3869 strum,
2157 3814 2211 3859 et
2239 3804 2491 3874 praecepit
2522 3802 2751 3859 Michael
2769 3803 3126 3874 .arcbangelo,
3171 3812 3231 3858 ut
3256 3804 3498 3859 animam

1924 3906 2129 3952 sanctae
2156 3895 2340 3951 Mariae
2362 3895 2616 3950 deferret.
2648 3895 2714 3949 Et
2751 3909 2879 3950 ecce
2906 3905 3128 3966 repente
3157 3896 3377 3951 Gabriel
3408 3911 3498 3950 ar-

1922 3989 2219 4060 changelus
2251 3986 2480 4042 revolvit
2507 3987 2741 4056 lapidem
2769 3987 2840 4041 ab
2869 3987 3012 4043 ostio
3042 3987 3405 4054 monumenti,
3439 3994 3496 4041 et

1923 4081 1999 4136 ait
2035 4080 2297 4135 Dominus
2334 4097 2347 4132 :
2387 4077 2580 4150 Surge,
2599 4079 2774 4134 amica
2803 4094 2946 4142 mea,
2980 4088 3034 4132 et
3060 4079 3310 4148 proxima
3341 4094 3492 4144 mea;

1921 4188 2044 4243 quae
2075 4187 2183 4226 non
2212 4172 2430 4226 sensisti
2465 4171 2871 4240 corruptionem
2902 4187 2997 4240 per
3033 4171 3131 4224 viri
3160 4178 3494 4235 contactum,

1922 4280 2030 4318 non
2064 4263 2288 4334 patieris
2321 4263 2709 4318 resolutionem
2739 4263 2990 4333 corporis
3020 4263 3077 4316 in
3115 4262 3389 4332 sepulcro.
3427 4261 3498 4316 Et

1923 4353 2110 4409 statim
2150 4352 2390 4408 surrexit
2439 4351 2610 4406 Maria
2656 4351 2724 4407 de
2761 4351 3008 4417 tumulo,
3054 4359 3110 4406 et
3143 4350 3497 4406 bcncdicebat

1922 4445 2236 4512 Dominum,
2275 4455 2329 4501 et
2360 4445 2643 4515 provoluta
2665 4443 2733 4498 ad
2767 4445 2931 4514 pedes
2962 4443 3200 4508 Domini,
3237 4443 3498 4498 adorabat

1843 4531 1887 4586 D
1915 4551 2061 4602 eum,
2096 4537 2286 4592 dicens
2329 4554 2343 4590 :
2379 4533 2498 4589 Non
2530 4549 2634 4606 ego
2674 4534 2772 4590 tibi
2803 4536 3100 4606 condignas
3131 4536 3333 4605 gratias
3362 4550 3495 4604 pos.-

1916 4645 2038 4685 sum
2077 4629 2400 4699 rependere,
2448 4627 2712 4694 Domine,
2765 4644 2866 4698 pro
2906 4629 3171 4698 impensis
3212 4629 3492 4684 beneficiis

1897 4722 2026 4778 'tuis
2049 4763 2065 4788 ,
2105 4737 2227 4792 quae
2259 4722 2394 4775 mihi
2444 4720 2656 4775 ancillae
2688 4729 2795 4777 tua;
2823 4720 3072 4777 conferre
3110 4721 3364 4792 dignatus
3407 4737 3487 4776 es.

1917 4815 2000 4870 Sit
2036 4829 2235 4868 nomen
2269 4823 2458 4880 tuum,
2501 4814 2829 4886 Redemptor
2863 4815 3086 4881 mundi,
3121 4813 3265 4868 Deus
3291 4812 3489 4880 Israel,

1914 4907 2258 4962 benedictum
2285 4909 2338 4961 in
2367 4909 2587 4963 saecula.

2475 5041 2706 5099 CAPUT
2741 5041 2924 5098 XVIII.

1986 5152 2053 5211 Et
2083 5157 2364 5212 osculatus
2404 5172 2524 5213 eam
2575 5157 2840 5213 Dominus
2869 5158 3128 5223 recessit,
3177 5167 3230 5212 et
3269 5148 3490 5214 tradidit

1915 5261 2035 5301 eam
2076 5249 2320 5318 angelis,
2365 5257 2424 5303 ut
2467 5247 2740 5304 deferrent
2788 5265 2907 5303 eam
2957 5251 3008 5303 in
3056 5251 3391 5319 paradisum.
3424 5250 3492 5306 Et

1915 5339 1991 5393 ait
2022 5341 2316 5409 apostolis:
2345 5341 2600 5396 Accedite
2628 5341 2693 5395 ad
2720 5356 2823 5395 me.
2863 5341 2924 5394 Et
2950 5357 3073 5396 cum
3105 5343 3486 5409 accessissent,

1915 5431 2197 5486 osculatus
2229 5441 2314 5486 est
2345 5448 2461 5498 eos,
2506 5442 2559 5486 et
2587 5433 2692 5486 ait:
2734 5433 2843 5486 Pax
2871 5432 3058 5498 vobis;
3090 5433 3348 5502 quoniam
3387 5448 3488 5502 ego

1915 5537 2129 5592 semper
2174 5524 2455 5579 vobiscum
2492 5539 2615 5580 sum
2654 5539 2826 5594 usque
2865 5523 2931 5578 ad
2957 5525 3486 5581 consummationem

1915 5613 2120 5670 saaculi.
2153 5612 2220 5668 Et
2260 5615 2442 5669 statim
2483 5631 2608 5670 cum
2643 5615 2757 5668 haec
2780 5614 3005 5669 dixisset
3044 5613 3328 5681 Dominus,
3371 5614 3487 5670 elo--

1916 5712 2071 5761 vatus
2121 5704 2177 5759 in
2227 5704 2416 5772 nube,
2442 5715 2693 5778 receptus
2728 5716 2809 5761 est
2855 5707 2909 5760 in
2945 5705 3140 5761 coelum
3163 5746 3180 5773 ,
3217 5714 3278 5760 et
3310 5706 3486 5778 angeli
