3872 6210
428 322 567 378 1259
1494 317 1550 372 8.
1590 315 1848 372 MELITO
1884 314 2012 370 SAR

2048 315 2192 373 ilUM
2221 313 2618 372 EPISCOPUS.
3549 311 3696 367 12ιο

427 455 553 494 cum
596 454 697 504 eo,
753 437 1059 494 delerentes
1107 437 1483 496 beatissimam
1536 438 1632 492 Dei
1669 436 1996 494 Genitricem
2029 440 2076 498 Α
2101 435 2195 503 lia,
2245 444 2300 490 et
2341 434 2626 489 laudantes
2658 427 2951 486 Dominum
3004 436 3252 485 nostrum
3291 427 3478 484 Jesum
3523 428 3694 485 Chri-

425 529 653 584 Mariam
685 531 738 584 in
769 531 1082 601 paradisum
1119 529 1233 585 Dei.
1268 529 1515 600 Apostoli
1551 540 1730 584 autem
1761 528 2001 598 suscepti
2107 538 2252 585 stum
2279 567 2293 589 ,
2329 529 2422 598 qul
2473 523 2606 578 vivit
2658 533 2712 578 et
2752 532 2940 593 regnat
2987 537 3113 575 cum
3174 521 3331 575 Patre
3371 527 3428 575 ct
3473 517 3687 589 Spiritu

425 632 554 678 sunt
593 638 622 677 a
667 623 945 690 nubibus,
996 637 1047 678 et
1083 623 1287 678 reversi
1340 634 1469 675 sunt
1519 631 1896 691 unusquisque
1941 620 2002 676 in
2108 630 2344 687 saneto,
2397 621 2450 674 in
2507 619 2717 674 unitate
2759 615 2995 686 perfecta
3043 625 3097 670 et
3134 615 3188 668 in
3223 631 3330 670 una
3377 613 3689 670 divinitatis

425 723 630 768 sortem
654 714 1057 780 praedicationis
1087 729 1220 779 suae,
1252 724 1538 770 narrantes
1563 712 1746 770 divina
1777 726 2002 783 magna—
2099 711 2410 770 substantia
2435 711 2486 765 in
2514 709 2712 765 saacula
2731 708 3075 763 saeculorum.
3098 705 3291 760 Amen.

1337 1047 1986 1163 Mli-ET!
2058 1043 2885 1160 EPISCOPI

1843 1283 2258 1396 LIBER

824 1503 935 1566 DE
991 1502 1328 1567 ACTJBUS
1369 1502 1706 1566 JOANNIS
1756 1503 2155 1566 APOSTOLI
2211 1507 2262 1564 A
2321 1503 2616 1566 LEUCIO
2663 1502 3202 1566 CONSCRIPTIS.

899 1666 915 1721 l
935 1664 1229 1718 Bibliotheca
1261 1665 1698 1727 Anecdotorum,...
1728 1667 1888 1716 edidit
1914 1667 2084 1718 Gotth.
2109 1667 2288 1727 Hense,
2311 1666 2511 1730 Lipsiae,
2552 1666 2772 1731 Weigel,
2799 1666 2940 1726 1848,
2960 1665 3116 1725 in—8.)

1733 1828 2310 1923 MONITUM

471 2023 644 2096 Opus,
672 2025 825 2096 quod
854 2025 1101 2094 sequitur
1121 2067 1137 2091 ,
1191 2025 1459 2094 exscripsi
1509 2041 1576 2079 ex
1611 2023 1861 2096 Vitarum
1897 2033 2215 2096 sanctorum
2247 2023 2598 2096 collectione,
2635 2038 2777 2096 quae
2806 2022 3084 2096 invenitur
3118 2021 3174 2076 in
3205 2021 3538 2096 codice_l_2‘84
3565 2023 3673 2096 Al-

399 2092 726 2150 cobacensi‘s
756 2092 1125 2160 bibliothecae,
1149 2097 1309 2166 cujus
1345 2092 1510 2165 supra
1537 2111 1685 2166 a_me
1719 2095 2062 2166 jammentio
2095 2092 2236 2166 facta
2275 2104 2376 2166 est.
2426 2093 2586 2166 Liber
2613 2092 2816 2166 saeculo
2838 2093 3180 2166 duodecimo
3208 2107 3337 2166 cum
3374 2092 3668 2162 diligentia

398 2179 466 2220 ex
499 2166 686 2220 codice
738 2165 1039 2220 vetustiore
1088 2162 1548 2233 exscriptus—est.
1580 2162 1802 2220 Necnon
1831 2165 1973 2217 idem
2003 2179 2142 2233 opus
2177 2164 2231 2218 in
2265 2165 2537 2218 undecimi
2570 2172 2664 2218 aut
2705 2164 3018 2218 duodecimi
3054 2162 3242 2219 saeculi
3282 2163 3425 2218 libro
3463 2179 3669 2217 manu-

397 2235 606 2318 scripto
639 2233 943 2318 Vaticana;-
967 2235 1202 2318 inveniri
1235 2236 1480 2318 videtur;
1506 2246 1663 2318 certe
1703 2236 1758 2289 in
1793 2233 2647 2318 lsidprian’i‘s',uqu:e_Arevallius
2683 2233 2879 2318 Isido‘ri
2911 2233 3254 2318 Ilispalensis
3283 2250 3512 2318 operum
3545 2235 3669 2288 edi-

394 2303 554 2385 tioni_
583 2306 850 2385 praemisit
901 2304 1056 2385 (Isid.
1101 2306 1246 2385 _0p’p.
1282 2305 1447 2385 llam.
1477 2306 1658 2385 Δ1797.
1703 2315 1836 2359 tom.
1868 2305 1933 2368 ll,
1968 2319 2022 2385 p.
2056 2303 2574 2385 2b5).a-dnota_tum
2603 2314 2706 2385 est.
2731 2305 2794 2385 in
2822 2303 3108 2385 Vaticana;
3130 2303 3488 2385 mdical-26.7
3519 2320 3666 2385 opus

393 2391 518 2430 esse
541 2373 865 2447 inscriptum
900 2373 1133 2445 {Incipit
1159 2373 1423 2447 Prologus
1454 2377 1518 2431 de
1534 2379 1641 2430 vita
1655 2385 1704 2431 et
1723 2373 2236 2447 assumptionebeoti
2263 2373 2692 2447 Joanuis_,_quod
2726 2374 2842 2430 fere
2867 2391 2897 2430 a
2923 2373 3198 2447 similibus
3231 2375 3412 2447 verbis
3445 2375 3661 2447 incipit,

396 2455 564 2517 atque
601 2443 756 2511 illud,
790 2448 937 2516 quod
971 2443 1112 2501 infra
1146 2443 1459 2517 publicavi;
1505 2448 1798 2517 verborum
1835 2447 1980 2517 enim
2017 2444 2234 2498 initium
2271 2454 2356 2517 est
2395 2463 2407 2499 :
2445 2464 2461 2496 ι
2486 2443 2668 2517 Melito
2705 2445 3144 2517 servusChristi
3186 2446 3479 2514 episcopus
3511 2443 3661 2500 Lao-

395 2513 567 2588 diceae
601 2513 877 2588 universis
903 2513 1176 2588 episcopis
1209 2518 1607 2573 catholicorum
1637 2517 1692 2570 in
1716 2515 1954 2588 Domino
1972 2523 2228 2588 teter-nam
2259 2516 2509 2588 salutem.
2537 2513 2674 2588 Nolo
2695 2515 3090 2588 fraternitatem
3124 2513 3362 2588 vestram
3379 2513 3662 2588 essesolo

391 2585 657 2658 licitam,»
681 2594 787 2641 etc.
809 2583 1055 2658 Denique
1078 2583 1222 2642 idem
1247 2605 1388 2658 opus
1419 2595 1474 2641 in
1490 2588 1680 2644 codice
1714 2587 2062 2658 bibliotheca;
2093 2583 2330 2658 Qapitull
2369 2586 2855 2658 Toletanipariter
2883 2586 3176 2658 undecimo
3198 2585 3400 2640 saeculo
3425 2585 3660 2653 scripto,

387 2656 487 2726 qui
511 2657 684 2727 codex
711 2668 941 2713 vocatur
964 2655 1390 2727 ’Smaragdin'us,
1414 2658 1620 2719 inveni,
1649 2657 1703 2711 in
1732 2672 1864 2726 quo,
1898 2655 2001 2727 nisi
2035 2655 2217 2727 fallor,
2248 2656 2355 2726 caj.
2389 2655 2477 2720 10,
2506 2673 2591 2710 nr.
2616 2655 2707 2723 25,
2747 2665 2987 2727 notatur.
3017 2655 3076 2708 In
3107 2656 3210 2727 alia
3229 2666 3410 2710 autem
3438 2664 3664 2710 sancto-

390 2741 517 2798 rum
551 2725 799 2782 Vitarum
827 2728 1150 2782 collectione
1175 2725 1314 2798 opus
1339 2729 1718 2784 duodecimam
1747 2725 2118 2798 narrat_ionem
2149 2725 2658 2798 ellicitinscriptam
2694 2725 3012 2798 :Dormitio
3045 2726 3129 2798 rel
3143 2727 3437 2798 assumptio
3453 2730 3659 2798 _sanct:‘

389 2794 621 2869 Joannis
651 2798 880 2869 apostoli
934 2807 996 2869 et
1027 2794 1362 2869 evangelist
1387 2838 1401 2862 ,
1435 2800 1525 2869 qui
1556 2800 1609 2851 in
1654 2799 1865 2850 civitate
1889 2794 2122 2869 _Eph_eso_
2164 2796 2218 2848 in
2248 2797 2451 2869 foveant
2484 2794 2642 2869 quam
2684 2796 2788 2869 sibi
2833 2797 3156 2869 praeparavit
3195 2795 3404 2869 lV7Ka_l.
3436 2794 3660 2849 Janua-

390 2815 621 2851 Joanms
651 2815 880 2866 apostou
934 2815 983 2850 ει
1027 2815 1156 2852 evan
1225 2815 1362 2852 usue
1387 2838 1401 2862 ,
1435 2815 1523 2869 qut
1556 2815 1609 2851 ιη
1654 2815 1865 2850 ειυιιαιε
1906 2815 2113 2864 ιρηεδο
2164 2815 2218 2848 m
2248 2815 2451 2866 [oveam
2484 2815 2642 2867 quam
2684 2815 2787 2851 εισι
2833 2815 3156 2866 prwparavu
3195 2815 3246 2850 IV
3275 2815 3404 2849 nat.
3436 2815 3660 2849 Janua-

390 2867 525 2920 νέαι.
568 2867 763 2938 Incipit
787 2884 819 2922 a
849 2868 1034 2938 verbis
1061 2885 1074 2922 :
1113 2886 1132 2920 ι
1160 2815 1306 2923 ﬁlim
1332 2884 1526 2924 servus
1551 2870 1848 2938 episcopus
1885 2865 2175 2938 Laudocize
2203 2867 2475 2938 univei§is
2519 2865 2783 2922 Ecclesiis
2817 2867 3213 2922 catholicorum
3248 2868 3301 2920 iu
3331 2866 3460 2938 Deo
3488 2876 3660 2938 aeter-

388 2936 808 3008 namsalut'em.
851 2937 1009 3003 νυιο,
1043 2959 1062 2991 ι
1103 2948 1208 2994 etc.
1247 2939 1535 2994 Lectiones
1581 2936 1849 3003 diversas,
1879 2951 2020 3008 quas
2035 2936 2141 3008 _il_le
2169 2939 2341 3008 codex
2379 2936 2678 3008 Toletanus
2725 2938 2788 3008 in
2823 2939 3080 3008 prologo,
3106 2939 3201 3007 qui
3234 2937 3459 3000 dicitur,
3489 2937 3659 2990 exhi-

385 3008 498 3078 bet,
531 3007 673 3062 libro
707 3025 736 3062 a
764 3025 849 3064 me
874 3009 1154 3078 publicato
1190 3010 1395 3064 addidi.
1433 3008 1703 3066 Caeterum
1727 3009 1851 3077 quis
1884 3004 1973 3060 ille
2003 3004 2205 3078 Melita,
2239 3006 2454 3062 Miletus
2476 3023 2570 3062 seu
2601 3007 2738 3061 Miro
2767 3004 2952 3078 fuerit,
2985 3004 3085 3076 'qui
3109 3004 3292 3077 operis
3323 3017 3516 3061 auctor
3539 3015 3658 3060 tra-

383 3076 556 3149 ditur,
595 3087 649 3132 et
675 3081 820 3149 quod
854 3075 1051 3135 horum
1086 3081 1250 3134 trium
1283 3081 1568 3133 nominum
1608 3075 1796 3134 veruin
1837 3078 1929 3140 sit,
1970 3075 2224 3149 equidem
2256 3079 2483 3132 delinire
2511 3094 2618 3149 non
2647 3094 2890 3147 possunt.
2929 3075 3164 3133 Leucius
3201 3087 3416 3143 autem,
3445 3093 3512 3149 ex
3556 3093 3656 3132 cu-

380 3148 474 3216 jus
527 3146 708 3217 opere—
748 3149 1023 3218 epitomen
1077 3152 1426 3204 emendatam
1468 3149 1667 3205 fecisse
1707 3150 1929 3218 dicitur,
1971 3146 2024 3199 in
2063 3149 2502 3218 apocryphorum
2534 3146 2728 3203 litteris
2759 3149 2896 3203 satis
2920 3157 3080 3203 notus
3111 3158 3227 3214 est;
3272 3163 3397 3217 quae
3443 3147 3533 3200 ille
3583 3149 3656 3204 de

382 3220 653 3290 apostolis
680 3217 964 3290 scripserit
992 3221 1046 3274 in
1074 3221 1325 3289 catalogo
1359 3222 1664 3285 librorum,
1693 3221 1789 3288 qui
1820 3217 2124 3290 Hormisda:
2149 3217 2408 3290 decrelali
2438 3219 2587 3273 vetiti
2617 3229 2782 3284 sunt,
2817 3221 3090 3290 recenseri
3117 3234 3282 3272 nemo
3306 3228 3390 3273 est
3412 3219 3508 3287 qui
3544 3235 3652 3273 ne-

383 3288 510 3361 sciit.
538 3287 1004 3361 Duoruttrautem
1031 3287 1452 3361 principiorum,
1488 3291 1616 3345 boni
1645 3300 1698 3345 et
1714 3287 1870 3354 mali,
1891 3287 2118 3361 crimen,
2145 3289 2292 3360 quod
2318 3288 2507 3361 Leucii
2540 3290 2804 3361 doctrinae
2827 3289 2879 3343 in
2917 3291 3148 3361 prologo
3175 3299 3436 3361 sequente
3461 3301 3654 3361 aperte

383 3358 668 3428 objicitur,
709 3375 775 3414 eo
823 3360 998 3430 magis
1032 3357 1186 3414 ’τιιὶὴὶ
1215 3357 1616 3416 -οὺεθτνιιῑίοηθ
1657 3362 1884 3430 dignum
1937 3357 2184 3430 videtur,
2219 3360 2367 3428 quod
2408 3358 2644 3414 Leucius
2691 3360 2831 3413 libro
2867 3357 2969 3414 suo
3012 3357 3156 3428 apud
3183 3357 3650 3430 Priscillianosin

383 3427 586 3501 magno
618 3430 829 3484 honore
854 3427 978 3495 fuit,
1021 3440 1076 3486 et
1117 3432 1530 3501 quodammodo
1581 3427 1996 3501 fundamentum
2041 3427 2308 3501 doctrina:
2339 3445 2527 3484 eorum
2557 3430 2756 3492 cllecit,
2803 3430 2875 3483 ita
2917 3438 2974 3501 ut
2999 3427 3066 3483 de
3094 3431 3310 3501 duobus
3335 3429 3649 3499 principiis,

381 3497 505 3572 qua:
537 3499 613 3554 illi
651 3509 988 3567 statuerunt,
1019 3497 1247 3568 nou-sit,
1281 3503 1429 3572 quod
1458 3503 1798 3572 dubitemus.
1825 3499 2012 3572 Neque
2041 3497 2265 3572 indigna
2296 3510 2427 3556 sunt
2452 3502 2746 3572 observato
2773 3500 3036 3554 nonnulla
3069 3497 3496 3572 miraculorum,
3523 3516 3653 3570 qua:

381 3569 437 3623 in
469 3585 632 3643 opere
663 3572 729 3643 de
752 3574 1002 3640 apostolo
1034 3569 1354 3640 narrantur,
1387 3571 1660 3643 praecipue
1681 3571 2008 3633 secundum,
2041 3571 2187 3637 quod
2220 3581 2410 3626 contra
2437 3571 2687 3641 quaedam
2716 3585 2916 3642 genera
2938 3571 3392 3626 exercitationum
3423 3569 3649 3642 piarum

379 3639 644 3711 scriptum
676 3639 908 3697 videtur.

581 3865 814 3944 Incipit
863 3866 1174 3947 Prologus
1206 3867 1413 3930 Mileti
1467 3869 1758 3948 episcOpi
1795 3886 1995 3948 super
2023 3875 2217 3933 Actus
2265 3868 2530 3930 Joannis
2587 3870 2862 3948 apostoli
2898 3879 2961 3933 et
3001 3870 3436 3950 evangelista).

451 4029 669 4086 Miletus
701 4047 892 4088 servus
922 4032 1127 4089 Christi
1157 4033 1287 4090 Jesu
1308 4074 1324 4099 ,
1351 4035 1646 4106 episcopus
1680 4035 2028 4102 Laodiciam}
2058 4039 2204 4092 malo
2240 4038 2488 4108 principe
2517 4035 2898 4102 substitisse‘,
2926 4051 3053 4090 cum
3079 4046 3291 4092 constet
3320 4037 3528 4091 malum
3556 4037 3645 4091 ni-

258 5727 260 5729 ’
362 5710 384 5742 ⁸
415 5712 592 5767 Toled.
629 5725 703 5768 et.

377 4123 681 4181 universiis
735 4123 999 4180 Εοειεεὶιιι
1044 4127 1442 4182 catholicorum
1493 4139 1752 4183 aeternam
1806 4129 1952 4183 salu-

373 4222 505 4270 tem.

449 4299 585 4358 Volo
623 4303 919 4359 sollicitam
973 4320 1097 4362 esse
1152 4305 1550 4363 fraternitatem
1597 4320 1831 4364 vestram
1883 4310 1952 4363 de

376 4393 570 4450 Leutio
593 4397 610 4428 ί
660 4396 901 4466 quodam
924 4440 941 4464 ,
973 4400 1069 4469 qui
1103 4401 1322 4468 scripsit
1369 4401 1741 4470 apostolorum
1779 4403 1950 4457 Actus

369 4486 599 4544 Joannis
623 4491 971 4561 evangelista;
1002 4502 1058 4546 et
1095 4495 1326 4562 apostoli
1369 4496 1581 4550 sancti'
1635 4495 1868 4550 Andreae
1897 4507 1950 4550 et

369 4578 599 4634 Thomas
621 4583 884 4650 apostoli;
915 4584 1003 4653 qui
1025 4584 1096 4640 de
1120 4585 1418 4641 virtutibus
1441 4587 1660 4656 quidem
1696 4603 1836 4657 quas
1853 4605 1948 4657 per

367 4683 467 4726 eos
491 4671 759 4728 Dominus
786 4675 917 4730 fecit
961 4692 1091 4731 vera
1121 4677 1288 4743 dixit,
1315 4677 1382 4732 de
1406 4678 1660 4733 doctrina
1696 4693 1826 4732 vero
1851 4695 1947 4734 eo-

368 4777 493 4817 rum
526 4763 821 4833 plurimum
845 4769 866 4799 ⁸
899 4769 1165 4823 mentitus
1194 4778 1299 4824 est.
1335 4767 1484 4823 Dixit
1511 4769 1657 4823 enim
1688 4770 1945 4826 docuisse

368 4871 463 4910 eos
487 4855 596 4910 duo
629 4857 915 4928 principia,
949 4860 1093 4929 quod
1120 4870 1440 4916 exsecratur
1457 4859 1699 4916 Ecclesia
1717 4861 1943 4923 Christi,

363 4950 460 4999 et‘
487 4961 611 5000 cum
635 4947 753 5015 ipse
783 4957 1006 5003 sanctus
1036 4947 1318 5004 Joannes“
1354 4949 1408 5002 in
1443 4949 1622 5018 capite
1663 4947 1943 5019 Evangelii

367 5037 454 5090 sui
485 5053 654 5092 unum
688 5047 915 5094 testetur
959 5041 1352 5110 principium",
1390 5041 1442 5094 in
1468 5057 1579 5111 quo
1615 5039 1782 5096 fuerit
1819 5058 1942 5096 ver-

365 5129 496 5184 bum
520 5145 754 5199 semper,
783 5147 879 5200 per
900 5134 1044 5202 quod
1068 5133 1323 5188 universa
1347 5142 1531 5188 creata
1560 5142 1686 5189 sunt
1705 5134 1940 5190 visibilia

364 5229 421 5275 et
447 5223 766 5289 lnwsibilia,
799 5223 1058 5280 Leutius'
1097 5226 1233 5281 dicit
1254 5241 1350 5282 eos
1376 5227 1630 5283 docuisse
1647 5228 1757 5282 duo
1787 5229 1939 5299 prin-

363 5313 507 5383 cipia
554 5313 683 5370 boni
739 5325 795 5371 et
844 5317 1004 5382 mali,
1046 5327 1101 5372 et
1133 5318 1277 5373 bona
1312 5334 1343 5373 a
1375 5319 1542 5386 bono,
1575 5321 1718 5374 mala
1751 5335 1878 5376 vero
1905 5337 1936 5376 a

2056 4131 2134 4184 hil
2159 4147 2280 4186 esse
2305 4130 2689 4194 substantiale,
2714 4129 2809 4184 sed
2845 4130 3060 4185 actuale
3087 4145 3154 4184 ac
3188 4129 3406 4199 penitus
3427 4131 3642 4186 nullam

2054 4239 2178 4278 esse
2212 4231 2522 4277 creaturam
2552 4236 2732 4290 neque
2765 4221 3036 4276 visibilem
3076 4239 3256 4294 neque
3303 4223 3640 4280 invisibilem

2054 4330 2179 4384 quae
2211 4314 2385 4384 possit
2417 4314 2560 4368 mala
2599 4313 2828 4383 intelligi
2855 4328 2952 4383 per
2981 4322 3262 4368 naturam.
3313 4313 3442 4369 Sive
3488 4318 3639 4370 enim

2054 4407 2282 4478 angelus
2309 4407 2487 4461 malus
2514 4406 2629 4460 sive
2655 4406 2823 4460 homo
2854 4406 3032 4461 malus
3063 4422 3094 4460 a
3124 4405 3233 4462 Deo
3254 4407 3429 4462 bonus
3453 4407 3640 4464 factus

2051 4510 2154 4564 est,
2174 4500 2268 4555 sed
2285 4502 2304 4533 ’
2326 4501 2448 4555 ideo
2469 4500 2820 4580 malus,\quia
2839 4508 3026 4554 contra
3041 4502 3303 4556 creatoris
3321 4505 3406 4557 sui
3438 4503 3640 4558 volun-

2049 4599 2215 4646 tatem
2276 4591 2649 4660 praesumpsit,
2688 4599 2827 4683 mam
2881 4599 2936 4644 et
2963 4590 3143 4660 angeli
3170 4603 3222 4646 et
3263 4591 3514 4647 homines
3538 4595 3638 4663 qui

2049 4682 2177 4736 mali
2199 4698 2318 4738 esse
2337 4693 2657 4747 noscuntur,
2680 4681 2715 4736 a'
2734 4682 2887 4752 justo
2915 4681 3027 4737 Deo
3051 4685 3409 4740 damnantur.
3436 4683 3638 4741 Justus

2048 4783 2234 4828 autem
2270 4772 2414 4829 Deus
2446 4773 2774 4843 injustitiam
2804 4777 2999 4845 punit,
3031 4791 3198 4845 quam
3243 4790 3352 4829 nou
3400 4777 3637 4832 oriendo

2046 4867 2139 4922 sed
2167 4868 2376 4937 agendo
2401 4867 2652 4924 homines
2676 4869 2760 4922 vel
2787 4870 2964 4940 angeli
2990 4871 3033 4902 ³⁸
3062 4869 3364 4924 incurrisse
3395 4885 3638 4926 noscun-

2047 4965 2154 5010 tur.
2187 4955 2472 5012 Prohibita
2501 4959 2647 5012 enim
2683 4974 2714 5013 a
2741 4959 2968 5014 domino
2992 4975 3188 5016 servus
3214 4961 3260 5015 si
3288 4971 3636 5030 perpetrave-

2042 5048 2135 5110 rit,
2179 5056 2234 5102 et
2257 5048 2408 5118 justa
2441 5064 2551 5103 non
2580 5048 2794 5116 fecerit,
2824 5050 2978 5120 juste
3004 5051 3343 5121 puniendum
3362 5067 3424 5108 se
3446 5055 3628 5108 esse“

2043 5141 2343 5210 cognoscit.
2396 5139 2724 5211 Quicunque
2772 5141 2816 5174 ³³
2871 5150 3058 5197 autem
3104 5158 3166 5198 se
3218 5157 3320 5213 pro
3349 5159 3452 5198 sua
3490 5159 3632 5214 pra:-

2041 5235 2351 5304 sumptione
2394 5235 2769 5289 humiliaverit
2805 5246 2860 5289 et
2906 5251 2972 5290 ex
3023 5245 3140 5290 toto
3173 5236 3342 5291 corde
3394 5237 3628 5302 dixerit,

2039 5327 2262 5394 peccavi
2316 5327 2446 5392 tibi,
2481 5324 2732 5394 Domine,
2791 5327 3053 5382 miserere
3091 5328 3232 5395 mei,
3265 5329 3553 5384 subveniet
3576 5331 3628 5384 ei

1633 5463 1868 5519 VARUS
1909 5463 2313 5522 LECTIONES.

437 5575 454 5642 ξ
488 5572 668 5629 Toled.
707 5575 924 5632 Leucio.
1004 5579 1025 5610 ³
1063 5577 1246 5637 Τοιεα.
1280 5588 1336 5634 et
1367 5581 1564 5640 sancti.
1643 5581 1665 5613 ⁸
1696 5580 1875 5636 Toled.
1905 5583 1972 5638 de
2005 5583 2252 5638 doctrina
2285 5601 2418 5640 vero
2438 5586 2610 5641 multa
2646 5583 2908 5640 mentitus
2940 5594 3045 5641 est.
3123 5585 3146 5616 ⁸
3181 5584 3366 5641 Toled.
3402 5603 3510 5642 om.
3545 5597 3622 5642 et.

361 5642 384 5716 ξ
415 5640 595 5716 Ῑοιεά.
632 5644 870 5701 Joannes
896 5649 1193 5716 apostolus.

363 5797 486 5840 esse
517 5787 886 5855 cognoscitur.

914 5649 1193 5722 lpostolus.
1309 5651 1329 5681 °
1362 5649 1541 5722 Toled.
1578 5666 1705 5722 esse
1735 5653 2084 5722 principium.

815 5719 859 5748 ¹⁰
893 5717 1268 5798 ΤοιίάΣ-(ιμίῃη
1300 5721 1525 5798 oriende
1557 5717 1752 5791 angeli'
1768 5723 1851 5775 vel
1881 5717 2148 5795 homines,
2185 5727 2278 5783 scd
2315 5724 2526 5798 agendo
2560 5727 2881 5783 incurrisse.

3045 5656 3067 5687 ⁸
3103 5653 3284 5710 Toled.
3321 5658 3619 5713 exstitisse.

2996 5728 3037 5760 ²¹
3071 5725 3231 5783 Tolcd
3240 5769 3250 5781 .
3280 5729 3622 5799 puniendum

2199 5655 2218 5686 ⁷
2253 5654 2434 5710 Toled.
2462 5655 2698 5711 Leucius
2731 5666 2934 5710 autem.

982 5791 1023 5820 ¹²
1057 5789 1232 5845 Tolcd.
1273 5791 1477 5863 quique
1501 5814 1514 5846 ι
1536 5789 1894 5862 unrselpsum
1921 5810 2037 5864 pro-
