3872 6210
223 351 356 410 12M

1640 351 1768 411 SPU
1777 353 1915 411 ΜΔ.

3343 361 3482 416 ηιξ

221 476 400 548 pietas
448 471 708 540 Domini;
755 479 812 528 et
855 472 950 542 qui
981 486 1079 542 per
1115 471 1388 552 justitiam
1419 471 1618 543 iudicis
1658 473 1794 544 justi
1826 480 1870 536 A
1899 484 2024 544 test,
2057 477 2131 533 ita
2160 489 2215 535 et
2248 481 2344 552 qui
2374 495 2485 537 non
2520 481 2847 548 fornicatur,
2866 482 3082 552 aut‘qui
3109 496 3219 536 non
3251 483 3480 549 invidet,

221 567 536 635 puniendus
565 565 850 621 exstiterat
889 579 988 634 per
1033 551 1473 620 misericordiam
1518 566 1586 620 ad
1616 565 1802 619 indul-

223 658 467 726 gentiam
519 656 888 714 revocabitur.
920 655 1065 728 Ergo
1115 665 1173 710 ut
1199 671 1326 711 vere
1368 665 1422 711 te
1459 667 1800 727 peccatorem

217 760 500 818 ostendas,
529 738 696 803 Deum
722 756 1028 803 creatorem
1057 748 1268 802 honora
1292 744 1327 816 ;i
1348 747 1587 804 honoras
1615 757 1798 802 autem

211 838 556 908 Creatorem,
591 839 638 894 si
666 847 723 894 to
748 839 927 894 solum
944 839 988 870 ¹³
1010 839 1319 909 culpaveris
1335 854 1461 893 cum
1483 839 1800 909 deliqueris,

221 948 281 986 et
330 944 439 986 non
485 932 734 988 ascribas
771 931 1020 987 Creatori
1047 931 1191 1002 quod
1218 946 1434 1002 peccas,
1472 940 1532 986 ut
1550 947 1618 987 ex
1652 931 1802 986 omni

223 1031 382 1092 parte
405 1031 556 1077 tuam
585 1022 1069 1093 praesumptionem
1094 1039 1293 1094 arguas
1317 1063 1332 1089 ,
1358 1038 1468 1077 non
1499 1023 1579 1079 tui
1604 1036 1802 1093 quera-

223 1117 304 1172 ris
331 1132 494 1186 opera
523 1107 914 1171 conditoris'“.
951 1113 1078 1170 Haec
1108 1114 1287 1170 Leutii
1319 1117 1362 1147 ιδ
1391 1130 1560 1171 causa
1595 1128 1802 1171 memo-

221 1208 615 1275 raverimus“,
646 1207 739 1279 qui
777 1207 1123 1264 mendacium
1145 1209 1186 1239 "
1221 1208 1504 1278 apostolos
1522 1207 1618 1262 Dei
1648 1223 1798 1264 asse-

222 1301 297 1355 rit
344 1299 642 1365 docuisse,
688 1300 1100 1370 duorumqne"
1143 1300 1549 1368 contrariorum
1598 1300 1804 1368 princi-

221 1394 442 1462 piorum
465 1395 506 1426 ¹⁹
539 1394 780 1449 hominis
819 1394 1100 1451 exstitisse
1141 1394 1434 1460 facturam,
1470 1401 1526 1446 et
1557 1393 1800 1448 animam

221 1497 252 1535 a
293 1482 436 1536 bono
465 1480 578 1536 Deo
607 1481 910 1547 conditam,
936 1497 1159 1537 carnem
1187 1497 1319 1537 vero
1355 1497 1386 1535 a
1417 1480 1564 1538 malo
1618 1489 1672 1533 et
1702 1493 1802 1534 ne-

219 1577 481 1630 cessitate
514 1576 699 1632 carnis
745 1576 988 1630 animam
1023 1575 1231 1630 involvi
1270 1575 1533 1646 peccatis.
1565 1573 1722 1639 Quod
1755 1573 1802 1629 si

222 1665 303 1720 ita
351 1678 519 1731 esset,
560 1667 656 1736 qui
710 1682 824 1722 non
872 1675 1085 1736 peccat,
1126 1665 1351 1721 omnino
1400 1681 1510 1719 non
1572 1664 1798 1719 viveret.

221 1753 378 1810 Sicut
397 1756 544 1810 enim
561 1755 656 1826 qui
681 1771 791 1810 non
815 1756 1132 1821 manducat,
1149 1764 1244 1810 aut
1266 1770 1372 1809 non
1399 1753 1667 1819 bibit,aut
1689 1768 1800 1808 non

217 1848 443 1920 digerit,
464 1857 558 1905 aut
589 1863 699 1905 non
739 1848 964 1914 dormit,
1000 1849 1120 1904 sine
1156 1848 1326 1904 dubio
1348 1847 1532 1903 vivere
1558 1861 1670 1903 non
1702 1861 1802 1918 po—
1833 1844 1875 1898 Β

1907 581 2002 626 aut
2029 589 2139 630 non
2169 573 2407 640 furatur,
2432 586 2528 630 aut
2555 576 2649 646 qui
2675 591 2784 630 non
2815 575 3019 646 aliquid
3041 576 3250 631 crimen
3284 575 3484 630 admit—

1905 665 1990 729 tit,
2009 681 2118 721 non
2143 683 2305 737 posse
2325 668 2508 723 vivere
2538 677 2954 724 monstraretur.
2977 667 3049 722 At
3076 683 3207 722 vero
3236 683 3360 722 cum
3382 668 3482 722 do-

1904 765 2093 810 ceatur
2122 758 2290 812 homo
2322 759 2442 814 sine
2467 757 2834 813 fornicatione
2860 759 3046 813 vivere
3067 759 3160 828 qui
3195 758 3314 814 sine
3333 759 3480 812 victu

1904 853 1959 898 et
1991 848 2189 903 vestitu
2220 849 2405 904 vivere
2428 865 2537 903 non
2573 860 2784 919 potest,
2810 859 3031 905 constat
3059 866 3186 905 eum
3225 851 3302 905 ita
3343 865 3478 905 con-

1904 934 2080 990 ditum
2111 952 2141 990 a
2190 938 2338 992 bono
2377 938 2681 1005 conditore,
2707 948 2768 992 ut
2799 939 2920 994 sine
2945 940 3279 994 criminibus
3313 947 3482 1009 queat

1904 1028 2227 1095 subsistere,
2275 1047 2398 1086 cum
2427 1032 2634 1101 absque
2681 1032 2959 1087 alimoniis
3001 1047 3112 1086 non
3144 1031 3320 1102 possit
3361 1047 3480 1086 om-

1903 1117 2036 1171 nino
2059 1127 2313 1174 constare
2342 1119 2408 1173 ”.
2445 1120 2691 1190 Denique
2714 1121 2962 1176 clausum
2994 1137 3236 1187 carcere,
3267 1132 3478 1178 lentum

1903 1208 1959 1262 in
1997 1209 2253 1276 vinculis,
2287 1211 2630 1282 deportatum
2675 1213 2870 1269 exsilio
2904 1213 3112 1284 absque
3155 1214 3478 1270 criminibus

1903 1300 2087 1355 vivere
2112 1316 2275 1370 posse
2317 1305 2700 1373 cognoscimus
2729 1320 2853 1359 cum
2871 1305 3077 1374 absque
3101 1304 3226 1360 cibo
3245 1315 3300 1360 et
3322 1315 3476 1375 potu,

1901 1397 1956 1443 et
1995 1389 2314 1460 digestione,
2348 1401 2403 1446 et
2435 1408 2650 1460 somno,
2689 1395 2905 1463 penitus
2936 1394 3121 1449 vivere
3154 1409 3267 1450 non
3315 1410 3480 1464 posse

1901 1482 2344 1550 comprobemus.
2400 1481 2557 1538 Nunc
2601 1486 2715 1553 jam
2772 1485 2839 1540 ad
2901 1494 3153 1540 sanctum
3208 1485 3477 1541 Joannem

1901 1574 2210 1642 apostolum
2258 1583 2314 1630 et
2341 1576 2733 1646 evangelistam
2769 1576 3056 1634 flectamus
3079 1579 3398 1645 articulum,
3423 1590 3478 1638 et

1900 1667 1968 1720 ad
1995 1666 2287 1721 Dominum
2317 1667 2382 1722 de
2403 1667 2507 1722 hac
2529 1668 2648 1722 luce
2683 1670 2919 1738 qualiter
2957 1671 3275 1741 migraverit
3301 1674 3476 1744 expli—

1901 1775 2112 1816 cemus.
2148 1759 2384 1832 Explicit
2411 1760 2690 1832 Prologus.

658 2152 992 2232 Incipiunt
1017 2154 1213 2215 Actus
1246 2151 1345 2214 vel
1387 2153 1695 2216 Miracula
1729 2153 1933 2215 sancti
1961 2153 2226 2215 Joannis
2247 2151 2522 2231 apostoli
2553 2158 2615 2216 et
2642 2154 3072 2234 evangelista.

293 2315 605 2372 Secundam
658 2325 786 2386 post
845 2314 1119 2371 Neronem
1159 2315 1597 2372 Christianorum
1621 2330 1800 2386 perse-

213 2407 498 2462 cutionem
532 2405 878 2462 Domitianus
915 2407 1199 2474 exercuit,
1223 2407 1367 2462 unde
1396 2406 1602 2462 factum
1629 2416 1712 2463 est
1739 2414 1800 2461 ut

217 2505 446 2552 sanctus
499 2495 740 2554 Joannes
795 2508 1176 2570 asportaretur
1227 2501 1294 2554 de
1359 2498 1574 2568 Epheso
1620 2507 1676 2553 et
1743 2500 1799 2553 in

214 2586 451 2643 Patmos
515 2587 694 2644 insula
729 2589 788 2644 in
817 2591 1075 2646 exsilium
1115 2590 1446 2657 mitteretur,
1487 2589 1542 2644 in
1571 2605 1680 2660 qua
1714 2590 1799 2644 in-

216 2681 343 2736 sula
371 2682 759 2754 Apocalypsim
790 2699 955 2753 quam
981 2684 1031 2738 ei
1051 2682 1322 2739 Dominus
1342 2683 1607 2738 revelavit
1632 2697 1798 2737 manu

217 2791 321 2829 sua
355 2775 710 2844 conscripsit.
729 2773 1076 2830 Domitianus
1107 2785 1288 2830 autem
1308 2775 1499 2830 eodem
1527 2790 1671 2830 anno
1688 2790 1798 2845 quo

211 2866 384 2936 jussit
417 2878 669 2922 sanctum
701 2866 970 2923 Joannem
997 2868 1244 2923 exsiliari
1268 2884 1298 2922 a
1323 2876 1516 2922 senatu
1546 2867 1798 2924 Romano

216 2958 542 3014 interfectus
589 2968 694 3015 est.
740 2959 959 3014 Etcum
1000 2959 1112 3014 Deo
1146 2975 1278 3014 cura
1322 2959 1423 3014 fuit
1451 2961 1517 3015 de
1553 2963 1799 3030 apostolo

218 3066 346 3115 suo,
363 3067 429 3104 ex
443 3051 614 3106 totius
635 3050 1149 3118 senatushconsultu
1176 3051 1280 3105 hoc
1293 3051 1575 3106 definitum
1600 3061 1703 3119 est,
1741 3064 1800 3108 ut

217 3144 488 3214 quidquid
530 3143 878 3199 Domitianus
925 3143 1045 3198 fieri
1078 3144 1254 3199 voluit
1281 3155 1616 3201 cassaretur.
1659 3145 1800 3203 Hinc

219 3235 426 3291 factum
460 3247 543 3291 est
565 3245 624 3290 ut
645 3245 870 3290 sanctus
891 3232 1130 3290 Joannes
1167 3235 1264 3305 qui
1302 3235 1584 3291 voluntate
1613 3236 1798 3292 Domi-

218 3328 358 3382 tiani
398 3327 719 3396 deportatus
776 3341 902 3380 cum
938 3325 1144 3395 injuria
1198 3324 1398 3393 fuerat,
1429 3341 1552 3380 cum
1589 3326 1798 3382 honore

215 3423 288 3478 ad
323 3419 601 3490 Ephesum
641 3427 934 3474 remearet.
978 3416 1231 3474 Occurrit
1275 3428 1457 3472 autem
1494 3418 1572 3472 illi
1616 3419 1796 3475 omnis

216 3511 459 3584 populus
487 3511 732 3564 virorum
760 3523 826 3564 ac
846 3507 1154 3578 Qmulierum
1175 3545 1190 3573 ,
1216 3523 1406 3562 omnes
1456 3507 1796 3563 exsultantes

1901 2331 2098 2372 somno
2152 2317 2454 2374 excitasset
2485 2333 2629 2373 eam.
2670 2317 2872 2375 Factus
2917 2328 3002 2375 est
3033 2329 3214 2375 autem
3265 2321 3475 2377 clamor

1899 2408 2086 2478 p0puli
2139 2423 2238 2479 per
2271 2417 2384 2466 tres
2432 2410 2601 2468 horas
2639 2411 2910 2467 dicentis:
2947 2410 3104 2467 Unus
3141 2411 3286 2468 Deus
3308 2428 3470 2483 quem

1900 2498 2160 2569 praedicat
2195 2499 2470 2569 Joannes,
2512 2519 2655 2559 unus
2702 2513 2757 2559 et
2789 2519 2953 2560 verus
2992 2503 3263 2561 Dominus
3308 2505 3472 2563 Jesus

1899 2588 2154 2646 Christus
2235 2591 2421 2648 Altera
2463 2609 2595 2649 vero
2636 2595 2724 2650 die
2774 2594 2976 2652 Craton
3021 2596 3381 2666 philosophus
3418 2597 3472 2651 in

1900 2681 2024 2738 foro
2065 2693 2430 2754 pr0posuerat
2463 2685 2531 2741 de
2578 2695 2895 2756 contemptu
2933 2687 3122 2742 mundi
3156 2687 3475 2757 hujusmodi

1901 2781 2299 2847 spectaculum,
2335 2788 2395 2834 ut
2410 2781 2548 2834 duos
2573 2778 2774 2834 fratres
2797 2779 3101 2836 ditissimos
3124 2782 3471 2850 produceret,

1900 2883 2041 2940 quos
2081 2869 2287 2925 fecerat
2326 2872 2596 2927 distracto
2649 2873 2984 2942 patrimonio
3014 2888 3258 2942 gemmas
3292 2889 3475 2930 emere

1900 2961 2179 3030 singulas,
2211 2978 2354 3032 quas
2401 2965 2456 3017 in
2508 2965 3103 3034 corispectujomnium
3145 2966 3472 3034 populorum

1900 3052 2183 3122 fregerunt
2212 3055 2387 3123 pueri.
2417 3055 2573 3120 Quod
2596 3072 2720 3111 cum
2751 3055 2992 3111 facerent
3036 3056 3262 3125 contigit
3295 3064 3474 3111 trans-

1900 3144 2040 3198 itum
2080 3145 2282 3200 habere
2309 3143 2576 3200 Joannem
2609 3147 2942 3216 apostolum,
2969 3155 3022 3202 et
3056 3163 3371 3203 convocans
3403 3148 3472 3202 ad

1899 3247 1960 3288 se
2009 3231 2303 3289 Cratonem
2359 3235 2747 3304 philosophum
2795 3237 2908 3292 ait:
2957 3236 3168 3293 Stultus
3221 3245 3306 3292 est
3369 3237 3473 3292 iste

1899 3324 2090 3380 mundi
2119 3336 2487 3397 contemptus,
2517 3329 2610 3398 qui
2643 3329 2926 3384 hominum
2957 3346 3051 3385 ore
3074 3331 3348 3396 laudatur,
3375 3332 3470 3387 sed

1899 3416 2296 3472 condemnatur
2320 3419 2508 3473 divino
2537 3420 2748 3489 judicio
2773 3438 2788 3487 ;
2822 3420 2967 3476 sicut
2997 3421 3143 3476 enim
3180 3437 3317 3476 vana
3348 3408 3467 3476 me.-

1897 3509 2080 3564 dicina
2107 3519 2211 3578 est,
2240 3526 2306 3566 ex
2339 3528 2446 3581 qua
2477 3528 2584 3567 non
2616 3514 2918 3569 absciditur
2944 3515 3194 3582 morbus,
3214 3516 3290 3570 ita
3330 3532 3469 3570 vana

215 3583 272 3661 et
298 3604 544 3659 dicentes
573 3600 916 3655 :Benedictus
935 3601 1026 3671 qui
1042 3601 1180 3654 venit
1209 3601 1265 3654 in
1289 3601 1497 3654 nomine
1509 3598 1725 3654 Domini
1742 3612 1790 3656 ει.
1821 3583 1862 3639 C
1897 3601 2146 3656 doctrina
2174 3612 2278 3667 est,
2312 3619 2379 3658 ex
2411 3621 2518 3674 qua
2557 3621 2667 3660 non
2695 3615 2958 3661 curantur
2999 3607 3129 3662 vitia
3157 3608 3468 3662 animarum

285 3694 424 3750 Cum
443 3703 629 3749 autem
651 3692 1348 3763 ingredereturpivitatem,
1380 3691 1645 3747 Drusiana
1670 3708 1792 3762 quae

211 3799 434 3855 semper
464 3799 590 3839 eum
641 3793 829 3838 secuta
868 3781 1122 3837 fueratet
1156 3782 1425 3836 adventus
1457 3781 1578 3851 ejus
1615 3784 1794 3838 fuerat

211 3876 487 3932 desiderio
508 3874 757 3944 fatigata,
780 3874 1108 3929 efferebatur
1130 3883 1364 3928 mortua.
1389 3873 1543 3929 Tunc
1568 3883 1791 3930 sanctus

211 3967 456 4024 Joannes
481 3968 676 4022 videns
702 3966 893 4021 flentes
928 3980 1218 4036 pauperes,
1247 3974 1299 4019 et
1327 3975 1602 4035 parentes,
1625 3976 1791 4037 atque

209 4061 409 4118 viduas
442 4059 606 4114 simul
637 4073 762 4115 cum
791 4057 1053 4127 orphanis
1081 4057 1382 4112 clamantes
1405 4067 1460 4112 et
1497 4058 1740 4114 dicentes
1772 4079 1786 4115 ς

210 4153 418 4210 Sancte
437 4150 674 4207 Joannes
710 4149 974 4220 apostole,
997 4163 1126 4204 ecce
1152 4147 1477 4203 Drusianam
1513 4149 1790 4207 efferimus

208 4262 338 4319 quae
387 4245 597 4302 sanctis
651 4243 759 4298 tuis
792 4242 1018 4296 monitis
1049 4240 1438 4310 obtemperans
1473 4257 1664 4298 omnes
1688 4258 1789 4299 nos

207 4342 415 4407 alebat,
435 4338 679 4395 serviens
704 4335 1010 4395 Dominoin
1030 4334 1278 4390 castitate
1289 4344 1343 4390 et
1362 4334 1703 4402 humilitate;
1733 4346 1788 4391 et

208 4432 459 4504 quotidie
482 4429 830 4486 desiderabat
863 4429 1096 4484 reditum
1133 4439 1309 4496 tuum,
1332 4431 1522 4486 dicens
1561 4448 1574 4484 :
1609 4429 1668 4484 Si
1703 4430 1785 4483 vi-

208 4528 372 4581 deam
427 4524 737 4595 apostolum
788 4521 882 4576 Dei
915 4522 1093 4578 oculis
1135 4522 1309 4590 meis,
1343 4533 1636 4592 antequam
1663 4539 1783 4577 mo-

208 4619 362 4683 riar;
388 4631 516 4672 ecce
565 4624 624 4670 tu
650 4613 846 4669 venisti
872 4623 926 4669 et
958 4621 1010 4668 te
1043 4613 1230 4668 videre
1268 4629 1378 4668 non
1406 4614 1602 4684 potuit.
1630 4613 1784 4670 Tunc

207 4709 405 4764 beatus
445 4705 685 4761 Joannes
716 4704 883 4774 jussit
938 4703 1136 4774 deponi
1183 4703 1443 4759 feretrum
1484 4714 1541 4760 et
1582 4707 1782 4761 resolvi

205 4815 413 4870 corpus
461 4799 602 4868 ejus,
643 4805 700 4852 et
741 4811 877 4851 voce
912 4796 1060 4851 clara
1085 4795 1226 4850 dixit
1266 4810 1452 4850 coram
1481 4797 1781 4852 omnibus:

1896 3703 1950 3747 et
1977 3709 2217 3750 morum.
2247 3695 2506 3767 Magister
2547 3698 2733 3768 itaque
2773 3715 2928 3755 meus
2953 3700 3212 3769 juvenem
3243 3701 3468 3769 cupien-

1897 3790 2004 3836 tem
2039 3783 2108 3838 ad
2136 3784 2303 3839 vitam
2335 3795 2595 3840 aeternam
2628 3788 2914 3858 attingere,
2949 3789 3033 3843 his
3063 3790 3240 3845 verbis
3264 3790 3468 3845 instru-

1893 3876 1970 3930 xit
1998 3887 2057 3930 ut
2079 3877 2281 3932 diceret
2305 3885 2578 3947 quatenus
2607 3880 2651 3933 si
2681 3879 2839 3933 vellet
2876 3879 3153 3949 perfectus
3181 3896 3302 3936 esse
3334 3896 3464 3935 ven-

1891 3969 2043 4023 deret
2092 3969 2281 4024 omnia
2333 3985 2432 4024 sua
2472 3980 2527 4025 et
2563 3970 2719 4025 daret
2760 3972 3136 4040 pauperibus;
3171 3987 3282 4042 quo
3320 3971 3466 4027 facto

1893 4062 2211 4117 thesaurum
2241 4063 2297 4117 in
2321 4063 2476 4118 ccelis
2508 4065 2836 4134 acquireret,
2869 4076 2924 4118 et
2950 4066 3118 4122 vitam
3147 4080 3270 4136 qua}
3301 4065 3463 4120 finem

1889 4170 1998 4209 non
2041 4155 2204 4210 habet
2261 4155 2551 4210 inveniret.
2599 4155 2702 4210 Cui
2750 4156 2956 4212 Craton
2993 4158 3170 4213 dixit:
3201 4157 3466 4212 Humana:

1888 4247 2204 4317 cupiditatis
2232 4246 2450 4302 fructus
2472 4249 2526 4301 in
2556 4249 2735 4304 medio
2771 4249 3057 4304 hominum
3096 4250 3310 4320 positus
3331 4265 3466 4304 con-

1887 4338 2095 4394 fractus
2121 4349 2241 4407 est;
2285 4339 2382 4395 sed
2429 4340 2476 4395 si
2507 4355 2634 4395 vere
2660 4339 2806 4396 Deus
2831 4349 2918 4396 est
2958 4342 3218 4411 magister
3249 4352 3377 4396 tuus
3410 4349 3466 4395 et

1886 4432 2006 4487 vult
2035 4432 2142 4487 hoc
2167 4431 2287 4488 ﬁeri
2328 4441 2390 4487 ut
2415 4433 2750 4502 pauperibus
2783 4444 3043 4504 erogetur
3073 4450 3272 4490 census
3301 4435 3462 4504 pretii

1886 4524 2360 4589 harum,duarnm
2399 4539 2764 4594 gemmarum,
2820 4523 2908 4581 fac
2948 4525 3270 4596 reintegrari
3303 4542 3461 4596 gem-
3509 4537 3514 4541 '

1885 4631 2027 4683 mas,
2060 4624 2121 4670 ut
2148 4615 2298 4685 quod
2337 4629 2438 4685 ego
2467 4615 2568 4672 feci
2594 4617 2665 4672 ad
2703 4615 2904 4670 famam
2935 4617 3244 4683 hominum,
3271 4629 3327 4670 tu
3375 4615 3458 4670 fa-

1885 4709 2000 4763 cias
2027 4707 2096 4762 ad
2129 4708 2361 4778 gloriam
2392 4709 2514 4779 ejus
2558 4709 2699 4773 fieri,
2733 4725 2896 4779 quem
2939 4719 3091 4764 tuum
3133 4711 3459 4780 magistrum

1884 4816 2006 4856 esse
2041 4816 2464 4858 commemoras.
2503 4803 2659 4858 Tunc
2685 4803 2881 4859 beatus
2927 4801 3167 4860 Joannes
3197 4804 3460 4874 colligens

205 4890 481 4945 Dominus
508 4903 662 4943 meus
690 4885 850 4943 Jesus
876 4886 1131 4944 Christus
1153 4889 1352 4943 excitet
1377 4899 1449 4957 te,
1479 4889 1776 4954 Drusiana,
1814 4926 1859 4981 Β
1886 4893 2194 4964 fragmenta
2249 4909 2591 4964 gemmarum
2611 4935 2625 4960 ,
2681 4905 2735 4948 ct
2763 4910 2971 4964 ponens
3011 4908 3073 4946 ea
3109 4894 3162 4946 in
3206 4893 3463 4948 manibus

202 4997 375 5055 surge
405 4991 462 5037 et
499 4981 733 5052 pedibus
790 4981 902 5036 tuis
952 4991 1228 5036 revertere
1279 4982 1504 5037 domum
1544 4993 1694 5037 tuam
1732 4993 1786 5039 et

201 5088 453 5146 praepara
477 5072 613 5127 mihi
643 5070 1019 5126 refectionem.
1048 5072 1130 5126 Ad
1152 5071 1295 5127 hanc
1319 5087 1506 5128 vocem
1542 5076 1782 5130 surrexit

200 5174 263 5220 et
315 5163 480 5233 cmpit
515 5162 616 5227 ire,
667 5163 903 5218 sollicita
943 5163 1012 5218 de
1048 5162 1299 5232 jussione
1325 5164 1590 5234 apostoli,
1616 5165 1690 5220 ita
1723 5177 1783 5222 ut

201 5258 484 5312 videretur
509 5256 613 5326 ipsi
645 5254 932 5310 Drusianze
965 5255 1096 5326 quia
1123 5269 1231 5311 non
1263 5255 1331 5311 de
1359 5266 1553 5323 morte,
1589 5260 1683 5314 sed
1717 5259 1785 5314 de

281 5419 307 5447 ι
336 5409 483 5465 Psal.
517 5425 689 5477 cxvn,
719 5409 812 5466 26.

1892 4984 2030 5048 suis,
2065 4985 2296 5038 elevavit
2329 4986 2520 5040 oculos
2543 4986 2610 5040 ad
2641 4987 2840 5041 coelum
2878 4993 2933 5041 et
2960 4987 3038 5042 ait
3069 5005 3083 5041 :
3116 4985 3344 5041 Domine
3368 4984 3462 5040 Je-

1890 5092 1954 5130 su
1999 5074 2236 5144 Christe,
2268 5077 2356 5131 cui
2392 5078 2529 5131 nihil
2560 5078 2900 5148 impossibile
2946 5087 3051 5144 est,
3092 5079 3186 5148 qui
3224 5078 3455 5132 fractum

1889 5167 2153 5220 mundum
2208 5183 2304 5236 per
2348 5168 2554 5238 lignum
2611 5169 3071 5238 concupiscentia:
3111 5183 3208 5238 per
3250 5167 3458 5238 lignum

1889 5256 2071 5312 crucis
2119 5266 2225 5312 tuae
2250 5258 2482 5316 interius
2522 5259 2777 5316 ﬁdelibus
2805 5259 3166 5326 restaurasti;
3204 5258 3298 5329 qui
3328 5265 3458 5312 nato

1516 5551 1748 5608 VARLE
1781 5551 2182 5608 LECTIONES.

282 5641 324 5673 “
349 5639 531 5694 Toled.
567 5658 673 5696 om.
708 5643 906 5699 solum.

203 5727 321 5766 ram
357 5711 468 5765 Deo
501 5712 768 5787 obtuleris
791 5713 1190 5787 ιιᾳξῃίιριιιίτιηιιἱ
1221 5715 1286 5787 ad
1316 5730 1500 5787 veram
1537 5717 1749 5787 poteris
1776 5711 2171 5785 indulgentiam
2199 5718 2503 5787 pervenire.
2581 5719 2623 5749 ¹⁶
2657 5717 2836 5772 Toled.
2869 5711 3076 5775 Lcucii.

727 5784 769 5816 ‘7
815 5782 993 5838 Toled.
1033 5783 1322 5841 mendacio
1345 5782 1554 5856 plenus.
1634 5787 1674 5818 ⁸⁸
1709 5785 1888 5842 Toled.
1919 5782 2174 5844 diuorum.

206 5783 648 5837 memoraverim.

987 5645 1031 5675 ⁸⁵
1061 5642 1241 5698 Toled.
1272 5643 1433 5717 adit:
1459 5641 1517 5698 Si
1549 5647 1694 5700 enim
1724 5662 1852 5702 vere
1885 5647 2246 5717 negligentem
2283 5654 2334 5701 te
2368 5659 2714 5703 accusaverts
2743 5663 2809 5702 ac
2839 5647 3241 5717 delinquentem
3275 5661 3325 5702 et
3356 5664 3451 5702 ve-

3188 5720 3231 5752 “
3268 5717 3450 5775 Tolcd.

2255 5787 2296 5819 "
2330 5784 2508 5844 Tolcd.
2547 5789 2837 5859 principio.
