3872 6210
455 343 596 399 1245

1507 341 1563 396 S.
1605 341 1863 400 MELITO
1903 343 2209 403 SARDIUM
2250 345 2646 404 EPISCOPUS.

3567 345 3702 402 Si“

453 476 599 517 caeco
643 461 866 530 oculos,
926 476 1067 532 quos
1109 470 1304 516 natura
1349 474 1674 531 negaverat,
1710 464 2025 532 reddidisti;
2059 470 2106 525 Α
2131 467 2279 520 enim
2311 468 2363 521 in
2393 475 2693 522 vestrorum
2731 479 3016 521 servorum
3058 473 3311 534 aspectus
3334 474 3389 520 et
3425 481 3524 522 vos
3569 467 3701 524 effe-

451 555 549 624 qui
584 565 866 612 mortuum
924 557 1191 612 Lazarum
1226 567 1281 612 et
1311 559 1582 628 sepultum
1617 569 1740 630 post
1770 570 2028 631 quartum

451 648 598 703 diem
639 649 705 704 ad
753 663 983 719 superos
1025 651 1327 714 revocasti,
1383 661 1437 706 et
1480 667 1673 708 omnes
1707 652 1931 709 m‘orbos
1977 667 2030 710 et

452 756 648 798 omnes
663 742 1014 812 aegritudines
1039 743 1258 798 virtutis
1281 754 1386 799 tuae
1403 745 1571 800 verbo
1587 747 1813 813 curasti,
1838 747 2030 803 adesto

451 849 617 904 super
667 834 873 904 lapides
925 834 1059 889 istos
1108 836 1382 904 pretiosos
1415 847 1472 892 ut
1519 853 1660 907 quos
1712 837 2029 907 ignorantes

450 923 691 980 fructum
729 924 1090 996 eleemosynae
1123 926 1190 980 ad
1236 927 1463 995 plausus
1486 926 1772 981 hominum
1813 927 2028 983 confre-

450 1025 668 1087 gerunt,
697 1025 779 1080 tu,
820 1015 1068 1083 Domine,
1100 1033 1196 1087 per
1220 1034 1415 1073 manus
1449 1019 1767 1090 angelorum
1806 1030 2028 1076 tuorum

449 1106 613 1161 modo
640 1122 950 1172 recupercs,
974 1117 1035 1163 ut
1058 1111 1234 1178 pretio
1265 1125 1457 1164 eorum
1477 1111 1869 1168 misericordiae
1893 1129 2028 1168 usus

449 1198 700 1267 expletus
734 1199 899 1255 faciat
920 1203 1205 1260 credentes
1238 1204 1336 1258 tibi
1361 1205 1668 1273 pervenire,
1695 1207 1840 1276 quod
1870 1215 2026 1262 tuum

450 1289 764 1360 imperium,
793 1294 1032 1364 quicum
1067 1296 1310 1366 ingenito
1341 1297 1500 1352 Patre
1523 1307 1576 1352 et
1603 1298 1809 1368 Spiritu
1836 1311 2030 1357 sancto

450 1382 819 1439 illuminatore
845 1395 900 1440 et
946 1389 1351 1444 sanctiﬁcatore
1393 1390 1560 1448 totius
1599 1391 1857 1449 Ecclesiae
1888 1395 2029 1450 vivis

447 1481 503 1528 et
530 1490 746 1544 regnas,
774 1475 918 1534 Deus
956 1480 1009 1532 in
1038 1481 1237 1538 saecula
1262 1482 1607 1538 saeculorum.
1632 1484 1880 1554 Cumque
1897 1485 2030 1540 tide-

449 1567 531 1622 les
557 1571 652 1639 qui
679 1585 803 1626 cum
838 1575 1087 1642 apostolo
1114 1585 1273 1630 erant
1292 1577 1709 1646 respondissent
1732 1579 1928 1645 Amen,
1953 1579 2029 1634 ita

449 1659 680 1716 solidata
711 1672 840 1717 sunt
867 1663 1170 1735 fragmenta
1207 1682 1570 1736 gemmarum,
1604 1680 1786 1726 utnec
1809 1671 2026 1741 signum

449 1751 685 1822 alicujus
709 1753 963 1810 fracturae
998 1757 1050 1810 in
1101 1758 1182 1813 eis
1213 1768 1539 1814 remaneret.
1576 1759 1730 1816 Tunc
1776 1763 2027 1833 philoso-

449 1846 590 1915 phus
621 1846 820 1902 Craton
845 1849 1009 1902 simul
1049 1865 1174 1904 cum
1213 1850 1298 1906 his
1325 1852 1620 1924 juvenibus
1652 1864 1708 1909 et
1747 1871 1871 1910 cum
1905 1859 2027 1913 uni-

448 1941 626 1995 versis
655 1941 940 2010 discipulis
960 1943 1074 1997 suis
1093 1944 1322 2012 pedibus
1345 1947 1466 2016 ejus
1485 1948 1777 2006 advolutus
1798 1953 2026 2008 credidit

447 2041 504 2087 et
535 2033 844 2103 baptizatus
882 2042 968 2088 est
990 2050 1115 2089 cum
1147 2037 1405 2093 omnibus
1431 2046 1485 2091 et
1515 2039 1680 2108 coepit
1713 2041 1872 2096 tidem
1911 2043 2022 2097 Do-

449 2123 585 2177 mini
634 2126 812 2178 nostri
857 2123 982 2180 Jcsu
1014 2124 1218 2180 Christi
1254 2127 1471 2196 publice
1516 2130 1832 2197 praedicare.
1871 2131 2024 2190 Tunc

447 2215 558 2270 duo
599 2215 676 2269 illi
727 2215 924 2272 fratres
962 2218 1338 2272 venundantcs
1366 2233 1611 2288 gemmas
1639 2235 1777 2290 quas
1809 2225 2024 2279 vendito

447 2309 780 2378 patrimonio
812 2324 916 2364 suo
957 2319 1204 2365 emerant
1251 2313 1584 2380 pauperibus
1633 2327 2020 2385 erogaverunt.

449 2399 516 2454 Et
545 2401 711 2470 coepit
739 2400 947 2455 infinita
977 2402 1134 2455 turba
1163 2401 1440 2456 adhaerere
1471 2406 1736 2470 apostolo.

519 2491 674 2548 Tunc
703 2491 813 2547 duo
843 2493 1096 2546 honorati
1129 2493 1227 2546 viri
1264 2493 1502 2548 civitatis
1525 2494 1887 2565 Ephesiorum
1918 2499 2020 2554 ho-

446 2599 569 2637 rum
598 2592 889 2653 sequentes
938 2585 1247 2652 exemplum
1275 2625 1289 2650 ,
1330 2585 1630 2642 vendentes
1682 2588 1868 2643 omnia
1923 2580 2045 2644 sua.

445 2689 570 2744 quae
600 2675 801 2728 habere
827 2683 1078 2744 poterant
1103 2687 1158 2729 et
1191 2676 1384 2732 dantes
1414 2677 1667 2734 universa
1713 2683 2020 2750 egentibus,

447 2769 819 2838 sequebantur
871 2769 1179 2838 apostolum
1238 2785 1334 2839 per
1391 2771 1638 2828 civitates
1695 2785 1912 2829 euntem
1970 2783 2024 2829 et

445 2861 611 2915 verba
640 2859 856 2915 Domini
894 2861 1302 2930 praedicantem.
1349 2865 1592 2935 Contigit
1633 2879 1813 2922 autem
1850 2878 1908 2923 ut
1938 2869 2023 2923 in-

445 2965 654 3010 trantes
687 2956 879 3010 urbem
911 2955 1236 3025 Pergamum
1270 2957 1518 3013 viderent
1544 2974 1734 3016 servos
1762 2977 1893 3018 suos
1936 2979 2024 3020 se-

446 3045 577 3101 ricis
607 3046 828 3100 indutos
866 3046 1113 3100 vestibus
1149 3048 1505 3116 procedentes
1541 3061 1594 3104 et
1626 3051 1678 3104 in
1717 3053 1890 3122 gloria
1923 3071 2024 3110 sa:-

445 3137 618 3193 culari
642 3137 931 3206 fulgentes.
970 3135 1120 3191 Unde
1151 3136 1356 3192 factum
1390 3148 1474 3194 est
1500 3151 1559 3193 ut
1586 3142 1783 3210 sagitta
1812 3144 2014 3200 diaboli
2049 3157 2091 3213 c

444 3229 693 3300 percussi
747 3229 932 3283 tristes
967 3228 1331 3294 edicerentur,
1378 3231 1524 3298 quod
1553 3247 1611 3287 se
1635 3233 1688 3285 in
1721 3250 1831 3289 uno
1856 3238 2024 3306 pallio

444 3321 696 3377 viderent
747 3330 989 3392 egentes,
1039 3337 1168 3377 suos
1197 3338 1327 3377 vero
1371 3339 1561 3379 servos
1615 3328 2024 3393 potentissimos

444 3427 608 3487 atque
655 3415 944 3486 fulgentes.
1007 3413 1112 3470 Sed
1144 3416 1246 3470 hos
1269 3417 1427 3472 dolos
1468 3416 1672 3471 diaboli
1718 3418 2024 3493 intelligens

445 3513 727 3583 apostolus
756 3513 833 3566 ait
864 3531 876 3566 :
903 3511 1074 3566 Video
1109 3527 1204 3567 vos
1231 3521 1284 3566 et
1301 3527 1516 3567 annnos
1543 3524 1790 3571 mutasse
1822 3527 1876 3571 ct
1906 3519 2024 3573 vul-

444 3613 535 3660 tus
561 3612 782 3675 propter
806 3604 908 3659 hoc
939 3602 1086 3672 quod
1129 3603 1437 3658 doctrinam
1489 3603 1706 3660 Domini
1746 3609 1851 3661 mei
1891 3608 2021 3665 Jcsu

442 3691 649 3746 Christi
674 3692 843 3746 secuti
875 3693 1029 3756 estis,
1056 3699 1109 3745 et
1145 3693 1328 3745 omnia
1364 3709 1486 3762 qua:
1521 3694 1724 3751 habere
1767 3699 2023 3767 potuistis

443 3785 776 3856 pauperibus
809 3785 1142 3840 contulistis.
1171 3783 1329 3839 Unde
1363 3787 1408 3838 si
1452 3788 1614 3844 vultis
1654 3790 1838 3842 omnia
1865 3806 2022 3846 recu-

445 3890 638 3944 perare
671 3891 792 3944 qua:
821 3876 874 3929 in
907 3891 1062 3941 auro,
1081 3884 1136 3930 et
1164 3876 1217 3930 in
1243 3885 1489 3946 argento,
1516 3887 1570 3932 et
1599 3879 1872 3948 lapidibus
1897 3899 2022 3953 pre-

445 3967 601 4022 tiosis
641 3967 928 4034 habuistis,
959 3967 1165 4022 deferte
1207 3968 1342 4022 mihi
1391 3969 1572 4039 virgas
1612 3981 1790 4026 rectas
1822 3974 1875 4028 in
1906 3977 2022 4030 sin-

445 4059 588 4128 gulis
635 4057 898 4113 fascibus.
952 4058 1109 4124 Quod
1163 4074 1288 4113 cum
1321 4058 1612 4125 fecissent,
1640 4063 1894 4120 invocato
1926 4083 2024 4121 no-

445 4153 594 4208 mine
633 4151 846 4207 Domini
887 4167 1168 4206 conversae
1218 4160 1346 4208 sunt
1374 4152 1428 4206 in
1461 4169 1678 4208 aurum.
1710 4153 1842 4210 Item
1886 4158 2024 4214 dixit

446 4248 528 4300 eis
560 4262 573 4298 :
608 4244 824 4299 Deferte
863 4244 997 4299 mihi
1051 4244 1257 4314 lapides
1296 4245 1538 4301 minutos
1568 4262 1597 4300 a
1622 4247 1806 4302 littore
1828 4250 2017 4304 maris.

447 4336 605 4405 Quod
650 4353 774 4392 cum
831 4335 1128 4403 fecissent,
1157 4338 1408 4392 invocata
1439 4337 1653 4394 Domini
1681 4341 1976 4411 majestate
2003 4384 2018 4409 ,

447 4432 697 4488 conversi
752 4440 880 4486 sunt
937 4430 990 4483 in
1025 4446 1290 4501 gemmas.
1323 4430 1477 4488 Tunc
1506 4433 1638 4489 dicit
1666 4434 1747 4490 eis
1797 4444 2021 4490 sanctus

2131 568 2250 613 ctos
2279 574 2544 629 pauperes
2567 558 2869 629 gemuistis.
2902 556 3089 612 Estote
3113 573 3243 629 ergo
3257 558 3456 626 ﬂoridi,
3483 573 3542 614 ut
3559 576 3707 614 mar»-

2131 651 2384 714 cescatis,
2417 660 2590 706 estote
2619 651 2816 706 divites
2841 651 3239 720 temporaliter,
3272 660 3331 706 ut
3358 652 3413 706 in
3437 662 3702 707 aeternum

2130 742 2476 797 mendicetis.
2511 741 2769 812 Nunquid
2801 759 2924 796 nam
2965 744 3240 813 impotens
3257 753 3341 799 est
3374 760 3573 798 manus
3597 743 3705 799 Do-

2132 833 2270 886 mini
2302 843 2362 888 ut
2396 848 2504 886 non
2541 832 2706 887 faciat
2737 849 2926 890 servos
2957 850 3087 890 suos
3116 834 3322 890 divitiis
3347 835 3634 891 afﬂuentes
3655 844 3706 891 et

2129 924 2631 994 incomparabiliter
2661 925 3042 995 splendentes?
3074 925 3179 981 Sed
3203 936 3482 982 certamen
3515 929 3708 984 statuit

2131 1015 2441 1069 animorum
2476 1025 2535 1070 ut
2559 1017 2652 1086 qui
2687 1032 2785 1086 pro
2818 1015 2938 1085 ejus
2985 1018 3209 1072 nomine
3251 1019 3582 1087 temporales
3611 1020 3708 1074 ha-

2129 1107 2258 1162 bere
2316 1123 2449 1178 opes
2490 1109 2767 1164 noluerint
2790 1114 3017 1170 credant
3041 1132 3101 1172 se
3129 1125 3362 1173 aeternas
3392 1119 3706 1174 habituros.

2130 1195 2375 1268 Denique
2397 1201 2640 1254 narravit
2670 1203 2827 1259 nobis
2851 1203 3116 1262 Dominus
3142 1218 3329 1263 noster
3354 1209 3518 1265 Jesus
3547 1210 3711 1264 Cbl‘l-

2129 1297 2248 1344 stus
2291 1289 2359 1344 de
2408 1293 2645 1360 quodam
2707 1294 2896 1360 divite,
2951 1297 3045 1366 qui
3081 1298 3406 1367 epulabatur
3456 1300 3710 1369 quotidie

2130 1382 2409 1450 splendide
2434 1392 2488 1438 et
2535 1384 2780 1458 fulgebat
2812 1388 2864 1441 in
2892 1403 3030 1442 auro
3059 1399 3113 1444 et
3140 1407 3404 1461 purpura,
3441 1394 3512 1447 ad
3545 1393 3710 1462 cujus

2129 1471 2274 1527 fores
2322 1473 2543 1544 jacebat
2576 1477 2861 1532 mendicus
2909 1477 3175 1546 Lazarus,
3207 1482 3298 1550 qui
3329 1484 3588 1552 cupiebat
3625 1485 3708 1537 vel

2129 1565 2303 1621 micas
2347 1582 2471 1635 qua:
2518 1568 2587 1622 de
2639 1584 2829 1624 mensa
2861 1570 2981 1640 ejus
3027 1573 3296 1627 cadebant
3352 1576 3626 1644 accipere,
3658 1587 3710 1630 et

2128 1672 2294 1713 nemo
2325 1658 2402 1713 illi
2432 1659 2612 1714 dabat.
2646 1659 2889 1732 Contigit
2909 1671 3092 1716 autem
3127 1674 3186 1718 ut
3207 1677 3437 1736 uterque
3465 1682 3710 1721 morere-

2130 1760 2240 1816 tur,
2295 1760 2350 1806 et
2394 1752 2487 1808 ille
2519 1753 2805 1809 mendicus
2835 1753 3142 1810 deferretur
3181 1758 3236 1811 in
3273 1760 3546 1828 requiem,
3584 1775 3709 1830 qua:

2129 1853 2213 1900 est
2259 1844 2313 1898 in
2339 1846 2461 1900 sinu
2487 1847 2748 1914 Abraha’;
2781 1849 2873 1902 ille
2906 1859 3088 1903 autem
3120 1850 3271 1906 dives
3305 1851 3620 1906 mitteretur
3651 1852 3707 1906 in

2127 1938 2404 1992 flammam
2433 1939 2692 2006 incendii,
2727 1940 2870 1995 unde
2901 1941 3122 1997 elevans
3149 1944 3340 1999 oculos
3371 1945 3510 1998 vidit
3533 1943 3709 1999 Laza-

2128 2048 2249 2086 rum
2303 2031 2581 2087 sedentem
2631 2032 2687 2086 in
2737 2033 2859 2088 sinu
2908 2033 3144 2091 Abraha:
3176 2046 3231 2091 et
3258 2038 3591 2092 exclamavit
3623 2040 3710 2093 di~

2127 2139 2284 2179 cens:
2322 2123 2488 2178 Pater
2502 2124 2795 2192 Abraham,
2815 2127 3061 2182 miserere
3080 2129 3179 2182 mei
3195 2137 3244 2182 et
3262 2131 3411 2184 mitte
3429 2129 3708 2184 Lazarum

2127 2226 2182 2270 ut
2210 2216 2442 2286 intingat
2462 2217 2689 2286 digitum
2720 2235 2872 2272 suum
2896 2220 2950 2272 in
2979 2236 3172 2290 aquam
3205 2232 3255 2274 et
3289 2222 3562 2292 refrigeret
3597 2223 3701 2276 liuo

2128 2323 2286 2377 guam
2308 2324 2499 2375 meam,
2530 2310 2658 2378 quia
2685 2310 2897 2363 crucior
2924 2313 2980 2366 in
3004 2313 3101 2366 hac
3134 2314 3373 2382 ﬂamma.
3393 2313 3495 2368 Cui
3530 2315 3704 2369 Abra-

2128 2398 2255 2451 ham
2306 2399 2640 2467 respondens
2681 2399 2820 2455 dixit
2853 2421 2865 2456 :
2895 2401 3186 2467 Memento,
3233 2403 3334 2472 ﬁli,
3377 2404 3522 2473 quod
3569 2420 3707 2457 rece-

2127 2488 2272 2556 pisti‘
2301 2488 2437 2542 bona
2466 2489 2523 2542 in
2548 2491 2657 2544 vita
2691 2500 2803 2558 tua,
2834 2491 3078 2546 Lazarus
3101 2509 3222 2547 vero
3246 2495 3506 2548 similiter
3524 2495 3702 2560 mala;

2128 2592 2266 2630 nunc
2304 2594 2423 2632 vero
2479 2580 2564 2634 hic
2598 2581 2905 2636 consolatur
2928 2625 2943 2651 ,
2973 2596 3031 2638 tu
3064 2601 3184 2639 vero
3215 2588 3498 2656 torqueris.
3543 2587 3612 2641 Et
3651 2590 3704 2641 in

2129 2671 2210 2724 his
2239 2671 2479 2726 omnibus
2504 2674 2662 2729 chaos
2682 2692 2930 2746 magnum
2964 2678 3102 2732 inter
3128 2695 3220 2733 nos
3241 2689 3290 2734 et
3320 2697 3409 2734 vos
3431 2681 3704 2750 ﬁrmatum

2125 2772 2224 2830 est,
2267 2772 2326 2817 ut
2369 2779 2546 2835 neque
2588 2767 2716 2822 inde
2765 2768 2874 2824 huc
2925 2784 3102 2840 neque
3137 2770 3266 2828 hinc
3297 2773 3426 2828 illuc
3468 2774 3707 2829 transire

2126 2853 2324 2923 aliquis
2345 2857 2539 2924 possit.
2558 2857 2743 2914 Atille
2766 2861 3052 2930 respondit
3083 2880 3095 2915 :
3129 2861 3268 2918 Sunt
3298 2864 3435 2919 mihi
3456 2867 3706 2935 quinque

2126 2945 2343 3012 fratres,
2402 2949 2630 3003 obsecro
2675 2959 2736 3004 ut
2785 2961 2972 3023 surgat
3001 2953 3202 3024 aliquis
3236 2954 3330 3024 qui
3356 2966 3585 3011 moneat
3614 2971 3706 3012 ws

2125 3053 2193 3092 ne
2249 3039 2356 3094 huc
2382 3040 2617 3095 .veniant
2663 3043 2720 3096 in
2771 3043 2914 3098 hanc
2953 3043 3250 3099 flammam.
3291 3047 3392 3101 Cui
3422 3047 3704 3102 Abraham

2125 3129 2239 3182 ait:
2271 3129 2479 3185 Habent
2517 3131 2737 3202 Moysen
2757 3145 2805 3188 et
2843 3137 3146 3205 prophetas,
3180 3138 3404 3191 audiant
3446 3139 3599 3194 illos.
3625 3142 3704 3195 Ad

2128 3220 2242 3275 hmc
2283 3221 2373 3276 ille
2435 3225 2758 3294 respondit:
2789 3223 2904 3282 Nisi
2959 3230 3324 3285 resurrexerit
3359 3232 3565 3302 aliquis
3597 3248 3702 3287 non

2125 3313 2366 3367 credent.
2405 3314 2508 3369 Cui
2553 3317 2692 3371 dixit
2722 3317 2998 3373 Abraham
3034 3339 3047 3374 :
3076 3319 3134 3375 Si
3175 3321 3348 3394 Moysi
3384 3332 3438 3378 et
3468 3326 3704 3395 prophe-

2127 3408 2195 3463 tis
2221 3424 2326 3464 non
2360 3412 2610 3479 credunt,
2644 3429 2744 3469 nec
2775 3415 2821 3469 si
2847 3415 3050 3484 aliquis
3077 3418 3706 3486 resurrexeritpoterunt

2124 3501 2173 3553 ei
2197 3502 2420 3557 credere
2445 3503 2493 3558 ι).
2553 3503 2663 3560 Hos
2718 3515 2902 3561 autem
2957 3521 3238 3561 sermones
3266 3523 3397 3563 suos
3432 3507 3705 3564 Dominus

2126 3601 2187 3646 ut
2241 3593 2503 3664 magister
2558 3605 2744 3651 noster
2803 3598 3064 3652 virtutum
3114 3597 3369 3654 firmabat
3412 3603 3702 3671 exemplis.

2125 3684 2261 3740 Nam
2293 3702 2416 3741 cum
2447 3688 2692 3745 dicerent
2718 3691 2766 3745 ei
2805 3710 2818 3746 :
2852 3690 2984 3758 Quis
3008 3693 3134 3749 inde
3165 3694 3276 3749 huc
3298 3695 3468 3759 venit,
3504 3706 3565 3750 ut
3590 3711 3707 3750 cre-

2125 3779 2320 3833 damus
2347 3779 2396 3833 ei
2420 3821 2434 3846 ,
2475 3779 2565 3834 ille
2596 3782 2673 3836 ait
2707 3801 2719 3836 :
2752 3781 2972 3838 Deferte
3005 3785 3114 3842 huc
3141 3795 3579 3857 mortuos,quos
3613 3788 3706 3841 hac

2124 3871 2285 3926 betis.
2318 3868 2566 3941 Cumque
2609 3883 2990 3947 apportassent
3019 3891 3206 3932 coram
3230 3876 3323 3931 illo
3345 3877 3449 3930 tria
3473 3891 3705 3947 corpora

2124 3973 2470 4018 mortuorum
2497 3965 2657 4032 velut
2695 3946 3024 4021 dormientia
3053 3967 3285 4022 excitata
3321 3978 3451 4022 sunt
3501 3971 3574 4024 ab
3620 3983 3704 4033 eo,

2125 4057 2217 4124 qui
2245 4055 2451 4111 dabant
2497 4057 2657 4113 ﬁdem
2711 4059 2982 4115 universis
3033 4060 3384 4115 sermonibus
3423 4061 3569 4130 ejus.
3601 4060 3703 4113 Sed

2124 4148 2193 4202 ad
2221 4149 2352 4219 quid
2383 4164 2507 4221 :ego
2546 4150 2612 4205 de
2647 4149 2879 4206 Domino
2927 4167 3052 4207 meo
3084 4151 3262 4207 refero
3295 4152 3412 4206 haec
3436 4194 3451 4218 ,
3489 4169 3616 4206 cum
3653 4152 3703 4204 iu

2123 4243 2383 4310 praesenti
2426 4244 2537 4299 sint
2581 4259 2721 4314 quos
2752 4244 2806 4297 in
2837 4244 2957 4316 ejus
2991 4245 3215 4299 nomine
3252 4245 3524 4300 suscitavi
3553 4246 3703 4300 vobis

2124 4335 2510 4404 praesentibus,
2539 4336 2595 4389 in
2631 4336 2790 4406 cujus
2803 4336 3023 4392 nomine
3042 4346 3095 4391 et
3121 4337 3451 4407 paralyticos
3482 4349 3701 4394 curatos

2126 4427 2344 4484 vidistis
2360 4439 2415 4482 et
2438 4429 2686 4499 leprosos
2709 4427 3035 4484 emundatos
3059 4439 3113 4484 ct
3139 4445 3313 4485 caecos
3336 4431 3699 4497 illuminatos,

443 4523 682 4581 Joannes
719 4524 1000 4594 apostolus
1021 4497 1045 4578 ε*
1070 4523 1171 4578 Per
1207 4533 1411 4595 septem
1450 4526 1566 4581 dies
1597 4527 1671 4581 ite
1707 4542 1805 4596 per
1834 4530 2022 4583 aurili-
2049 4497 2100 4557 υ
2127 4528 2181 4574 et
2209 4535 2239 4574 a
2261 4497 2546 4574 damoniis
2576 4521 2829 4575 homines
2853 4521 3151 4577 liberatos?
3184 4521 3288 4578 Sed
3310 4523 3410 4579 has
3435 4526 3699 4580 virtutum

445 4635 538 4675 ces
570 4627 624 4673 et
658 4619 1020 4689 gemmarios,
1047 4627 1245 4673 etcum
1291 4619 1651 4689 probaveritis
1678 4635 1867 4675 verum
1900 4637 2023 4678 esse

447 4727 641 4766 aurum
666 4722 720 4766 et
741 4728 898 4766 veras
930 4728 1194 4782 gemmas,
1227 4714 1478 4768 nuntiate
1507 4715 1662 4768 mihi.
1696 4715 1902 4773 Euntes
1923 4733 2023 4772 au-

446 4815 554 4860 tem
597 4806 758 4860 ambo
787 4817 911 4876 post
945 4815 1150 4875 septem
1174 4806 1290 4861 dies
1314 4807 1519 4862 reversi
1554 4817 1685 4862 sunt
1711 4793 1776 4862 ad
1803 4819 2024 4879 aposto-

445 4900 559 4954 lum
584 4898 828 4954 dicentes
865 4917 878 4952 :
906 4897 1154 4968 Domine,
1185 4900 1430 4952 omnium
1466 4900 1753 4955 aurificum
1777 4901 2023 4960 ofﬁcinas

445 4993 880 5058 circumivimus,
904 4992 995 5061 qui
1029 5007 1220 5046 omnes
1245 4991 1506 5047 dixerunt
1549 5003 1656 5048 tam
1689 5010 1887 5064 purum
1918 5011 2020 5050 au-

443 5101 567 5140 rum
618 5093 673 5140 et
720 5093 830 5137 tam
863 5084 1130 5152 optimum
1160 5098 1443 5153 nunquam
1473 5098 1532 5138 se
1565 5085 1805 5152 vidisse;
1838 5088 1932 5141 sed
1970 5096 2024 5141 et

445 5177 730 5249 gemmarii
755 5177 942 5231 eadem
972 5175 1251 5239 dixerunt,
1279 5184 1386 5230 tam
1407 5177 1647 5246 optimos
1672 5186 1726 5232 et
1755 5189 1869 5232 tam
1898 5195 2020 5249 pre-

446 5271 618 5325 tiosos
664 5267 872 5337 lapides
933 5281 993 5321 se
1040 5282 1323 5336 nunquam
1349 5268 1572 5323 vidisse.
1606 5267 1761 5323 Tunc
1798 5279 2022 5325 sanctus

443 5361 684 5416 Joannes
714 5359 852 5414 dixit
874 5358 954 5412 eis
981 5377 993 5412 :
1027 5357 1104 5413 lte
1126 5367 1180 5411 ct
1209 5357 1460 5412 redimite
1485 5360 1641 5415 vobis
1679 5368 1856 5415 terras
1883 5376 2022 5430 quas

443 5452 803 5520 vendidistis,
859 5452 985 5521 quia
1047 5451 1318 5506 caelorum
1379 5453 1602 5520 praemia
1674 5453 2017 5523 perdidistis.

444 5542 620 5598 Emite
653 5541 808 5596 vobis
837 5540 1042 5597 sericas
1073 5549 1252 5596 vestes
1272 5581 1286 5605 ,
1311 5549 1369 5596 ut
1406 5557 1501 5610 per
1528 5551 1742 5613 tempus
1766 5543 2021 5614 fulgeatis

445 5636 588 5690 sicut
617 5650 772 5700 rosa;
805 5649 927 5701 quae
955 5633 1083 5687 dum
1111 5631 1208 5687 llos
1231 5632 1351 5701 ejus
1385 5645 1439 5687 et
1465 5633 1691 5689 odorem
1722 5637 1928 5704 pariter
1955 5651 2021 5691 ac

444 5726 700 5780 ruborem
757 5723 1018 5788 ostendit,
1067 5737 1288 5795 repente
1337 5726 1647 5791 marcescit.
1684 5725 2017 5804 Suspirastis

517 5839 544 5878 ιθ
571 5837 708 5893 Luc.
746 5851 858 5905 xw,
891 5836 1082 5890 ἰαί-51.

2125 4627 2259 4680 opes
2279 4613 2484 4667 habere
2518 4627 2626 4666 non
2658 4623 2909 4682 possunt,
2941 4615 3273 4684 quidivitias
3303 4616 3579 4672 voluerint
3603 4619 3699 4671 ha-

2124 4703 2256 4760 bere
2285 4713 2552 4759 terrenas.
2580 4703 2828 4775 Denique
2851 4721 2950 4760 vos
2981 4707 3082 4775 ipsi
3109 4707 3327 4776 quando
3350 4708 3416 4762 ad
3448 4708 3702 4764 infirmos

2126 4798 2394 4864 intrastis,
2410 4798 2660 4852 invocato
2685 4799 2909 4853 nomine
2923 4798 3140 4855 Domini
3158 4803 3329 4858 nostri
3343 4801 3475 4863 Jesu
3496 4801 3701 4857 Christi

2125 4890 2318 4944 salvati
2353 4899 2500 4956 sunt,
2527 4889 2758 4959 fugastis
2783 4891 3081 4958 daemonia,
3114 4904 3168 4946 et
3215 4893 3380 4948 etiam
3407 4895 3694 4948 excaecatis

2126 4983 2335 5037 lumina
2357 4982 2691 5037 reddidistis.
2721 4985 2859 5039 Ecce
2882 4984 3061 5038 ablata
3087 4996 3167 5040 est
3195 4986 3312 5040 haec
3337 4986 3511 5054 gratia
3551 5003 3579 5039 a
3609 5001 3695 5037 vo—

2123 5077 2209 5132 his
2236 5086 2290 5132 et
2308 5076 2436 5132 facti
2463 5079 2597 5133 estis
2622 5079 2808 5133 miseri
2841 5078 2932 5148 qui
2957 5079 3126 5133 eratis
3146 5077 3312 5134 fortes
3333 5090 3389 5132 et
3413 5074 3696 5148 magni.Et

2126 5186 2252 5226 cum
2283 5178 2470 5224 tantus
2497 5171 2660 5224 timor
2686 5171 2856 5224 vestri
2881 5179 3026 5225 esset
3053 5170 3105 5222 in
3126 5169 3434 5236 daemoniis,
3461 5179 3520 5222 ut
3542 5168 3692 5238 jussu

2124 5272 2309 5317 vestro
2333 5262 2593 5316 obsessos
2617 5260 2869 5315 homines
2904 5261 3298 5330 relinquerent,
3324 5260 3491 5314 modo
3517 5275 3612 5312 vos
3631 5270 3693 5310 ιιη

2125 5357 2288 5409 metis
2317 5353 2622 5418 da:monia;
2666 5363 2878 5406 amator
2923 5353 3072 5405 enim
3108 5351 3356 5422 pecuniae
3393 5366 3583 5405 servus
3614 5356 3691 5401 est

2123 5462 2470 5503 mammonae.
2500 5444 2811 5500 Mammona
2836 5452 3016 5498 autem
3049 5443 3317 5498 daemonis
3351 5456 3549 5496 nomen
3579 5447 3684 5500 est,

2123 5541 2218 5610 qui
2253 5539 2423 5594 lucris
2465 5538 2782 5593 carnalibus
2811 5544 3010 5607 praeest
3042 5544 3096 5590 et
3131 5535 3450 5589 dominatur
3494 5532 3579 5586 bis
3603 5529 3691 5600 qui

2121 5633 2353 5704 diligunt
2367 5629 2651 5685 mundum.
2671 5626 2808 5682 Nam
2826 5643 2950 5682 cum
2969 5627 3041 5682 sit
3057 5642 3204 5682 unus
3218 5636 3408 5680 venter
3421 5633 3475 5679 et
3489 5625 3595 5679 sint
3608 5635 3693 5676 re-

2121 5727 2297 5796 posita
2315 5731 2464 5780 tanta
2481 5736 2602 5793 quae
2619 5720 2765 5777 mille
2779 5718 3064 5776 ventribus
3080 5717 3369 5784 suﬂiciant,
3391 5726 3444 5775 et
3484 5731 3604 5773 cum
3628 5713 3692 5772 sit
