3872 6210
168 387 316 442 1Ξ45

1629 375 1904 435 SPURIA.

3296 367 3434 424 12Ᾱὸ

165 521 344 560 unum
365 519 567 576 corpus
583 511 636 559 et
653 501 764 560 sint
779 508 944 558 tanta
957 507 1138 556 vestes
1154 514 1276 570 qua
1292 498 1441 554 mille
1457 499 1744 554 hominum
1777 504 1824 560 Α
1851 511 2068 566 crymas
2095 493 2329 549 Domino
2357 491 2522 546 simul
2550 502 2604 546 et
2632 505 2820 561 preces
2849 487 3039 557 eﬁudi,
3067 497 3130 544 ιιι
3165 504 3438 559 exsurgas

164 598 498 668 corporibus
513 597 788 666 praebeant
806 594 1146 658 indumenta,
1171 592 1528 662 utique'quod
1546 592 1625 646 uti
1643 606 1753 644 non

166 698 367 758 potest
389 688 717 754 custoditur,
741 695 795 741 et
817 685 906 740 cui
930 684 1277 739 custodiatur
1304 684 1531 737 omnino
1562 681 1742 738 nesci-

169 789 283 844 tur,
299 780 511 835 dicente
535 777 742 847 Spiritu
769 784 961 830 sancto
985 789 1080 844 per
1103 771 1418 843 prophetam
1441 769 1612 824 :Vane
1630 785 1750 822 con-

143 859 145 861 .
168 874 422 926 turbatur
434 873 604 925 omnis
621 871 796 935 homo,
816 868 1200 922 thesaurizatet
1215 868 1424 936 ignorat
1439 865 1524 918 cui
1541 879 1758 933 congre-

170 974 267 1036 gat
300 981 362 1018 ea
386 975 435 1018 ε.
462 962 652 1018 Nudos
677 977 778 1017 nos
795 960 1054 1014 fuderunt
1075 962 1127 1012 in
1151 960 1326 1014 lucem
1354 955 1758 1028 partustmulie—

169 1073 301 1112 rum
321 1065 539 1127 egentes
567 1055 715 1119 cibo,
733 1051 1190 1120 amictu,poculo,
1205 1049 1385 1104 nudos
1411 1063 1515 1103 nos
1530 1046 1756 1116 recipiet

176 1161 332 1204 terra
365 1163 488 1218 qua;
525 1146 730 1216 genuit.
749 1143 967 1198 Atvero
994 1144 1049 1196 in
1078 1155 1371 1196 commune
1406 1139 1754 1210 possidemus

171 1239 302 1294 cali
329 1237 568 1293 divitias.
601 1234 868 1305 Splendor
887 1233 1020 1289 solis
1043 1232 1194 1286 diviti
1221 1239 1276 1286 et
1291 1231 1514 1302 pauperi
1533 1231 1757 1300 aquali—

171 1339 259 1385 ter
273 1330 584 1386 communis
600 1337 718 1395 est;
751 1328 1005 1383 similiter
1025 1327 1210 1380 lumen
1239 1324 1751 1392 luna,etsiderum,

172 1423 326 1478 aeris
343 1437 563 1493 quoque
584 1421 875 1490 temperies
901 1428 952 1474 et
984 1417 1291 1488 pluviarum
1317 1427 1480 1487 gutta
1510 1425 1560 1473 et
1582 1417 1755 1473 eccle-

169 1517 272 1570 sia
291 1516 475 1586 janua
509 1523 562 1569 et
594 1513 761 1569 fontis
790 1513 1154 1569 sanctiﬁcatio
1179 1522 1236 1568 et
1266 1520 1621 1582 peccatorum
1667 1526 1754 1565 re-

155 1609 370 1662 missio
401 1616 455 1660 et
480 1605 829 1677 participatio
855 1604 1042 1660 altaris
1062 1619 1116 1660 et
1141 1620 1267 1660 esca
1308 1603 1556 1674 corporis
1579 1611 1633 1658 et
1659 1618 1756 1673 po-

171 1709 265 1754 tus
301 1701 586 1771 sanguinis
613 1699 788 1755 sancti
818 1707 873 1753 et
898 1698 1218 1754 chrismatis
1245 1698 1454 1764 unctio,
1483 1705 1538 1752 et
1575 1698 1748 1767 gratia

170 1791 452 1862 largitoris
478 1799 532 1845 et
557 1790 802 1845 visitatio
829 1788 1050 1844 Domini
1074 1798 1128 1844 et
1148 1789 1394 1845 universi
1419 1788 1628 1859 peccati
1663 1788 1748 1842 in—

171 1883 480 1953 duigentia,
519 1883 716 1937 horum
753 1882 1022 1949 omnium,
1059 1883 1267 1952 absque
1297 1895 1545 1951 persona
1574 1880 1750 1935 alicu-
1784 1872 1826 1927 Β

169 1975 264 2046 jus
295 1975 627 2045 acceptione,
668 1974 894 2044 aqualis
933 1982 1018 2029 est
1047 1973 1385 2044 dispensatio
1422 1971 1746 2028 conditoris.

170 2065 365 2136 Neque
394 2067 538 2122 enim
573 2066 734 2121 aliter
765 2066 918 2120 dives
947 2075 1002 2122 et
1038 2065 1196 2121 aliter
1233 2080 1442 2136 pauper
1473 2064 1644 2119 utitur
1665 2063 1753 2118 his

171 2159 358 2224 donis,
387 2159 480 2214 sed
507 2159 674 2214 miser
702 2167 756 2212 et
778 2157 966 2214 infelix
991 2157 1179 2223 homo,
1205 2157 1332 2212 dum
1357 2158 1474 2212 vult
1501 2158 1624 2228 plus
1657 2158 1756 2212 ha-

175 2251 317 2304 bere
343 2265 508 2318 quam
534 2248 752 2314 suﬂicit,
785 2248 974 2302 multis
1008 2264 1066 2304 se
1089 2248 1371 2304 doloribus
1392 2264 1457 2304 ac
1480 2249 1752 2304 sollicitu-

172 2342 401 2398 dinibus
452 2343 653 2397 subdit.
705 2341 1021 2397 Nascuntur
1063 2343 1210 2396 enim
1259 2343 1386 2397 hinc
1429 2343 1639 2398 calores
1683 2340 1760 2396 fe-

173 2432 381 2499 brium,
427 2433 637 2503 rigores
692 2431 981 2503 frigorum,
1033 2433 1254 2488 dolores
1291 2432 1430 2487 varii
1460 2432 1515 2487 in
1544 2432 1756 2487 cunctis

174 2539 475 2593 corporum
518 2526 781 2581 membris
812 2532 866 2579 et
893 2541 1071 2595 neque
1100 2541 1226 2581 esca
1249 2525 1422 2580 cibari
1454 2535 1635 2596 potest
1660 2540 1757 2580 ne-

176 2631 290 2684 que
322 2617 518 2686 poculo
551 2618 762 2684 satiari,
799 2627 861 2672 ut
889 2627 1184 2688 cognoscat
1215 2618 1487 2688 cupiditas
1513 2634 1622 2672 non
1652 2619 1757 2674 sibi

177 2711 441 2778 pecunias
481 2708 817 2779 profuturas,
858 2726 982 2780 qua
1009 2709 1261 2779 reposita
1289 2709 1609 2765 custodibus
1641 2709 1758 2764 suis

178 2802 606 2858 sollicitudinem
642 2802 900 2858 diurnam
932 2812 987 2858 et
1018 2813 1343 2858 nocturnam
1384 2804 1680 2869 incutiunt,
1707 2812 1762 2858 et

177 2909 283 2948 nec
312 2894 480 2950 unius
511 2895 662 2952 hora
693 2897 872 2966 spatio
897 2897 1116 2967 quietos
1141 2911 1238 2952 eos
1263 2905 1357 2951 aut
1388 2911 1614 2951 securos
1637 2911 1761 2951 esse

178 2989 484 3059 patiuntur.
529 2986 664 3042 Nam
696 2989 827 3043 dum
883 2989 1193 3045 custoditur
1218 3006 1248 3043 a
1271 2988 1487 3043 furibus
1524 2988 1722 3044 domus
1743 3029 1758 3055 ,

177 3082 310 3136 dum
343 3081 621 3149 possessio
652 3081 873 3148 colitur,
899 3080 1030 3136 dum
1058 3081 1256 3136 aratris
1289 3081 1598 3148 intendunt,
1627 3081 1757 3136 dum

177 3173 400 3228 solvunt
443 3171 649 3227 fiscalia
680 3212 696 3236 ,
734 3171 866 3225 dum
904 3171 1177 3227 adilicant
1203 3171 1597 3242 promptuaria,
1628 3173 1756 3227 dum

176 3265 352 3319 lucris
406 3264 644 3330 student,
675 3262 806 3317 dum
837 3264 1208 3334 potentiorum
1240 3279 1300 3318 se
1345 3264 1582 3334 impetus
1612 3265 1758 3319 miti-

176 3372 308 3425 gare
336 3357 605 3421 nituntur,
635 3355 768 3410 dum
801 3356 983 3412 minus
1009 3367 1258 3426 potentes
1294 3373 1352 3412 se
1387 3359 1597 3413 nudare
1626 3374 1759 3413 con-

179 3449 432 3511 tendum,
459 3448 588 3502 dum
623 3447 734 3503 iras
765 3463 896 3503 suas
923 3449 1123 3518 quibus
1161 3458 1392 3519 possunt
1428 3450 1673 3505 inferunt
1704 3459 1758 3504 et

176 3541 361 3595 illatas
399 3540 454 3593 in
487 3554 546 3594 se
577 3539 670 3593 vix
710 3549 804 3594 aut
834 3541 1145 3597 nullatenus
1171 3541 1316 3597 ferre
1340 3551 1593 3612 possunt,
1625 3543 1754 3598 dum

175 3633 552 3690 blandimento
569 3646 682 3687 sua
710 3633 891 3688 carnis
912 3635 1242 3703 assentiunt,
1260 3635 1389 3690 dum
1412 3636 1598 3692 ludere
1622 3637 1756 3693 aleis

176 3734 234 3779 et
258 3722 588 3793 spectaculis
620 3737 730 3778 non
758 3723 1110 3790 erubescunt,
1136 3727 1266 3780 dum
1289 3727 1533 3797 polluere
1556 3737 1610 3782 et
1638 3728 1757 3797 pol-

177 3815 255 3869 lui
300 3829 410 3868 non
442 3823 722 3884 metuunt,
756 3815 939 3872 subito
967 3825 1171 3871 exeunt
1192 3817 1261 3872 de
1282 3818 1388 3873 isto
1421 3820 1622 3874 saculo
1653 3835 1756 3874 nu-

178 3909 258 3974 di,
288 3908 405 3963 sola
441 3924 627 3964 secum
671 3917 892 3980 peccata
923 3917 1206 3980 portantes
1225 3952 1240 3978 ,
1265 3926 1364 3981 pro
1399 3912 1601 3981 quibus
1628 3920 1757 3968 sunt

175 4015 375 4071 pugnas
389 4002 610 4071 passuri
639 4011 952 4072 perpetuas.

249 4116 392 4173 Ecce
414 4127 594 4174 autem
631 4119 745 4174 hac
769 4119 982 4174 dicente
1023 4127 1215 4174 sancto
1249 4116 1461 4174 Joanne
1505 4121 1756 4189 apostolo

175 4211 506 4267 efferebatur
539 4211 760 4282 juvenis
785 4226 817 4265 a
844 4219 1022 4267 matre
1049 4209 1234 4277 vidua,
1271 4211 1364 4282 qui
1385 4211 1608 4282 triginta
1638 4212 1755 4267 dies

177 4305 413 4360 habebat
443 4319 508 4358 ex
532 4319 642 4375 quo
674 4319 898 4358 uxorem
924 4311 1239 4370 acceperat;
1267 4301 1544 4357 venientes
1571 4309 1752 4356 autem

178 4396 358 4460 turba
380 4411 502 4465 qua
544 4395 836 4464 exsequias
886 4393 1159 4449 faciebant
1211 4393 1377 4449 simul
1409 4409 1532 4448 cum
1579 4402 1754 4448 matre

175 4487 302 4558 ejus
324 4486 486 4540 vidua
510 4485 857 4555 jactaverunt
887 4501 944 4541 se
976 4485 1043 4540 ad
1075 4485 1241 4555 pedes
1265 4485 1408 4554 ejus,
1439 4499 1630 4541 omnes
1658 4501 1754 4554 pa-

1862 602 1893 641 a
1928 584 2180 650 mortuis,
2211 583 2407 638 mortis
2449 582 2672 636 vinculo
2698 582 2942 637 resoluto
2963 623 2979 649 ,
3022 589 3076 636 et
3103 581 3191 635 his
3221 580 3441 636 duobus

1861 680 2040 734 Attico
2067 688 2121 732 et
2149 676 2396 748 Eugenio
2428 675 2722 729 annunties
2751 682 3015 744 quantam
3049 673 3278 743 gloriam
3302 673 3441 726 ami-

1861 771 2030 824 serint
2059 779 2114 824 et
2140 780 2401 840 quantam
2431 769 2766 823 incurrerint
2788 783 3032 838 pariam.
3063 766 3218 822 Tunc
3245 782 3440 820 exsur-

1859 877 1994 933 gens
2025 861 2298 929 Stactcus,
2328 863 2410 917 sic
2437 865 2582 917 enim
2610 861 3168 931 vocabaturjuvcnis,
3192 858 3441 913 adoravit

1859 959 2190 1028 apostolum,
2206 967 2261 1013 et
2281 959 2446 1028 capit
2468 959 2749 1026 increpare
2770 956 3067 1026 discipulos
3084 954 3204 1024 ejus
3225 953 3434 1006 dicens:

1864 1051 1982 1108 Vidi
2017 1053 2242 1123 angelos
2271 1061 2482 1108 vestros
2517 1051 2706 1107 ﬂentes
2751 1059 2806 1106 et
2851 1049 3070 1104 Satanae
3117 1046 3340 1116 angelos
3381 1045 3440 1098 in

1857 1155 2039 1199 vestra
2064 1144 2366 1214 dejectione
2395 1144 2752 1214 gratulantes.
2780 1142 2902 1198 Jam
2924 1157 3150 1213 regnum
3184 1146 3438 1209 paratum

1857 1237 2014 1293 vobis
2047 1246 2198 1301 erat,
2246 1247 2300 1291 et
2324 1252 2391 1292 ex
2434 1238 2859 1292 coruscantibus
2888 1236 3120 1307 gemmis
3172 1241 3319 1287 zetas
3356 1232 3441 1286 in-

1859 1339 2097 1386 structas
2120 1330 2308 1400 plenas
2337 1331 2572 1402 gaudiis,
2607 1329 2796 1399 plenas
2820 1328 2996 1397 epulis
3017 1367 3032 1390 ,
3078 1326 3267 1396 plenas
3299 1324 3442 1380 delia;

1858 1425 1981 1491 ciis,
2005 1425 2196 1494 plenas
2215 1423 2339 1478 vita
2372 1423 2756 1494 perpetuitate,
2781 1421 2968 1490 plenas
2986 1418 3192 1474 lumine
3213 1429 3437 1485 aterno,

1861 1520 2050 1589 plenas
2067 1516 2525 1572 delectationibus
2547 1514 2832 1580 amisistis,
2856 1520 2911 1567 et
2937 1511 3255 1582 acquisistis
3285 1511 3440 1565 vobis

1858 1611 1978 1664 loca
2013 1609 2362 1663 tenebrarum
2396 1607 2556 1676 plena
2585 1605 2941 1667 draconibus,
2972 1603 3130 1672 plena
3163 1601 3443 1656 stridenti-

1860 1703 1964 1757 bus
1991 1701 2252 1767 ﬂammis,
2281 1700 2438 1770 plena
2459 1697 2796 1754 cruciatibus
2826 1707 2879 1750 et
2905 1693 3439 1764 incomprehensibi-

1858 1798 2004 1851 libus
2060 1795 2273 1865 panis,
2328 1794 2486 1863 plena
2538 1791 2856 1862 putoribus,
2913 1790 3069 1859 plena
3121 1787 3439 1851 doloribus,

1856 1891 2016 1960 plena
2048 1887 2340 1959 angustiis,
2371 1886 2528 1955 plena
2561 1885 2756 1940 timore
2787 1898 2852 1936 ac
2877 1893 3116 1936 tremore
3153 1880 3436 1933 horrifico.

1855 1981 1922 2035 Et
1959 1979 2221 2035 amisistis
2271 1978 2390 2033 loca
2416 1973 2972 2030 immarcescibilibus
3010 1971 3234 2025 ﬂoribus
3260 1971 3440 2039 plena,

1855 2076 2014 2146 plena
2047 2073 2277 2127 vocibus
2313 2084 2667 2142 organorum,
2701 2077 2754 2121 et
2791 2063 3109 2136 acquisistis
3136 2061 3294 2115 vobis
3315 2061 3441 2114 loca

1857 2168 1912 2220 in
1943 2165 2144 2236 quibus
2173 2163 2262 2218 die
2293 2171 2569 2229 noctuque
2594 2174 2706 2214 non
2737 2165 2920 2212 cessat
2951 2154 3198 2224 mugitus
3237 2161 3292 2206 et
3318 2152 3444 2205 ulu-

1861 2259 2005 2313 latus
2033 2266 2087 2311 et
2113 2257 2317 2310 luctus.
2345 2252 2491 2306 Nihil
2517 2253 2630 2321 jam
2661 2249 2818 2304 vobis
2857 2247 3003 2302 aliud
3041 2254 3293 2316 superest
3334 2243 3442 2298 nisi

1856 2358 1918 2403 ut
1948 2347 2154 2417 rogetis
2208 2343 2515 2416 apostolum
2547 2339 2788 2404 Domini,
2842 2347 3115 2408 quatenus
3163 2337 3308 2390 sicut
3347 2348 3436 2388 me

1857 2440 2205 2497 resuscitavit
2232 2439 2298 2493 ad
2331 2439 2497 2492 vitam
2522 2477 2536 2500 ,
2573 2437 2646 2490 ita
2671 2448 2890 2504 quoque
2920 2447 3018 2487 vos
3051 2429 3341 2484 resuscitet
3371 2427 3441 2480 ab

1859 2535 2083 2588 interitu
2113 2533 2179 2588 ad
2207 2532 2464 2596 salutem,
2496 2538 2549 2585 et
2585 2529 2808 2582 nomina
2848 2534 3033 2581 vestra
3063 2537 3186 2594 qua
3221 2521 3336 2592 jam
3376 2520 3443 2575 de

1859 2628 1999 2682 libro
2030 2627 2155 2682 vita
2191 2627 2366 2682 deleta
2395 2633 2524 2680 sunt
2553 2621 2719 2676 faciat
2751 2617 3006 2674 rescribi.

1931 2719 2088 2775 Tunc
2116 2721 2219 2774 iste
2250 2720 2366 2788 ipse
2398 2717 2493 2787 qui
2517 2715 2816 2771 suscitatus
2866 2710 3044 2766 fuerat
3089 2716 3444 2779 prosternens

1861 2828 1920 2868 se
1945 2827 2070 2868 cum
2088 2811 2238 2865 omni
2259 2810 2459 2881 populo
2488 2817 2542 2865 et
2562 2823 2688 2864 eum
2710 2806 2890 2860 Attico
2913 2813 2966 2859 et
2982 2803 3230 2875 Eugenio
3251 2815 3443 2856 omnes

1860 2902 2067 2972 pariter
2112 2901 2416 2956 exorabant
2465 2898 2774 2967 apostolum
2801 2939 2815 2962 ,
2850 2905 2912 2950 ut
2957 2894 3315 2949 intercederet
3341 2907 3443 2961 pro

1860 2996 1942 3051 eis
1978 2995 2046 3049 ad
2078 2993 2394 3048 Dominum.
2423 2991 2658 3050 Sanctus
2685 3005 2820 3046 vero
2848 2987 3131 3058 apostolus
3166 2984 3350 3038 Attico
3386 2994 3442 3038 et

1866 3087 2110 3158 Eugenio
2139 3087 2244 3141 hoc
2270 3085 2418 3141 dedit
2441 3083 2494 3137 in
2536 3083 2818 3152 responsis
2853 3090 2914 3134 ut
2951 3096 3046 3150 per
3072 3078 3290 3148 triginta
3323 3076 3440 3131 dies

1863 3177 1976 3232 Deo
2011 3176 2388 3248 paenitentiam
2433 3173 2725 3236 oﬂ'errent,
2771 3172 2824 3224 in
2854 3184 3087 3239 quorum
3121 3169 3299 3236 spatio
3339 3166 3443 3220 hoc

1863 3271 2100 3324 maxime
2137 3275 2492 3339 precarentur
2529 3275 2588 3320 ut
2616 3265 2781 3333 virga
2808 3271 2987 3315 aurea
3009 3261 3075 3314 ad
3106 3275 3261 3314 suam
3289 3265 3445 3311 natu-

1824 3425 1829 3429 _
1862 3375 1979 3415 ram
2007 3360 2276 3422 redirent;
2306 3355 2558 3412 similiter
2597 3363 2656 3407 ut
2678 3353 2887 3422 lapides
2925 3352 2993 3406 ad
3023 3351 3288 3404 vilitatem
3332 3362 3442 3418 qua

1862 3451 1971 3505 nati
2006 3449 2226 3505 fuerant
2267 3455 2593 3503 remearent.
2633 3445 2860 3500 Factum
2889 3454 2973 3503 est
2999 3456 3180 3498 autem
3227 3452 3285 3498 ut
3337 3443 3442 3496 tri-

1860 3544 2008 3613 ginta
2035 3543 2246 3597 dierum
2273 3541 2530 3596 transiret
2556 3539 2828 3608 spatium;
2862 3553 3098 3607 cumque
3131 3537 3295 3607 virga
3339 3551 3441 3589 au-

1858 3650 1965 3688 rea
2015 3634 2290 3703 simulque
2339 3640 2392 3686 et
2440 3629 2648 3700 lapides
2675 3637 3014 3683 mutarentur
3050 3638 3104 3682 et
3157 3629 3225 3682 ad
3277 3642 3436 3682 suam

1858 3725 2098 3780 redirent
2121 3733 2394 3790 naturam,
2421 3723 2699 3776 venientes
2729 3719 2942 3774 Atticus
2978 3727 3032 3773 et
3057 3717 3337 3787 Eugenius
3370 3718 3440 3772 ad

1859 3818 2168 3888 apostolum
2193 3817 2449 3871 dixerunt
2484 3833 2497 3868 :
2534 3813 2758 3884 Semper
2788 3813 3223 3868 misericordiam
3248 3811 3438 3866 docui-

1866 3912 1958 3978 sti,
1993 3925 2208 3980 semper
2262 3907 2656 3979 indulgentiam
2695 3907 3003 3977 pradicasti
3041 3915 3096 3960 et
3134 3903 3438 3975 pracepisti

1858 4015 1920 4058 ut
1952 4004 2118 4058 homo
2142 4001 2350 4056 homini
2384 4001 2707 4071 indulgeret.
2737 3998 2804 4053 Et
2833 4000 2879 4055 si
2898 3999 3064 4053 homo
3101 3999 3309 4053 homini
3351 3997 3438 4051 in-

1856 4097 2060 4168 dulget,
2085 4103 2294 4165 quanto
2333 4093 2506 4165 magis
2530 4091 2676 4148 Deus
2701 4092 2910 4146 homini
2958 4093 3200 4162 indulget
3225 4102 3278 4146 et
3301 4107 3434 4162 par-

1856 4192 2021 4248 citur.
2052 4189 2109 4243 In
2139 4196 2423 4258 peccatum
2456 4193 2705 4240 nostrum
2735 4186 2849 4241 hac
2872 4187 3250 4242 commisimus
3272 4228 3287 4253 ,
3338 4187 3435 4242 sed

1855 4284 2002 4356 quod
2025 4283 2202 4339 oculis
2223 4282 2741 4351 concupiscentibus
2766 4281 2819 4333 in
2856 4281 3062 4334 mundo
3082 4279 3436 4349 deliquimus,

1855 4376 2030 4432 oculis
2049 4375 2309 4430 ﬂentibus
2325 4389 2666 4444 reparamus.
2681 4373 2914 4428 Oramus
2935 4388 3066 4443 ergo
3090 4380 3163 4437 te,
3184 4371 3437 4440 Domine,

1854 4483 2100 4534 oramus,
2116 4465 2383 4536 apostole,
2404 4473 2464 4519 ut
2485 4464 2895 4536 indulgentiam,
2925 4481 3085 4534 quam
3108 4480 3322 4535 semper
3341 4464 3441 4518 do-

177 4582 318 4637 ritcr
358 4579 596 4649 mugitus
645 4586 699 4634 et
731 4578 889 4634 ﬂetus
941 4577 1286 4648 gemitusque
1317 4577 1609 4632 fundentes
1637 4617 1652 4642 ,
1701 4585 1757 4632 et
1790 4583 1831 4637 ι)
1859 4565 2022 4620 cuisti
2055 4563 2258 4630 verbis,
2290 4561 2450 4619 factis
2477 4565 2756 4618 ostendas.
2791 4561 2946 4615 Tune
2971 4561 3166 4616 beatus
3197 4560 3439 4615 Joannes

177 4681 512 4744 rogaverunt
540 4686 663 4725 eum
699 4672 834 4725 utin
857 4671 1078 4727 nomine
1110 4671 1202 4726 Dei
1229 4670 1313 4726 sui
1359 4673 1501 4724 sicut
1535 4669 1759 4725 Drusia-

177 4781 307 4819 nam
347 4764 420 4817 ita
439 4776 492 4817 et
529 4764 675 4817 hunc
703 4773 980 4817 mortuum
1009 4763 1318 4818 suscitaret.
1348 4761 1555 4817 Tantus
1575 4771 1757 4817 autem

175 4855 426 4910 omnium
466 4854 675 4908 exstitit
704 4852 880 4920 ﬂetus,
923 4863 976 4906 ut
1008 4854 1171 4908 etiam
1202 4853 1318 4922 ipse
1355 4853 1756 4922 apostolus‘vix

176 4962 208 5002 a
244 4945 372 5000 ﬂetu
397 4955 450 5000 et
469 4946 728 5018 lacrymis
759 4954 1105 5015 temperaret.
1133 4943 1288 4998 Tunc
1326 4956 1678 5016 prosternens
1698 4961 1757 5002 se

176 5039 235 5093 in
278 5039 523 5093 oratione
546 5038 857 5093 diutissime
895 5036 1076 5105 ﬂevit;
1108 5047 1160 5093 et
1183 5054 1486 5109 exsurgens
1529 5037 1596 5092 ab
1627 5053 1755 5093 ora-

178 5133 332 5186 tione
361 5130 622 5200 expandit
666 5145 864 5185 manus
911 5146 1040 5185 suas
1089 5131 1153 5184 ad
1188 5131 1386 5185 calum
1433 5139 1488 5184 et
1533 5131 1754 5184 tacitam

174 5236 397 5290 precem
446 5220 754 5276 diutissime
780 5220 938 5276 fudit.
986 5221 1103 5277 Hoc
1143 5237 1267 5275 cum
1311 5220 1532 5276 fecisset
1573 5222 1754 5290 tertio,

171 5311 336 5382 jubet
370 5310 569 5365 resolvi
613 5311 915 5364 involutum
955 5327 1191 5382 corpus,
1228 5321 1282 5366 et
1317 5311 1423 5367 ait:
1461 5312 1506 5368 Ο
1536 5313 1756 5382 juvenis

177 5403 275 5474 qui
309 5417 495 5456 amore
523 5401 705 5456 carnis
736 5410 843 5458 tua
876 5402 1076 5458 ductus
1101 5404 1206 5458 cito
1228 5402 1465 5458 animam
1498 5403 1754 5470 amisisti,

177 5512 214 5550 0
235 5493 454 5564 juvenis
483 5493 576 5563 qui
601 5493 820 5549 nescisti
844 5492 1155 5547 Creatorem
1187 5503 1362 5559 tuum,
1389 5493 1606 5548 nescisti
1636 5493 1753 5547 Sal-

177 5597 425 5640 vatorem
456 5584 763 5652 hominum,
794 5585 1016 5639 nescisti
1040 5585 1276 5640 amicum
1309 5599 1500 5639 verum
1538 5593 1593 5639 et
1634 5584 1756 5639 ideo

178 5678 465 5748 Incurristi
487 5678 698 5734 hostem
723 5677 1046 5749 pessimum,
1077 5694 1176 5748 pro
1206 5679 1512 5750 ignorantia
1556 5687 1644 5733 tua
1671 5679 1752 5733 la-

255 5894 280 5924 s
315 5881 460 5941 Psal.
498 5897 731 5952 xxxviii,
771 5879 856 5949 η,
885 5880 938 5938 7.
1015 5881 1040 5922 δ
1077 5876 1272 5935 Ezech.
1314 5893 1509 5948 χχχιιι,
1550 5879 1634 5935 li.

1857 4657 2115 4713 ﬂentibus
2149 4669 2201 4710 et
2224 4657 2616 4726 panitentibus
2647 4655 2921 4710 universis
2947 4662 3000 4708 et
3022 4653 3185 4708 etiam
3222 4669 3322 4723 pro
3349 4653 3437 4709 bis

1856 4749 2344 4804 intervenientibus
2385 4749 2523 4802 dixit
2563 4767 2576 4802 :
2628 4747 2895 4801 Dominus
2943 4745 3086 4799 Deus
3129 4757 3317 4798 noster
3351 4745 3437 4800 bis

1859 4839 2208 4895 sermonibus
2240 4856 2373 4895 usus
2391 4849 2493 4903 est,
2515 4839 2645 4893 dum
2679 4839 2747 4893 de
2776 4838 3158 4907 peccatoribus
3186 4848 3438 4906 ageretur

1858 4943 1916 4988 ut
1941 4934 2145 4988 diceret
2169 4949 2182 4985 :
2220 4932 2361 4986 Nolo
2395 4943 2619 4986 mortem
2642 4932 2968 5001 peccatoris,
2992 4931 3082 4984 sed
3108 4932 3231 4985 volo
3258 4931 3438 4999 potius

1859 5033 2270 5082 utcanvertatur
2301 5034 2348 5078 et
2373 5026 2511 5078 vivat
2536 5023 2586 5077 ά.
2627 5021 2764 5076 Nam
2796 5023 2927 5078 dum
2952 5023 3172 5077 doceret
3195 5037 3297 5077 nos
3329 5022 3438 5076 Do-

1857 5119 2042 5173 minus
2061 5116 2220 5172 Jesus
2244 5115 2498 5170 Christus
2519 5114 2585 5168 de
2612 5113 3005 5183 panitentibus
3036 5114 3142 5168 ait:
3177 5112 3310 5167 Dico
3341 5129 3438 5167 vo-

1858 5211 1944 5266 bis
1975 5211 2105 5281 quia
2136 5225 2394 5279 magnum
2431 5206 2691 5278 gaudium
2714 5213 2798 5260 est
2830 5206 2884 5260 in
2918 5207 3073 5261 calis
3105 5206 3314 5275 angelis
3343 5220 3435 5258 su-

1855 5320 1950 5375 per
1973 5319 2083 5358 uno
2111 5311 2396 5373 peccatore
2412 5302 2708 5371 panitcnte
2737 5316 2801 5354 ac
2821 5307 3098 5352 avertente
3121 5313 3179 5352 se
3203 5313 3233 5350 a
3247 5312 3440 5366 pecca-

1854 5398 1925 5453 tis
1947 5397 2094 5462 suis;
2123 5403 2177 5450 et
2197 5394 2426 5464 amplior
2439 5393 2620 5448 latitia
2649 5393 2755 5448 illis
2771 5401 2855 5448 est
2886 5406 3050 5460 quam
3073 5404 3236 5457 super
3265 5403 3439 5442 nona-

1859 5489 2007 5559 ginta
2037 5502 2229 5541 novem
2245 5485 2408 5555 justis
2437 5486 2529 5554 qui
2560 5487 3044 5554 nonjpeccavcrunt
3070 5493 3116 5536 ο.
3139 5479 3289 5535 Unde
3315 5479 3439 5534 volo

1859 5599 1958 5636 vos
1984 5581 2146 5648 scire,
2174 5580 2303 5650 quia
2345 5577 2610 5634 Dominus
2644 5578 2856 5648 accepit
2893 5575 3272 5648 paenitentiam
3315 5573 3438 5627 ἱΗοο

1859 5671 2166 5728 rum.Tunc
2186 5685 2488 5728 conversus
2509 5671 2576 5728 ad
2592 5670 2832 5726 Atticum
2853 5681 2906 5727 et
2929 5667 3232 5740 Eugenium
3257 5664 3434 5722 dixit:

1732 5889 1754 5919 ε
1787 5876 1918 5934 Luc.
1956 5892 2043 5944 xv,
2075 5875 2129 5931 7.
