  <div class='ocr_page' id='page_1' title='image "/cluster/home/n/w/nwhite01/storage/ocr_20150623/5/nnc1.0046978607/631.png"; bbox 0 0 3872 6210; ppageno 0'>
   <div class='ocr_carea' id='block_1_1' title="bbox 488 353 3730 435">
    <p class='ocr_par' dir='ltr' id='par_1_1' title="bbox 488 353 3730 435">
     <span class='ocr_line' id='line_1_1' title="bbox 488 353 3730 435; baseline 0.009 -29"><span class='ocrx_word' id='word_1_1' title='bbox 488 353 624 408; x_wconf 72' lang='grc' dir='ltr'><strong>ΙΞΠ</strong></span> <span class='ocrx_word' id='word_1_2' title='bbox 1520 362 1578 417; x_wconf 90' lang='lat' dir='ltr'><strong>S.</strong></span> <span class='ocrx_word' id='word_1_3' title='bbox 1617 362 1874 420; x_wconf 84' lang='lat' dir='ltr'><strong>MELITO</strong></span> <span class='ocrx_word' id='word_1_4' title='bbox 1913 366 2220 426; x_wconf 80' lang='lat' dir='ltr'><strong>SARDIUM</strong></span> <span class='ocrx_word' id='word_1_5' title='bbox 2257 367 2653 429; x_wconf 80' lang='lat' dir='ltr'><strong>EPISCOPUS.</strong></span> <span class='ocrx_word' id='word_1_6' title='bbox 3597 379 3730 435; x_wconf 68' lang='lat' dir='ltr'><strong>12i8</strong></span> 
     </span>
    </p>
   </div>
   <div class='ocr_carea' id='block_1_2' title="bbox 486 469 3720 570">
    <p class='ocr_par' dir='ltr' id='par_1_2' title="bbox 486 469 3720 570">
     <span class='ocr_line' id='line_1_2' title="bbox 486 469 3720 570; baseline 0.01 -45"><span class='ocrx_word' id='word_1_7' title='bbox 486 469 564 526; x_wconf 94' lang='lat' dir='ltr'><strong>lte</strong></span> <span class='ocrx_word' id='word_1_8' title='bbox 591 481 648 528; x_wconf 89' lang='lat' dir='ltr'><strong>et</strong></span> <span class='ocrx_word' id='word_1_9' title='bbox 671 483 948 570; x_wconf 80' lang='lat' dir='ltr'><strong>reportate</strong></span> <span class='ocrx_word' id='word_1_10' title='bbox 969 477 1152 552; x_wconf 82' lang='lat' dir='ltr'><strong>virgas</strong></span> <span class='ocrx_word' id='word_1_11' title='bbox 1165 478 1231 533; x_wconf 87' lang='lat' dir='ltr'><strong>ad</strong></span> <span class='ocrx_word' id='word_1_12' title='bbox 1255 479 1449 535; x_wconf 85' lang='lat' dir='ltr'><strong>silvam</strong></span> <span class='ocrx_word' id='word_1_13' title='bbox 1474 482 1620 538; x_wconf 92' lang='lat' dir='ltr'><strong>unde</strong></span> <span class='ocrx_word' id='word_1_14' title='bbox 1649 499 1744 540; x_wconf 90' lang='lat' dir='ltr'><strong>eas</strong></span> <span class='ocrx_word' id='word_1_15' title='bbox 1776 489 2058 556; x_wconf 91' lang='lat' dir='ltr'><strong>attulistis,</strong></span> <span class='ocrx_word' id='word_1_16' title='bbox 2089 497 2134 551; x_wconf 80' lang='grc' dir='ltr'><strong>Α</strong></span> <span class='ocrx_word' id='word_1_17' title='bbox 2161 489 2401 546; x_wconf 85' lang='lat' dir='ltr'><strong>Joannes</strong></span> <span class='ocrx_word' id='word_1_18' title='bbox 2424 534 2439 556; x_wconf 92' lang='lat'><strong>,</strong></span> <span class='ocrx_word' id='word_1_19' title='bbox 2465 501 2519 548; x_wconf 88' lang='lat' dir='ltr'><strong>et</strong></span> <span class='ocrx_word' id='word_1_20' title='bbox 2555 503 2652 548; x_wconf 92' lang='lat' dir='ltr'><strong>aut</strong></span> <span class='ocrx_word' id='word_1_21' title='bbox 2675 494 2866 550; x_wconf 83' lang='lat' dir='ltr'><strong>recede</strong></span> <span class='ocrx_word' id='word_1_22' title='bbox 2897 496 2966 550; x_wconf 87' lang='lat' dir='ltr'><strong>ab</strong></span> <span class='ocrx_word' id='word_1_23' title='bbox 2997 497 3100 552; x_wconf 89' lang='lat' dir='ltr'><strong>ista</strong></span> <span class='ocrx_word' id='word_1_24' title='bbox 3123 497 3369 554; x_wconf 82' lang='lat' dir='ltr'><strong>doctrina</strong></span> <span class='ocrx_word' id='word_1_25' title='bbox 3398 515 3506 570; x_wconf 91' lang='lat' dir='ltr'><strong>qua</strong></span> <span class='ocrx_word' id='word_1_26' title='bbox 3552 517 3583 555; x_wconf 90' lang='lat' dir='ltr'><strong>a</strong></span> <span class='ocrx_word' id='word_1_27' title='bbox 3610 503 3720 556; x_wconf 88' lang='lat' dir='ltr'><strong>deo-</strong></span> 
     </span>
    </p>
   </div>
   <div class='ocr_carea' id='block_1_3' title="bbox 482 566 3733 660">
    <p class='ocr_par' dir='ltr' id='par_1_3' title="bbox 482 566 3733 660">
     <span class='ocr_line' id='line_1_3' title="bbox 482 566 3733 660; baseline 0.009 -42"><span class='ocrx_word' id='word_1_28' title='bbox 482 579 610 618; x_wconf 91' lang='lat' dir='ltr'><strong>cum</strong></span> <span class='ocrx_word' id='word_1_29' title='bbox 646 566 713 620; x_wconf 92' lang='lat' dir='ltr'><strong>ad</strong></span> <span class='ocrx_word' id='word_1_30' title='bbox 764 583 922 622; x_wconf 87' lang='lat' dir='ltr'><strong>suam</strong></span> <span class='ocrx_word' id='word_1_31' title='bbox 966 580 1219 624; x_wconf 87' lang='lat' dir='ltr'><strong>naturam</strong></span> <span class='ocrx_word' id='word_1_32' title='bbox 1273 581 1404 626; x_wconf 85' lang='lat' dir='ltr'><strong>sunt</strong></span> <span class='ocrx_word' id='word_1_33' title='bbox 1456 589 1706 642; x_wconf 64' lang='lat' dir='ltr'><strong>reversae,</strong></span> <span class='ocrx_word' id='word_1_34' title='bbox 1765 586 1820 632; x_wconf 90' lang='lat' dir='ltr'><strong>et</strong></span> <span class='ocrx_word' id='word_1_35' title='bbox 1855 579 2061 648; x_wconf 80' lang='lat' dir='ltr'><strong>lapides</strong></span> <span class='ocrx_word' id='word_1_36' title='bbox 2163 597 2282 636; x_wconf 89' lang='lat' dir='ltr'><strong>rum</strong></span> <span class='ocrx_word' id='word_1_37' title='bbox 2314 585 2529 639; x_wconf 89' lang='lat' dir='ltr'><strong>cultura</strong></span> <span class='ocrx_word' id='word_1_38' title='bbox 2553 589 2816 656; x_wconf 88' lang='lat' dir='ltr'><strong>populum</strong></span> <span class='ocrx_word' id='word_1_39' title='bbox 2841 589 3132 654; x_wconf 83' lang='lat' dir='ltr'><strong>revocasti,</strong></span> <span class='ocrx_word' id='word_1_40' title='bbox 3175 599 3271 644; x_wconf 92' lang='lat' dir='ltr'><strong>aut</strong></span> <span class='ocrx_word' id='word_1_41' title='bbox 3299 566 3485 660; x_wconf 76' lang='lat' dir='ltr'><strong>accipe</strong></span> <span class='ocrx_word' id='word_1_42' title='bbox 3523 600 3586 645; x_wconf 89' lang='lat' dir='ltr'><strong>et</strong></span> <span class='ocrx_word' id='word_1_43' title='bbox 3617 592 3733 646; x_wconf 89' lang='lat' dir='ltr'><strong>bibe</strong></span> 
     </span>
    </p>
   </div>
   <div class='ocr_carea' id='block_1_4' title="bbox 484 661 3735 751">
    <p class='ocr_par' dir='ltr' id='par_1_4' title="bbox 484 661 3735 751">
     <span class='ocr_line' id='line_1_4' title="bbox 484 661 3735 751; baseline 0.008 -40"><span class='ocrx_word' id='word_1_44' title='bbox 484 669 760 751; x_wconf 88' lang='lat' dir='ltr'><strong>reportate</strong></span> <span class='ocrx_word' id='word_1_45' title='bbox 785 661 853 715; x_wconf 90' lang='lat' dir='ltr'><strong>ad</strong></span> <span class='ocrx_word' id='word_1_46' title='bbox 909 662 1090 717; x_wconf 87' lang='lat' dir='ltr'><strong>littora</strong></span> <span class='ocrx_word' id='word_1_47' title='bbox 1129 665 1320 728; x_wconf 91' lang='lat' dir='ltr'><strong>maris,</strong></span> <span class='ocrx_word' id='word_1_48' title='bbox 1351 681 1476 720; x_wconf 89' lang='lat' dir='ltr'><strong>enm</strong></span> <span class='ocrx_word' id='word_1_49' title='bbox 1516 677 1682 736; x_wconf 65' lang='lat' dir='ltr'><strong>petrae</strong></span> <span class='ocrx_word' id='word_1_50' title='bbox 1713 670 1887 726; x_wconf 80' lang='lat' dir='ltr'><strong>effecti</strong></span> <span class='ocrx_word' id='word_1_51' title='bbox 1936 685 2064 730; x_wconf 90' lang='lat' dir='ltr'><strong>sunt</strong></span> <span class='ocrx_word' id='word_1_52' title='bbox 2162 681 2223 724; x_wconf 85' lang='lat' dir='ltr'><strong>ut</strong></span> <span class='ocrx_word' id='word_1_53' title='bbox 2243 673 2499 728; x_wconf 83' lang='lat' dir='ltr'><strong>ostendas</strong></span> <span class='ocrx_word' id='word_1_54' title='bbox 2515 675 2941 745; x_wconf 86' lang='lat' dir='ltr'><strong>omnipotentem</strong></span> <span class='ocrx_word' id='word_1_55' title='bbox 2965 692 3086 732; x_wconf 89' lang='lat' dir='ltr'><strong>esse</strong></span> <span class='ocrx_word' id='word_1_56' title='bbox 3112 677 3282 732; x_wconf 89' lang='lat' dir='ltr'><strong>Deum</strong></span> <span class='ocrx_word' id='word_1_57' title='bbox 3315 689 3491 747; x_wconf 91' lang='lat' dir='ltr'><strong>tuum,</strong></span> <span class='ocrx_word' id='word_1_58' title='bbox 3510 683 3562 735; x_wconf 92' lang='lat' dir='ltr'><strong>si</strong></span> <span class='ocrx_word' id='word_1_59' title='bbox 3586 693 3735 751; x_wconf 87' lang='lat' dir='ltr'><strong>post-</strong></span> 
     </span>
    </p>
   </div>
   <div class='ocr_carea' id='block_1_5' title="bbox 483 750 3730 842">
    <p class='ocr_par' dir='ltr' id='par_1_5' title="bbox 483 750 3730 842">
     <span class='ocr_line' id='line_1_5' title="bbox 483 750 3730 842; baseline 0.007 -39"><span class='ocrx_word' id='word_1_60' title='bbox 483 759 543 803; x_wconf 92' lang='lat' dir='ltr'><strong>ut</strong></span> <span class='ocrx_word' id='word_1_61' title='bbox 569 750 808 806; x_wconf 92' lang='lat' dir='ltr'><strong>fuerunt.</strong></span> <span class='ocrx_word' id='word_1_62' title='bbox 841 752 995 819; x_wconf 87' lang='lat' dir='ltr'><strong>Quod</strong></span> <span class='ocrx_word' id='word_1_63' title='bbox 1031 770 1156 810; x_wconf 92' lang='lat' dir='ltr'><strong>cum</strong></span> <span class='ocrx_word' id='word_1_64' title='bbox 1193 755 1389 813; x_wconf 84' lang='lat' dir='ltr'><strong>fuisset</strong></span> <span class='ocrx_word' id='word_1_65' title='bbox 1426 759 1710 828; x_wconf 87' lang='lat' dir='ltr'><strong>impletum</strong></span> <span class='ocrx_word' id='word_1_66' title='bbox 1738 774 2063 833; x_wconf 87' lang='lat' dir='ltr'><strong>receperunt</strong></span> <span class='ocrx_word' id='word_1_67' title='bbox 2160 779 2225 819; x_wconf 83' lang='lat' dir='ltr'><strong>ca</strong></span> <span class='ocrx_word' id='word_1_68' title='bbox 2274 780 2440 834; x_wconf 90' lang='lat' dir='ltr'><strong>quam</strong></span> <span class='ocrx_word' id='word_1_69' title='bbox 2504 768 2710 823; x_wconf 88' lang='lat' dir='ltr'><strong>biberis</strong></span> <span class='ocrx_word' id='word_1_70' title='bbox 2745 770 2988 838; x_wconf 89' lang='lat' dir='ltr'><strong>potueris</strong></span> <span class='ocrx_word' id='word_1_71' title='bbox 3037 771 3332 825; x_wconf 87' lang='lat' dir='ltr'><strong>incolumis</strong></span> <span class='ocrx_word' id='word_1_72' title='bbox 3385 750 3730 842; x_wconf 84' lang='lat' dir='ltr'><strong>permanere.</strong></span> 
     </span>
    </p>
   </div>
   <div class='ocr_carea' id='block_1_6' title="bbox 482 843 3734 934">
    <p class='ocr_par' dir='ltr' id='par_1_6' title="bbox 482 843 3734 934">
     <span class='ocr_line' id='line_1_6' title="bbox 482 843 3734 934; baseline 0.008 -41"><span class='ocrx_word' id='word_1_73' title='bbox 482 843 713 912; x_wconf 82' lang='lat' dir='ltr'><strong>gratiam</strong></span> <span class='ocrx_word' id='word_1_74' title='bbox 743 860 906 912; x_wconf 90' lang='lat' dir='ltr'><strong>quam</strong></span> <span class='ocrx_word' id='word_1_75' title='bbox 935 848 1255 912; x_wconf 88' lang='lat' dir='ltr'><strong>amiserant,</strong></span> <span class='ocrx_word' id='word_1_76' title='bbox 1281 849 1352 902; x_wconf 88' lang='lat' dir='ltr'><strong>ita</strong></span> <span class='ocrx_word' id='word_1_77' title='bbox 1395 851 1641 904; x_wconf 88' lang='lat' dir='ltr'><strong>utetiam</strong></span> <span class='ocrx_word' id='word_1_78' title='bbox 1667 851 2062 922; x_wconf 70' lang='lat' dir='ltr'><strong>fugarentdaa-</strong></span> <span class='ocrx_word' id='word_1_79' title='bbox 2163 857 2318 913; x_wconf 91' lang='lat' dir='ltr'><strong>Tunc</strong></span> <span class='ocrx_word' id='word_1_80' title='bbox 2362 858 2555 916; x_wconf 88' lang='lat' dir='ltr'><strong>beatus</strong></span> <span class='ocrx_word' id='word_1_81' title='bbox 2588 858 2829 916; x_wconf 88' lang='lat' dir='ltr'><strong>Joannes</strong></span> <span class='ocrx_word' id='word_1_82' title='bbox 2869 861 3180 931; x_wconf 86' lang='lat' dir='ltr'><strong>jacentibus</strong></span> <span class='ocrx_word' id='word_1_83' title='bbox 3223 863 3306 919; x_wconf 90' lang='lat' dir='ltr'><strong>his</strong></span> <span class='ocrx_word' id='word_1_84' title='bbox 3339 865 3428 934; x_wconf 90' lang='lat' dir='ltr'><strong>qui</strong></span> <span class='ocrx_word' id='word_1_85' title='bbox 3460 880 3734 920; x_wconf 86' lang='lat' dir='ltr'><strong>venenum</strong></span> 
     </span>
    </p>
   </div>
   <div class='ocr_carea' id='block_1_7' title="bbox 483 934 3739 1026">
    <p class='ocr_par' dir='ltr' id='par_1_7' title="bbox 483 934 3739 1026">
     <span class='ocr_line' id='line_1_7' title="bbox 483 934 3739 1026; baseline 0.008 -41"><span class='ocrx_word' id='word_1_86' title='bbox 483 934 667 988; x_wconf 80' lang='lat' dir='ltr'><strong>omnia</strong></span> <span class='ocrx_word' id='word_1_87' title='bbox 696 935 838 990; x_wconf 89' lang='lat' dir='ltr'><strong>sicut</strong></span> <span class='ocrx_word' id='word_1_88' title='bbox 864 938 1039 1006; x_wconf 89' lang='lat' dir='ltr'><strong>prius,</strong></span> <span class='ocrx_word' id='word_1_89' title='bbox 1093 949 1149 994; x_wconf 92' lang='lat' dir='ltr'><strong>et</strong></span> <span class='ocrx_word' id='word_1_90' title='bbox 1177 941 1427 996; x_wconf 79' lang='lat' dir='ltr'><strong>infirmos</strong></span> <span class='ocrx_word' id='word_1_91' title='bbox 1477 954 1738 998; x_wconf 89' lang='lat' dir='ltr'><strong>curarent</strong></span> <span class='ocrx_word' id='word_1_92' title='bbox 1781 956 1835 1000; x_wconf 91' lang='lat' dir='ltr'><strong>et</strong></span> <span class='ocrx_word' id='word_1_93' title='bbox 1882 961 2060 1005; x_wconf 75' lang='lat' dir='ltr'><strong>caecos</strong></span> <span class='ocrx_word' id='word_1_94' title='bbox 2160 949 2415 1006; x_wconf 88' lang='lat' dir='ltr'><strong>biberant</strong></span> <span class='ocrx_word' id='word_1_95' title='bbox 2448 952 2682 1006; x_wconf 87' lang='lat' dir='ltr'><strong>mortuis</strong></span> <span class='ocrx_word' id='word_1_96' title='bbox 2709 953 3018 1024; x_wconf 89' lang='lat' dir='ltr'><strong>intrepidus</strong></span> <span class='ocrx_word' id='word_1_97' title='bbox 3067 964 3124 1008; x_wconf 91' lang='lat' dir='ltr'><strong>et</strong></span> <span class='ocrx_word' id='word_1_98' title='bbox 3151 965 3410 1011; x_wconf 87' lang='lat' dir='ltr'><strong>constans</strong></span> <span class='ocrx_word' id='word_1_99' title='bbox 3457 959 3739 1026; x_wconf 85' lang='lat' dir='ltr'><strong>accipiens</strong></span> 
     </span>
    </p>
   </div>
   <div class='ocr_carea' id='block_1_8' title="bbox 481 1027 3735 1114">
    <p class='ocr_par' dir='ltr' id='par_1_8' title="bbox 481 1027 3735 1114">
     <span class='ocr_line' id='line_1_8' title="bbox 481 1027 3735 1114; baseline 0.007 -34"><span class='ocrx_word' id='word_1_100' title='bbox 481 1027 857 1083; x_wconf 88' lang='lat' dir='ltr'><strong>illuminarent</strong></span> <span class='ocrx_word' id='word_1_101' title='bbox 882 1041 936 1084; x_wconf 91' lang='lat' dir='ltr'><strong>et</strong></span> <span class='ocrx_word' id='word_1_102' title='bbox 963 1031 1189 1087; x_wconf 83' lang='lat' dir='ltr'><strong>virtutes</strong></span> <span class='ocrx_word' id='word_1_103' title='bbox 1216 1033 1418 1088; x_wconf 80' lang='lat' dir='ltr'><strong>multas</strong></span> <span class='ocrx_word' id='word_1_104' title='bbox 1438 1049 1533 1104; x_wconf 86' lang='lat' dir='ltr'><strong>per</strong></span> <span class='ocrx_word' id='word_1_105' title='bbox 1565 1049 1658 1091; x_wconf 83' lang='lat' dir='ltr'><strong>eos</strong></span> <span class='ocrx_word' id='word_1_106' title='bbox 1685 1035 1951 1094; x_wconf 89' lang='lat' dir='ltr'><strong>Dominus</strong></span> <span class='ocrx_word' id='word_1_107' title='bbox 1975 1038 2059 1094; x_wconf 88' lang='lat' dir='ltr'><strong>fa-</strong></span> <span class='ocrx_word' id='word_1_108' title='bbox 2159 1041 2388 1097; x_wconf 89' lang='lat' dir='ltr'><strong>calicem</strong></span> <span class='ocrx_word' id='word_1_109' title='bbox 2412 1051 2467 1097; x_wconf 87' lang='lat' dir='ltr'><strong>et</strong></span> <span class='ocrx_word' id='word_1_110' title='bbox 2491 1045 2833 1114; x_wconf 78' lang='lat' dir='ltr'><strong>signaculum</strong></span> <span class='ocrx_word' id='word_1_111' title='bbox 2869 1049 3052 1101; x_wconf 90' lang='lat' dir='ltr'><strong>crucis</strong></span> <span class='ocrx_word' id='word_1_112' title='bbox 3085 1046 3293 1103; x_wconf 79' lang='lat' dir='ltr'><strong>faciens</strong></span> <span class='ocrx_word' id='word_1_113' title='bbox 3313 1049 3369 1102; x_wconf 91' lang='lat' dir='ltr'><strong>in</strong></span> <span class='ocrx_word' id='word_1_114' title='bbox 3391 1063 3546 1113; x_wconf 87' lang='lat' dir='ltr'><strong>eum,</strong></span> <span class='ocrx_word' id='word_1_115' title='bbox 3581 1049 3735 1102; x_wconf 91' lang='lat' dir='ltr'><strong>dixit:</strong></span> 
     </span>
    </p>
   </div>
   <div class='ocr_carea' id='block_1_9' title="bbox 478 1129 3739 1209">
    <p class='ocr_par' dir='ltr' id='par_1_9' title="bbox 478 1129 3739 1209">
     <span class='ocr_line' id='line_1_9' title="bbox 478 1129 3739 1209; baseline 0.007 -38"><span class='ocrx_word' id='word_1_116' title='bbox 478 1129 647 1173; x_wconf 87' lang='lat' dir='ltr'><strong>ceret.</strong></span> <span class='ocrx_word' id='word_1_117' title='bbox 2159 1131 2304 1187; x_wconf 87' lang='lat' dir='ltr'><strong>Deus</strong></span> <span class='ocrx_word' id='word_1_118' title='bbox 2326 1143 2380 1187; x_wconf 92' lang='lat' dir='ltr'><strong>et</strong></span> <span class='ocrx_word' id='word_1_119' title='bbox 2406 1132 2567 1189; x_wconf 89' lang='lat' dir='ltr'><strong>Pater</strong></span> <span class='ocrx_word' id='word_1_120' title='bbox 2593 1134 2805 1190; x_wconf 90' lang='lat' dir='ltr'><strong>Domini</strong></span> <span class='ocrx_word' id='word_1_121' title='bbox 2836 1137 2940 1190; x_wconf 91' lang='lat' dir='ltr'><strong>mei</strong></span> <span class='ocrx_word' id='word_1_122' title='bbox 2965 1136 3092 1192; x_wconf 90' lang='lat' dir='ltr'><strong>Jesu</strong></span> <span class='ocrx_word' id='word_1_123' title='bbox 3114 1137 3338 1202; x_wconf 85' lang='lat' dir='ltr'><strong>Christi,</strong></span> <span class='ocrx_word' id='word_1_124' title='bbox 3366 1139 3533 1209; x_wconf 87' lang='lat' dir='ltr'><strong>cujus</strong></span> <span class='ocrx_word' id='word_1_125' title='bbox 3573 1141 3739 1194; x_wconf 76' lang='lat' dir='ltr'><strong>verbo</strong></span> 
     </span>
    </p>
   </div>
   <div class='ocr_carea' id='block_1_10' title="bbox 549 1210 3738 1299">
    <p class='ocr_par' dir='ltr' id='par_1_10' title="bbox 549 1210 3738 1299">
     <span class='ocr_line' id='line_1_10' title="bbox 549 1210 3738 1299; baseline 0.006 -34"><span class='ocrx_word' id='word_1_126' title='bbox 549 1210 685 1266; x_wconf 89' lang='lat' dir='ltr'><strong>Cum</strong></span> <span class='ocrx_word' id='word_1_127' title='bbox 717 1225 900 1268; x_wconf 86' lang='lat' dir='ltr'><strong>autem</strong></span> <span class='ocrx_word' id='word_1_128' title='bbox 931 1215 1112 1270; x_wconf 87' lang='lat' dir='ltr'><strong>omnis</strong></span> <span class='ocrx_word' id='word_1_129' title='bbox 1151 1215 1348 1297; x_wconf 79' lang='lat' dir='ltr'><strong>civitas</strong></span> <span class='ocrx_word' id='word_1_130' title='bbox 1379 1217 1746 1289; x_wconf 86' lang='lat' dir='ltr'><strong>Ephesiorum</strong></span> <span class='ocrx_word' id='word_1_131' title='bbox 1783 1231 1838 1276; x_wconf 91' lang='lat' dir='ltr'><strong>et</strong></span> <span class='ocrx_word' id='word_1_132' title='bbox 1879 1223 2058 1279; x_wconf 91' lang='lat' dir='ltr'><strong>omnis</strong></span> <span class='ocrx_word' id='word_1_133' title='bbox 2158 1225 2284 1280; x_wconf 67' lang='lat' dir='ltr'><strong>caeli</strong></span> <span class='ocrx_word' id='word_1_134' title='bbox 2311 1226 2510 1282; x_wconf 83' lang='lat' dir='ltr'><strong>firmati</strong></span> <span class='ocrx_word' id='word_1_135' title='bbox 2532 1238 2680 1293; x_wconf 87' lang='lat' dir='ltr'><strong>sunt,</strong></span> <span class='ocrx_word' id='word_1_136' title='bbox 2705 1229 2792 1282; x_wconf 92' lang='lat' dir='ltr'><strong>cui</strong></span> <span class='ocrx_word' id='word_1_137' title='bbox 2820 1232 3007 1283; x_wconf 85' lang='lat' dir='ltr'><strong>omnia</strong></span> <span class='ocrx_word' id='word_1_138' title='bbox 3037 1230 3281 1299; x_wconf 86' lang='lat' dir='ltr'><strong>subjecta</strong></span> <span class='ocrx_word' id='word_1_139' title='bbox 3312 1240 3462 1298; x_wconf 87' lang='lat' dir='ltr'><strong>sunt,</strong></span> <span class='ocrx_word' id='word_1_140' title='bbox 3492 1232 3594 1286; x_wconf 88' lang='lat' dir='ltr'><strong>cui</strong></span> <span class='ocrx_word' id='word_1_141' title='bbox 3623 1247 3738 1285; x_wconf 59' lang='lat' dir='ltr'><strong>oni.</strong></span> 
     </span>
    </p>
   </div>
   <div class='ocr_carea' id='block_1_11' title="bbox 475 1305 3740 1392">
    <p class='ocr_par' dir='ltr' id='par_1_11' title="bbox 475 1305 3740 1392">
     <span class='ocr_line' id='line_1_11' title="bbox 475 1305 3740 1392; baseline 0.006 -35"><span class='ocrx_word' id='word_1_142' title='bbox 475 1305 762 1372; x_wconf 85' lang='lat' dir='ltr'><strong>provincia</strong></span> <span class='ocrx_word' id='word_1_143' title='bbox 817 1306 962 1362; x_wconf 67' lang='lat' dir='ltr'><strong>Asiae</strong></span> <span class='ocrx_word' id='word_1_144' title='bbox 1008 1307 1275 1365; x_wconf 84' lang='lat' dir='ltr'><strong>Joannem</strong></span> <span class='ocrx_word' id='word_1_145' title='bbox 1313 1313 1586 1368; x_wconf 80' lang='lat' dir='ltr'><strong>excoleret</strong></span> <span class='ocrx_word' id='word_1_146' title='bbox 1620 1324 1670 1369; x_wconf 89' lang='lat' dir='ltr'><strong>et</strong></span> <span class='ocrx_word' id='word_1_147' title='bbox 1716 1314 2055 1384; x_wconf 72' lang='lat' dir='ltr'><strong>prmdicarct,</strong></span> <span class='ocrx_word' id='word_1_148' title='bbox 2161 1318 2247 1372; x_wconf 91' lang='lat' dir='ltr'><strong>nis</strong></span> <span class='ocrx_word' id='word_1_149' title='bbox 2277 1329 2528 1374; x_wconf 85' lang='lat' dir='ltr'><strong>creatura</strong></span> <span class='ocrx_word' id='word_1_150' title='bbox 2550 1320 2807 1387; x_wconf 87' lang='lat' dir='ltr'><strong>deservit,</strong></span> <span class='ocrx_word' id='word_1_151' title='bbox 2856 1321 2945 1375; x_wconf 92' lang='lat' dir='ltr'><strong>cui</strong></span> <span class='ocrx_word' id='word_1_152' title='bbox 2992 1323 3172 1376; x_wconf 91' lang='lat' dir='ltr'><strong>omnis</strong></span> <span class='ocrx_word' id='word_1_153' title='bbox 3202 1331 3441 1391; x_wconf 86' lang='lat' dir='ltr'><strong>potestas</strong></span> <span class='ocrx_word' id='word_1_154' title='bbox 3487 1323 3740 1392; x_wconf 80' lang='lat' dir='ltr'><strong>subjecta</strong></span> 
     </span>
    </p>
   </div>
   <div class='ocr_carea' id='block_1_12' title="bbox 475 1398 3738 1482">
    <p class='ocr_par' dir='ltr' id='par_1_12' title="bbox 475 1398 3738 1482">
     <span class='ocr_line' id='line_1_12' title="bbox 475 1398 3738 1482; baseline 0.006 -31"><span class='ocrx_word' id='word_1_155' title='bbox 475 1398 674 1454; x_wconf 90' lang='lat' dir='ltr'><strong>accidit</strong></span> <span class='ocrx_word' id='word_1_156' title='bbox 702 1409 760 1453; x_wconf 92' lang='lat' dir='ltr'><strong>ut</strong></span> <span class='ocrx_word' id='word_1_157' title='bbox 789 1401 1026 1456; x_wconf 88' lang='lat' dir='ltr'><strong>cultores</strong></span> <span class='ocrx_word' id='word_1_158' title='bbox 1056 1402 1329 1458; x_wconf 90' lang='lat' dir='ltr'><strong>idolorum</strong></span> <span class='ocrx_word' id='word_1_159' title='bbox 1352 1405 1662 1460; x_wconf 82' lang='lat' dir='ltr'><strong>excitarent</strong></span> <span class='ocrx_word' id='word_1_160' title='bbox 1696 1407 2054 1466; x_wconf 84' lang='lat' dir='ltr'><strong>seditionem;</strong></span> <span class='ocrx_word' id='word_1_161' title='bbox 2157 1417 2242 1462; x_wconf 90' lang='lat' dir='ltr'><strong>est</strong></span> <span class='ocrx_word' id='word_1_162' title='bbox 2263 1417 2316 1462; x_wconf 86' lang='lat' dir='ltr'><strong>et</strong></span> <span class='ocrx_word' id='word_1_163' title='bbox 2351 1410 2547 1464; x_wconf 87' lang='lat' dir='ltr'><strong>metuit</strong></span> <span class='ocrx_word' id='word_1_164' title='bbox 2573 1420 2626 1465; x_wconf 89' lang='lat' dir='ltr'><strong>et</strong></span> <span class='ocrx_word' id='word_1_165' title='bbox 2643 1413 2972 1482; x_wconf 83' lang='lat' dir='ltr'><strong>expavescit,</strong></span> <span class='ocrx_word' id='word_1_166' title='bbox 2997 1427 3121 1467; x_wconf 90' lang='lat' dir='ltr'><strong>cum</strong></span> <span class='ocrx_word' id='word_1_167' title='bbox 3156 1428 3256 1470; x_wconf 89' lang='lat' dir='ltr'><strong>nos</strong></span> <span class='ocrx_word' id='word_1_168' title='bbox 3287 1423 3338 1469; x_wconf 89' lang='lat' dir='ltr'><strong>te</strong></span> <span class='ocrx_word' id='word_1_169' title='bbox 3375 1416 3429 1470; x_wconf 90' lang='lat' dir='ltr'><strong>in</strong></span> <span class='ocrx_word' id='word_1_170' title='bbox 3463 1416 3738 1470; x_wconf 77' lang='lat' dir='ltr'><strong>auxilium</strong></span> 
     </span>
    </p>
   </div>
   <div class='ocr_carea' id='block_1_13' title="bbox 474 1492 3738 1576">
    <p class='ocr_par' dir='ltr' id='par_1_13' title="bbox 474 1492 3738 1576">
     <span class='ocr_line' id='line_1_13' title="bbox 474 1492 3738 1576; baseline 0.005 -32"><span class='ocrx_word' id='word_1_171' title='bbox 474 1492 620 1546; x_wconf 88' lang='lat' dir='ltr'><strong>unde</strong></span> <span class='ocrx_word' id='word_1_172' title='bbox 649 1492 855 1548; x_wconf 89' lang='lat' dir='ltr'><strong>factum</strong></span> <span class='ocrx_word' id='word_1_173' title='bbox 888 1505 970 1550; x_wconf 92' lang='lat' dir='ltr'><strong>est</strong></span> <span class='ocrx_word' id='word_1_174' title='bbox 998 1506 1058 1550; x_wconf 93' lang='lat' dir='ltr'><strong>ut</strong></span> <span class='ocrx_word' id='word_1_175' title='bbox 1089 1495 1353 1553; x_wconf 89' lang='lat' dir='ltr'><strong>Joannem</strong></span> <span class='ocrx_word' id='word_1_176' title='bbox 1385 1499 1666 1554; x_wconf 86' lang='lat' dir='ltr'><strong>traherent</strong></span> <span class='ocrx_word' id='word_1_177' title='bbox 1685 1502 1751 1556; x_wconf 90' lang='lat' dir='ltr'><strong>ad</strong></span> <span class='ocrx_word' id='word_1_178' title='bbox 1793 1503 2055 1572; x_wconf 89' lang='lat' dir='ltr'><strong>templum</strong></span> <span class='ocrx_word' id='word_1_179' title='bbox 2159 1511 2544 1564; x_wconf 71' lang='lat' dir='ltr'><strong>ProvoeamItS,</strong></span> <span class='ocrx_word' id='word_1_180' title='bbox 2571 1501 2730 1569; x_wconf 87' lang='lat' dir='ltr'><strong>cujus</strong></span> <span class='ocrx_word' id='word_1_181' title='bbox 2755 1502 2940 1557; x_wconf 80' lang='lat' dir='ltr'><strong>audito</strong></span> <span class='ocrx_word' id='word_1_182' title='bbox 2960 1503 3186 1557; x_wconf 86' lang='lat' dir='ltr'><strong>nomine</strong></span> <span class='ocrx_word' id='word_1_183' title='bbox 3213 1519 3436 1574; x_wconf 84' lang='lat' dir='ltr'><strong>serpens</strong></span> <span class='ocrx_word' id='word_1_184' title='bbox 3465 1506 3738 1576; x_wconf 81' lang='lat' dir='ltr'><strong>conquie-</strong></span> 
     </span>
    </p>
   </div>
   <div class='ocr_carea' id='block_1_14' title="bbox 475 1583 3739 1666">
    <p class='ocr_par' dir='ltr' id='par_1_14' title="bbox 475 1583 3739 1666">
     <span class='ocr_line' id='line_1_14' title="bbox 475 1583 3739 1666; baseline 0.005 -30"><span class='ocrx_word' id='word_1_185' title='bbox 475 1583 661 1639; x_wconf 78' lang='lat' dir='ltr'><strong>Dianze</strong></span> <span class='ocrx_word' id='word_1_186' title='bbox 691 1594 744 1640; x_wconf 83' lang='lat' dir='ltr'><strong>e:</strong></span> <span class='ocrx_word' id='word_1_187' title='bbox 783 1598 1039 1658; x_wconf 83' lang='lat' dir='ltr'><strong>urgerent</strong></span> <span class='ocrx_word' id='word_1_188' title='bbox 1071 1606 1196 1643; x_wconf 91' lang='lat' dir='ltr'><strong>cum</strong></span> <span class='ocrx_word' id='word_1_189' title='bbox 1227 1599 1286 1644; x_wconf 91' lang='lat' dir='ltr'><strong>ut</strong></span> <span class='ocrx_word' id='word_1_190' title='bbox 1327 1590 1374 1644; x_wconf 90' lang='lat' dir='ltr'><strong>ei</strong></span> <span class='ocrx_word' id='word_1_191' title='bbox 1419 1589 1723 1646; x_wconf 73' lang='lat' dir='ltr'><strong>fmditatem</strong></span> <span class='ocrx_word' id='word_1_192' title='bbox 1755 1593 2057 1650; x_wconf 77' lang='lat' dir='ltr'><strong>sacrificio-</strong></span> <span class='ocrx_word' id='word_1_193' title='bbox 2157 1584 2281 1650; x_wconf 72' lang='lat' dir='ltr'><strong>scil.</strong></span> <span class='ocrx_word' id='word_1_194' title='bbox 2314 1585 2482 1641; x_wconf 81' lang='lat' dir='ltr'><strong>draco</strong></span> <span class='ocrx_word' id='word_1_195' title='bbox 2499 1585 2657 1657; x_wconf 73' lang='lat' dir='ltr'><strong>fugit.</strong></span> <span class='ocrx_word' id='word_1_196' title='bbox 2691 1589 2814 1644; x_wconf 84' lang='lat' dir='ltr'><strong>silet</strong></span> <span class='ocrx_word' id='word_1_197' title='bbox 2843 1593 3047 1661; x_wconf 85' lang='lat' dir='ltr'><strong>vipera,</strong></span> <span class='ocrx_word' id='word_1_198' title='bbox 3081 1601 3136 1648; x_wconf 89' lang='lat' dir='ltr'><strong>et</strong></span> <span class='ocrx_word' id='word_1_199' title='bbox 3165 1595 3355 1649; x_wconf 87' lang='lat' dir='ltr'><strong>rubeta</strong></span> <span class='ocrx_word' id='word_1_200' title='bbox 3389 1596 3485 1650; x_wconf 91' lang='lat' dir='ltr'><strong>illa</strong></span> <span class='ocrx_word' id='word_1_201' title='bbox 3517 1611 3648 1666; x_wconf 75' lang='lat' dir='ltr'><strong>quae</strong></span> <span class='ocrx_word' id='word_1_202' title='bbox 3667 1596 3739 1650; x_wconf 88' lang='lat' dir='ltr'><strong>di-</strong></span> 
     </span>
    </p>
   </div>
   <div class='ocr_carea' id='block_1_15' title="bbox 474 1675 3734 1756">
    <p class='ocr_par' dir='ltr' id='par_1_15' title="bbox 474 1675 3734 1756">
     <span class='ocr_line' id='line_1_15' title="bbox 474 1675 3734 1756; baseline 0.004 -31"><span class='ocrx_word' id='word_1_203' title='bbox 474 1691 598 1730; x_wconf 87' lang='lat' dir='ltr'><strong>rum</strong></span> <span class='ocrx_word' id='word_1_204' title='bbox 629 1677 869 1733; x_wconf 70' lang='lat' dir='ltr'><strong>offerret.</strong></span> <span class='ocrx_word' id='word_1_205' title='bbox 929 1679 1082 1735; x_wconf 78' lang='lat' dir='ltr'><strong>Tunc</strong></span> <span class='ocrx_word' id='word_1_206' title='bbox 1141 1691 1366 1738; x_wconf 70' lang='lat' dir='ltr'><strong>sanctus</strong></span> <span class='ocrx_word' id='word_1_207' title='bbox 1407 1681 1644 1739; x_wconf 72' lang='lat' dir='ltr'><strong>Joannes</strong></span> <span class='ocrx_word' id='word_1_208' title='bbox 1693 1684 1807 1738; x_wconf 68' lang='lat' dir='ltr'><strong>ait;</strong></span> <span class='ocrx_word' id='word_1_209' title='bbox 1854 1683 2056 1741; x_wconf 71' lang='lat' dir='ltr'><strong>Eamus</strong></span> <span class='ocrx_word' id='word_1_210' title='bbox 2156 1675 2299 1729; x_wconf 90' lang='lat' dir='ltr'><strong>citur</strong></span> <span class='ocrx_word' id='word_1_211' title='bbox 2316 1693 2449 1732; x_wconf 91' lang='lat' dir='ltr'><strong>rana</strong></span> <span class='ocrx_word' id='word_1_212' title='bbox 2478 1678 2720 1748; x_wconf 86' lang='lat' dir='ltr'><strong>inquieta</strong></span> <span class='ocrx_word' id='word_1_213' title='bbox 2751 1682 3028 1751; x_wconf 86' lang='lat' dir='ltr'><strong>torpescit,</strong></span> <span class='ocrx_word' id='word_1_214' title='bbox 3061 1685 3309 1753; x_wconf 89' lang='lat' dir='ltr'><strong>scorpius</strong></span> <span class='ocrx_word' id='word_1_215' title='bbox 3327 1686 3734 1756; x_wconf 76' lang='lat' dir='ltr'><strong>exstinguitur;</strong></span> 
     </span>
    </p>
   </div>
   <div class='ocr_carea' id='block_1_16' title="bbox 472 1769 3736 1846">
    <p class='ocr_par' dir='ltr' id='par_1_16' title="bbox 472 1769 3736 1846">
     <span class='ocr_line' id='line_1_16' title="bbox 472 1769 3736 1846; baseline 0.002 -26"><span class='ocrx_word' id='word_1_216' title='bbox 472 1781 666 1823; x_wconf 91' lang='lat' dir='ltr'><strong>omnes</strong></span> <span class='ocrx_word' id='word_1_217' title='bbox 697 1769 765 1824; x_wconf 90' lang='lat' dir='ltr'><strong>ad</strong></span> <span class='ocrx_word' id='word_1_218' title='bbox 796 1772 1082 1826; x_wconf 86' lang='lat' dir='ltr'><strong>ecclesiam</strong></span> <span class='ocrx_word' id='word_1_219' title='bbox 1110 1772 1327 1827; x_wconf 88' lang='lat' dir='ltr'><strong>Domini</strong></span> <span class='ocrx_word' id='word_1_220' title='bbox 1360 1775 1463 1829; x_wconf 90' lang='lat' dir='ltr'><strong>mei</strong></span> <span class='ocrx_word' id='word_1_221' title='bbox 1487 1773 1616 1830; x_wconf 88' lang='lat' dir='ltr'><strong>Jesu</strong></span> <span class='ocrx_word' id='word_1_222' title='bbox 1645 1775 1946 1842; x_wconf 89' lang='lat' dir='ltr'><strong>Christi,et</strong></span> <span class='ocrx_word' id='word_1_223' title='bbox 1967 1778 2054 1830; x_wconf 86' lang='lat' dir='ltr'><strong>in-</strong></span> <span class='ocrx_word' id='word_1_224' title='bbox 2157 1769 2379 1839; x_wconf 57' lang='lat' dir='ltr'><strong>regiius</strong></span> <span class='ocrx_word' id='word_1_225' title='bbox 2418 1769 2652 1825; x_wconf 78' lang='lat' dir='ltr'><strong>vincitur</strong></span> <span class='ocrx_word' id='word_1_226' title='bbox 2675 1781 2728 1826; x_wconf 91' lang='lat' dir='ltr'><strong>et</strong></span> <span class='ocrx_word' id='word_1_227' title='bbox 2751 1774 3044 1843; x_wconf 84' lang='lat' dir='ltr'><strong>spalangus</strong></span> <span class='ocrx_word' id='word_1_228' title='bbox 3076 1774 3212 1828; x_wconf 89' lang='lat' dir='ltr'><strong>nihil</strong></span> <span class='ocrx_word' id='word_1_229' title='bbox 3255 1777 3484 1830; x_wconf 80' lang='lat' dir='ltr'><strong>noxium</strong></span> <span class='ocrx_word' id='word_1_230' title='bbox 3534 1790 3736 1846; x_wconf 88' lang='lat' dir='ltr'><strong>opera-</strong></span> 
     </span>
    </p>
   </div>
   <div class='ocr_carea' id='block_1_17' title="bbox 471 1859 3736 1935">
    <p class='ocr_par' dir='ltr' id='par_1_17' title="bbox 471 1859 3736 1935">
     <span class='ocr_line' id='line_1_17' title="bbox 471 1859 3736 1935; baseline 0.002 -24"><span class='ocrx_word' id='word_1_231' title='bbox 471 1870 732 1916; x_wconf 84' lang='lat' dir='ltr'><strong>vocantes</strong></span> <span class='ocrx_word' id='word_1_232' title='bbox 770 1877 866 1917; x_wconf 84' lang='lat' dir='ltr'><strong>vos</strong></span> <span class='ocrx_word' id='word_1_233' title='bbox 889 1879 1087 1918; x_wconf 82' lang='lat' dir='ltr'><strong>nomen</strong></span> <span class='ocrx_word' id='word_1_234' title='bbox 1121 1863 1308 1920; x_wconf 59' lang='lat' dir='ltr'><strong>Dianae</strong></span> <span class='ocrx_word' id='word_1_235' title='bbox 1327 1875 1524 1921; x_wconf 62' lang='lat' dir='ltr'><strong>vestrm</strong></span> <span class='ocrx_word' id='word_1_236' title='bbox 1548 1866 1710 1922; x_wconf 75' lang='lat' dir='ltr'><strong>facite</strong></span> <span class='ocrx_word' id='word_1_237' title='bbox 1735 1868 1932 1923; x_wconf 72' lang='lat' dir='ltr'><strong>cadere</strong></span> <span class='ocrx_word' id='word_1_238' title='bbox 1957 1885 2046 1925; x_wconf 80' lang='lat' dir='ltr'><strong>ec.</strong></span> <span class='ocrx_word' id='word_1_239' title='bbox 2085 1859 2126 1913; x_wconf 87' lang='grc' dir='ltr'><strong>Β</strong></span> <span class='ocrx_word' id='word_1_240' title='bbox 2158 1870 2246 1915; x_wconf 91' lang='lat' dir='ltr'><strong>tur</strong></span> <span class='ocrx_word' id='word_1_241' title='bbox 2273 1870 2327 1916; x_wconf 88' lang='lat' dir='ltr'><strong>et</strong></span> <span class='ocrx_word' id='word_1_242' title='bbox 2352 1864 2537 1918; x_wconf 87' lang='lat' dir='ltr'><strong>omnia</strong></span> <span class='ocrx_word' id='word_1_243' title='bbox 2568 1873 2832 1919; x_wconf 88' lang='lat' dir='ltr'><strong>venenata</strong></span> <span class='ocrx_word' id='word_1_244' title='bbox 2870 1866 3112 1935; x_wconf 89' lang='lat' dir='ltr'><strong>repentia</strong></span> <span class='ocrx_word' id='word_1_245' title='bbox 3149 1876 3202 1920; x_wconf 93' lang='lat' dir='ltr'><strong>et</strong></span> <span class='ocrx_word' id='word_1_246' title='bbox 3238 1867 3416 1920; x_wconf 90' lang='lat' dir='ltr'><strong>adhuc</strong></span> <span class='ocrx_word' id='word_1_247' title='bbox 3464 1866 3736 1922; x_wconf 78' lang='lat' dir='ltr'><strong>ferociora</strong></span> 
     </span>
    </p>
   </div>
   <div class='ocr_carea' id='block_1_18' title="bbox 472 1953 3737 2019">
    <p class='ocr_par' dir='ltr' id='par_1_18' title="bbox 472 1953 3737 2019">
     <span class='ocr_line' id='line_1_18' title="bbox 472 1953 3737 2019; baseline 0.004 -12"><span class='ocrx_word' id='word_1_248' title='bbox 472 1953 694 2008; x_wconf 90' lang='lat' dir='ltr'><strong>clesiam</strong></span> <span class='ocrx_word' id='word_1_249' title='bbox 715 1963 768 2009; x_wconf 91' lang='lat' dir='ltr'><strong>et</strong></span> <span class='ocrx_word' id='word_1_250' title='bbox 791 1955 862 2009; x_wconf 90' lang='lat' dir='ltr'><strong>ita</strong></span> <span class='ocrx_word' id='word_1_251' title='bbox 885 1956 1038 2012; x_wconf 85' lang='lat' dir='ltr'><strong>vobis</strong></span> <span class='ocrx_word' id='word_1_252' title='bbox 1055 1961 1421 2014; x_wconf 85' lang='lat' dir='ltr'><strong>consentiam.</strong></span> <span class='ocrx_word' id='word_1_253' title='bbox 1452 1961 1510 2014; x_wconf 90' lang='lat' dir='ltr'><strong>Si</strong></span> <span class='ocrx_word' id='word_1_254' title='bbox 1530 1969 1711 2015; x_wconf 91' lang='lat' dir='ltr'><strong>autem</strong></span> <span class='ocrx_word' id='word_1_255' title='bbox 1739 1961 1844 2016; x_wconf 91' lang='lat' dir='ltr'><strong>hoc</strong></span> <span class='ocrx_word' id='word_1_256' title='bbox 1870 1962 2053 2017; x_wconf 89' lang='lat' dir='ltr'><strong>facere</strong></span> <span class='ocrx_word' id='word_1_257' title='bbox 2156 1953 2417 2008; x_wconf 64' lang='lat' dir='ltr'><strong>auimeiia</strong></span> <span class='ocrx_word' id='word_1_258' title='bbox 2467 1955 2840 2019; x_wconf 65' lang='lat' dir='ltr'><strong>terebrantur.</strong></span> <span class='ocrx_word' id='word_1_259' title='bbox 2876 1964 2930 2011; x_wconf 76' lang='lat' dir='ltr'><strong>ei</strong></span> <span class='ocrx_word' id='word_1_260' title='bbox 2978 1972 3173 2012; x_wconf 84' lang='lat' dir='ltr'><strong>omnes</strong></span> <span class='ocrx_word' id='word_1_261' title='bbox 3215 1959 3426 2014; x_wconf 82' lang='lat' dir='ltr'><strong>radices</strong></span> <span class='ocrx_word' id='word_1_262' title='bbox 3480 1958 3737 2012; x_wconf 67' lang='lat' dir='ltr'><strong>humana!</strong></span> 
     </span>
    </p>
   </div>
   <div class='ocr_carea' id='block_1_19' title="bbox 471 2044 2000 2120">
    <p class='ocr_par' dir='ltr' id='par_1_19' title="bbox 471 2047 1996 2120">
     <span class='ocr_line' id='line_1_19' title="bbox 471 2047 1996 2120; baseline 0.007 -23"><span class='ocrx_word' id='word_1_263' title='bbox 471 2059 582 2098; x_wconf 90' lang='lat' dir='ltr'><strong>non</strong></span> <span class='ocrx_word' id='word_1_264' title='bbox 625 2047 938 2115; x_wconf 90' lang='lat' dir='ltr'><strong>potueritis,</strong></span> <span class='ocrx_word' id='word_1_265' title='bbox 992 2064 1094 2120; x_wconf 90' lang='lat' dir='ltr'><strong>ego</strong></span> <span class='ocrx_word' id='word_1_266' title='bbox 1141 2050 1409 2107; x_wconf 80' lang='lat' dir='ltr'><strong>invocabo</strong></span> <span class='ocrx_word' id='word_1_267' title='bbox 1456 2069 1656 2108; x_wconf 86' lang='lat' dir='ltr'><strong>nomen</strong></span> <span class='ocrx_word' id='word_1_268' title='bbox 1699 2053 1912 2108; x_wconf 90' lang='lat' dir='ltr'><strong>Domini</strong></span> <span class='ocrx_word' id='word_1_269' title='bbox 1946 2071 1996 2107; x_wconf 92' lang='lat' dir='ltr'><strong>m</strong></span> 
     </span>
    </p>
   </div>
   <div class='ocr_carea' id='block_1_20' title="bbox 2204 2044 3733 2120">
    <p class='ocr_par' dir='ltr' id='par_1_20' title="bbox 2204 2044 3733 2120">
     <span class='ocr_line' id='line_1_20' title="bbox 2204 2044 3733 2120; baseline 0.003 -22"><span class='ocrx_word' id='word_1_270' title='bbox 2204 2044 2318 2099; x_wconf 77' lang='lat' dir='ltr'><strong>tluti</strong></span> <span class='ocrx_word' id='word_1_271' title='bbox 2344 2044 2584 2102; x_wconf 76' lang='lat' dir='ltr'><strong>adversa:</strong></span> <span class='ocrx_word' id='word_1_272' title='bbox 2615 2056 2892 2113; x_wconf 86' lang='lat' dir='ltr'><strong>arescunt,</strong></span> <span class='ocrx_word' id='word_1_273' title='bbox 2924 2056 2981 2102; x_wconf 94' lang='lat' dir='ltr'><strong>tu</strong></span> <span class='ocrx_word' id='word_1_274' title='bbox 3009 2050 3318 2120; x_wconf 83' lang='lat' dir='ltr'><strong>exstingue,</strong></span> <span class='ocrx_word' id='word_1_275' title='bbox 3354 2048 3620 2114; x_wconf 87' lang='lat' dir='ltr'><strong>Domine,</strong></span> <span class='ocrx_word' id='word_1_276' title='bbox 3637 2049 3733 2103; x_wconf 86' lang='lat' dir='ltr'><strong>hoc</strong></span> 
     </span>
    </p>
   </div>
   <div class='ocr_carea' id='block_1_21' title="bbox 468 2130 1997 2212">
    <p class='ocr_par' dir='ltr' id='par_1_21' title="bbox 468 2130 1997 2212">
     <span class='ocr_line' id='line_1_21' title="bbox 468 2130 1997 2212; baseline 0.008 -26"><span class='ocrx_word' id='word_1_277' title='bbox 468 2130 598 2189; x_wconf 90' lang='lat' dir='ltr'><strong>Jesu</strong></span> <span class='ocrx_word' id='word_1_278' title='bbox 622 2133 830 2190; x_wconf 89' lang='lat' dir='ltr'><strong>Christi</strong></span> <span class='ocrx_word' id='word_1_279' title='bbox 853 2146 908 2191; x_wconf 91' lang='lat' dir='ltr'><strong>et</strong></span> <span class='ocrx_word' id='word_1_280' title='bbox 929 2137 1091 2192; x_wconf 82' lang='lat' dir='ltr'><strong>faciet</strong></span> <span class='ocrx_word' id='word_1_281' title='bbox 1116 2141 1309 2194; x_wconf 87' lang='lat' dir='ltr'><strong>cadere</strong></span> <span class='ocrx_word' id='word_1_282' title='bbox 1334 2143 1594 2212; x_wconf 89' lang='lat' dir='ltr'><strong>templum</strong></span> <span class='ocrx_word' id='word_1_283' title='bbox 1627 2143 1731 2198; x_wconf 92' lang='lat' dir='ltr'><strong>hoc</strong></span> <span class='ocrx_word' id='word_1_284' title='bbox 1752 2185 1766 2208; x_wconf 94' lang='lat'><strong>,</strong></span> <span class='ocrx_word' id='word_1_285' title='bbox 1803 2153 1858 2197; x_wconf 92' lang='lat' dir='ltr'><strong>et</strong></span> <span class='ocrx_word' id='word_1_286' title='bbox 1893 2159 1997 2198; x_wconf 91' lang='lat' dir='ltr'><strong>con</strong></span> 
     </span>
    </p>
   </div>
   <div class='ocr_carea' id='block_1_22' title="bbox 2201 2130 3730 2212">
    <p class='ocr_par' dir='ltr' id='par_1_22' title="bbox 2201 2135 3730 2210">
     <span class='ocr_line' id='line_1_22' title="bbox 2201 2135 3730 2210; baseline 0.005 -24"><span class='ocrx_word' id='word_1_287' title='bbox 2201 2135 2344 2188; x_wconf 72' lang='lat' dir='ltr'><strong>:neni</strong></span> <span class='ocrx_word' id='word_1_288' title='bbox 2367 2136 2536 2202; x_wconf 91' lang='lat' dir='ltr'><strong>virus,</strong></span> <span class='ocrx_word' id='word_1_289' title='bbox 2564 2139 2852 2208; x_wconf 81' lang='lat' dir='ltr'><strong>exstingue</strong></span> <span class='ocrx_word' id='word_1_290' title='bbox 2872 2139 3220 2208; x_wconf 81' lang='lat' dir='ltr'><strong>Operationes</strong></span> <span class='ocrx_word' id='word_1_291' title='bbox 3246 2141 3364 2210; x_wconf 86' lang='lat' dir='ltr'><strong>ejus</strong></span> <span class='ocrx_word' id='word_1_292' title='bbox 3389 2141 3730 2202; x_wconf 84' lang='lat' dir='ltr'><strong>mortiferas,</strong></span> 
     </span>
    </p>
   </div>
   <div class='ocr_carea' id='block_1_23' title="bbox 470 2225 3729 2304">
    <p class='ocr_par' dir='ltr' id='par_1_23' title="bbox 470 2225 3729 2304">
     <span class='ocr_line' id='line_1_23' title="bbox 470 2225 3729 2304; baseline 0.005 -27"><span class='ocrx_word' id='word_1_293' title='bbox 470 2225 647 2278; x_wconf 90' lang='lat' dir='ltr'><strong>minui</strong></span> <span class='ocrx_word' id='word_1_294' title='bbox 677 2226 882 2282; x_wconf 87' lang='lat' dir='ltr'><strong>idolum</strong></span> <span class='ocrx_word' id='word_1_295' title='bbox 906 2229 1048 2298; x_wconf 88' lang='lat' dir='ltr'><strong>ejus.</strong></span> <span class='ocrx_word' id='word_1_296' title='bbox 1077 2229 1233 2296; x_wconf 87' lang='lat' dir='ltr'><strong>Quod</strong></span> <span class='ocrx_word' id='word_1_297' title='bbox 1258 2248 1381 2287; x_wconf 89' lang='lat' dir='ltr'><strong>cum</strong></span> <span class='ocrx_word' id='word_1_298' title='bbox 1408 2231 1614 2287; x_wconf 87' lang='lat' dir='ltr'><strong>factum</strong></span> <span class='ocrx_word' id='word_1_299' title='bbox 1635 2233 1816 2299; x_wconf 89' lang='lat' dir='ltr'><strong>fuerit,</strong></span> <span class='ocrx_word' id='word_1_300' title='bbox 1837 2234 2049 2304; x_wconf 88' lang='lat' dir='ltr'><strong>justum</strong></span> <span class='ocrx_word' id='word_1_301' title='bbox 2151 2237 2206 2281; x_wconf 72' lang='lat' dir='ltr'><strong>et</strong></span> <span class='ocrx_word' id='word_1_302' title='bbox 2234 2228 2378 2283; x_wconf 77' lang='lat' dir='ltr'><strong>Vires</strong></span> <span class='ocrx_word' id='word_1_303' title='bbox 2405 2230 2596 2285; x_wconf 77' lang='lat' dir='ltr'><strong>noxias</strong></span> <span class='ocrx_word' id='word_1_304' title='bbox 2641 2247 2780 2300; x_wconf 84' lang='lat' dir='ltr'><strong>quas</strong></span> <span class='ocrx_word' id='word_1_305' title='bbox 2837 2231 2888 2284; x_wconf 87' lang='lat' dir='ltr'><strong>iu</strong></span> <span class='ocrx_word' id='word_1_306' title='bbox 2918 2247 2976 2287; x_wconf 70' lang='lat' dir='ltr'><strong>se</strong></span> <span class='ocrx_word' id='word_1_307' title='bbox 3011 2232 3178 2286; x_wconf 80' lang='lat' dir='ltr'><strong>habet</strong></span> <span class='ocrx_word' id='word_1_308' title='bbox 3221 2249 3448 2299; x_wconf 73' lang='lat' dir='ltr'><strong>cvacua,</strong></span> <span class='ocrx_word' id='word_1_309' title='bbox 3498 2244 3558 2287; x_wconf 84' lang='lat' dir='ltr'><strong>et</strong></span> <span class='ocrx_word' id='word_1_310' title='bbox 3584 2234 3652 2288; x_wconf 79' lang='lat' dir='ltr'><strong>da</strong></span> <span class='ocrx_word' id='word_1_311' title='bbox 3681 2235 3729 2286; x_wconf 79' lang='lat' dir='ltr'><strong>in</strong></span> 
     </span>
    </p>
   </div>
   <div class='ocr_carea' id='block_1_24' title="bbox 466 2316 3734 2393">
    <p class='ocr_par' dir='ltr' id='par_1_24' title="bbox 466 2316 3734 2393">
     <span class='ocr_line' id='line_1_24' title="bbox 466 2316 3734 2393; baseline 0.003 -27"><span class='ocrx_word' id='word_1_312' title='bbox 466 2316 627 2371; x_wconf 81' lang='lat' dir='ltr'><strong>vobis</strong></span> <span class='ocrx_word' id='word_1_313' title='bbox 661 2318 831 2372; x_wconf 87' lang='lat' dir='ltr'><strong>videri</strong></span> <span class='ocrx_word' id='word_1_314' title='bbox 862 2320 1023 2374; x_wconf 88' lang='lat' dir='ltr'><strong>debet</strong></span> <span class='ocrx_word' id='word_1_315' title='bbox 1044 2329 1103 2374; x_wconf 94' lang='lat' dir='ltr'><strong>ut</strong></span> <span class='ocrx_word' id='word_1_316' title='bbox 1130 2322 1320 2376; x_wconf 89' lang='lat' dir='ltr'><strong>relicta</strong></span> <span class='ocrx_word' id='word_1_317' title='bbox 1365 2325 1753 2392; x_wconf 89' lang='lat' dir='ltr'><strong>superstitione</strong></span> <span class='ocrx_word' id='word_1_318' title='bbox 1788 2324 1902 2379; x_wconf 75' lang='lat' dir='ltr'><strong>dea:</strong></span> <span class='ocrx_word' id='word_1_319' title='bbox 1945 2325 2050 2379; x_wconf 89' lang='lat' dir='ltr'><strong>hu-</strong></span> <span class='ocrx_word' id='word_1_320' title='bbox 2152 2334 2447 2391; x_wconf 88' lang='lat' dir='ltr'><strong>conspectu</strong></span> <span class='ocrx_word' id='word_1_321' title='bbox 2493 2333 2588 2378; x_wconf 93' lang='lat' dir='ltr'><strong>tuo</strong></span> <span class='ocrx_word' id='word_1_322' title='bbox 2630 2323 2889 2378; x_wconf 88' lang='lat' dir='ltr'><strong>omnibus</strong></span> <span class='ocrx_word' id='word_1_323' title='bbox 2911 2339 3052 2393; x_wconf 88' lang='lat' dir='ltr'><strong>quos</strong></span> <span class='ocrx_word' id='word_1_324' title='bbox 3102 2334 3160 2378; x_wconf 92' lang='lat' dir='ltr'><strong>tu</strong></span> <span class='ocrx_word' id='word_1_325' title='bbox 3189 2325 3388 2380; x_wconf 90' lang='lat' dir='ltr'><strong>creasti</strong></span> <span class='ocrx_word' id='word_1_326' title='bbox 3431 2326 3639 2379; x_wconf 89' lang='lat' dir='ltr'><strong>oculos</strong></span> <span class='ocrx_word' id='word_1_327' title='bbox 3680 2334 3734 2378; x_wconf 89' lang='lat' dir='ltr'><strong>ut</strong></span> 
     </span>
    </p>
   </div>
   <div class='ocr_carea' id='block_1_25' title="bbox 467 2403 1996 2486">
    <p class='ocr_par' dir='ltr' id='par_1_25' title="bbox 467 2403 1990 2486">
     <span class='ocr_line' id='line_1_25' title="bbox 467 2403 1990 2486; baseline 0.007 -26"><span class='ocrx_word' id='word_1_328' title='bbox 467 2403 578 2473; x_wconf 85' lang='lat' dir='ltr'><strong>jus,</strong></span> <span class='ocrx_word' id='word_1_329' title='bbox 608 2425 729 2478; x_wconf 62' lang='lat' dir='ltr'><strong>qua:</strong></span> <span class='ocrx_word' id='word_1_330' title='bbox 750 2427 779 2463; x_wconf 88' lang='lat' dir='ltr'><strong>a</strong></span> <span class='ocrx_word' id='word_1_331' title='bbox 807 2409 917 2464; x_wconf 89' lang='lat' dir='ltr'><strong>Deo</strong></span> <span class='ocrx_word' id='word_1_332' title='bbox 933 2427 1054 2466; x_wconf 87' lang='lat' dir='ltr'><strong>meo</strong></span> <span class='ocrx_word' id='word_1_333' title='bbox 1078 2411 1214 2466; x_wconf 91' lang='lat' dir='ltr'><strong>victa</strong></span> <span class='ocrx_word' id='word_1_334' title='bbox 1230 2421 1313 2468; x_wconf 91' lang='lat' dir='ltr'><strong>est</strong></span> <span class='ocrx_word' id='word_1_335' title='bbox 1337 2423 1390 2466; x_wconf 91' lang='lat' dir='ltr'><strong>et</strong></span> <span class='ocrx_word' id='word_1_336' title='bbox 1409 2415 1845 2481; x_wconf 88' lang='lat' dir='ltr'><strong>comminuta,ad</strong></span> <span class='ocrx_word' id='word_1_337' title='bbox 1871 2416 1990 2486; x_wconf 87' lang='lat' dir='ltr'><strong>ipsu</strong></span> 
     </span>
    </p>
   </div>
   <div class='ocr_carea' id='block_1_26' title="bbox 2200 2403 3729 2486">
    <p class='ocr_par' dir='ltr' id='par_1_26' title="bbox 2200 2412 3729 2483">
     <span class='ocr_line' id='line_1_26' title="bbox 2200 2412 3729 2483; baseline 0.002 -19"><span class='ocrx_word' id='word_1_338' title='bbox 2200 2412 2391 2479; x_wconf 86' lang='lat' dir='ltr'><strong>deant,</strong></span> <span class='ocrx_word' id='word_1_339' title='bbox 2421 2422 2474 2467; x_wconf 92' lang='lat' dir='ltr'><strong>et</strong></span> <span class='ocrx_word' id='word_1_340' title='bbox 2491 2429 2652 2469; x_wconf 89' lang='lat' dir='ltr'><strong>aures</strong></span> <span class='ocrx_word' id='word_1_341' title='bbox 2675 2423 2735 2467; x_wconf 92' lang='lat' dir='ltr'><strong>ut</strong></span> <span class='ocrx_word' id='word_1_342' title='bbox 2765 2413 3013 2479; x_wconf 88' lang='lat' dir='ltr'><strong>audiant,</strong></span> <span class='ocrx_word' id='word_1_343' title='bbox 3032 2424 3087 2467; x_wconf 88' lang='lat' dir='ltr'><strong>et</strong></span> <span class='ocrx_word' id='word_1_344' title='bbox 3104 2428 3202 2468; x_wconf 92' lang='lat' dir='ltr'><strong>cor</strong></span> <span class='ocrx_word' id='word_1_345' title='bbox 3218 2423 3279 2468; x_wconf 92' lang='lat' dir='ltr'><strong>ut</strong></span> <span class='ocrx_word' id='word_1_346' title='bbox 3295 2415 3729 2483; x_wconf 80' lang='lat' dir='ltr'><strong>magnitudinem</strong></span> 
     </span>
    </p>
   </div>
   <div class='ocr_carea' id='block_1_27' title="bbox 463 2501 3733 2579">
    <p class='ocr_par' dir='ltr' id='par_1_27' title="bbox 463 2501 3733 2579">
     <span class='ocr_line' id='line_1_27' title="bbox 463 2501 3733 2579; baseline 0.001 -25"><span class='ocrx_word' id='word_1_347' title='bbox 463 2501 880 2556; x_wconf 80' lang='lat' dir='ltr'><strong>convertamini.</strong></span> <span class='ocrx_word' id='word_1_348' title='bbox 913 2502 995 2557; x_wconf 85' lang='lat' dir='ltr'><strong>Ad</strong></span> <span class='ocrx_word' id='word_1_349' title='bbox 1031 2503 1173 2559; x_wconf 90' lang='lat' dir='ltr'><strong>hanc</strong></span> <span class='ocrx_word' id='word_1_350' title='bbox 1195 2520 1385 2559; x_wconf 88' lang='lat' dir='ltr'><strong>vocem</strong></span> <span class='ocrx_word' id='word_1_351' title='bbox 1415 2507 1681 2561; x_wconf 84' lang='lat' dir='ltr'><strong>conticuit</strong></span> <span class='ocrx_word' id='word_1_352' title='bbox 1707 2510 1964 2579; x_wconf 82' lang='lat' dir='ltr'><strong>populus,</strong></span> <span class='ocrx_word' id='word_1_353' title='bbox 1992 2521 2047 2566; x_wconf 78' lang='lat' dir='ltr'><strong>et</strong></span> <span class='ocrx_word' id='word_1_354' title='bbox 2154 2512 2301 2558; x_wconf 84' lang='lat' dir='ltr'><strong>tuam</strong></span> <span class='ocrx_word' id='word_1_355' title='bbox 2337 2503 2664 2574; x_wconf 80' lang='lat' dir='ltr'><strong>intelligant.</strong></span> <span class='ocrx_word' id='word_1_356' title='bbox 2704 2504 2770 2558; x_wconf 84' lang='lat' dir='ltr'><strong>Et</strong></span> <span class='ocrx_word' id='word_1_357' title='bbox 2799 2522 2923 2559; x_wconf 88' lang='lat' dir='ltr'><strong>cum</strong></span> <span class='ocrx_word' id='word_1_358' title='bbox 2957 2506 3072 2560; x_wconf 84' lang='lat' dir='ltr'><strong>haec</strong></span> <span class='ocrx_word' id='word_1_359' title='bbox 3099 2505 3350 2568; x_wconf 74' lang='lat' dir='ltr'><strong>dixisset,</strong></span> <span class='ocrx_word' id='word_1_360' title='bbox 3397 2520 3463 2560; x_wconf 92' lang='lat' dir='ltr'><strong>os</strong></span> <span class='ocrx_word' id='word_1_361' title='bbox 3490 2521 3657 2560; x_wconf 91' lang='lat' dir='ltr'><strong>suum</strong></span> <span class='ocrx_word' id='word_1_362' title='bbox 3683 2517 3733 2558; x_wconf 88' lang='lat' dir='ltr'><strong>ct</strong></span> 
     </span>
    </p>
   </div>
   <div class='ocr_carea' id='block_1_28' title="bbox 468 2589 3729 2664">
    <p class='ocr_par' dir='ltr' id='par_1_28' title="bbox 468 2589 3729 2664">
     <span class='ocr_line' id='line_1_28' title="bbox 468 2589 3729 2664; baseline 0.005 -22"><span class='ocrx_word' id='word_1_363' title='bbox 468 2589 596 2644; x_wconf 88' lang='lat' dir='ltr'><strong>licet</strong></span> <span class='ocrx_word' id='word_1_364' title='bbox 641 2601 828 2645; x_wconf 86' lang='lat' dir='ltr'><strong>essent</strong></span> <span class='ocrx_word' id='word_1_365' title='bbox 870 2594 1030 2661; x_wconf 92' lang='lat' dir='ltr'><strong>pauci</strong></span> <span class='ocrx_word' id='word_1_366' title='bbox 1074 2596 1170 2664; x_wconf 91' lang='lat' dir='ltr'><strong>qui</strong></span> <span class='ocrx_word' id='word_1_367' title='bbox 1200 2597 1652 2653; x_wconf 89' lang='lat' dir='ltr'><strong>contradicerent</strong></span> <span class='ocrx_word' id='word_1_368' title='bbox 1697 2601 1824 2655; x_wconf 87' lang='lat' dir='ltr'><strong>huic</strong></span> <span class='ocrx_word' id='word_1_369' title='bbox 1857 2601 2049 2656; x_wconf 83' lang='lat' dir='ltr'><strong>defini-</strong></span> <span class='ocrx_word' id='word_1_370' title='bbox 2150 2601 2324 2648; x_wconf 75' lang='lat' dir='ltr'><strong>tolum</strong></span> <span class='ocrx_word' id='word_1_371' title='bbox 2359 2594 2716 2662; x_wconf 75' lang='lat' dir='ltr'><strong>semetipsum</strong></span> <span class='ocrx_word' id='word_1_372' title='bbox 2753 2595 2914 2664; x_wconf 74' lang='lat' dir='ltr'><strong>Signo</strong></span> <span class='ocrx_word' id='word_1_373' title='bbox 2963 2595 3147 2648; x_wconf 78' lang='lat' dir='ltr'><strong>crueiS</strong></span> <span class='ocrx_word' id='word_1_374' title='bbox 3183 2594 3440 2660; x_wconf 70' lang='lat' dir='ltr'><strong>armaV‘il.</strong></span> <span class='ocrx_word' id='word_1_375' title='bbox 3474 2605 3536 2648; x_wconf 77' lang='lat' dir='ltr'><strong>el</strong></span> <span class='ocrx_word' id='word_1_376' title='bbox 3563 2603 3729 2648; x_wconf 70' lang='lat' dir='ltr'><strong>totum</strong></span> 
     </span>
    </p>
   </div>
   <div class='ocr_carea' id='block_1_29' title="bbox 466 2681 3728 2755">
    <p class='ocr_par' dir='ltr' id='par_1_29' title="bbox 466 2681 3728 2755">
     <span class='ocr_line' id='line_1_29' title="bbox 466 2681 3728 2755; baseline 0.005 -22"><span class='ocrx_word' id='word_1_377' title='bbox 466 2681 645 2746; x_wconf 90' lang='lat' dir='ltr'><strong>tioni,</strong></span> <span class='ocrx_word' id='word_1_378' title='bbox 691 2698 819 2751; x_wconf 90' lang='lat' dir='ltr'><strong>pars</strong></span> <span class='ocrx_word' id='word_1_379' title='bbox 868 2693 1047 2741; x_wconf 91' lang='lat' dir='ltr'><strong>tamen</strong></span> <span class='ocrx_word' id='word_1_380' title='bbox 1097 2688 1337 2742; x_wconf 82' lang='lat' dir='ltr'><strong>maxima</strong></span> <span class='ocrx_word' id='word_1_381' title='bbox 1393 2705 1725 2746; x_wconf 88' lang='lat' dir='ltr'><strong>consensum</strong></span> <span class='ocrx_word' id='word_1_382' title='bbox 1775 2693 2042 2748; x_wconf 82' lang='lat' dir='ltr'><strong>attribuit.</strong></span> <span class='ocrx_word' id='word_1_383' title='bbox 2150 2683 2288 2738; x_wconf 58' lang='lat' dir='ltr'><strong>bibit</strong></span> <span class='ocrx_word' id='word_1_384' title='bbox 2309 2685 2458 2753; x_wconf 83' lang='lat' dir='ltr'><strong>quod</strong></span> <span class='ocrx_word' id='word_1_385' title='bbox 2485 2693 2604 2739; x_wconf 59' lang='lat' dir='ltr'><strong>erat</strong></span> <span class='ocrx_word' id='word_1_386' title='bbox 2632 2684 2686 2737; x_wconf 82' lang='lat' dir='ltr'><strong>iu</strong></span> <span class='ocrx_word' id='word_1_387' title='bbox 2713 2684 2903 2739; x_wconf 56' lang='lat' dir='ltr'><strong>culice.</strong></span> <span class='ocrx_word' id='word_1_388' title='bbox 2939 2684 3004 2738; x_wconf 76' lang='grc' dir='ltr'><strong>Εῑ</strong></span> <span class='ocrx_word' id='word_1_389' title='bbox 3032 2693 3326 2755; x_wconf 76' lang='lat' dir='ltr'><strong>postquam</strong></span> <span class='ocrx_word' id='word_1_390' title='bbox 3377 2684 3525 2738; x_wconf 59' lang='lat' dir='ltr'><strong>bibit</strong></span> <span class='ocrx_word' id='word_1_391' title='bbox 3566 2685 3728 2738; x_wconf 62' lang='lat' dir='ltr'><strong>diiilt</strong></span> 
     </span>
    </p>
   </div>
   <div class='ocr_carea' id='block_1_30' title="bbox 467 2770 3728 2852">
    <p class='ocr_par' dir='ltr' id='par_1_30' title="bbox 467 2770 3728 2852">
     <span class='ocr_line' id='line_1_30' title="bbox 467 2770 3728 2852; baseline 0.005 -29"><span class='ocrx_word' id='word_1_392' title='bbox 467 2770 624 2826; x_wconf 92' lang='lat' dir='ltr'><strong>Tunc</strong></span> <span class='ocrx_word' id='word_1_393' title='bbox 651 2772 842 2828; x_wconf 91' lang='lat' dir='ltr'><strong>beatus</strong></span> <span class='ocrx_word' id='word_1_394' title='bbox 871 2773 1112 2830; x_wconf 91' lang='lat' dir='ltr'><strong>Joannes</strong></span> <span class='ocrx_word' id='word_1_395' title='bbox 1142 2777 1358 2832; x_wconf 91' lang='lat' dir='ltr'><strong>blandis</strong></span> <span class='ocrx_word' id='word_1_396' title='bbox 1389 2778 1645 2848; x_wconf 85' lang='lat' dir='ltr'><strong>alloquiis</strong></span> <span class='ocrx_word' id='word_1_397' title='bbox 1666 2782 1928 2836; x_wconf 86' lang='lat' dir='ltr'><strong>exorabat</strong></span> <span class='ocrx_word' id='word_1_398' title='bbox 1950 2798 2049 2852; x_wconf 78' lang='grc' dir='ltr'><strong>ρο-</strong></span> <span class='ocrx_word' id='word_1_399' title='bbox 2152 2774 2289 2830; x_wconf 83' lang='lat' dir='ltr'><strong>Peto</strong></span> <span class='ocrx_word' id='word_1_400' title='bbox 2307 2782 2368 2828; x_wconf 91' lang='lat' dir='ltr'><strong>ut</strong></span> <span class='ocrx_word' id='word_1_401' title='bbox 2389 2775 2445 2828; x_wconf 93' lang='lat' dir='ltr'><strong>hi</strong></span> <span class='ocrx_word' id='word_1_402' title='bbox 2471 2783 2692 2845; x_wconf 84' lang='lat' dir='ltr'><strong>propter</strong></span> <span class='ocrx_word' id='word_1_403' title='bbox 2713 2791 2855 2844; x_wconf 89' lang='lat' dir='ltr'><strong>quos</strong></span> <span class='ocrx_word' id='word_1_404' title='bbox 2885 2774 3022 2842; x_wconf 88' lang='lat' dir='ltr'><strong>bibi,</strong></span> <span class='ocrx_word' id='word_1_405' title='bbox 3049 2776 3276 2830; x_wconf 76' lang='lat' dir='ltr'><strong>credant</strong></span> <span class='ocrx_word' id='word_1_406' title='bbox 3294 2775 3350 2828; x_wconf 84' lang='lat' dir='ltr'><strong>in</strong></span> <span class='ocrx_word' id='word_1_407' title='bbox 3379 2785 3452 2838; x_wconf 77' lang='lat' dir='ltr'><strong>te.</strong></span> <span class='ocrx_word' id='word_1_408' title='bbox 3481 2773 3728 2838; x_wconf 62' lang='lat' dir='ltr'><strong>homine.</strong></span> 
     </span>
    </p>
   </div>
   <div class='ocr_carea' id='block_1_31' title="bbox 463 2864 1992 2944">
    <p class='ocr_par' dir='ltr' id='par_1_31' title="bbox 463 2864 1991 2944">
     <span class='ocr_line' id='line_1_31' title="bbox 463 2864 1991 2944; baseline 0.01 -28"><span class='ocrx_word' id='word_1_409' title='bbox 463 2864 674 2933; x_wconf 89' lang='lat' dir='ltr'><strong>pulum,</strong></span> <span class='ocrx_word' id='word_1_410' title='bbox 714 2874 773 2920; x_wconf 89' lang='lat' dir='ltr'><strong>ut</strong></span> <span class='ocrx_word' id='word_1_411' title='bbox 805 2881 835 2920; x_wconf 91' lang='lat' dir='ltr'><strong>a</strong></span> <span class='ocrx_word' id='word_1_412' title='bbox 870 2867 1070 2936; x_wconf 88' lang='lat' dir='ltr'><strong>templo</strong></span> <span class='ocrx_word' id='word_1_413' title='bbox 1104 2867 1262 2939; x_wconf 85' lang='lat' dir='ltr'><strong>longe</strong></span> <span class='ocrx_word' id='word_1_414' title='bbox 1283 2885 1342 2924; x_wconf 88' lang='lat' dir='ltr'><strong>se</strong></span> <span class='ocrx_word' id='word_1_415' title='bbox 1363 2869 1624 2927; x_wconf 86' lang='lat' dir='ltr'><strong>facerent.</strong></span> <span class='ocrx_word' id='word_1_416' title='bbox 1652 2872 1901 2944; x_wconf 89' lang='lat' dir='ltr'><strong>Cumque</strong></span> <span class='ocrx_word' id='word_1_417' title='bbox 1922 2892 1991 2930; x_wconf 89' lang='lat' dir='ltr'><strong>un</strong></span> 
     </span>
    </p>
   </div>
   <div class='ocr_carea' id='block_1_32' title="bbox 2200 2864 3729 2944">
    <p class='ocr_par' dir='ltr' id='par_1_32' title="bbox 2200 2866 3729 2937">
     <span class='ocr_line' id='line_1_32' title="bbox 2200 2866 3729 2937; baseline 0.001 -19"><span class='ocrx_word' id='word_1_418' title='bbox 2200 2912 2201 2918; x_wconf 47' lang='grc' dir='ltr'><strong>η</strong></span> <span class='ocrx_word' id='word_1_419' title='bbox 2228 2867 2486 2932; x_wconf 89' lang='lat' dir='ltr'><strong>salutem,</strong></span> <span class='ocrx_word' id='word_1_420' title='bbox 2513 2882 2636 2936; x_wconf 67' lang='lat' dir='ltr'><strong>quae</strong></span> <span class='ocrx_word' id='word_1_421' title='bbox 2651 2867 2796 2937; x_wconf 90' lang='lat' dir='ltr'><strong>apud</strong></span> <span class='ocrx_word' id='word_1_422' title='bbox 2826 2876 2878 2921; x_wconf 91' lang='lat' dir='ltr'><strong>te</strong></span> <span class='ocrx_word' id='word_1_423' title='bbox 2898 2877 3003 2929; x_wconf 85' lang='lat' dir='ltr'><strong>est,</strong></span> <span class='ocrx_word' id='word_1_424' title='bbox 3025 2875 3079 2921; x_wconf 90' lang='lat' dir='ltr'><strong>te</strong></span> <span class='ocrx_word' id='word_1_425' title='bbox 3103 2866 3453 2921; x_wconf 88' lang='lat' dir='ltr'><strong>illuminante</strong></span> <span class='ocrx_word' id='word_1_426' title='bbox 3485 2883 3729 2923; x_wconf 86' lang='lat' dir='ltr'><strong>merean-</strong></span> 
     </span>
    </p>
   </div>
   <div class='ocr_carea' id='block_1_33' title="bbox 463 2955 1992 3030">
    <p class='ocr_par' dir='ltr' id='par_1_33' title="bbox 463 2955 1992 3030">
     <span class='ocr_line' id='line_1_33' title="bbox 463 2955 1992 3030; baseline 0.007 -20"><span class='ocrx_word' id='word_1_427' title='bbox 463 2955 607 3010; x_wconf 90' lang='lat' dir='ltr'><strong>versi</strong></span> <span class='ocrx_word' id='word_1_428' title='bbox 639 2971 704 3010; x_wconf 85' lang='lat' dir='ltr'><strong>ex</strong></span> <span class='ocrx_word' id='word_1_429' title='bbox 748 2958 996 3014; x_wconf 89' lang='lat' dir='ltr'><strong>interiori</strong></span> <span class='ocrx_word' id='word_1_430' title='bbox 1047 2969 1198 3029; x_wconf 88' lang='lat' dir='ltr'><strong>parte</strong></span> <span class='ocrx_word' id='word_1_431' title='bbox 1237 2959 1386 3017; x_wconf 89' lang='lat' dir='ltr'><strong>foras</strong></span> <span class='ocrx_word' id='word_1_432' title='bbox 1419 2963 1680 3030; x_wconf 88' lang='lat' dir='ltr'><strong>exissent,</strong></span> <span class='ocrx_word' id='word_1_433' title='bbox 1715 2981 1850 3020; x_wconf 89' lang='lat' dir='ltr'><strong>voce</strong></span> <span class='ocrx_word' id='word_1_434' title='bbox 1895 2967 1992 3022; x_wconf 70' lang='lat' dir='ltr'><strong>cla:</strong></span> 
     </span>
    </p>
   </div>
   <div class='ocr_carea' id='block_1_34' title="bbox 2195 2955 3724 3030">
    <p class='ocr_par' dir='ltr' id='par_1_34' title="bbox 2195 2958 3724 3028">
     <span class='ocr_line' id='line_1_34' title="bbox 2195 2958 3724 3028; baseline 0 -16"><span class='ocrx_word' id='word_1_435' title='bbox 2195 2974 2239 3012; x_wconf 87' lang='lat' dir='ltr'><strong>Ir</strong></span> <span class='ocrx_word' id='word_1_436' title='bbox 2268 2960 2536 3028; x_wconf 78' lang='lat' dir='ltr'><strong>accipere.</strong></span> <span class='ocrx_word' id='word_1_437' title='bbox 2581 2958 2939 3014; x_wconf 82' lang='lat' dir='ltr'><strong>Attendentes</strong></span> <span class='ocrx_word' id='word_1_438' title='bbox 2993 2967 3176 3014; x_wconf 87' lang='lat' dir='ltr'><strong>autem</strong></span> <span class='ocrx_word' id='word_1_439' title='bbox 3219 2958 3407 3028; x_wconf 91' lang='lat' dir='ltr'><strong>populi</strong></span> <span class='ocrx_word' id='word_1_440' title='bbox 3461 2958 3724 3014; x_wconf 86' lang='lat' dir='ltr'><strong>Joannem</strong></span> 
     </span>
    </p>
   </div>
   <div class='ocr_carea' id='block_1_35' title="bbox 462 3049 3729 3120">
    <p class='ocr_par' dir='ltr' id='par_1_35' title="bbox 462 3049 3729 3120">
     <span class='ocr_line' id='line_1_35' title="bbox 462 3049 3729 3120; baseline 0.004 -17"><span class='ocrx_word' id='word_1_441' title='bbox 462 3064 650 3104; x_wconf 89' lang='lat' dir='ltr'><strong>coram</strong></span> <span class='ocrx_word' id='word_1_442' title='bbox 704 3051 961 3107; x_wconf 90' lang='lat' dir='ltr'><strong>omnibus</strong></span> <span class='ocrx_word' id='word_1_443' title='bbox 1003 3053 1172 3107; x_wconf 84' lang='lat' dir='ltr'><strong>dixit:</strong></span> <span class='ocrx_word' id='word_1_444' title='bbox 1205 3053 1274 3108; x_wconf 92' lang='lat' dir='ltr'><strong>Ut</strong></span> <span class='ocrx_word' id='word_1_445' title='bbox 1320 3056 1461 3110; x_wconf 83' lang='lat' dir='ltr'><strong>sciat</strong></span> <span class='ocrx_word' id='word_1_446' title='bbox 1499 3057 1614 3113; x_wconf 71' lang='lat' dir='ltr'><strong>haec</strong></span> <span class='ocrx_word' id='word_1_447' title='bbox 1659 3060 1841 3114; x_wconf 92' lang='lat' dir='ltr'><strong>omnis</strong></span> <span class='ocrx_word' id='word_1_448' title='bbox 1885 3062 2041 3114; x_wconf 90' lang='lat' dir='ltr'><strong>turba</strong></span> <span class='ocrx_word' id='word_1_449' title='bbox 2148 3063 2245 3118; x_wconf 72' lang='lat' dir='ltr'><strong>Per</strong></span> <span class='ocrx_word' id='word_1_450' title='bbox 2277 3056 2387 3105; x_wconf 66' lang='lat' dir='ltr'><strong>ires</strong></span> <span class='ocrx_word' id='word_1_451' title='bbox 2419 3049 2584 3105; x_wconf 65' lang='lat' dir='ltr'><strong>horas</strong></span> <span class='ocrx_word' id='word_1_452' title='bbox 2613 3051 2823 3104; x_wconf 66' lang='lat' dir='ltr'><strong>Wlium</strong></span> <span class='ocrx_word' id='word_1_453' title='bbox 2860 3051 3064 3106; x_wconf 74' lang='lat' dir='ltr'><strong>habere</strong></span> <span class='ocrx_word' id='word_1_454' title='bbox 3091 3049 3343 3114; x_wconf 65' lang='lat' dir='ltr'><strong>hilarem.</strong></span> <span class='ocrx_word' id='word_1_455' title='bbox 3373 3059 3428 3104; x_wconf 71' lang='grc' dir='ltr'>ει</span> <span class='ocrx_word' id='word_1_456' title='bbox 3467 3052 3622 3104; x_wconf 72' lang='grc' dir='ltr'><strong>Παιιὲ</strong></span> <span class='ocrx_word' id='word_1_457' title='bbox 3644 3066 3729 3120; x_wconf 68' lang='lat' dir='ltr'><strong>PC-</strong></span> 
     </span>
    </p>
   </div>
   <div class='ocr_carea' id='block_1_36' title="bbox 462 3130 3724 3216">
    <p class='ocr_par' dir='ltr' id='par_1_36' title="bbox 462 3130 3724 3216">
     <span class='ocr_line' id='line_1_36' title="bbox 462 3130 3724 3216; baseline 0.004 -22"><span class='ocrx_word' id='word_1_458' title='bbox 462 3141 593 3210; x_wconf 90' lang='lat' dir='ltr'><strong>quia</strong></span> <span class='ocrx_word' id='word_1_459' title='bbox 625 3142 830 3196; x_wconf 91' lang='lat' dir='ltr'><strong>idolum</strong></span> <span class='ocrx_word' id='word_1_460' title='bbox 858 3143 961 3198; x_wconf 87' lang='lat' dir='ltr'><strong>hoc</strong></span> <span class='ocrx_word' id='word_1_461' title='bbox 982 3143 1164 3200; x_wconf 65' lang='lat' dir='ltr'><strong>Diana:</strong></span> <span class='ocrx_word' id='word_1_462' title='bbox 1187 3130 1515 3202; x_wconf 75' lang='lat' dir='ltr'><strong>daemonium</strong></span> <span class='ocrx_word' id='word_1_463' title='bbox 1543 3159 1648 3216; x_wconf 89' lang='lat' dir='ltr'><strong>est,</strong></span> <span class='ocrx_word' id='word_1_464' title='bbox 1673 3162 1894 3206; x_wconf 88' lang='lat' dir='ltr'><strong>corruat</strong></span> <span class='ocrx_word' id='word_1_465' title='bbox 1917 3169 2040 3206; x_wconf 91' lang='lat' dir='ltr'><strong>cum</strong></span> <span class='ocrx_word' id='word_1_466' title='bbox 2075 3197 2113 3216; x_wconf 66' lang='grc' dir='ltr'>η</span> <span class='ocrx_word' id='word_1_467' title='bbox 2150 3140 2301 3196; x_wconf 60' lang='lat' dir='ltr'><strong>uitus</strong></span> <span class='ocrx_word' id='word_1_468' title='bbox 2353 3141 2510 3211; x_wconf 71' lang='lat' dir='ltr'><strong>signa</strong></span> <span class='ocrx_word' id='word_1_469' title='bbox 2557 3142 2783 3211; x_wconf 67' lang='lat' dir='ltr'><strong>Palloris</strong></span> <span class='ocrx_word' id='word_1_470' title='bbox 2835 3150 2932 3196; x_wconf 69' lang='lat' dir='ltr'><strong>aui</strong></span> <span class='ocrx_word' id='word_1_471' title='bbox 2987 3142 3372 3212; x_wconf 60' lang='lat' dir='ltr'><strong>trepidationis</strong></span> <span class='ocrx_word' id='word_1_472' title='bbox 3397 3144 3724 3208; x_wconf 68' lang='lat' dir='ltr'><strong>habentem.</strong></span> 
     </span>
    </p>
   </div>
   <div class='ocr_carea' id='block_1_37' title="bbox 461 3197 1990 3309">
    <p class='ocr_par' dir='ltr' id='par_1_37' title="bbox 461 3197 1990 3309">
     <span class='ocr_line' id='line_1_37' title="bbox 483 3197 1990 3216; baseline 0.009 -11"><span class='ocrx_word' id='word_1_473' title='bbox 483 3197 495 3210; x_wconf 84' lang='lat'><strong>.</strong></span> <span class='ocrx_word' id='word_1_474' title='bbox 912 3197 915 3198; x_wconf 55' lang='grc' dir='ltr'><em>ν</em></span> <span class='ocrx_word' id='word_1_475' title='bbox 1090 3197 1159 3200; x_wconf 50' lang='grc' dir='ltr'><strong>νην</strong></span> <span class='ocrx_word' id='word_1_476' title='bbox 1194 3197 1515 3202; x_wconf 53' lang='grc' dir='ltr'><strong>ν-ν-----------</strong></span> <span class='ocrx_word' id='word_1_477' title='bbox 1547 3197 1648 3216; x_wconf 65' lang='grc'><strong>’⁷-7</strong></span> <span class='ocrx_word' id='word_1_478' title='bbox 1676 3197 1786 3205; x_wconf 64' lang='grc' dir='ltr'><strong>ων·-</strong></span> <span class='ocrx_word' id='word_1_479' title='bbox 1805 3197 1894 3206; x_wconf 59' lang='grc' dir='ltr'><strong>-κ-</strong></span> <span class='ocrx_word' id='word_1_480' title='bbox 1919 3197 1990 3206; x_wconf 51' lang='grc' dir='ltr'><strong>ννη</strong></span> 
     </span>
     <span class='ocr_line' id='line_1_38' title="bbox 461 3233 1990 3309; baseline 0.008 -25"><span class='ocrx_word' id='word_1_481' title='bbox 461 3233 720 3288; x_wconf 89' lang='lat' dir='ltr'><strong>omnibus</strong></span> <span class='ocrx_word' id='word_1_482' title='bbox 748 3233 1081 3292; x_wconf 84' lang='lat' dir='ltr'><strong>manufactis</strong></span> <span class='ocrx_word' id='word_1_483' title='bbox 1112 3236 1276 3292; x_wconf 91' lang='lat' dir='ltr'><strong>idolis</strong></span> <span class='ocrx_word' id='word_1_484' title='bbox 1299 3253 1420 3306; x_wconf 74' lang='lat' dir='ltr'><strong>qua:</strong></span> <span class='ocrx_word' id='word_1_485' title='bbox 1453 3239 1714 3295; x_wconf 88' lang='lat' dir='ltr'><strong>coluntur</strong></span> <span class='ocrx_word' id='word_1_486' title='bbox 1746 3242 1799 3297; x_wconf 90' lang='lat' dir='ltr'><strong>in</strong></span> <span class='ocrx_word' id='word_1_487' title='bbox 1831 3260 1930 3309; x_wconf 90' lang='lat' dir='ltr'><strong>eo,</strong></span> <span class='ocrx_word' id='word_1_488' title='bbox 1966 3246 1990 3298; x_wconf 60' lang='grc' dir='ltr'><strong>ιι</strong></span> 
     </span>
    </p>
   </div>
   <div class='ocr_carea' id='block_1_38' title="bbox 2196 3197 3725 3309">
    <p class='ocr_par' dir='ltr' id='par_1_38' title="bbox 2201 3233 3725 3304">
     <span class='ocr_line' id='line_1_39' title="bbox 2201 3233 3725 3304; baseline 0.001 -18"><span class='ocrx_word' id='word_1_489' title='bbox 2201 3247 2389 3286; x_wconf 87' lang='lat' dir='ltr'><strong>amare</strong></span> <span class='ocrx_word' id='word_1_490' title='bbox 2428 3242 2714 3303; x_wconf 66' lang='lat' dir='ltr'><strong>coeperunt</strong></span> <span class='ocrx_word' id='word_1_491' title='bbox 2749 3249 2761 3284; x_wconf 91' lang='lat'><strong>:</strong></span> <span class='ocrx_word' id='word_1_492' title='bbox 2796 3233 2948 3288; x_wconf 92' lang='lat' dir='ltr'><strong>Unus</strong></span> <span class='ocrx_word' id='word_1_493' title='bbox 2971 3243 3026 3289; x_wconf 84' lang='lat' dir='ltr'><strong>et</strong></span> <span class='ocrx_word' id='word_1_494' title='bbox 3064 3249 3230 3289; x_wconf 89' lang='lat' dir='ltr'><strong>verus</strong></span> <span class='ocrx_word' id='word_1_495' title='bbox 3259 3233 3402 3289; x_wconf 81' lang='lat' dir='ltr'><strong>Deus</strong></span> <span class='ocrx_word' id='word_1_496' title='bbox 3427 3247 3542 3301; x_wconf 89' lang='lat' dir='ltr'><strong>est,</strong></span> <span class='ocrx_word' id='word_1_497' title='bbox 3573 3251 3725 3304; x_wconf 87' lang='lat' dir='ltr'><strong>quem</strong></span> 
     </span>
    </p>
   </div>
   <div class='ocr_carea' id='block_1_39' title="bbox 462 3321 3725 3389">
    <p class='ocr_par' dir='ltr' id='par_1_39' title="bbox 462 3321 3725 3389">
     <span class='ocr_line' id='line_1_40' title="bbox 462 3321 3725 3389; baseline 0.005 -15"><span class='ocrx_word' id='word_1_498' title='bbox 462 3327 522 3375; x_wconf 87' lang='lat' dir='ltr'><strong>ut</strong></span> <span class='ocrx_word' id='word_1_499' title='bbox 545 3323 751 3377; x_wconf 92' lang='lat' dir='ltr'><strong>nullam</strong></span> <span class='ocrx_word' id='word_1_500' title='bbox 779 3325 833 3377; x_wconf 94' lang='lat' dir='ltr'><strong>in</strong></span> <span class='ocrx_word' id='word_1_501' title='bbox 869 3325 1187 3381; x_wconf 87' lang='lat' dir='ltr'><strong>hominibus</strong></span> <span class='ocrx_word' id='word_1_502' title='bbox 1212 3327 1492 3382; x_wconf 70' lang='lat' dir='ltr'><strong>lmsionem</strong></span> <span class='ocrx_word' id='word_1_503' title='bbox 1531 3329 1723 3386; x_wconf 87' lang='lat' dir='ltr'><strong>faciat!</strong></span> <span class='ocrx_word' id='word_1_504' title='bbox 1771 3332 2044 3389; x_wconf 89' lang='lat' dir='ltr'><strong>Continuo</strong></span> <span class='ocrx_word' id='word_1_505' title='bbox 2147 3324 2279 3378; x_wconf 70' lang='lat' dir='ltr'><strong>(301ii</strong></span> <span class='ocrx_word' id='word_1_506' title='bbox 2303 3321 2566 3379; x_wconf 67' lang='grc' dir='ltr'><strong>11οῖίηιιθεῑ-</strong></span> <span class='ocrx_word' id='word_1_507' title='bbox 2594 3324 2964 3381; x_wconf 72' lang='grc' dir='ltr'><strong>Αΐίδιοάίιηυε</strong></span> <span class='ocrx_word' id='word_1_508' title='bbox 2987 3334 3170 3380; x_wconf 65' lang='lat' dir='ltr'><strong>autem</strong></span> <span class='ocrx_word' id='word_1_509' title='bbox 3199 3340 3300 3381; x_wconf 77' lang='lat' dir='ltr'><strong>nec</strong></span> <span class='ocrx_word' id='word_1_510' title='bbox 3336 3326 3417 3381; x_wconf 81' lang='lat' dir='ltr'><strong>Sic</strong></span> <span class='ocrx_word' id='word_1_511' title='bbox 3449 3327 3725 3389; x_wconf 72' lang='lat' dir='ltr'><strong>erodebal.</strong></span> 
     </span>
    </p>
   </div>
   <div class='ocr_carea' id='block_1_40' title="bbox 460 3408 3727 3495">
    <p class='ocr_par' dir='ltr' id='par_1_40' title="bbox 460 3408 3727 3495">
     <span class='ocr_line' id='line_1_41' title="bbox 460 3408 3727 3495; baseline 0.004 -28"><span class='ocrx_word' id='word_1_512' title='bbox 460 3423 643 3468; x_wconf 90' lang='lat' dir='ltr'><strong>autem</strong></span> <span class='ocrx_word' id='word_1_513' title='bbox 672 3415 739 3468; x_wconf 90' lang='lat' dir='ltr'><strong>ad</strong></span> <span class='ocrx_word' id='word_1_514' title='bbox 762 3431 954 3471; x_wconf 90' lang='lat' dir='ltr'><strong>vocem</strong></span> <span class='ocrx_word' id='word_1_515' title='bbox 981 3419 1216 3487; x_wconf 89' lang='lat' dir='ltr'><strong>apostoli</strong></span> <span class='ocrx_word' id='word_1_516' title='bbox 1243 3421 1433 3474; x_wconf 89' lang='lat' dir='ltr'><strong>omnia</strong></span> <span class='ocrx_word' id='word_1_517' title='bbox 1480 3420 1646 3476; x_wconf 91' lang='lat' dir='ltr'><strong>simul</strong></span> <span class='ocrx_word' id='word_1_518' title='bbox 1687 3439 1810 3478; x_wconf 92' lang='lat' dir='ltr'><strong>cum</strong></span> <span class='ocrx_word' id='word_1_519' title='bbox 1847 3427 2044 3495; x_wconf 91' lang='lat' dir='ltr'><strong>templo</strong></span> <span class='ocrx_word' id='word_1_520' title='bbox 2147 3415 2242 3470; x_wconf 71' lang='lat' dir='ltr'><strong>sed</strong></span> <span class='ocrx_word' id='word_1_521' title='bbox 2271 3415 2508 3485; x_wconf 76' lang='grc' dir='ltr'><strong>ρορυιυε</strong></span> <span class='ocrx_word' id='word_1_522' title='bbox 2526 3408 2856 3486; x_wconf 67' lang='lat' dir='ltr'><strong>obiurgabat</strong></span> <span class='ocrx_word' id='word_1_523' title='bbox 2886 3432 3037 3472; x_wconf 80' lang='lat' dir='ltr'><strong>eum-</strong></span> <span class='ocrx_word' id='word_1_524' title='bbox 3086 3416 3181 3472; x_wconf 77' lang='lat' dir='ltr'><strong>me</strong></span> <span class='ocrx_word' id='word_1_525' title='bbox 3214 3425 3398 3471; x_wconf 62' lang='lat' dir='ltr'><strong>autem</strong></span> <span class='ocrx_word' id='word_1_526' title='bbox 3429 3433 3727 3473; x_wconf 63' lang='lat' dir='ltr'><strong>conversus</strong></span> 
     </span>
    </p>
   </div>
   <div class='ocr_carea' id='block_1_41' title="bbox 461 3505 3727 3585">
    <p class='ocr_par' dir='ltr' id='par_1_41' title="bbox 461 3505 3727 3585">
     <span class='ocr_line' id='line_1_42' title="bbox 461 3505 3727 3585; baseline 0.004 -25"><span class='ocrx_word' id='word_1_527' title='bbox 461 3520 565 3560; x_wconf 89' lang='lat' dir='ltr'><strong>suo</strong></span> <span class='ocrx_word' id='word_1_528' title='bbox 593 3505 740 3561; x_wconf 88' lang='lat' dir='ltr'><strong>idola</strong></span> <span class='ocrx_word' id='word_1_529' title='bbox 772 3507 846 3562; x_wconf 89' lang='lat' dir='ltr'><strong>ita</strong></span> <span class='ocrx_word' id='word_1_530' title='bbox 870 3520 1297 3574; x_wconf 89' lang='lat' dir='ltr'><strong>corruerunt,ut</strong></span> <span class='ocrx_word' id='word_1_531' title='bbox 1319 3513 1661 3568; x_wconf 78' lang='lat' dir='ltr'><strong>efﬁcerentur</strong></span> <span class='ocrx_word' id='word_1_532' title='bbox 1680 3515 1821 3570; x_wconf 89' lang='lat' dir='ltr'><strong>sicut</strong></span> <span class='ocrx_word' id='word_1_533' title='bbox 1843 3517 2040 3585; x_wconf 88' lang='lat' dir='ltr'><strong>pulvis,</strong></span> <span class='ocrx_word' id='word_1_534' title='bbox 2145 3509 2212 3562; x_wconf 76' lang='lat' dir='ltr'><strong>ad</strong></span> <span class='ocrx_word' id='word_1_535' title='bbox 2237 3507 2503 3564; x_wconf 67' lang='lat' dir='ltr'><strong>Joannem</strong></span> <span class='ocrx_word' id='word_1_536' title='bbox 2538 3510 2711 3564; x_wconf 70' lang='lat' dir='ltr'><strong>diliti</strong></span> <span class='ocrx_word' id='word_1_537' title='bbox 2750 3512 2900 3565; x_wconf 77' lang='lat' dir='ltr'><strong>illest</strong></span> <span class='ocrx_word' id='word_1_538' title='bbox 2936 3510 3071 3564; x_wconf 83' lang='lat' dir='ltr'><strong>mihi</strong></span> <span class='ocrx_word' id='word_1_539' title='bbox 3100 3511 3283 3565; x_wconf 76' lang='lat' dir='ltr'><strong>adhuc</strong></span> <span class='ocrx_word' id='word_1_540' title='bbox 3310 3511 3602 3577; x_wconf 72' lang='lat' dir='ltr'><strong>dubietas.</strong></span> <span class='ocrx_word' id='word_1_541' title='bbox 3639 3511 3727 3564; x_wconf 58' lang='lat' dir='ltr'><strong>seu</strong></span> 
     </span>
    </p>
   </div>
   <div class='ocr_carea' id='block_1_42' title="bbox 460 3596 3726 3670">
    <p class='ocr_par' dir='ltr' id='par_1_42' title="bbox 460 3596 3726 3670">
     <span class='ocr_line' id='line_1_43' title="bbox 460 3596 3726 3670; baseline 0.005 -20"><span class='ocrx_word' id='word_1_542' title='bbox 460 3611 625 3665; x_wconf 88' lang='lat' dir='ltr'><strong>quem</strong></span> <span class='ocrx_word' id='word_1_543' title='bbox 669 3596 890 3666; x_wconf 86' lang='lat' dir='ltr'><strong>projicit</strong></span> <span class='ocrx_word' id='word_1_544' title='bbox 935 3609 1138 3658; x_wconf 69' lang='lat' dir='ltr'><strong>ventus.</strong></span> <span class='ocrx_word' id='word_1_545' title='bbox 1167 3616 1197 3653; x_wconf 91' lang='lat' dir='ltr'><strong>a</strong></span> <span class='ocrx_word' id='word_1_546' title='bbox 1225 3599 1364 3656; x_wconf 85' lang='lat' dir='ltr'><strong>facie</strong></span> <span class='ocrx_word' id='word_1_547' title='bbox 1402 3609 1580 3656; x_wconf 78' lang='lat' dir='ltr'><strong>terrae.</strong></span> <span class='ocrx_word' id='word_1_548' title='bbox 1618 3601 1881 3659; x_wconf 83' lang='lat' dir='ltr'><strong>Conversi</strong></span> <span class='ocrx_word' id='word_1_549' title='bbox 1913 3614 2044 3660; x_wconf 89' lang='lat' dir='ltr'><strong>sunt</strong></span> <span class='ocrx_word' id='word_1_550' title='bbox 2146 3600 2192 3654; x_wconf 90' lang='lat' dir='ltr'><strong>si</strong></span> <span class='ocrx_word' id='word_1_551' title='bbox 2217 3600 2352 3656; x_wconf 85' lang='lat' dir='ltr'><strong>istos</strong></span> <span class='ocrx_word' id='word_1_552' title='bbox 2375 3601 2469 3670; x_wconf 90' lang='lat' dir='ltr'><strong>qui</strong></span> <span class='ocrx_word' id='word_1_553' title='bbox 2500 3602 2606 3656; x_wconf 87' lang='lat' dir='ltr'><strong>hoc</strong></span> <span class='ocrx_word' id='word_1_554' title='bbox 2633 3617 2846 3658; x_wconf 85' lang='lat' dir='ltr'><strong>veneno</strong></span> <span class='ocrx_word' id='word_1_555' title='bbox 2876 3603 3080 3656; x_wconf 87' lang='lat' dir='ltr'><strong>mortui</strong></span> <span class='ocrx_word' id='word_1_556' title='bbox 3127 3615 3256 3658; x_wconf 87' lang='lat' dir='ltr'><strong>sunt</strong></span> <span class='ocrx_word' id='word_1_557' title='bbox 3292 3604 3349 3657; x_wconf 90' lang='lat' dir='ltr'><strong>in</strong></span> <span class='ocrx_word' id='word_1_558' title='bbox 3382 3606 3616 3660; x_wconf 83' lang='lat' dir='ltr'><strong>nomine</strong></span> <span class='ocrx_word' id='word_1_559' title='bbox 3640 3603 3726 3658; x_wconf 77' lang='lat' dir='ltr'><strong>Dei</strong></span> 
     </span>
    </p>
   </div>
   <div class='ocr_carea' id='block_1_43' title="bbox 459 3689 3724 3767">
    <p class='ocr_par' dir='ltr' id='par_1_43' title="bbox 459 3689 3724 3767">
     <span class='ocr_line' id='line_1_44' title="bbox 459 3689 3724 3767; baseline 0.003 -26"><span class='ocrx_word' id='word_1_560' title='bbox 459 3697 642 3742; x_wconf 89' lang='lat' dir='ltr'><strong>autem</strong></span> <span class='ocrx_word' id='word_1_561' title='bbox 667 3690 855 3743; x_wconf 91' lang='lat' dir='ltr'><strong>eadem</strong></span> <span class='ocrx_word' id='word_1_562' title='bbox 889 3689 978 3745; x_wconf 87' lang='lat' dir='ltr'><strong>die</strong></span> <span class='ocrx_word' id='word_1_563' title='bbox 1009 3691 1301 3748; x_wconf 83' lang='lat' dir='ltr'><strong>duodecim</strong></span> <span class='ocrx_word' id='word_1_564' title='bbox 1326 3695 1499 3748; x_wconf 93' lang='lat' dir='ltr'><strong>millia</strong></span> <span class='ocrx_word' id='word_1_565' title='bbox 1526 3696 1769 3765; x_wconf 79' lang='lat' dir='ltr'><strong>gentium</strong></span> <span class='ocrx_word' id='word_1_566' title='bbox 1798 3697 2042 3767; x_wconf 82' lang='lat' dir='ltr'><strong>exceptis</strong></span> <span class='ocrx_word' id='word_1_567' title='bbox 2148 3695 2223 3748; x_wconf 90' lang='lat' dir='ltr'><strong>tui</strong></span> <span class='ocrx_word' id='word_1_568' title='bbox 2256 3694 2581 3749; x_wconf 80' lang='lat' dir='ltr'><strong>excitaveris</strong></span> <span class='ocrx_word' id='word_1_569' title='bbox 2606 3735 2622 3760; x_wconf 94' lang='lat'><strong>,</strong></span> <span class='ocrx_word' id='word_1_570' title='bbox 2664 3693 3055 3749; x_wconf 85' lang='lat' dir='ltr'><strong>emundabitur</strong></span> <span class='ocrx_word' id='word_1_571' title='bbox 3100 3710 3196 3750; x_wconf 86' lang='lat' dir='ltr'><strong>cor</strong></span> <span class='ocrx_word' id='word_1_572' title='bbox 3243 3709 3426 3750; x_wconf 88' lang='lat' dir='ltr'><strong>meum</strong></span> <span class='ocrx_word' id='word_1_573' title='bbox 3482 3697 3556 3750; x_wconf 88' lang='lat' dir='ltr'><strong>ab</strong></span> <span class='ocrx_word' id='word_1_574' title='bbox 3585 3695 3724 3750; x_wconf 87' lang='lat' dir='ltr'><strong>omni</strong></span> 
     </span>
    </p>
   </div>
   <div class='ocr_carea' id='block_1_44' title="bbox 459 3779 3724 3856">
    <p class='ocr_par' dir='ltr' id='par_1_44' title="bbox 459 3779 3724 3856">
     <span class='ocr_line' id='line_1_45' title="bbox 459 3779 3724 3856; baseline 0.003 -26"><span class='ocrx_word' id='word_1_575' title='bbox 459 3779 703 3847; x_wconf 83' lang='lat' dir='ltr'><strong>parvulis</strong></span> <span class='ocrx_word' id='word_1_576' title='bbox 726 3788 779 3832; x_wconf 91' lang='lat' dir='ltr'><strong>et</strong></span> <span class='ocrx_word' id='word_1_577' title='bbox 809 3779 1168 3848; x_wconf 90' lang='lat' dir='ltr'><strong>mulieribus,</strong></span> <span class='ocrx_word' id='word_1_578' title='bbox 1196 3791 1250 3836; x_wconf 91' lang='lat' dir='ltr'><strong>et</strong></span> <span class='ocrx_word' id='word_1_579' title='bbox 1289 3782 1632 3852; x_wconf 79' lang='lat' dir='ltr'><strong>baptismatis</strong></span> <span class='ocrx_word' id='word_1_580' title='bbox 1678 3795 1807 3839; x_wconf 90' lang='lat' dir='ltr'><strong>sunt</strong></span> <span class='ocrx_word' id='word_1_581' title='bbox 1843 3802 2040 3840; x_wconf 88' lang='lat' dir='ltr'><strong>conse-</strong></span> <span class='ocrx_word' id='word_1_582' title='bbox 2143 3785 2440 3840; x_wconf 90' lang='lat' dir='ltr'><strong>dubietate.</strong></span> <span class='ocrx_word' id='word_1_583' title='bbox 2493 3785 2686 3856; x_wconf 89' lang='lat' dir='ltr'><strong>Populi</strong></span> <span class='ocrx_word' id='word_1_584' title='bbox 2737 3793 2922 3840; x_wconf 90' lang='lat' dir='ltr'><strong>autem</strong></span> <span class='ocrx_word' id='word_1_585' title='bbox 2963 3786 3322 3855; x_wconf 83' lang='lat' dir='ltr'><strong>tnsurgebant</strong></span> <span class='ocrx_word' id='word_1_586' title='bbox 3357 3787 3415 3840; x_wconf 93' lang='lat' dir='ltr'><strong>in</strong></span> <span class='ocrx_word' id='word_1_587' title='bbox 3459 3787 3724 3842; x_wconf 78' lang='lat' dir='ltr'><strong>Aristodi—</strong></span> 
     </span>
    </p>
   </div>
   <div class='ocr_carea' id='block_1_45' title="bbox 459 3868 3722 3945">
    <p class='ocr_par' dir='ltr' id='par_1_45' title="bbox 459 3868 3722 3945">
     <span class='ocr_line' id='line_1_46' title="bbox 459 3868 3722 3945; baseline 0.002 -22"><span class='ocrx_word' id='word_1_588' title='bbox 459 3869 597 3923; x_wconf 89' lang='lat' dir='ltr'><strong>crati</strong></span> <span class='ocrx_word' id='word_1_589' title='bbox 622 3868 836 3922; x_wconf 86' lang='lat' dir='ltr'><strong>virtute.</strong></span> <span class='ocrx_word' id='word_1_590' title='bbox 869 3868 1023 3924; x_wconf 91' lang='lat' dir='ltr'><strong>Tunc</strong></span> <span class='ocrx_word' id='word_1_591' title='bbox 1068 3871 1463 3939; x_wconf 89' lang='lat' dir='ltr'><strong>Aristodimus,</strong></span> <span class='ocrx_word' id='word_1_592' title='bbox 1496 3874 1590 3944; x_wconf 89' lang='lat' dir='ltr'><strong>qui</strong></span> <span class='ocrx_word' id='word_1_593' title='bbox 1645 3885 1766 3930; x_wconf 88' lang='lat' dir='ltr'><strong>erat</strong></span> <span class='ocrx_word' id='word_1_594' title='bbox 1794 3875 2038 3945; x_wconf 85' lang='lat' dir='ltr'><strong>pontifex</strong></span> <span class='ocrx_word' id='word_1_595' title='bbox 2144 3892 2292 3931; x_wconf 92' lang='lat' dir='ltr'><strong>mum</strong></span> <span class='ocrx_word' id='word_1_596' title='bbox 2335 3876 2609 3932; x_wconf 90' lang='lat' dir='ltr'><strong>dicentes:</strong></span> <span class='ocrx_word' id='word_1_597' title='bbox 2644 3875 3003 3933; x_wconf 89' lang='lat' dir='ltr'><strong>lncendemus</strong></span> <span class='ocrx_word' id='word_1_598' title='bbox 3028 3888 3082 3933; x_wconf 89' lang='lat' dir='ltr'><strong>et</strong></span> <span class='ocrx_word' id='word_1_599' title='bbox 3111 3886 3164 3933; x_wconf 88' lang='lat' dir='ltr'><strong>te</strong></span> <span class='ocrx_word' id='word_1_600' title='bbox 3191 3890 3246 3932; x_wconf 90' lang='lat' dir='ltr'><strong>et</strong></span> <span class='ocrx_word' id='word_1_601' title='bbox 3285 3878 3520 3933; x_wconf 87' lang='lat' dir='ltr'><strong>domum</strong></span> <span class='ocrx_word' id='word_1_602' title='bbox 3560 3888 3722 3942; x_wconf 85' lang='lat' dir='ltr'><strong>tuam,</strong></span> 
     </span>
    </p>
   </div>
   <div class='ocr_carea' id='block_1_46' title="bbox 458 3960 3722 4037">
    <p class='ocr_par' dir='ltr' id='par_1_46' title="bbox 458 3960 3722 4037">
     <span class='ocr_line' id='line_1_47' title="bbox 458 3960 3722 4037; baseline 0.002 -22"><span class='ocrx_word' id='word_1_603' title='bbox 458 3960 704 4015; x_wconf 88' lang='lat' dir='ltr'><strong>omnium</strong></span> <span class='ocrx_word' id='word_1_604' title='bbox 729 3960 1024 4026; x_wconf 83' lang='lat' dir='ltr'><strong>idolorum,</strong></span> <span class='ocrx_word' id='word_1_605' title='bbox 1049 3963 1286 4032; x_wconf 88' lang='lat' dir='ltr'><strong>repletus</strong></span> <span class='ocrx_word' id='word_1_606' title='bbox 1313 3964 1508 4032; x_wconf 88' lang='lat' dir='ltr'><strong>spiritu</strong></span> <span class='ocrx_word' id='word_1_607' title='bbox 1531 3965 1872 4034; x_wconf 90' lang='lat' dir='ltr'><strong>nequissimo</strong></span> <span class='ocrx_word' id='word_1_608' title='bbox 1895 3966 2040 4020; x_wconf 78' lang='lat' dir='ltr'><strong>exci-</strong></span> <span class='ocrx_word' id='word_1_609' title='bbox 2143 3967 2189 4020; x_wconf 92' lang='lat' dir='ltr'><strong>si</strong></span> <span class='ocrx_word' id='word_1_610' title='bbox 2217 3982 2390 4022; x_wconf 91' lang='lat' dir='ltr'><strong>ausus</strong></span> <span class='ocrx_word' id='word_1_611' title='bbox 2420 3965 2590 4023; x_wconf 85' lang='lat' dir='ltr'><strong>fueris</strong></span> <span class='ocrx_word' id='word_1_612' title='bbox 2621 3967 2762 4022; x_wconf 91' lang='lat' dir='ltr'><strong>ultra</strong></span> <span class='ocrx_word' id='word_1_613' title='bbox 2786 3967 3099 4037; x_wconf 88' lang='lat' dir='ltr'><strong>apostolum</strong></span> <span class='ocrx_word' id='word_1_614' title='bbox 3128 3966 3225 4022; x_wconf 88' lang='lat' dir='ltr'><strong>Dei</strong></span> <span class='ocrx_word' id='word_1_615' title='bbox 3251 3968 3306 4022; x_wconf 93' lang='lat' dir='ltr'><strong>in</strong></span> <span class='ocrx_word' id='word_1_616' title='bbox 3331 3976 3427 4024; x_wconf 86' lang='lat' dir='ltr'><strong>tuo</strong></span> <span class='ocrx_word' id='word_1_617' title='bbox 3479 3982 3722 4024; x_wconf 89' lang='lat' dir='ltr'><strong>sermone</strong></span> 
     </span>
    </p>
   </div>
   <div class='ocr_carea' id='block_1_47' title="bbox 459 4052 3721 4126">
    <p class='ocr_par' dir='ltr' id='par_1_47' title="bbox 459 4052 3721 4126">
     <span class='ocr_line' id='line_1_48' title="bbox 459 4052 3721 4126; baseline 0.002 -20"><span class='ocrx_word' id='word_1_618' title='bbox 459 4052 594 4106; x_wconf 90' lang='lat' dir='ltr'><strong>tavit</strong></span> <span class='ocrx_word' id='word_1_619' title='bbox 621 4052 946 4107; x_wconf 91' lang='lat' dir='ltr'><strong>seditionem</strong></span> <span class='ocrx_word' id='word_1_620' title='bbox 978 4054 1033 4107; x_wconf 92' lang='lat' dir='ltr'><strong>in</strong></span> <span class='ocrx_word' id='word_1_621' title='bbox 1066 4055 1294 4125; x_wconf 81' lang='lat' dir='ltr'><strong>populo,</strong></span> <span class='ocrx_word' id='word_1_622' title='bbox 1346 4057 1419 4110; x_wconf 91' lang='lat' dir='ltr'><strong>ita</strong></span> <span class='ocrx_word' id='word_1_623' title='bbox 1472 4065 1532 4110; x_wconf 89' lang='lat' dir='ltr'><strong>ut</strong></span> <span class='ocrx_word' id='word_1_624' title='bbox 1583 4057 1818 4126; x_wconf 90' lang='lat' dir='ltr'><strong>populus</strong></span> <span class='ocrx_word' id='word_1_625' title='bbox 1848 4067 2038 4113; x_wconf 91' lang='lat' dir='ltr'><strong>contra</strong></span> <span class='ocrx_word' id='word_1_626' title='bbox 2143 4057 2325 4113; x_wconf 87' lang='lat' dir='ltr'><strong>facere</strong></span> <span class='ocrx_word' id='word_1_627' title='bbox 2346 4059 2618 4115; x_wconf 89' lang='lat' dir='ltr'><strong>laborare.</strong></span> <span class='ocrx_word' id='word_1_628' title='bbox 2648 4059 2854 4114; x_wconf 82' lang='lat' dir='ltr'><strong>Videns</strong></span> <span class='ocrx_word' id='word_1_629' title='bbox 2880 4069 3062 4114; x_wconf 88' lang='lat' dir='ltr'><strong>autem</strong></span> <span class='ocrx_word' id='word_1_630' title='bbox 3102 4057 3346 4115; x_wconf 89' lang='lat' dir='ltr'><strong>Joannes</strong></span> <span class='ocrx_word' id='word_1_631' title='bbox 3396 4061 3721 4116; x_wconf 86' lang='lat' dir='ltr'><strong>acerrimam</strong></span> 
     </span>
    </p>
   </div>
   <div class='ocr_carea' id='block_1_48' title="bbox 458 4144 3720 4218">
    <p class='ocr_par' dir='ltr' id='par_1_48' title="bbox 458 4144 3720 4218">
     <span class='ocr_line' id='line_1_49' title="bbox 458 4144 3720 4218; baseline 0.001 -20"><span class='ocrx_word' id='word_1_632' title='bbox 458 4144 718 4212; x_wconf 85' lang='lat' dir='ltr'><strong>pepulum</strong></span> <span class='ocrx_word' id='word_1_633' title='bbox 749 4154 1037 4213; x_wconf 88' lang='lat' dir='ltr'><strong>pararetur</strong></span> <span class='ocrx_word' id='word_1_634' title='bbox 1065 4145 1133 4199; x_wconf 90' lang='lat' dir='ltr'><strong>ad</strong></span> <span class='ocrx_word' id='word_1_635' title='bbox 1152 4146 1378 4202; x_wconf 91' lang='lat' dir='ltr'><strong>bellum.</strong></span> <span class='ocrx_word' id='word_1_636' title='bbox 1425 4145 1532 4201; x_wconf 91' lang='lat' dir='ltr'><strong>Sed</strong></span> <span class='ocrx_word' id='word_1_637' title='bbox 1565 4147 1759 4202; x_wconf 90' lang='lat' dir='ltr'><strong>beatus</strong></span> <span class='ocrx_word' id='word_1_638' title='bbox 1798 4145 2036 4204; x_wconf 90' lang='lat' dir='ltr'><strong>Joannes</strong></span> <span class='ocrx_word' id='word_1_639' title='bbox 2142 4144 2467 4202; x_wconf 87' lang='lat' dir='ltr'><strong>seditionem</strong></span> <span class='ocrx_word' id='word_1_640' title='bbox 2487 4147 2630 4212; x_wconf 80' lang='lat' dir='ltr'><strong>fieri,</strong></span> <span class='ocrx_word' id='word_1_641' title='bbox 2651 4149 2806 4218; x_wconf 90' lang='lat' dir='ltr'><strong>petiit</strong></span> <span class='ocrx_word' id='word_1_642' title='bbox 2831 4149 3107 4203; x_wconf 87' lang='lat' dir='ltr'><strong>silentium</strong></span> <span class='ocrx_word' id='word_1_643' title='bbox 3131 4156 3184 4202; x_wconf 92' lang='lat' dir='ltr'><strong>et</strong></span> <span class='ocrx_word' id='word_1_644' title='bbox 3202 4149 3470 4204; x_wconf 90' lang='lat' dir='ltr'><strong>omnibus</strong></span> <span class='ocrx_word' id='word_1_645' title='bbox 3501 4150 3720 4204; x_wconf 88' lang='lat' dir='ltr'><strong>audien-</strong></span> 
     </span>
    </p>
   </div>
   <div class='ocr_carea' id='block_1_49' title="bbox 459 4234 3718 4309">
    <p class='ocr_par' dir='ltr' id='par_1_49' title="bbox 459 4234 3718 4309">
     <span class='ocr_line' id='line_1_50' title="bbox 459 4234 3718 4309; baseline 0.001 -21"><span class='ocrx_word' id='word_1_646' title='bbox 459 4235 537 4288; x_wconf 90' lang='lat' dir='ltr'><strong>ait</strong></span> <span class='ocrx_word' id='word_1_647' title='bbox 573 4251 586 4286; x_wconf 90' lang='lat'><strong>:</strong></span> <span class='ocrx_word' id='word_1_648' title='bbox 622 4234 718 4290; x_wconf 90' lang='lat' dir='ltr'><strong>Dic</strong></span> <span class='ocrx_word' id='word_1_649' title='bbox 758 4236 916 4303; x_wconf 91' lang='lat' dir='ltr'><strong>mihi,</strong></span> <span class='ocrx_word' id='word_1_650' title='bbox 969 4235 1323 4302; x_wconf 78' lang='lat' dir='ltr'><strong>Aristodime,</strong></span> <span class='ocrx_word' id='word_1_651' title='bbox 1363 4238 1495 4307; x_wconf 90' lang='lat' dir='ltr'><strong>quid</strong></span> <span class='ocrx_word' id='word_1_652' title='bbox 1530 4237 1727 4292; x_wconf 83' lang='lat' dir='ltr'><strong>faciam</strong></span> <span class='ocrx_word' id='word_1_653' title='bbox 1761 4239 2036 4305; x_wconf 65' lang='lat' dir='ltr'><strong>ut,tollam</strong></span> <span class='ocrx_word' id='word_1_654' title='bbox 2142 4235 2288 4290; x_wconf 90' lang='lat' dir='ltr'><strong>tibus</strong></span> <span class='ocrx_word' id='word_1_655' title='bbox 2319 4237 2460 4292; x_wconf 81' lang='lat' dir='ltr'><strong>dixit</strong></span> <span class='ocrx_word' id='word_1_656' title='bbox 2497 4252 2513 4290; x_wconf 89' lang='lat'><strong>:</strong></span> <span class='ocrx_word' id='word_1_657' title='bbox 2548 4237 2729 4292; x_wconf 89' lang='lat' dir='ltr'><strong>Prima</strong></span> <span class='ocrx_word' id='word_1_658' title='bbox 2758 4247 2843 4293; x_wconf 92' lang='lat' dir='ltr'><strong>est</strong></span> <span class='ocrx_word' id='word_1_659' title='bbox 2873 4253 3040 4309; x_wconf 90' lang='lat' dir='ltr'><strong>quam</strong></span> <span class='ocrx_word' id='word_1_660' title='bbox 3086 4237 3154 4293; x_wconf 90' lang='lat' dir='ltr'><strong>de</strong></span> <span class='ocrx_word' id='word_1_661' title='bbox 3188 4239 3496 4295; x_wconf 90' lang='lat' dir='ltr'><strong>virtutibus</strong></span> <span class='ocrx_word' id='word_1_662' title='bbox 3527 4240 3718 4293; x_wconf 86' lang='lat' dir='ltr'><strong>divinis</strong></span> 
     </span>
    </p>
   </div>
   <div class='ocr_carea' id='block_1_50' title="bbox 457 4325 3717 4398">
    <p class='ocr_par' dir='ltr' id='par_1_50' title="bbox 457 4325 3717 4398">
     <span class='ocr_line' id='line_1_51' title="bbox 457 4325 3717 4398; baseline 0.001 -17"><span class='ocrx_word' id='word_1_663' title='bbox 457 4329 890 4398; x_wconf 87' lang='lat' dir='ltr'><strong>indignationem</strong></span> <span class='ocrx_word' id='word_1_664' title='bbox 917 4330 985 4384; x_wconf 90' lang='lat' dir='ltr'><strong>de</strong></span> <span class='ocrx_word' id='word_1_665' title='bbox 1010 4330 1197 4385; x_wconf 90' lang='lat' dir='ltr'><strong>animo</strong></span> <span class='ocrx_word' id='word_1_666' title='bbox 1229 4338 1344 4385; x_wconf 91' lang='lat' dir='ltr'><strong>tuo.</strong></span> <span class='ocrx_word' id='word_1_667' title='bbox 1394 4328 1496 4384; x_wconf 91' lang='lat' dir='ltr'><strong>Cui</strong></span> <span class='ocrx_word' id='word_1_668' title='bbox 1531 4330 1898 4388; x_wconf 81' lang='lat' dir='ltr'><strong>Aristodimus</strong></span> <span class='ocrx_word' id='word_1_669' title='bbox 1921 4333 2033 4386; x_wconf 88' lang='lat' dir='ltr'><strong>ait:</strong></span> <span class='ocrx_word' id='word_1_670' title='bbox 2139 4325 2344 4380; x_wconf 81' lang='lat' dir='ltr'><strong>imitari</strong></span> <span class='ocrx_word' id='word_1_671' title='bbox 2374 4327 2583 4383; x_wconf 88' lang='lat' dir='ltr'><strong>debetis</strong></span> <span class='ocrx_word' id='word_1_672' title='bbox 2615 4329 2958 4398; x_wconf 90' lang='lat' dir='ltr'><strong>patientiam,</strong></span> <span class='ocrx_word' id='word_1_673' title='bbox 2987 4344 3083 4398; x_wconf 90' lang='lat' dir='ltr'><strong>per</strong></span> <span class='ocrx_word' id='word_1_674' title='bbox 3112 4344 3275 4398; x_wconf 90' lang='lat' dir='ltr'><strong>quam</strong></span> <span class='ocrx_word' id='word_1_675' title='bbox 3319 4328 3469 4384; x_wconf 84' lang='lat' dir='ltr'><strong>ferre</strong></span> <span class='ocrx_word' id='word_1_676' title='bbox 3496 4329 3717 4394; x_wconf 88' lang='lat' dir='ltr'><strong>possitis</strong></span> 
     </span>
    </p>
   </div>
   <div class='ocr_carea' id='block_1_51' title="bbox 458 4417 3719 4491">
    <p class='ocr_par' dir='ltr' id='par_1_51' title="bbox 458 4417 3719 4491">
     <span class='ocr_line' id='line_1_52' title="bbox 458 4417 3719 4491; baseline 0.002 -26"><span class='ocrx_word' id='word_1_677' title='bbox 458 4421 617 4490; x_wconf 51' lang='lat' dir='ltr'><strong>suis</strong></span> <span class='ocrx_word' id='word_1_678' title='bbox 647 4430 705 4476; x_wconf 85' lang='grc' dir='ltr'>υι</span> <span class='ocrx_word' id='word_1_679' title='bbox 727 4422 947 4478; x_wconf 67' lang='lat' dir='ltr'><strong>credam</strong></span> <span class='ocrx_word' id='word_1_680' title='bbox 973 4421 1082 4478; x_wconf 76' lang='lat' dir='ltr'><strong>Deo</strong></span> <span class='ocrx_word' id='word_1_681' title='bbox 1107 4424 1380 4489; x_wconf 64' lang='lat' dir='ltr'><strong>tuo,dabo</strong></span> <span class='ocrx_word' id='word_1_682' title='bbox 1403 4425 1499 4479; x_wconf 72' lang='lat' dir='ltr'><strong>tibi</strong></span> <span class='ocrx_word' id='word_1_683' title='bbox 1522 4439 1791 4479; x_wconf 75' lang='lat' dir='ltr'><strong>venenum</strong></span> <span class='ocrx_word' id='word_1_684' title='bbox 1811 4425 2032 4491; x_wconf 76' lang='lat' dir='ltr'><strong>bibere;</strong></span> <span class='ocrx_word' id='word_1_685' title='bbox 2139 4417 2549 4472; x_wconf 89' lang='lat' dir='ltr'><strong>incredulorum</strong></span> <span class='ocrx_word' id='word_1_686' title='bbox 2575 4418 2853 4472; x_wconf 91' lang='lat' dir='ltr'><strong>hominum</strong></span> <span class='ocrx_word' id='word_1_687' title='bbox 2879 4418 3278 4489; x_wconf 89' lang='lat' dir='ltr'><strong>insipientiam,</strong></span> <span class='ocrx_word' id='word_1_688' title='bbox 3300 4419 3447 4474; x_wconf 90' lang='lat' dir='ltr'><strong>unde</strong></span> <span class='ocrx_word' id='word_1_689' title='bbox 3481 4420 3527 4474; x_wconf 89' lang='lat' dir='ltr'><strong>si</strong></span> <span class='ocrx_word' id='word_1_690' title='bbox 3553 4419 3719 4473; x_wconf 89' lang='lat' dir='ltr'><strong>adhuc</strong></span> 
     </span>
    </p>
   </div>
   <div class='ocr_carea' id='block_1_52' title="bbox 458 4507 3716 4594">
    <p class='ocr_par' dir='ltr' id='par_1_52' title="bbox 458 4507 3716 4594">
     <span class='ocr_line' id='line_1_53' title="bbox 458 4507 3716 4594; baseline 0 -31"><span class='ocrx_word' id='word_1_691' title='bbox 458 4515 604 4584; x_wconf 87' lang='lat' dir='ltr'><strong>quod</strong></span> <span class='ocrx_word' id='word_1_692' title='bbox 635 4530 762 4569; x_wconf 89' lang='lat' dir='ltr'><strong>cum</strong></span> <span class='ocrx_word' id='word_1_693' title='bbox 784 4514 1012 4581; x_wconf 67' lang='lat' dir='ltr'><strong>biberis,</strong></span> <span class='ocrx_word' id='word_1_694' title='bbox 1039 4515 1086 4570; x_wconf 86' lang='lat' dir='ltr'><strong>si</strong></span> <span class='ocrx_word' id='word_1_695' title='bbox 1117 4531 1225 4569; x_wconf 87' lang='lat' dir='ltr'><strong>non</strong></span> <span class='ocrx_word' id='word_1_696' title='bbox 1252 4514 1424 4569; x_wconf 80' lang='lat' dir='ltr'><strong>fueris</strong></span> <span class='ocrx_word' id='word_1_697' title='bbox 1452 4524 1722 4581; x_wconf 68' lang='lat' dir='ltr'><strong>mortuus,</strong></span> <span class='ocrx_word' id='word_1_698' title='bbox 1748 4516 2036 4585; x_wconf 70' lang='lat' dir='ltr'><strong>apparebit</strong></span> <span class='ocrx_word' id='word_1_699' title='bbox 2071 4537 2116 4594; x_wconf 73' lang='grc' dir='ltr'>υ</span> <span class='ocrx_word' id='word_1_700' title='bbox 2144 4507 2510 4564; x_wconf 83' lang='lat' dir='ltr'><strong>Aristodimus</strong></span> <span class='ocrx_word' id='word_1_701' title='bbox 2544 4510 2612 4564; x_wconf 89' lang='lat' dir='ltr'><strong>ab</strong></span> <span class='ocrx_word' id='word_1_702' title='bbox 2642 4509 2961 4565; x_wconf 83' lang='lat' dir='ltr'><strong>inﬁdelitate</strong></span> <span class='ocrx_word' id='word_1_703' title='bbox 3008 4525 3107 4565; x_wconf 89' lang='lat' dir='ltr'><strong>sua</strong></span> <span class='ocrx_word' id='word_1_704' title='bbox 3157 4519 3393 4577; x_wconf 90' lang='lat' dir='ltr'><strong>tenetur,</strong></span> <span class='ocrx_word' id='word_1_705' title='bbox 3443 4512 3716 4566; x_wconf 80' lang='lat' dir='ltr'><strong>solvamus</strong></span> 
     </span>
    </p>
   </div>
   <div class='ocr_carea' id='block_1_53' title="bbox 458 4601 3716 4676">
    <p class='ocr_par' dir='ltr' id='par_1_53' title="bbox 458 4601 3716 4676">
     <span class='ocr_line' id='line_1_54' title="bbox 458 4601 3716 4676; baseline -0.001 -18"><span class='ocrx_word' id='word_1_706' title='bbox 458 4622 646 4662; x_wconf 89' lang='lat' dir='ltr'><strong>verum</strong></span> <span class='ocrx_word' id='word_1_707' title='bbox 681 4623 804 4662; x_wconf 86' lang='lat' dir='ltr'><strong>esse</strong></span> <span class='ocrx_word' id='word_1_708' title='bbox 843 4607 1013 4662; x_wconf 88' lang='lat' dir='ltr'><strong>Deum</strong></span> <span class='ocrx_word' id='word_1_709' title='bbox 1046 4616 1222 4661; x_wconf 91' lang='lat' dir='ltr'><strong>tuum.</strong></span> <span class='ocrx_word' id='word_1_710' title='bbox 1261 4607 1362 4661; x_wconf 84' lang='lat' dir='ltr'><strong>Cui</strong></span> <span class='ocrx_word' id='word_1_711' title='bbox 1402 4607 1687 4676; x_wconf 86' lang='lat' dir='ltr'><strong>apostolus</strong></span> <span class='ocrx_word' id='word_1_712' title='bbox 1726 4607 1832 4660; x_wconf 78' lang='lat' dir='ltr'><strong>ait:</strong></span> <span class='ocrx_word' id='word_1_713' title='bbox 1864 4606 2038 4662; x_wconf 76' lang='lat' dir='ltr'><strong>Vene-</strong></span> <span class='ocrx_word' id='word_1_714' title='bbox 2145 4601 2319 4657; x_wconf 89' lang='lat' dir='ltr'><strong>nodos</strong></span> <span class='ocrx_word' id='word_1_715' title='bbox 2362 4601 2762 4658; x_wconf 90' lang='lat' dir='ltr'><strong>incredulitatis</strong></span> <span class='ocrx_word' id='word_1_716' title='bbox 2811 4603 2965 4673; x_wconf 85' lang='lat' dir='ltr'><strong>ejus,</strong></span> <span class='ocrx_word' id='word_1_717' title='bbox 3005 4612 3059 4657; x_wconf 94' lang='lat' dir='ltr'><strong>et</strong></span> <span class='ocrx_word' id='word_1_718' title='bbox 3086 4603 3213 4658; x_wconf 88' lang='lat' dir='ltr'><strong>licet</strong></span> <span class='ocrx_word' id='word_1_719' title='bbox 3259 4604 3416 4658; x_wconf 89' lang='lat' dir='ltr'><strong>tarde</strong></span> <span class='ocrx_word' id='word_1_720' title='bbox 3457 4603 3716 4658; x_wconf 83' lang='lat' dir='ltr'><strong>faciamus</strong></span> 
     </span>
    </p>
   </div>
   <div class='ocr_carea' id='block_1_54' title="bbox 454 4691 3714 4764">
    <p class='ocr_par' dir='ltr' id='par_1_54' title="bbox 454 4691 3714 4764">
     <span class='ocr_line' id='line_1_55' title="bbox 454 4691 3714 4764; baseline -0.001 -12"><span class='ocrx_word' id='word_1_721' title='bbox 454 4714 589 4753; x_wconf 92' lang='lat' dir='ltr'><strong>num</strong></span> <span class='ocrx_word' id='word_1_722' title='bbox 613 4699 658 4753; x_wconf 92' lang='lat' dir='ltr'><strong>si</strong></span> <span class='ocrx_word' id='word_1_723' title='bbox 680 4699 895 4754; x_wconf 87' lang='lat' dir='ltr'><strong>dederis</strong></span> <span class='ocrx_word' id='word_1_724' title='bbox 921 4700 1054 4753; x_wconf 90' lang='lat' dir='ltr'><strong>mihi</strong></span> <span class='ocrx_word' id='word_1_725' title='bbox 1079 4699 1286 4762; x_wconf 88' lang='lat' dir='ltr'><strong>bibere,</strong></span> <span class='ocrx_word' id='word_1_726' title='bbox 1307 4700 1559 4753; x_wconf 85' lang='lat' dir='ltr'><strong>invocato</strong></span> <span class='ocrx_word' id='word_1_727' title='bbox 1577 4700 1799 4754; x_wconf 92' lang='lat' dir='ltr'><strong>nomine</strong></span> <span class='ocrx_word' id='word_1_728' title='bbox 1822 4698 2037 4753; x_wconf 86' lang='lat' dir='ltr'><strong>Domini</strong></span> <span class='ocrx_word' id='word_1_729' title='bbox 2141 4705 2268 4747; x_wconf 82' lang='lat' dir='ltr'><strong>enm</strong></span> <span class='ocrx_word' id='word_1_730' title='bbox 2302 4707 2596 4764; x_wconf 81' lang='lat' dir='ltr'><strong>agnoscere</strong></span> <span class='ocrx_word' id='word_1_731' title='bbox 2638 4691 2953 4748; x_wconf 88' lang='lat' dir='ltr'><strong>Creatorem</strong></span> <span class='ocrx_word' id='word_1_732' title='bbox 2992 4709 3176 4748; x_wconf 90' lang='lat' dir='ltr'><strong>suum.</strong></span> <span class='ocrx_word' id='word_1_733' title='bbox 3229 4691 3298 4747; x_wconf 87' lang='lat' dir='ltr'><strong>Et</strong></span> <span class='ocrx_word' id='word_1_734' title='bbox 3337 4696 3485 4749; x_wconf 81' lang='lat' dir='ltr'><strong>sicut</strong></span> <span class='ocrx_word' id='word_1_735' title='bbox 3530 4694 3714 4748; x_wconf 88' lang='lat' dir='ltr'><strong>medici</strong></span> 
     </span>
    </p>
   </div>
   <div class='ocr_carea' id='block_1_55' title="bbox 457 4785 3712 4860">
    <p class='ocr_par' dir='ltr' id='par_1_55' title="bbox 457 4785 3712 4860">
     <span class='ocr_line' id='line_1_56' title="bbox 457 4785 3712 4860; baseline -0.002 -16"><span class='ocrx_word' id='word_1_736' title='bbox 457 4792 567 4845; x_wconf 89' lang='lat' dir='ltr'><strong>mei</strong></span> <span class='ocrx_word' id='word_1_737' title='bbox 597 4790 725 4846; x_wconf 84' lang='lat' dir='ltr'><strong>Jesu</strong></span> <span class='ocrx_word' id='word_1_738' title='bbox 753 4791 980 4856; x_wconf 90' lang='lat' dir='ltr'><strong>Christi,</strong></span> <span class='ocrx_word' id='word_1_739' title='bbox 1010 4807 1118 4846; x_wconf 90' lang='lat' dir='ltr'><strong>non</strong></span> <span class='ocrx_word' id='word_1_740' title='bbox 1148 4792 1348 4860; x_wconf 87' lang='lat' dir='ltr'><strong>poterit</strong></span> <span class='ocrx_word' id='word_1_741' title='bbox 1381 4807 1578 4846; x_wconf 91' lang='lat' dir='ltr'><strong>nocere</strong></span> <span class='ocrx_word' id='word_1_742' title='bbox 1603 4791 1756 4845; x_wconf 88' lang='lat' dir='ltr'><strong>mihi.</strong></span> <span class='ocrx_word' id='word_1_743' title='bbox 1798 4790 1902 4846; x_wconf 88' lang='lat' dir='ltr'><strong>Cui</strong></span> <span class='ocrx_word' id='word_1_744' title='bbox 1923 4791 2039 4845; x_wconf 85' lang='lat' dir='ltr'><strong>Ari-</strong></span> <span class='ocrx_word' id='word_1_745' title='bbox 2144 4785 2406 4841; x_wconf 88' lang='lat' dir='ltr'><strong>habentes</strong></span> <span class='ocrx_word' id='word_1_746' title='bbox 2431 4785 2572 4839; x_wconf 90' lang='lat' dir='ltr'><strong>inter</strong></span> <span class='ocrx_word' id='word_1_747' title='bbox 2593 4800 2788 4839; x_wconf 90' lang='lat' dir='ltr'><strong>manus</strong></span> <span class='ocrx_word' id='word_1_748' title='bbox 2808 4801 3034 4856; x_wconf 72' lang='lat' dir='ltr'><strong>aegrum,</strong></span> <span class='ocrx_word' id='word_1_749' title='bbox 3061 4786 3213 4840; x_wconf 82' lang='lat' dir='ltr'><strong>varia</strong></span> <span class='ocrx_word' id='word_1_750' title='bbox 3239 4787 3449 4841; x_wconf 86' lang='lat' dir='ltr'><strong>medela</strong></span> <span class='ocrx_word' id='word_1_751' title='bbox 3473 4787 3712 4854; x_wconf 83' lang='lat' dir='ltr'><strong>indigen-</strong></span> 
     </span>
    </p>
   </div>
   <div class='ocr_carea' id='block_1_56' title="bbox 457 4875 3712 4942">
    <p class='ocr_par' dir='ltr' id='par_1_56' title="bbox 457 4875 3712 4942">
     <span class='ocr_line' id='line_1_57' title="bbox 457 4875 3712 4942; baseline -0.001 -5"><span class='ocrx_word' id='word_1_752' title='bbox 457 4883 726 4937; x_wconf 90' lang='lat' dir='ltr'><strong>stodimus</strong></span> <span class='ocrx_word' id='word_1_753' title='bbox 751 4884 857 4937; x_wconf 85' lang='lat' dir='ltr'><strong>ait:</strong></span> <span class='ocrx_word' id='word_1_754' title='bbox 893 4882 1052 4938; x_wconf 90' lang='lat' dir='ltr'><strong>Prius</strong></span> <span class='ocrx_word' id='word_1_755' title='bbox 1078 4893 1163 4938; x_wconf 91' lang='lat' dir='ltr'><strong>est</strong></span> <span class='ocrx_word' id='word_1_756' title='bbox 1205 4892 1264 4936; x_wconf 89' lang='lat' dir='ltr'><strong>ut</strong></span> <span class='ocrx_word' id='word_1_757' title='bbox 1289 4884 1474 4937; x_wconf 88' lang='lat' dir='ltr'><strong>videas</strong></span> <span class='ocrx_word' id='word_1_758' title='bbox 1494 4883 1742 4938; x_wconf 89' lang='lat' dir='ltr'><strong>bibentes</strong></span> <span class='ocrx_word' id='word_1_759' title='bbox 1768 4891 1824 4937; x_wconf 92' lang='lat' dir='ltr'><strong>et</strong></span> <span class='ocrx_word' id='word_1_760' title='bbox 1849 4884 2038 4937; x_wconf 88' lang='lat' dir='ltr'><strong>statim</strong></span> <span class='ocrx_word' id='word_1_761' title='bbox 2144 4885 2277 4938; x_wconf 73' lang='lat' dir='ltr'><strong>tein.</strong></span> <span class='ocrx_word' id='word_1_762' title='bbox 2305 4877 2379 4931; x_wconf 83' lang='lat' dir='ltr'><strong>ita</strong></span> <span class='ocrx_word' id='word_1_763' title='bbox 2405 4878 2570 4932; x_wconf 82' lang='lat' dir='ltr'><strong>etiam</strong></span> <span class='ocrx_word' id='word_1_764' title='bbox 2601 4892 2701 4932; x_wconf 88' lang='lat' dir='ltr'><strong>nos</strong></span> <span class='ocrx_word' id='word_1_765' title='bbox 2729 4875 3021 4942; x_wconf 84' lang='lat' dir='ltr'><strong>faciamus,</strong></span> <span class='ocrx_word' id='word_1_766' title='bbox 3062 4879 3107 4933; x_wconf 91' lang='lat' dir='ltr'><strong>si</strong></span> <span class='ocrx_word' id='word_1_767' title='bbox 3139 4877 3320 4933; x_wconf 89' lang='lat' dir='ltr'><strong>adhuc</strong></span> <span class='ocrx_word' id='word_1_768' title='bbox 3349 4879 3712 4934; x_wconf 72' lang='lat' dir='ltr'><strong>Aristo-dirutus</strong></span> 
     </span>
    </p>
   </div>
   <div class='ocr_carea' id='block_1_57' title="bbox 457 4965 3708 5042">
    <p class='ocr_par' dir='ltr' id='par_1_57' title="bbox 457 4965 3708 5042">
     <span class='ocr_line' id='line_1_58' title="bbox 457 4965 3708 5042; baseline -0.001 -18"><span class='ocrx_word' id='word_1_769' title='bbox 457 4971 757 5026; x_wconf 90' lang='lat' dir='ltr'><strong>morientes</strong></span> <span class='ocrx_word' id='word_1_770' title='bbox 791 4983 848 5026; x_wconf 93' lang='lat' dir='ltr'><strong>ut</strong></span> <span class='ocrx_word' id='word_1_771' title='bbox 871 4973 954 5027; x_wconf 92' lang='lat' dir='ltr'><strong>vel</strong></span> <span class='ocrx_word' id='word_1_772' title='bbox 991 4974 1071 5028; x_wconf 91' lang='lat' dir='ltr'><strong>sic</strong></span> <span class='ocrx_word' id='word_1_773' title='bbox 1099 4973 1275 5042; x_wconf 88' lang='lat' dir='ltr'><strong>possit</strong></span> <span class='ocrx_word' id='word_1_774' title='bbox 1306 4987 1400 5027; x_wconf 89' lang='lat' dir='ltr'><strong>eor</strong></span> <span class='ocrx_word' id='word_1_775' title='bbox 1441 4984 1593 5026; x_wconf 91' lang='lat' dir='ltr'><strong>tuum</strong></span> <span class='ocrx_word' id='word_1_776' title='bbox 1631 4973 1735 5027; x_wconf 90' lang='lat' dir='ltr'><strong>hoc</strong></span> <span class='ocrx_word' id='word_1_777' title='bbox 1780 4974 2034 5041; x_wconf 92' lang='lat' dir='ltr'><strong>poculum</strong></span> <span class='ocrx_word' id='word_1_778' title='bbox 2144 4984 2254 5022; x_wconf 94' lang='lat' dir='ltr'><strong>non</strong></span> <span class='ocrx_word' id='word_1_779' title='bbox 2284 4978 2370 5024; x_wconf 90' lang='lat' dir='ltr'><strong>est</strong></span> <span class='ocrx_word' id='word_1_780' title='bbox 2410 4978 2637 5024; x_wconf 87' lang='lat' dir='ltr'><strong>curatus</strong></span> <span class='ocrx_word' id='word_1_781' title='bbox 2675 4984 2742 5023; x_wconf 78' lang='lat' dir='ltr'><strong>ex</strong></span> <span class='ocrx_word' id='word_1_782' title='bbox 2774 4984 2839 5024; x_wconf 90' lang='lat' dir='ltr'><strong>eo</strong></span> <span class='ocrx_word' id='word_1_783' title='bbox 2866 4969 3013 5038; x_wconf 89' lang='lat' dir='ltr'><strong>quod</strong></span> <span class='ocrx_word' id='word_1_784' title='bbox 3053 4969 3169 5038; x_wconf 91' lang='lat' dir='ltr'><strong>jam</strong></span> <span class='ocrx_word' id='word_1_785' title='bbox 3208 4967 3418 5024; x_wconf 90' lang='lat' dir='ltr'><strong>factum</strong></span> <span class='ocrx_word' id='word_1_786' title='bbox 3455 4979 3558 5024; x_wconf 86' lang='lat' dir='ltr'><strong>est.</strong></span> <span class='ocrx_word' id='word_1_787' title='bbox 3603 4965 3708 5021; x_wconf 79' lang='lat' dir='ltr'><strong>Non</strong></span> 
     </span>
    </p>
   </div>
   <div class='ocr_carea' id='block_1_58' title="bbox 456 5059 3707 5131">
    <p class='ocr_par' dir='ltr' id='par_1_58' title="bbox 456 5059 3707 5131">
     <span class='ocr_line' id='line_1_59' title="bbox 456 5059 3707 5131; baseline -0.002 -15"><span class='ocrx_word' id='word_1_788' title='bbox 456 5061 779 5117; x_wconf 81' lang='lat' dir='ltr'><strong>formidare.</strong></span> <span class='ocrx_word' id='word_1_789' title='bbox 810 5063 912 5117; x_wconf 91' lang='lat' dir='ltr'><strong>Cui</strong></span> <span class='ocrx_word' id='word_1_790' title='bbox 939 5063 1134 5118; x_wconf 89' lang='lat' dir='ltr'><strong>beatus</strong></span> <span class='ocrx_word' id='word_1_791' title='bbox 1159 5061 1398 5118; x_wconf 88' lang='lat' dir='ltr'><strong>Joannes</strong></span> <span class='ocrx_word' id='word_1_792' title='bbox 1421 5062 1703 5131; x_wconf 87' lang='lat' dir='ltr'><strong>respondit</strong></span> <span class='ocrx_word' id='word_1_793' title='bbox 1728 5077 1740 5111; x_wconf 92' lang='lat'><strong>:</strong></span> <span class='ocrx_word' id='word_1_794' title='bbox 1773 5059 1894 5114; x_wconf 86' lang='lat' dir='ltr'><strong>Jam</strong></span> <span class='ocrx_word' id='word_1_795' title='bbox 1918 5061 2033 5119; x_wconf 79' lang='lat' dir='ltr'><strong>dixi</strong></span> <span class='ocrx_word' id='word_1_796' title='bbox 2141 5061 2290 5116; x_wconf 90' lang='lat' dir='ltr'><strong>enim</strong></span> <span class='ocrx_word' id='word_1_797' title='bbox 2316 5062 2545 5117; x_wconf 89' lang='lat' dir='ltr'><strong>cessabo</strong></span> <span class='ocrx_word' id='word_1_798' title='bbox 2577 5061 2645 5115; x_wconf 92' lang='lat' dir='ltr'><strong>ab</strong></span> <span class='ocrx_word' id='word_1_799' title='bbox 2683 5061 2789 5116; x_wconf 89' lang='lat' dir='ltr'><strong>hoc</strong></span> <span class='ocrx_word' id='word_1_800' title='bbox 2817 5076 2985 5130; x_wconf 90' lang='lat' dir='ltr'><strong>opere</strong></span> <span class='ocrx_word' id='word_1_801' title='bbox 3023 5076 3312 5131; x_wconf 91' lang='lat' dir='ltr'><strong>quousque</strong></span> <span class='ocrx_word' id='word_1_802' title='bbox 3339 5061 3462 5130; x_wconf 90' lang='lat' dir='ltr'><strong>ejus</strong></span> <span class='ocrx_word' id='word_1_803' title='bbox 3483 5061 3707 5114; x_wconf 81' lang='lat' dir='ltr'><strong>vulneri-</strong></span> 
     </span>
    </p>
   </div>
   <div class='ocr_carea' id='block_1_59' title="bbox 461 5149 3705 5223">
    <p class='ocr_par' dir='ltr' id='par_1_59' title="bbox 461 5149 3705 5223">
     <span class='ocr_line' id='line_1_60' title="bbox 461 5149 3705 5223; baseline -0.001 -18"><span class='ocrx_word' id='word_1_804' title='bbox 461 5153 581 5219; x_wconf 93' lang='lat' dir='ltr'><strong>tibi,</strong></span> <span class='ocrx_word' id='word_1_805' title='bbox 614 5162 669 5206; x_wconf 96' lang='lat' dir='ltr'><strong>tu</strong></span> <span class='ocrx_word' id='word_1_806' title='bbox 695 5163 903 5207; x_wconf 89' lang='lat' dir='ltr'><strong>tantum</strong></span> <span class='ocrx_word' id='word_1_807' title='bbox 931 5163 1158 5223; x_wconf 90' lang='lat' dir='ltr'><strong>paratus</strong></span> <span class='ocrx_word' id='word_1_808' title='bbox 1189 5163 1308 5208; x_wconf 90' lang='lat' dir='ltr'><strong>esto</strong></span> <span class='ocrx_word' id='word_1_809' title='bbox 1331 5152 1555 5207; x_wconf 90' lang='lat' dir='ltr'><strong>credere</strong></span> <span class='ocrx_word' id='word_1_810' title='bbox 1582 5152 1635 5204; x_wconf 92' lang='lat' dir='ltr'><strong>in</strong></span> <span class='ocrx_word' id='word_1_811' title='bbox 1660 5150 1830 5205; x_wconf 90' lang='lat' dir='ltr'><strong>Deum</strong></span> <span class='ocrx_word' id='word_1_812' title='bbox 1855 5166 2037 5204; x_wconf 89' lang='lat' dir='ltr'><strong>meum</strong></span> <span class='ocrx_word' id='word_1_813' title='bbox 2145 5152 2247 5206; x_wconf 86' lang='lat' dir='ltr'><strong>bus</strong></span> <span class='ocrx_word' id='word_1_814' title='bbox 2272 5151 2445 5220; x_wconf 91' lang='lat' dir='ltr'><strong>possit</strong></span> <span class='ocrx_word' id='word_1_815' title='bbox 2470 5151 2740 5208; x_wconf 88' lang='lat' dir='ltr'><strong>medicina</strong></span> <span class='ocrx_word' id='word_1_816' title='bbox 2771 5151 3084 5220; x_wconf 82' lang='lat' dir='ltr'><strong>provenire.</strong></span> <span class='ocrx_word' id='word_1_817' title='bbox 3121 5149 3188 5204; x_wconf 87' lang='lat' dir='ltr'><strong>Et</strong></span> <span class='ocrx_word' id='word_1_818' title='bbox 3217 5165 3532 5206; x_wconf 79' lang='lat' dir='ltr'><strong>convocans</strong></span> <span class='ocrx_word' id='word_1_819' title='bbox 3562 5150 3623 5204; x_wconf 89' lang='lat' dir='ltr'><strong>ad</strong></span> <span class='ocrx_word' id='word_1_820' title='bbox 3652 5163 3705 5201; x_wconf 87' lang='lat' dir='ltr'><strong>se</strong></span> 
     </span>
    </p>
   </div>
   <div class='ocr_carea' id='block_1_60' title="bbox 457 5240 3703 5312">
    <p class='ocr_par' dir='ltr' id='par_1_60' title="bbox 457 5240 3703 5312">
     <span class='ocr_line' id='line_1_61' title="bbox 457 5240 3703 5312; baseline -0.002 -14"><span class='ocrx_word' id='word_1_821' title='bbox 457 5241 648 5298; x_wconf 87' lang='lat' dir='ltr'><strong>Jesum</strong></span> <span class='ocrx_word' id='word_1_822' title='bbox 683 5241 967 5300; x_wconf 87' lang='lat' dir='ltr'><strong>Christum</strong></span> <span class='ocrx_word' id='word_1_823' title='bbox 987 5285 1002 5309; x_wconf 91' lang='lat'><strong>,</strong></span> <span class='ocrx_word' id='word_1_824' title='bbox 1034 5260 1160 5298; x_wconf 93' lang='lat' dir='ltr'><strong>cum</strong></span> <span class='ocrx_word' id='word_1_825' title='bbox 1202 5258 1289 5298; x_wconf 88' lang='lat' dir='ltr'><strong>me</strong></span> <span class='ocrx_word' id='word_1_826' title='bbox 1325 5243 1531 5298; x_wconf 90' lang='lat' dir='ltr'><strong>videris</strong></span> <span class='ocrx_word' id='word_1_827' title='bbox 1557 5250 1682 5312; x_wconf 88' lang='lat' dir='ltr'><strong>post</strong></span> <span class='ocrx_word' id='word_1_828' title='bbox 1711 5240 1903 5295; x_wconf 85' lang='lat' dir='ltr'><strong>veneni</strong></span> <span class='ocrx_word' id='word_1_829' title='bbox 1945 5257 2040 5310; x_wconf 90' lang='lat' dir='ltr'><strong>po-</strong></span> <span class='ocrx_word' id='word_1_830' title='bbox 2143 5245 2537 5300; x_wconf 82' lang='lat' dir='ltr'><strong>Aristodimum</strong></span> <span class='ocrx_word' id='word_1_831' title='bbox 2561 5243 2710 5298; x_wconf 87' lang='lat' dir='ltr'><strong>dedit</strong></span> <span class='ocrx_word' id='word_1_832' title='bbox 2738 5244 2788 5297; x_wconf 91' lang='lat' dir='ltr'><strong>ei</strong></span> <span class='ocrx_word' id='word_1_833' title='bbox 2817 5244 3061 5296; x_wconf 91' lang='lat' dir='ltr'><strong>tunicam</strong></span> <span class='ocrx_word' id='word_1_834' title='bbox 3095 5259 3276 5310; x_wconf 90' lang='lat' dir='ltr'><strong>suam,</strong></span> <span class='ocrx_word' id='word_1_835' title='bbox 3308 5259 3426 5312; x_wconf 79' lang='lat' dir='ltr'><strong>Ipse</strong></span> <span class='ocrx_word' id='word_1_836' title='bbox 3453 5259 3580 5297; x_wconf 88' lang='lat' dir='ltr'><strong>vero</strong></span> <span class='ocrx_word' id='word_1_837' title='bbox 3600 5240 3703 5310; x_wconf 84' lang='lat' dir='ltr'><strong>pal-</strong></span> 
     </span>
    </p>
   </div>
   <div class='ocr_carea' id='block_1_61' title="bbox 461 5330 3698 5404">
    <p class='ocr_par' dir='ltr' id='par_1_61' title="bbox 461 5330 3698 5404">
     <span class='ocr_line' id='line_1_62' title="bbox 461 5330 3698 5404; baseline -0.003 -12"><span class='ocrx_word' id='word_1_838' title='bbox 461 5337 647 5392; x_wconf 89' lang='lat' dir='ltr'><strong>culum</strong></span> <span class='ocrx_word' id='word_1_839' title='bbox 679 5351 896 5391; x_wconf 88' lang='lat' dir='ltr'><strong>sanum.</strong></span> <span class='ocrx_word' id='word_1_840' title='bbox 938 5334 1190 5389; x_wconf 79' lang='lat' dir='ltr'><strong>Porrexit</strong></span> <span class='ocrx_word' id='word_1_841' title='bbox 1210 5335 1394 5404; x_wconf 88' lang='lat' dir='ltr'><strong>itaque</strong></span> <span class='ocrx_word' id='word_1_842' title='bbox 1423 5333 1794 5388; x_wconf 83' lang='lat' dir='ltr'><strong>Aristodimus</strong></span> <span class='ocrx_word' id='word_1_843' title='bbox 1819 5331 1886 5386; x_wconf 88' lang='lat' dir='ltr'><strong>ad</strong></span> <span class='ocrx_word' id='word_1_844' title='bbox 1915 5347 2041 5399; x_wconf 88' lang='lat' dir='ltr'><strong>pro-</strong></span> <span class='ocrx_word' id='word_1_845' title='bbox 2144 5335 2219 5390; x_wconf 92' lang='lat' dir='ltr'><strong>lio</strong></span> <span class='ocrx_word' id='word_1_846' title='bbox 2249 5335 2483 5390; x_wconf 88' lang='lat' dir='ltr'><strong>amictus</strong></span> <span class='ocrx_word' id='word_1_847' title='bbox 2508 5335 2742 5390; x_wconf 88' lang='lat' dir='ltr'><strong>astabat.</strong></span> <span class='ocrx_word' id='word_1_848' title='bbox 2771 5335 2873 5389; x_wconf 92' lang='lat' dir='ltr'><strong>Cui</strong></span> <span class='ocrx_word' id='word_1_849' title='bbox 2918 5331 3288 5389; x_wconf 84' lang='lat' dir='ltr'><strong>Aristodimus</strong></span> <span class='ocrx_word' id='word_1_850' title='bbox 3318 5335 3434 5389; x_wconf 88' lang='lat' dir='ltr'><strong>ait:</strong></span> <span class='ocrx_word' id='word_1_851' title='bbox 3462 5334 3540 5388; x_wconf 85' lang='lat' dir='ltr'><strong>Ad</strong></span> <span class='ocrx_word' id='word_1_852' title='bbox 3569 5330 3698 5400; x_wconf 84' lang='lat' dir='ltr'><strong>quod</strong></span> 
     </span>
    </p>
   </div>
   <div class='ocr_carea' id='block_1_62' title="bbox 457 5423 3699 5498">
    <p class='ocr_par' dir='ltr' id='par_1_62' title="bbox 457 5423 3699 5498">
     <span class='ocr_line' id='line_1_63' title="bbox 457 5423 3699 5498; baseline -0.004 -12"><span class='ocrx_word' id='word_1_853' title='bbox 457 5428 773 5495; x_wconf 85' lang='lat' dir='ltr'><strong>consulem,</strong></span> <span class='ocrx_word' id='word_1_854' title='bbox 815 5437 872 5484; x_wconf 86' lang='lat' dir='ltr'><strong>et</strong></span> <span class='ocrx_word' id='word_1_855' title='bbox 895 5427 1051 5498; x_wconf 87' lang='lat' dir='ltr'><strong>petiit</strong></span> <span class='ocrx_word' id='word_1_856' title='bbox 1082 5428 1150 5482; x_wconf 88' lang='lat' dir='ltr'><strong>ab</strong></span> <span class='ocrx_word' id='word_1_857' title='bbox 1194 5443 1260 5482; x_wconf 88' lang='lat' dir='ltr'><strong>eo</strong></span> <span class='ocrx_word' id='word_1_858' title='bbox 1285 5427 1428 5481; x_wconf 84' lang='lat' dir='ltr'><strong>duos</strong></span> <span class='ocrx_word' id='word_1_859' title='bbox 1477 5425 1626 5481; x_wconf 80' lang='lat' dir='ltr'><strong>Viros</strong></span> <span class='ocrx_word' id='word_1_860' title='bbox 1672 5425 1766 5495; x_wconf 88' lang='lat' dir='ltr'><strong>qui</strong></span> <span class='ocrx_word' id='word_1_861' title='bbox 1794 5438 1894 5494; x_wconf 86' lang='lat' dir='ltr'><strong>pro</strong></span> <span class='ocrx_word' id='word_1_862' title='bbox 1925 5424 2041 5478; x_wconf 82' lang='lat' dir='ltr'><strong>suis</strong></span> <span class='ocrx_word' id='word_1_863' title='bbox 2143 5428 2343 5485; x_wconf 90' lang='lat' dir='ltr'><strong>dedisti</strong></span> <span class='ocrx_word' id='word_1_864' title='bbox 2369 5429 2504 5482; x_wconf 91' lang='lat' dir='ltr'><strong>mihi</strong></span> <span class='ocrx_word' id='word_1_865' title='bbox 2526 5430 2769 5484; x_wconf 90' lang='lat' dir='ltr'><strong>tunicam</strong></span> <span class='ocrx_word' id='word_1_866' title='bbox 2799 5427 2984 5482; x_wconf 83' lang='lat' dir='ltr'><strong>tuam?</strong></span> <span class='ocrx_word' id='word_1_867' title='bbox 3007 5426 3150 5484; x_wconf 82' lang='lat' dir='ltr'><strong>Dicit</strong></span> <span class='ocrx_word' id='word_1_868' title='bbox 3170 5428 3218 5482; x_wconf 90' lang='lat' dir='ltr'><strong>ei</strong></span> <span class='ocrx_word' id='word_1_869' title='bbox 3246 5427 3518 5482; x_wconf 88' lang='lat' dir='ltr'><strong>Joannes:</strong></span> <span class='ocrx_word' id='word_1_870' title='bbox 3542 5424 3608 5479; x_wconf 87' lang='lat' dir='ltr'><strong>Ut</strong></span> <span class='ocrx_word' id='word_1_871' title='bbox 3629 5423 3699 5476; x_wconf 76' lang='lat' dir='ltr'><strong>vel</strong></span> 
     </span>
    </p>
   </div>
   <div class='ocr_carea' id='block_1_63' title="bbox 455 5519 3694 5585">
    <p class='ocr_par' dir='ltr' id='par_1_63' title="bbox 455 5519 3694 5585">
     <span class='ocr_line' id='line_1_64' title="bbox 455 5519 3694 5585; baseline -0.002 -11"><span class='ocrx_word' id='word_1_872' title='bbox 455 5528 617 5575; x_wconf 91' lang='lat' dir='ltr'><strong>erant</strong></span> <span class='ocrx_word' id='word_1_873' title='bbox 637 5521 937 5576; x_wconf 88' lang='lat' dir='ltr'><strong>sceleribus</strong></span> <span class='ocrx_word' id='word_1_874' title='bbox 967 5520 1363 5585; x_wconf 88' lang='lat' dir='ltr'><strong>decollandi,ct</strong></span> <span class='ocrx_word' id='word_1_875' title='bbox 1388 5530 1635 5575; x_wconf 89' lang='lat' dir='ltr'><strong>statuens</strong></span> <span class='ocrx_word' id='word_1_876' title='bbox 1662 5534 1756 5574; x_wconf 90' lang='lat' dir='ltr'><strong>eos</strong></span> <span class='ocrx_word' id='word_1_877' title='bbox 1784 5520 1838 5572; x_wconf 91' lang='lat' dir='ltr'><strong>in</strong></span> <span class='ocrx_word' id='word_1_878' title='bbox 1863 5519 2043 5574; x_wconf 88' lang='lat' dir='ltr'><strong>medio</strong></span> <span class='ocrx_word' id='word_1_879' title='bbox 2145 5522 2224 5577; x_wconf 90' lang='lat' dir='ltr'><strong>sic</strong></span> <span class='ocrx_word' id='word_1_880' title='bbox 2255 5522 2521 5578; x_wconf 91' lang='lat' dir='ltr'><strong>confusus</strong></span> <span class='ocrx_word' id='word_1_881' title='bbox 2559 5537 2588 5575; x_wconf 90' lang='lat' dir='ltr'><strong>a</strong></span> <span class='ocrx_word' id='word_1_882' title='bbox 2619 5531 2712 5575; x_wconf 92' lang='lat' dir='ltr'><strong>tua</strong></span> <span class='ocrx_word' id='word_1_883' title='bbox 2744 5519 3066 5576; x_wconf 79' lang='lat' dir='ltr'><strong>infidelitate</strong></span> <span class='ocrx_word' id='word_1_884' title='bbox 3082 5520 3354 5576; x_wconf 90' lang='lat' dir='ltr'><strong>discedas.</strong></span> <span class='ocrx_word' id='word_1_885' title='bbox 3386 5519 3694 5574; x_wconf 81' lang='lat' dir='ltr'><strong>CuiAristo-</strong></span> 
     </span>
    </p>
   </div>
   <div class='ocr_carea' id='block_1_64' title="bbox 453 5608 3697 5684">
    <p class='ocr_par' dir='ltr' id='par_1_64' title="bbox 453 5608 3697 5684">
     <span class='ocr_line' id='line_1_65' title="bbox 453 5608 3697 5684; baseline -0.002 -18"><span class='ocrx_word' id='word_1_886' title='bbox 453 5611 582 5668; x_wconf 88' lang='lat' dir='ltr'><strong>foro</strong></span> <span class='ocrx_word' id='word_1_887' title='bbox 613 5628 798 5668; x_wconf 91' lang='lat' dir='ltr'><strong>coram</strong></span> <span class='ocrx_word' id='word_1_888' title='bbox 823 5613 973 5668; x_wconf 91' lang='lat' dir='ltr'><strong>omni</strong></span> <span class='ocrx_word' id='word_1_889' title='bbox 994 5614 1195 5684; x_wconf 91' lang='lat' dir='ltr'><strong>populo</strong></span> <span class='ocrx_word' id='word_1_890' title='bbox 1222 5613 1279 5666; x_wconf 91' lang='lat' dir='ltr'><strong>in</strong></span> <span class='ocrx_word' id='word_1_891' title='bbox 1301 5620 1600 5681; x_wconf 90' lang='lat' dir='ltr'><strong>conspectu</strong></span> <span class='ocrx_word' id='word_1_892' title='bbox 1638 5610 1873 5682; x_wconf 88' lang='lat' dir='ltr'><strong>apostoli</strong></span> <span class='ocrx_word' id='word_1_893' title='bbox 1905 5611 2034 5666; x_wconf 86' lang='lat' dir='ltr'><strong>fecit</strong></span> <span class='ocrx_word' id='word_1_894' title='bbox 2144 5613 2328 5668; x_wconf 90' lang='lat' dir='ltr'><strong>dimus</strong></span> <span class='ocrx_word' id='word_1_895' title='bbox 2355 5615 2464 5669; x_wconf 90' lang='lat' dir='ltr'><strong>ait:</strong></span> <span class='ocrx_word' id='word_1_896' title='bbox 2502 5611 2570 5667; x_wconf 89' lang='lat' dir='ltr'><strong>Et</strong></span> <span class='ocrx_word' id='word_1_897' title='bbox 2593 5612 2870 5683; x_wconf 88' lang='lat' dir='ltr'><strong>quomodo</strong></span> <span class='ocrx_word' id='word_1_898' title='bbox 2892 5627 2980 5666; x_wconf 91' lang='lat' dir='ltr'><strong>me</strong></span> <span class='ocrx_word' id='word_1_899' title='bbox 3011 5612 3197 5666; x_wconf 89' lang='lat' dir='ltr'><strong>tunica</strong></span> <span class='ocrx_word' id='word_1_900' title='bbox 3224 5624 3316 5667; x_wconf 89' lang='lat' dir='ltr'><strong>tua</strong></span> <span class='ocrx_word' id='word_1_901' title='bbox 3349 5610 3508 5665; x_wconf 82' lang='lat' dir='ltr'><strong>faciet</strong></span> <span class='ocrx_word' id='word_1_902' title='bbox 3538 5608 3602 5662; x_wconf 91' lang='lat' dir='ltr'><strong>ab</strong></span> <span class='ocrx_word' id='word_1_903' title='bbox 3623 5608 3697 5658; x_wconf 89' lang='lat' dir='ltr'><strong>iu-</strong></span> 
     </span>
    </p>
   </div>
   <div class='ocr_carea' id='block_1_65' title="bbox 455 5701 3688 5775">
    <p class='ocr_par' dir='ltr' id='par_1_65' title="bbox 455 5701 3688 5775">
     <span class='ocr_line' id='line_1_66' title="bbox 455 5701 3688 5775; baseline -0.002 -15"><span class='ocrx_word' id='word_1_904' title='bbox 455 5723 559 5762; x_wconf 90' lang='lat' dir='ltr'><strong>eos</strong></span> <span class='ocrx_word' id='word_1_905' title='bbox 588 5721 856 5764; x_wconf 89' lang='lat' dir='ltr'><strong>venenum</strong></span> <span class='ocrx_word' id='word_1_906' title='bbox 893 5709 1102 5764; x_wconf 89' lang='lat' dir='ltr'><strong>bibere.</strong></span> <span class='ocrx_word' id='word_1_907' title='bbox 1125 5706 1228 5774; x_wconf 87' lang='lat' dir='ltr'><strong>Qui</strong></span> <span class='ocrx_word' id='word_1_908' title='bbox 1264 5723 1391 5762; x_wconf 81' lang='lat' dir='ltr'><strong>mox</strong></span> <span class='ocrx_word' id='word_1_909' title='bbox 1413 5715 1471 5760; x_wconf 92' lang='lat' dir='ltr'><strong>ut</strong></span> <span class='ocrx_word' id='word_1_910' title='bbox 1499 5706 1756 5760; x_wconf 90' lang='lat' dir='ltr'><strong>biberunt</strong></span> <span class='ocrx_word' id='word_1_911' title='bbox 1786 5704 2042 5774; x_wconf 91' lang='lat' dir='ltr'><strong>spiritum</strong></span> <span class='ocrx_word' id='word_1_912' title='bbox 2147 5705 2405 5761; x_wconf 79' lang='lat' dir='ltr'><strong>fidelitate</strong></span> <span class='ocrx_word' id='word_1_913' title='bbox 2427 5722 2545 5761; x_wconf 89' lang='lat' dir='ltr'><strong>mea</strong></span> <span class='ocrx_word' id='word_1_914' title='bbox 2569 5705 2889 5762; x_wconf 85' lang='lat' dir='ltr'><strong>discedere?</strong></span> <span class='ocrx_word' id='word_1_915' title='bbox 2920 5704 3022 5759; x_wconf 88' lang='lat' dir='ltr'><strong>Cui</strong></span> <span class='ocrx_word' id='word_1_916' title='bbox 3072 5705 3360 5775; x_wconf 88' lang='lat' dir='ltr'><strong>respondit</strong></span> <span class='ocrx_word' id='word_1_917' title='bbox 3405 5701 3688 5774; x_wconf 82' lang='lat' dir='ltr'><strong>apostolus.</strong></span> 
     </span>
    </p>
   </div>
   <div class='ocr_carea' id='block_1_66' title="bbox 456 5795 3690 5869">
    <p class='ocr_par' dir='ltr' id='par_1_66' title="bbox 456 5795 3690 5869">
     <span class='ocr_line' id='line_1_67' title="bbox 456 5795 3690 5869; baseline -0.002 -16"><span class='ocrx_word' id='word_1_918' title='bbox 456 5799 868 5857; x_wconf 83' lang='lat' dir='ltr'><strong>exhalaverunt.</strong></span> <span class='ocrx_word' id='word_1_919' title='bbox 925 5799 1079 5858; x_wconf 87' lang='lat' dir='ltr'><strong>Tune</strong></span> <span class='ocrx_word' id='word_1_920' title='bbox 1135 5797 1503 5856; x_wconf 79' lang='lat' dir='ltr'><strong>Aristodimus</strong></span> <span class='ocrx_word' id='word_1_921' title='bbox 1546 5797 1682 5854; x_wconf 80' lang='lat' dir='ltr'><strong>dixit</strong></span> <span class='ocrx_word' id='word_1_922' title='bbox 1709 5815 1721 5852; x_wconf 88' lang='lat'><strong>:</strong></span> <span class='ocrx_word' id='word_1_923' title='bbox 1751 5796 1893 5854; x_wconf 79' lang='lat' dir='ltr'><strong>Audi</strong></span> <span class='ocrx_word' id='word_1_924' title='bbox 1932 5814 2038 5866; x_wconf 89' lang='lat' dir='ltr'><strong>me,</strong></span> <span class='ocrx_word' id='word_1_925' title='bbox 2151 5798 2298 5855; x_wconf 78' lang='lat' dir='ltr'><strong>Vade</strong></span> <span class='ocrx_word' id='word_1_926' title='bbox 2331 5808 2384 5855; x_wconf 94' lang='lat' dir='ltr'><strong>ct</strong></span> <span class='ocrx_word' id='word_1_927' title='bbox 2417 5799 2569 5856; x_wconf 87' lang='lat' dir='ltr'><strong>mitte</strong></span> <span class='ocrx_word' id='word_1_928' title='bbox 2603 5815 2722 5856; x_wconf 86' lang='lat' dir='ltr'><strong>eam</strong></span> <span class='ocrx_word' id='word_1_929' title='bbox 2753 5812 2914 5869; x_wconf 90' lang='lat' dir='ltr'><strong>super</strong></span> <span class='ocrx_word' id='word_1_930' title='bbox 2946 5811 3179 5868; x_wconf 85' lang='lat' dir='ltr'><strong>corpora</strong></span> <span class='ocrx_word' id='word_1_931' title='bbox 3213 5795 3620 5855; x_wconf 86' lang='lat' dir='ltr'><strong>defunctorum,</strong></span> <span class='ocrx_word' id='word_1_932' title='bbox 3645 5799 3690 5842; x_wconf 85' lang='lat' dir='ltr'><strong>et</strong></span> 
     </span>
    </p>
   </div>
  </div>
