3872 6210
125 325 276 380 1249

1581 323 1855 383 SPURIA.

3252 325 3390 380 1250

122 450 286 504 dices
311 448 418 504 ita:
446 449 740 520 Apostolus
769 448 987 504 Domini
1018 448 1194 504 nostri
1226 446 1354 504 Jcsu
1378 447 1583 503 Christi
1609 449 1712 502 mi—
1739 454 1788 510 Α
1816 444 2131 500 convivium
2163 453 2318 500 tuum
2344 445 2506 501 venio
2539 445 2745 517 gratias
2786 461 2975 518 agens,
3015 447 3144 518 quia
3193 463 3280 503 me
3302 450 3391 504 dl-

124 543 207 597 sit
235 558 326 597 me
357 551 416 596 ut
441 543 496 596 in
525 558 647 612 ejus
670 542 894 597 nomine
927 542 1260 612 exsurgatis,
1290 549 1352 595 ut
1378 549 1713 613 cognoscant

126 649 352 698 omnes,
370 633 497 703 quia
514 641 568 687 et
598 633 706 687 vita
729 640 783 688 et
799 648 949 687 mors
971 631 1307 686 famulantur
1332 631 1568 690 Domino
1589 647 1711 688 meo

124 723 264 781 Jesu
296 725 535 782 Christo.
562 725 719 792 Quod
743 740 869 780 cum
907 724 1127 780 fecisset
1166 725 1535 782 Aristodimus
1555 733 1610 780 et
1629 726 1712 780 vi-

126 819 308 873 disset
351 811 446 873 eos
500 832 818 889 exsurgere,
869 817 1107 872 adorans
1155 815 1446 883 Joannem,
1478 815 1712 872 festinus

127 911 377 980 porrexit
405 910 472 969 ad
503 911 884 982 proconsulem
909 915 965 964 et
989 908 1153 978 coepit
1186 909 1428 966 clamosa
1456 924 1592 965 voce
1625 909 1711 965 di~

129 1017 293 1057 cere:
320 1002 458 1056 Audi
491 1017 599 1071 me,
631 1003 949 1071 proconsul,
981 1017 1279 1058 memorem
1311 1011 1364 1056 te
1400 1009 1536 1071 puto
1565 1000 1712 1073 quod

131 1103 330 1149 contra
359 1092 629 1147 Joannem
677 1093 815 1148 iram
843 1101 995 1148 tuam
1048 1092 1359 1162 frequenter
1387 1093 1618 1147 excitavi
1661 1101 1714 1147 et

130 1185 308 1240 multa
341 1185 483 1239 mala
511 1193 701 1240 contra
739 1199 866 1239 eum
901 1186 985 1255 egi
1011 1226 1027 1252 ,
1068 1186 1211 1241 unde
1255 1201 1448 1242 vereor
1474 1201 1543 1240 ne
1573 1187 1711 1240 iram

129 1279 258 1349 ejus
285 1279 558 1347 experiar,
582 1286 666 1333 est
694 1278 840 1332 enim
877 1277 1022 1334 Deus
1045 1279 1100 1333 in
1134 1280 1316 1349 specie
1360 1280 1600 1336 hominis
1630 1281 1701 1334 la.

129 1380 283 1425 tens.
321 1369 465 1424 Nam
489 1385 759 1425 venenum
786 1370 980 1426 bibens
1003 1386 1112 1425 non
1149 1372 1327 1426 solum
1361 1371 1476 1441 ipse
1504 1373 1715 1426 incolu-

130 1462 243 1517 mis
282 1469 615 1531 perseverat,
648 1461 742 1516 sed
771 1461 936 1515 etiam
983 1476 1080 1516 eos
1128 1462 1222 1532 qui
1267 1463 1459 1518 eodem
1502 1478 1714 1518 veneno

131 1553 339 1608 mortui
365 1552 583 1608 fuerant
603 1569 699 1623 per
727 1569 926 1608 manus
962 1568 1115 1609 meas
1141 1553 1340 1610 tunicae
1362 1569 1475 1609 suae
1507 1563 1712 1610 attactu

133 1643 423 1698 suscitavit
455 1644 520 1698 ad
551 1645 746 1710 vitam,
775 1645 923 1699 nulla
958 1645 1114 1714 signa
1155 1659 1342 1699 secum
1386 1646 1584 1701 mortis
1611 1647 1710 1700 ha-

131 1737 350 1791 bentes.
374 1734 517 1791 Dicit
539 1737 588 1792 ei
612 1738 908 1805 proconsul
932 1756 944 1792 :
972 1735 1038 1792 Et
1058 1738 1189 1808 quid
1217 1739 1300 1793 vis
1324 1745 1385 1792 ut
1411 1738 1712 1793 faciamus?

133 1827 442 1898 Respondit
460 1828 867 1886 Aristodimus:
892 1829 1097 1886 Eamus
1125 1839 1181 1885 et
1200 1831 1591 1900 provolvamus
1622 1845 1714 1900 ge-

134 1918 301 1974 nibus
328 1920 448 1990 ejus
481 1921 700 1974 veniam
743 1920 1109 1989 postulantes,
1144 1929 1198 1975 et
1243 1919 1512 1990 quidquid
1555 1920 1713 1974 nobis

131 2009 368 2079 jusserit
399 2008 686 2066 faciamus.
717 2009 872 2066 Tunc
899 2012 1182 2066 venientes
1216 2011 1379 2067 simul
1406 2019 1716 2080 prostravew

133 2110 269 2156 runt
299 2118 356 2158 se
388 2103 655 2173 apostolo,
703 2102 1098 2175 indulgentiam
1150 2105 1523 2174 postulantes;
1576 2118 1715 2173 quos

135 2193 231 2249 ille
263 2194 569 2265 suscipiens
617 2211 742 2250 cum
793 2196 1091 2266 gratiarum
1143 2196 1362 2250 actione
1413 2195 1715 2250 orationem

137 2288 340 2342 obtulit
366 2287 497 2353 Deo,
527 2288 893 2358 praecepitque
936 2288 1018 2344 eis
1061 2295 1121 2343 ut
1158 2289 1323 2343 unius
1362 2287 1718 2342 hebdomadas

132 2379 410 2449 jejunium
455 2387 700 2450 agerent.
728 2378 849 2448 Quo
878 2380 1092 2449 expleto
1135 2379 1432 2449 baptizavit
1463 2393 1592 2433 eos:
1619 2378 1713 2448 qui

137 2485 270 2526 cum
324 2470 582 2540 haptizati
617 2469 850 2528 fuissent
879 2487 1004 2526 cum
1033 2471 1293 2527 universa
1342 2471 1618 2542 parentela
1662 2478 1715 2525 et

138 2561 404 2618 affinitate
427 2579 525 2619 sua
548 2573 602 2619 et
625 2563 848 2620 famulis
879 2567 1014 2630 suis,
1041 2564 1321 2636 fregerunt
1337 2566 1519 2619 omnia
1543 2563 1714 2620 simu-

137 2655 290 2709 lacra
339 2671 404 2711 ac
433 2654 841 2711 fabricaverunt
869 2657 1152 2712 basilicam
1199 2656 1252 2710 in
1285 2657 1506 2711 nomine
1539 2656 1714 2712 sancti

136 2745 394 2810 Joannis,
430 2749 485 2803 in
510 2764 620 2819 qua
649 2749 765 2820 ipse
787 2758 1012 2805 sanctus
1031 2747 1271 2804 Joannes
1297 2759 1612 2820 assumptus
1631 2758 1714 2805 est

139 2840 250 2892 hoc
281 2839 506 2894 ordine:

213 2927 352 2981 Cum
380 2937 527 2984 esset
561 2943 833 2983 annorum
873 2927 1174 2999 nonaginta
1224 2942 1420 2983 novem
1462 2929 1714 2997 apparuit

137 3017 191 3073 ei
222 3017 490 3073 Dominus
513 3016 673 3074 Jesus
702 3017 957 3074 Christus
987 3033 1113 3072 cum
1141 3017 1425 3088 discipulis
1466 3017 1583 3072 suis
1622 3016 1711 3070 di—

138 3124 278 3165 cens
304 3109 389 3164 ei:
425 3107 560 3164 Veni
589 3109 658 3164 ad
684 3124 770 3164 me
793 3109 920 3180 quia
955 3117 1168 3178 tempus
1190 3117 1273 3164 est
1305 3115 1367 3162 ut
1395 3107 1632 3177 epuleris
1655 3108 1709 3162 in
1741 3141 1781 3198 ρ

139 3200 395 3256 convivio
443 3216 566 3256 meo
611 3216 738 3255 cum
777 3200 1036 3256 fratribus
1078 3199 1211 3255 tuis.
1244 3197 1486 3270 Surgens
1531 3207 1711 3254 autem

136 3293 381 3349 Joannes
404 3293 569 3363 ccepit
590 3293 690 3359 ire,
728 3293 821 3349 sed
851 3292 1115 3347 Dominus
1141 3291 1278 3346 dixit
1308 3291 1395 3347 ei:
1432 3290 1713 3346 Dominica

142 3384 564 3439 resurrectionis
589 3398 725 3439 mea;
753 3383 840 3438 die
872 3399 995 3453 quae
1024 3391 1152 3452 post
1179 3382 1423 3452 quinque
1461 3383 1580 3436 dies
1627 3381 1712 3436 fu-

141 3486 267 3532 tura
299 3485 383 3532 est
419 3476 496 3530 ita
526 3476 714 3532 venies
764 3476 830 3531 ad
863 3492 966 3531 me.
1021 3475 1087 3532 Et
1134 3491 1258 3530 cum
1308 3476 1425 3531 haec
1457 3476 1708 3542 dixisset,

139 3570 284 3625 cmlo
333 3578 584 3639 receptus
631 3580 734 3624 est.
760 3567 1022 3623 Veniente
1058 3567 1243 3637 itaque
1290 3566 1576 3622 Dominica
1625 3569 1713 3624 die

137 3661 397 3715 convenit
417 3659 669 3714 universa
702 3659 991 3714 multitudo
1016 3658 1071 3712 in
1103 3656 1336 3712 ecclesia
1363 3670 1485 3726 quae
1511 3656 1566 3709 in
1589 3655 1711 3725 ejus

139 3750 367 3806 nomine
394 3749 572 3805 fuerat
601 3748 887 3814 fabricata,
912 3757 966 3805 et
996 3763 1027 3804 a
1050 3748 1228 3818 primo
1253 3745 1518 3818 gallorum
1546 3754 1710 3801 cantu

135 3853 310 3909 agens
344 3841 602 3909 mysteria
643 3839 735 3893 Dei
767 3854 983 3894 omnem
1014 3839 1276 3909 populum
1303 3853 1482 3907 usque
1515 3838 1582 3892 ad
1613 3838 1711 3892 ho-

139 3945 262 3984 ram
298 3930 406 3985 diei
437 3931 648 3985 tertiam
673 3931 946 3987 allocutus
972 3939 1077 3987 est.
1108 3930 1238 3986 Post
1275 3931 1392 3985 haec
1427 3930 1594 4000 jussit
1628 3929 1711 3984 fo-

135 4036 298 4077 veam
338 4023 495 4091 juxta
530 4023 702 4078 altare
748 4023 865 4078 ﬁeri
905 4023 1250 4093 quadratam,
1273 4031 1328 4077 et
1355 4031 1556 4076 terram
1591 4022 1710 4092 ejus

135 4112 292 4169 foras
318 4114 605 4170 ecclesiam
644 4114 860 4185 projici.
889 4114 957 4168 Et
992 4113 1330 4170 descendens
1361 4113 1414 4168 in
1445 4128 1567 4168 eam
1610 4128 1708 4168 ex-

135 4206 336 4280 pandit
356 4221 565 4277 manus
599 4221 728 4263 suas
758 4207 826 4262 ad
858 4206 1029 4263 Deum
1057 4215 1112 4262 et
1134 4206 1302 4262 dixit:
1331 4202 1595 4260 Invitatus
1641 4204 1708 4259 ad

1813 546 2012 608 gnatus
2043 551 2123 603 es,
2165 535 2396 591 Domine
2429 535 2560 590 Jesu
2594 534 2825 603 Christe,
2847 537 2912 591 ad
2946 545 3067 593 tuas
3093 539 3281 608 epulas
3308 540 3395 592 in-

1811 630 2010 694 vitare,
2035 629 2216 683 sciens
2247 629 2392 699 quod
2425 644 2492 683 ex
2529 636 2644 683 toto
2674 629 2840 684 corde
2869 645 2988 683 meo
3010 630 3388 686 desiderabam

1813 733 1897 790 te;
1929 723 2038 779 vidi
2061 724 2258 778 faciem
2289 731 2439 781 tuam
2476 733 2530 778 et
2561 725 2720 792 quasi
2754 724 2820 778 de
2856 723 3108 794 sepulcro
3152 724 3394 778 suscita-

1813 825 1900 872 tus
1934 831 2077 870 sum.
2111 815 2260 870 Odor
2296 824 2422 870 tuus
2448 816 2924 885 concupiscentias
2953 815 3009 869 in
3041 830 3128 869 me
3155 815 3391 869 suscita-

1812 907 1890 964 vit
1920 917 2172 966 aeternas.
2216 909 2335 964 Vox
2368 917 2459 964 tua
2511 909 2671 978 plena
2720 909 2988 963 suavitate
3034 907 3291 962 mellillua
3336 917 3392 960 et

1813 998 2074 1052 allocutio
2119 1008 2210 1053 tua
2263 997 2710 1068 incomparabilis
2755 996 2991 1067 eloquiis
3042 996 3387 1067 angelorum.

1813 1088 2037 1154 Quoties
2063 1099 2115 1144 te
2148 1089 2338 1158 rogavi
2367 1099 2428 1142 ut
2458 1089 2693 1143 venirem
2727 1089 2793 1142 ad
2835 1095 2959 1141 teet
2992 1086 3178 1140 dixisti
3211 1085 3347 1140 mihi
3371 1104 3390 1141 :

1814 1180 2083 1248 Exspecta
2119 1189 2179 1234 ut
2210 1180 2470 1250 populum
2507 1179 2708 1236 liberes
2737 1177 3072 1234 crediturum
3121 1176 3279 1241 mihi,
3331 1181 3390 1230 et

1813 1271 2103 1327 custodisti
2136 1285 2340 1339 corpus
2366 1285 2549 1324 meum
2584 1270 2654 1324 ab
2687 1268 2840 1324 omni
2865 1267 3167 1338 pollutione
3190 1275 3244 1320 et
3271 1267 3393 1320 ani-

1813 1379 1959 1418 mam
1993 1379 2174 1418 meam
2209 1379 2424 1434 semper
2449 1363 2798 1429 illuminasti,
2829 1372 2880 1417 et
2906 1371 3017 1416 nan
3047 1359 3391 1431 dereliquisti

1813 1473 1901 1512 me
1933 1471 2055 1513 cum
2089 1456 2227 1511 irem
2263 1456 2320 1515 in
2347 1455 2598 1511 exsilium
2631 1464 2687 1510 et
2709 1455 2968 1522 redirem,
2991 1463 3045 1508 et
3073 1453 3305 1524 posuisti
3335 1454 3390 1507 in

1812 1563 1909 1603 ore
1943 1562 2068 1604 meo
2090 1546 2321 1604 verbum
2343 1547 2592 1603 veritatis
2624 1554 2749 1613 tua,
2778 1559 3217 1600 commemorans
3245 1543 3381 1598 mihi

1813 1638 2129 1694 testimonia
2166 1637 2431 1692 virtutum
2462 1645 2708 1692 tuarum.
2760 1633 2825 1688 Et
2872 1634 3068 1703 scripsi
3116 1647 3182 1687 ea
3225 1647 3390 1702 opera

1814 1743 1936 1796 qua:
1972 1727 2155 1781 audivi
2184 1742 2250 1781 ex
2278 1740 2372 1781 ore
2405 1734 2500 1780 tuo
2528 1724 2764 1779 auribus.
2790 1723 2947 1778 meis.
2982 1721 3048 1774 Et
3083 1737 3252 1785 nunc,
3280 1719 3391 1772 Do-

1818 1819 1986 1884 mine,
2015 1818 2342 1873 commendo
2367 1817 2468 1872 tibi
2502 1816 2644 1872 ﬁlios
2675 1823 2821 1879 tuos,
2849 1829 2991 1884 quos
3020 1811 3116 1866 tibi
3146 1811 3388 1868 Ecclesia

1819 1917 1912 1964 tua
1944 1909 2132 1979 virgo,
2160 1923 2288 1963 vera
2321 1915 2499 1964 mater
2525 1923 2622 1978 per
2652 1921 2851 1976 aquam
2877 1912 2932 1958 et
2968 1902 3231 1973 Spiritum
3260 1916 3390 1956 san-

1817 2009 1968 2057 ctum
2020 2000 2381 2071 regeneravit.
2428 1997 2662 2068 Suscipe
2705 2013 2832 2063 me,
2861 2005 2922 2052 ut
2957 2010 3083 2052 cum
3128 1992 3393 2048 fratribus

1817 2095 1954 2150 meis
1993 2093 2124 2156 sim,
2152 2107 2278 2148 cum
2311 2092 2513 2162 quibus
2543 2093 2769 2146 veniens
2809 2087 3051 2143 invitasti
3077 2101 3185 2150 me,
3241 2082 3392 2154 aperi

1816 2187 1952 2242 mihi
1977 2187 2204 2257 januam
2247 2185 2369 2239 vita:
2395 2202 2412 2252 ;
2439 2183 2715 2254 principes
2748 2181 3098 2236 tenebrarum
3137 2194 3246 2234 non
3294 2191 3390 2232 oc-

1816 2287 2041 2352 currant
2068 2277 2204 2331 mihi
2234 2285 2288 2332 et
2309 2290 2508 2331 manus
2537 2284 2798 2330 extranea
2829 2287 2940 2327 non
2969 2270 3250 2338 contingat
3279 2283 3389 2334 me,

1817 2387 1915 2426 nec
1937 2371 2121 2426 veniat
2143 2369 2278 2424 mihi
2299 2385 2394 2439 pes
2419 2367 2711 2439 superbiae,
2736 2367 2828 2422 sed
2851 2365 3066 2434 suscipe
3084 2379 3170 2418 me
3197 2378 3394 2418 secun-

1815 2465 1943 2517 dum
1972 2463 2196 2517 verbum
2224 2471 2400 2526 tuum,
2424 2470 2478 2515 et
2496 2459 2699 2529 perduc
2719 2474 2807 2512 me
2829 2458 2898 2512 ad
2921 2457 3236 2513 convivium
3258 2471 3394 2525 epu-

1815 2557 1993 2612 larum
2023 2564 2243 2611 tuarttm
2265 2595 2281 2626 ,
2311 2553 2405 2608 ubi
2455 2553 2746 2623 epulantur
2771 2559 2949 2606 tecum
3002 2564 3193 2604 omnes
3232 2548 3395 2603 amici

1815 2647 1916 2701 tui.
1951 2645 2033 2700 Tu
2065 2661 2124 2701 es
2163 2645 2310 2699 enim
2345 2643 2599 2698 Christus
2632 2640 2809 2695 Filius
2836 2637 2930 2694 Dei
2956 2639 3084 2712 vivi,
3129 2637 3225 2709 qui
3255 2654 3395 2707 prae-

1815 2748 1972 2809 cepto
1995 2737 2175 2794 Patris
2205 2737 2286 2791 tui
2313 2736 2581 2791 mundum
2609 2731 2833 2790 salvasti
2857 2772 2872 2798 ,
2907 2731 3000 2802 qui
3030 2739 3084 2786 et
3130 2728 3392 2800 Spiritum

1815 2840 2068 2888 sanctum
2119 2830 2280 2885 nobis
2329 2829 2607 2885 destinare
2639 2827 2894 2897 dignatus
2940 2840 3020 2891 es,
3072 2832 3132 2878 ut
3177 2839 3279 2878 nos
3327 2823 3397 2877 de

1815 2922 2100 2993 praeceptis
2131 2922 2243 2977 tuis
2275 2918 2802 2984 commonefaceres,
2837 2932 2934 2986 per
2971 2914 3223 2970 eumdem
3270 2912 3395 2983 Spi—

1813 3015 1983 3069 ritum
2015 3013 2111 3069 tibi
2146 3013 2352 3083 gratias
2381 3011 2670 3068 referimus
2704 3023 2802 3078 per
2821 3007 3037 3062 inﬁnita
3066 3006 3267 3062 saecula
3293 3022 3393 3062 sae-

1814 3106 2085 3161 culorum.
2145 3104 2343 3160 Amen.

1891 3193 2135 3253 Etcum
2183 3196 2364 3250 omnis
2409 3193 2643 3264 populus
2676 3189 3045 3261 respondisset
3072 3190 3265 3257 Amen,
3300 3189 3397 3244 lux

1820 3297 1971 3344 tanta
2009 3287 2260 3358 apparuit
2301 3302 2466 3356 super
2509 3283 2816 3354 apostolum
2855 3297 2962 3337 una
2997 3280 3112 3338 fere
3152 3283 3306 3347 hora,
3337 3291 3398 3338 ut

1818 3382 1999 3436 nullus
2028 3381 2170 3434 hanc
2213 3379 2438 3434 sufferre
2481 3378 2685 3432 valeret
2738 3383 3013 3445 aspectus.
3041 3373 3238 3430 Postea
3263 3389 3396 3428 vero

1817 3474 2034 3529 inventa
2059 3484 2144 3529 est
2169 3474 2260 3528 illa
2287 3471 2442 3528 fovea
2473 3471 2810 3542 plena,nihil
2843 3469 2990 3523 aliud
3017 3468 3072 3522 in
3105 3484 3164 3522 se
3187 3468 3395 3522 habens

1815 3566 1923 3620 nisi
1955 3580 2177 3628 manna,
2205 3565 2352 3635 quod
2395 3579 2568 3632 usque
2599 3562 2760 3617 hodie
2807 3561 2976 3632 gignit
3005 3561 3157 3615 locus
3191 3561 3314 3625 iste,
3343 3569 3398 3615 et

1816 3657 1955 3712 ﬁunt
1984 3657 2063 3712 ibi
2089 3658 2319 3712 virtutes
2369 3656 2710 3711 orationibus
2763 3654 2907 3725 ejus,
2938 3663 2993 3708 et
3030 3653 3100 3707 ab
3135 3653 3392 3708 omnibus

1813 3750 2221 3806 inﬁrmitatibus
2249 3758 2302 3804 et
2329 3747 2584 3819 periculis
2618 3747 2918 3802 liberantur
2967 3760 3156 3799 omnes
3188 3753 3241 3799 et
3270 3760 3391 3815 pre-

1817 3856 1941 3898 cum
1973 3857 2197 3896 suarum
2233 3841 2483 3894 obtinent
2515 3838 2793 3904 effectum,
2832 3844 3130 3907 praestante
3159 3835 3391 3889 Domino

1817 3942 2006 3990 nostro
2034 3933 2162 3989 Jesu
2192 3933 2414 3991 Christo
2456 3931 2550 4002 qui
2609 3947 2737 3986 cum
2794 3939 3068 3985 coaeterno
3119 3927 3281 3982 Patre
3333 3928 3388 3980 in

1817 4027 2028 4082 unitate
2051 4025 2286 4098 Spiritus
2320 4026 2493 4082 sancti
2523 4024 2668 4080 Deus
2700 4023 2834 4078 vivit
2859 4031 2912 4077 et
2944 4030 3134 4092 regnat
3157 4031 3210 4076 et
3243 4034 3390 4078 nunt'

1815 4131 1868 4175 et
1899 4135 2112 4191 semper
2155 4134 2252 4189 per
2297 4119 2506 4174 infinita
2557 4117 2755 4174 saecula
2803 4116 3144 4171 saeculorum.
3191 4112 3362 4167 Amen
