3872 6210
229 387 375 447 1257
983 390 1408 450 FRAGMENTA
1451 392 1544 448 EX
1584 393 1899 452 EXPOSIT.
1949 393 2432 452 ORACUL-URUM
2471 391 2772 451 DOMINIC.

1482 607 1704 672 Ibidem,
1738 611 1919 678 paucis
1948 609 2258 678 iuterjectis.

321 697 659 768 ’Δεέαγκαίως
685 697 777 751 νῦν
808 698 1188 770 προσθήσομεν
1219 703 1336 764 ταῖς
1377 701 1818 771 προεκτεθείσαις

1990 699 2147 756 Nunc
2169 717 2282 758 rem
2313 702 2458 756 illam
2485 717 2649 773 quam
2683 701 2751 757 de
2780 699 2965 756 Marco
2997 703 3326 774 evangelista
3356 705 3499 761 idem

3362 399 3499 456 1258

227 791 403 845 αὑτοῦ
448 795 651 860 φωναῖς
700 793 1028 865 παράδοσιν,
1063 795 1130 864 ἢν
1171 796 1300 866 περὶ
1352 797 1579 868 Μάρκου
1623 797 1714 850 τοῦ
1762 797 1822 851 τὸ

233 885 573 954 Εὑαγγέλιον
608 889 949 959 γεγραφότος
995 887 1297 942 ὲκτέθειται
1330 887 1416 942 διὰ
1455 889 1673 944 τούτων.
1711 892 1821 942 Καὶ

149 1041 160 1050 ,
229 978 397 1032 τοῦτο
427 980 456 1032 ὁ
492 979 860 1052 πρεσϐύτερος
887 979 1038 1050 ἔλεγε
1060 999 1073 1012 ·
1112 981 1334 1053 Μάρκος
1362 981 1460 1052 μὲν
1485 982 1821 1053 ἑρμηνευτὴς

231 1070 447 1142 Πέτρου
481 1071 787 1141 γενόμενος,
816 1072 916 1125 ὅσα
939 1071 1366 1143 ἐμνημόνευσεν,
1391 1070 1634 1142 ἀκριϐῶς
1659 1070 1823 1142 ἐγρα-

226 1162 369 1231 ψεν·
420 1163 480 1216 οὐ
527 1163 626 1234 μέν
671 1181 753 1217 τοι
807 1163 957 1228 τάξει
1008 1164 1076 1218 τὰ
1117 1165 1222 1218 ὑπὸ
1255 1165 1348 1219 τοῦ
1392 1165 1627 1236 Χριστοῦ
1662 1165 1696 1236 ἣ
1737 1165 1823 1217 λε-

229 1253 440 1324 χθέντα
480 1255 514 1326 ἢ
553 1254 896 1327 πραχθέντα·
941 1255 1066 1308 οὔτε
1100 1257 1208 1328 γὰρ
1242 1258 1440 1328 ἢκουσε
1466 1257 1556 1310 τοῦ
1591 1258 1819 1327 Κυρίου,

230 1348 367 1401 οὔτε
409 1349 887 1420 παρηκολούθησεν
933 1348 1114 1420 αὐτῷ’
1169 1349 1393 1422 ὕστερον
1427 1349 1505 1414 δὲ,
1553 1348 1628 1413 ὡς
1663 1349 1819 1420 ἔφην,

231 1441 454 1512 Πέτρῳ,
497 1441 555 1505 ὃς
606 1441 742 1512 πρὸς
789 1440 885 1505 τὰς
919 1440 1110 1512 χρείας
1143 1444 1379 1495 ἐποιεῖτο
1424 1443 1522 1505 τὰς
1567 1441 1822 1494 διδασκα-

231 1533 362 1596 λίας
380 1551 392 1562 ⁸
423 1533 538 1585 ἀλλ’
568 1533 666 1603 οὐχ
691 1533 884 1604 ὥσπερ
919 1533 1170 1600 σύνταξιν
1201 1533 1306 1587 τῶν
1326 1532 1616 1604 Χυριακῶν
1644 1534 1824 1586 ποιου-

232 1643 404 1697 μενος
449 1625 641 1694 λόγων.
693 1628 853 1680 Ὥστε
904 1627 1025 1680 οὐδὲ
1080 1629 1295 1699 ἥμαρτε
1346 1629 1591 1700 Μάρκος,
1651 1627 1824 1691 οὕτως

230 1719 360 1774 ἔνια
390 1720 627 1792 γράψας,
654 1719 729 1784 ὡς
761 1721 1266 1792 ἀπεμνημόνευσεν.
1318 1722 1466 1786 Ἐνὸς
1498 1722 1606 1794 γὰρ
1639 1723 1824 1792 ἐποιή-

233 1827 376 1865 σατο
419 1813 695 1885 πρόνοιαν,
737 1813 827 1867 τοῦ
881 1814 1044 1884 μηδὲν
1076 1807 1150 1867 ὧν
1183 1815 1380 1885 ἤκουσε
1404 1814 1751 1885 παραλιπεῖν,
1787 1813 1819 1885 ἣ

229 1903 544 1971 ψεύσασθαί
571 1923 625 1958 τι
649 1907 709 1958 ὲν
742 1905 944 1968 αὐτοῖς.
977 1904 1162 1959 Ταῦτα
1192 1906 1290 1976 μὲν
1317 1901 1411 1959 οὖν
1437 1906 1712 1978 ἱστόρηται
1746 1905 1824 1976 τῷ

229 1997 428 2069 Παπίᾳ
480 1997 606 2069 περὶ
657 1997 748 2052 τοῦ
799 1998 1047 2069 Μάρκου.
1103 1998 1240 2068 Περὶ
1295 1997 1352 2051 δὲ
1407 1997 1499 2050 τοῦ
1544 1997 1822 2052 Ματθαίου

227 2089 391 2142 ταῦτ’
425 2089 659 2161 εἴρηταιο
703 2088 978 2153 Ματθαῖος
1016 2090 1114 2160 μὲν
1147 2085 1239 2142 οὖν
1285 2089 1525 2162 Ἐϐραΐδι
1558 2090 1822 2161 διαλέκτῳ

229 2182 310 2236 τὰ
343 2181 501 2250 λόγια
535 2181 926 2252 συνεγράψατο.
957 2181 1296 2254 Ἠρμήνευσε
1328 2181 1372 2234 δ’
1413 2181 1552 2236 αὐτὰ
1587 2181 1659 2246 ὡς
1699 2180 1823 2252 ἠδύ-

231 2290 371 2327 νατο
416 2273 643 2337 ἕκαστος
677 2273 790 2344 (4)’
846 2273 1112 2345 κέχρηται
1139 2273 1182 2326 δ’
1215 2272 1244 2324 ὁ
1288 2273 1449 2336 αὐτὸς
1500 2273 1824 2347 μαρτυρίαις

229 2365 348 2418 ἀπὸ
381 2365 480 2435 τῆς
526 2365 771 2418 Ἰωάννου
805 2364 1418 2438 προτέραςἙπιστολῆς,
1455 2366 1551 2420 καὶ
1582 2366 1680 2437 τῆς
1711 2366 1818 2419 Πέ-

231 2473 368 2527 τρου
401 2457 619 2526 ὁμοίως.
652 2455 983 2510 Ἐκτέθειται
1014 2456 1072 2510 δὲ
1103 2457 1198 2510 καὶ
1226 2456 1391 2526 ἄλλην
1420 2457 1658 2529 ἱστορίαν
1692 2459 1822 2530 περὶ

229 2549 518 2618 γυναικὸς,
559 2550 653 2602 ἐπὶ
695 2549 917 2613 πολλαῖς
961 2547 1258 2619 ἁμαρτίαις
1301 2546 1684 2620 διαϐληθείσης
1727 2547 1821 2600 ἐπὶ

229 2641 334 2696 τοῦ
380 2641 604 2715 Κυρίου,
653 2641 718 2712 ἢν
751 2640 810 2696 τὺ
843 2639 966 2695 καθ’
998 2639 1278 2710 Ἐϐραίους
1305 2639 1634 2708 Εὐαγγέλιον
1668 2655 1823 2711 περι-

236 2733 385 2805 ἐχει.

1923 795 2160 864 scriptor
2203 795 2676 860 commemoravit,
2724 795 3097 864 superioribus
3145 795 3266 866 ejus
3317 797 3502 852 verbis

1925 888 2332 943 subnectemus.
2388 887 2582 944 Aiebat
2613 888 2799 955 etiam,
2835 887 3044 958 inquit,
3085 889 3364 962 presbyter
3391 891 3500 957 ille,

1924 979 2165 1034 Marcum
2216 979 2359 1034 Petri
2399 981 2780 1050 interpretem,
2825 996 3166 1052 quaecunque
3222 985 3500 1039 memoria:

1923 1072 2310 1139 mandaverat,
2364 1071 2654 1142 diligenter
2690 1073 3079 1142 perscripsisse
3123 1090 3135 1126 :
3174 1089 3285 1128 non
3316 1083 3498 1130 tamen

1925 1164 2116 1218 ordine
2150 1165 2489 1234 pertexuissc
2516 1181 2638 1235 qua:
2663 1180 2693 1220 a
2722 1165 2953 1220 Domino
2983 1175 3078 1220 aut
3114 1167 3257 1222 dicta
3286 1177 3381 1222 aut
3409 1185 3502 1239 ge.

1925 1263 2010 1310 sta
2056 1255 2289 1311 fuerant.
2333 1255 2517 1327 Neque
2545 1258 2692 1312 enim
2737 1259 2852 1326 ipse
2894 1256 3181 1313 Dominum
3222 1259 3503 1316 audiverat

1925 1358 2020 1404 aut
2062 1358 2302 1405 sectatus
2344 1348 2524 1405 fuerat
2575 1365 2839 1420 unquam.
2888 1349 2995 1405 Sed
3041 1366 3165 1405 cum
3209 1350 3389 1419 Petro,
3441 1362 3503 1406 ut

1925 1440 2059 1504 dixi,
2092 1449 2276 1510 postea
2310 1450 2557 1496 versatus
2589 1449 2703 1506 est;
2742 1441 2833 1510 qui
2861 1455 2960 1508 pro
2993 1429 3327 1496 audientium
3356 1443 3502 1497 utili-

1926 1542 2058 1597 tate,
2082 1549 2188 1588 non
2222 1548 2352 1587 vero
2378 1541 2437 1588 ut
2458 1549 2775 1588 sermonum
2810 1532 3025 1588 Domini
3052 1535 3336 1590 historiam
3371 1551 3502 1590 con-

1926 1633 2151 1690 tcxeret,
2173 1625 2523 1694 Evangelium
2549 1625 2896 1695 przedicabat.
2923 1625 3192 1692 Quocirca
3216 1628 3348 1682 nihil
3377 1644 3503 1698 pec-

1925 1719 2069 1774 cavit
2098 1717 2334 1783 Marcus,
2363 1717 2458 1788 qui
2495 1718 2755 1773 nonnulla
2788 1718 2862 1772 ita
2897 1719 3137 1788 scripsit,
3180 1729 3342 1789 prout
3386 1719 3502 1790 ipso

1927 1811 2189 1866 memoria
2214 1810 2506 1880 repetebat.
2541 1809 2597 1865 ld
2624 1809 2824 1880 quippe
2854 1827 3024 1864 unum
3049 1811 3323 1878 studebat,
3347 1821 3408 1866 ut
3434 1827 3501 1867 ne

1926 1901 2054 1970 quid
2104 1916 2293 1956 eorum
2328 1917 2448 1971 quze
2499 1901 2747 1957 audierat
2802 1902 3256 1970 praetermitteret,
3298 1912 3392 1957 aut
3434 1919 3504 1958 ne

1927 1994 2057 2064 quid
2086 1993 2209 2048 falsi
2243 1994 2323 2048 eis
2344 1993 2642 2064 atiingeret.
2671 1992 2796 2048 llaec
2830 1993 2896 2048 de
2937 1992 3122 2048 Marco
3145 1992 3344 2064 Papias
3375 2009 3502 2049 nar-

1925 2098 2029 2140 rat.
2057 2085 2133 2140 De
2162 2085 2414 2140 Mattbazo
2439 2101 2569 2140 vero
2599 2085 2677 2140 sic
2709 2086 2870 2140 habet
2899 2103 2912 2138 :
2941 2085 3228 2142 Matthaeus
3258 2087 3502 2156 quidem,

1928 2177 2126 2246 inquit,
2159 2175 2425 2232 Hebraico
2461 2192 2713 2232 sermone
2755 2177 2936 2232 divina
2989 2177 3207 2247 scripsit
3240 2180 3499 2233 oracula:

1932 2270 2318 2339 interpretatus
2346 2279 2429 2325 est
2458 2282 2639 2324 autem
2667 2269 3042 2340 unusquisque
3071 2269 3184 2336 illa,
3215 2279 3377 2339 prout
3407 2285 3505 2340 po-

1928 2362 2050 2415 tuit.
2086 2360 2257 2416 Porro
2287 2361 2426 2416 idem
2455 2359 2657 2431 Papias
2688 2361 3016 2417 testimoniis
3043 2377 3108 2416 ex
3138 2361 3318 2431 priore
3339 2361 3506 2417 Joan-

1924 2453 2009 2508 nis
2054 2451 2330 2522 Epistola,
2370 2463 2424 2509 et
2457 2468 2519 2508 ex
2570 2453 2751 2523 priore
2795 2454 2979 2508 itidem
3014 2452 3158 2508 Petri
3206 2454 3505 2524 desumptis

1924 2547 2116 2602 utitur.
2149 2545 2324 2600 Aliam
2352 2561 2570 2616 quoque
2595 2548 2820 2616 exponit
2850 2546 3136 2602 historiam
3160 2545 3227 2602 de
3253 2547 3502 2612 muliere,

1922 2653 2046 2708 qua:
2078 2637 2373 2693 multorum
2413 2638 2704 2693 criminum
2757 2655 2944 2695 coram
2980 2639 3502 2708 Dominoaccusata

1922 2737 2024 2782 est.
2057 2727 2189 2794 Quae
2221 2728 2442 2798 quidem
2477 2729 2704 2784 historia
2756 2729 2810 2785 iu
2862 2729 3157 2802 Evangelia
3201 2734 3502 2788 secundum

1924 2817 2181 2875 Hebraeos
2205 2819 2408 2890 scripta
2435 2821 2686 2876 habetur.

1670 2934 1849 3005 Ruﬁni
1883 2937 2070 2990 venio.

309 3049 422 3132 Nos
451 3059 630 3132 tamen
661 3049 792 3132 illud
819 3049 1152 3132 assumimus
1181 3063 1248 3103 ex
1274 3048 1559 3132 h_is_,_.quod
1594 3048 1671 3132 de
1696 3047 1878 3102 Marco
1913 3028 2253 3132 evangelista.
2290 3049 2376 3132 his
2414 3051 2640 3118 protulit
2667 3051 2848 3107 verbis
2879 3070 2890 3107 :
2930 3051 3117 3132 Etiam,
3140 3051 3278 3132 hoc,
3326 3053 3502 3132 inquit

232 3121 508 3191 (Papias),
537 3122 816 3191 presbyter
861 3121 1136 3185 narrabat,
1171 3119 1315 3189 quod
1349 3117 1564 3174 Marcus
1597 3120 1864 3191 interpres
1892 3117 2081 3191 fuerit
2111 3117 2277 3182 Petri,
2320 3128 2375 3173 et
2416 3117 2756 3191 quaecunque
2805 3124 3124 3177 meminerat
3153 3123 3222 3175 ab
3263 3137 3328 3176 eo
3357 3117 3499 3177 dicta

230 3191 646 3260 conscripserit.

727 3206 796 3262 on
826 3199 1003 3262 tamen
1037 3206 1130 3259 per
1153 3187 1508 3262 ordincmiea,
1537 3204 1660 3262 quae
1691 3204 1721 3242 a
1753 3187 1992 3262 Domino
2023 3189 2165 3262 d_icta
2217 3197 2345 3262 sunt
2378 3187 2462 3262 veil
2504 3187 2685 3256 facta;
2713 3191 3034 3260 digesserit;
3087 3193 3212 3262 quia
3243 3207 3352 3246 non
3385 3191 3502 3261 ipse

236 3258 702 3316 Domini—auditor
732 3260 999 3332 fueritivel
1028 3258 1412 3332 Sectator,ised
1443 3260 1762 3332 novissime,
1794 3269 1852 3312 ut
1884 3258 2017 3332 dixi,
2042 3258 2206 3332 Petro
2248 3260 2479 3332 adhaesit
2511 3262 2580 3315 ad
2621 3258 2876 3332 usum—ac
2909 3258 3271 3317 ministerium
3305 3258 3502 3332 praedi-

231 3334 420 3397 candi,
453 3347 559 3385 non
589 3332 654 3402 ad
694 3330 1369 3402 conscribendos,Domini
1395 3328 1694 3402 sermones.
1728 3328 2075 3402 ltaque_nihil
2109 3330 2353 3402 peccavit
2382 3329 2687 3402 Marcusqin
2719 3346 2786 3385 eo
2815 3333 2960 3401 quod
2993 3333 3066 3386 ita
3091 3328 3338 3402 quaedam
3366 3333 3505 3388 scri—

230 3403 428 3472 pserit,
459 3401 614 3472 quasi
645 3401 736 3471 qui
771 3401 1004 3468 sparsim
1036 3401 1222 3456 audita
1260 3400 1534 3455 recordari
1568 3397 1848 3453 videatur.
1900 3397 1965 3451 Et
2002 3397 2117 3453 hoc
2150 3401 2328 3453 solum
2375 3402 2506 3454 satis
2538 3399 2668 3522 egit,
2707 3417 2772 3454 ne
2799 3397 2930 3470 quid
2965 3416 3028 3456 ex
3057 3397 3258 3458 auditis
3287 3403 3503 3457 omitte-

233 3481 343 3522 ret-
374 3481 469 3522 aut
499 3471 706 3522 aliquid
741 3470 936 3522 falsum
966 3471 1247 3522 scriberet.
1289 3469 1412 3522 Hzec
1439 3471 1508 3522 de
1539 3467 1722 3522 Marco
1752 3469 1943 3522 scribit
1981 3469 2204 3522 Papias.
2249 3468 2354 3522 Sed
2386 3479 2442 3522 et
2469 3470 2536 3522 de
2597 3469 2820 3522 latthaao
2859 3472 2932 3522 ita
2966 3471 3132 3522 refert
3168 3490 3180 3522 ε
3216 3471 3502 3522 Matthaaus

233 3467 343 3533 ret.
374 3467 706 3540 aut'aliqui'd
741 3467 936 3540 falsum
966 3471 1247 3526 scriberet.
1289 3469 1412 3525 Haec
1439 3471 1508 3524 de
1539 3467 1722 3524 Marco
1752 3469 1943 3524 scribit
1981 3469 2204 3536 Papias.
2249 3468 2354 3524 Sed
2386 3479 2442 3524 et
2469 3470 2536 3524 de

2597 3469 2831 3525 latthaeo
2859 3472 2932 3526 ita
2966 3471 3132 3526 refert
3168 3490 3180 3527 :
3215 3471 3502 3527 Matthaaus

230 3543 456 3614 quidem
491 3539 711 3614 scripsit
740 3539 965 3614 Hebrgeo
991 3556 1270 3614 sermone.
1293 3542 1682 3614 interpretatus
1706 3549 1791 3594 est
1818 3549 2000 3614 autem
2032 3556 2096 3594 ea
2137 3555 2260 3614 quae
2288 3541 2521 3614 _scri_psit_
2541 3541 2940 3614 unusquisque,
2974 3543 3120 3614 sicut
3151 3543 3344 3614 potuit.
3364 3541 3503 3614 Haec

229 3607 402 3668 etiam
434 3613 502 3666 de
546 3607 816 3666 Mattlueo.
858 3609 1037 3665 Utitur
1081 3627 1213 3666 sane
1260 3612 1402 3666 idem
1437 3607 1658 3679 _Papias
1707 3609 2035 3680 testimoniis
2087 3607 2171 3680 ei
2203 3607 2448 3680 Epistola
2493 3607 2720 3665 Joannis
2757 3611 2953 3679 prima,
2981 3621 3035 3665 et
3077 3607 3221 3666 Petri
3255 3613 3505 3668 similiter

231 3684 436 3754 prima.
469 3682 644 3754 Simul
676 3690 731 3736 et
757 3682 1042 3735 historiam
1068 3681 1360 3754 quamdam
1392 3680 1677 3754 subjungit
1698 3680 1766 3734 de
1796 3679 2023 3754 muliere
2056 3679 2324 3754 adultera,
2359 3695 2483 3750 quae
2511 3691 2767 3754 accusata
2799 3692 2884 3736 est
2916 3680 3182 3754 arJudaeis
3213 3683 3357 3754 apud
3388 3683 3503 3739 Dou

233 3748 474 3809 inicum.
511 3752 750 3809 Habetur
782 3762 966 3806 autem
999 3755 1054 3806 in
1086 3748 1378 3824 Evangelio
1404 3748 1552 3821 quOd
1572 3748 1775 3806 dicitur
1809 3749 2115 3805 secundum
2144 3748 2423 3818 Hebraeos,
2452 3751 2656 3821 scripta
2688 3751 2792 3806 ista
2820 3753 3102 3822 parabola.

1835 3862 1925 3918 IV.

347 3963 387 4016 E
417 3979 578 4018 uano
604 3961 692 4018 IV.
712 3962 962 4032 —Apud
985 3958 1248 4014 Irenwum
1282 3960 1376 4014 lib.
1417 3971 1445 4007 ν
1475 3957 1753 4014 Adversus
1802 3955 2023 4022 haares.,
2053 3974 2170 4028 cap.
2198 3959 2289 4026 53,
2322 3974 2470 4012 num.
2501 3959 2536 4013 5
2559 3967 2610 4014 et
2641 3959 2695 4016 4.
2720 3958 3015 4030 Interprete
3045 3959 3119 4016 II.
3167 3958 3395 4018 Vatesio.

309 4105 618 4177 Presbyteri
655 4105 1061 4168 meminerunt,
1108 4101 1203 4171 qui
1255 4099 1520 4155 Joannem
1573 4099 1816 4168 discipu-

1924 4094 2040 4133 rum
2068 4119 2084 4142 ,
2139 4089 2194 4133 et
2229 4081 2658 4150 unumquodque
2691 4097 2921 4150 granum
2973 4082 3218 4154 quinque
3270 4084 3500 4140 bilibres

231 4200 352 4255 lum
389 4197 606 4260 Domini
639 4196 912 4260 viderunt,
957 4193 1180 4249 audisse
1215 4207 1273 4248 se
1307 4192 1376 4246 ab
1414 4206 1502 4258 eo,
1551 4191 1815 4261 quemad-

232 4291 460 4347 modum
514 4289 582 4345 de
632 4287 972 4357 temporibus
1006 4286 1116 4340 illis
1149 4285 1380 4340 docebat
1413 4281 1678 4337 Dominus
1705 4323 1719 4347 ,
1765 4289 1820 4336 et

230 4383 487 4438 dicebat:
519 4379 757 4434 Venient
787 4378 905 4434 dies
945 4377 999 4432 in
1045 4376 1245 4447 quibus
1275 4374 1448 4430 vineae
1482 4380 1774 4428 nascentur
1799 4411 1814 4438 ,

232 4473 467 4543 singula:
492 4471 571 4542 (5)
594 4471 784 4526 decem
821 4469 991 4523 millia
1017 4466 1304 4538 palmitum
1333 4464 1597 4519 habentes
1621 4504 1637 4529 ,
1671 4471 1726 4516 et
1759 4462 1814 4517 in

231 4577 349 4617 uno
381 4562 606 4632 palmite
635 4562 776 4616 dena
828 4559 998 4614 millia
1041 4556 1434 4620 brachiorum,
1487 4561 1543 4607 et
1597 4553 1652 4606 in
1705 4565 1815 4605 uno

231 4670 370 4711 vero
395 4654 473 4725 (6)
499 4653 723 4724 palmite
753 4653 893 4708 dena
918 4649 1087 4704 millia
1123 4647 1478 4718 flagellorum,
1508 4654 1563 4701 et
1594 4645 1647 4698 in
1677 4660 1817 4698 uno-

229 4764 453 4819 quoque
480 4747 692 4818 flagello
717 4746 855 4801 dena
888 4743 1056 4798 millia
1082 4742 1364 4802 botruum,
1398 4747 1452 4793 et
1479 4738 1533 4792 in
1560 4751 1814 4806 unoquo-

227 4859 342 4914 que
385 4843 542 4897 botro
571 4841 710 4895 dena
749 4837 922 4892 millia
957 4837 1263 4899 acinorum,
1293 4841 1348 4886 et
1383 4831 1816 4900 unumquodque

226 4936 450 4991 acinum
485 4932 638 4988 dabit
664 4929 854 5001 viginti
886 4927 1130 4998 quinque
1152 4933 1409 4979 metretas
1434 4921 1567 4976 vini.
1600 4919 1666 4974 Et
1687 4935 1812 4976 cum

227 5041 425 5082 eorum
463 5022 886 5095 apprehenderit
929 5018 1132 5089 aliquis
1179 5025 1495 5074 sanctorum
1553 5015 1770 5069 botrum
1795 5055 1811 5080 ,

226 5118 376 5175 alius
399 5116 693 5172 clamabit:
740 5113 940 5168 Botrus
969 5125 1071 5182 ego
1102 5109 1296 5165 melior
1326 5124 1470 5175 sum,
1506 5123 1595 5162 me
1631 5121 1809 5170 sume,

227 5225 330 5281 per
353 5224 440 5264 me
465 5208 759 5263 Dominum
792 5205 1039 5261 benedic.
1076 5203 1346 5258 Similiter
1367 5209 1422 5255 et
1444 5215 1676 5272 granum
1713 5200 1810 5253 tri-

228 5301 326 5356 tici
352 5301 538 5355 decem
571 5297 744 5352 millia
776 5295 1051 5365 spicarum
1083 5300 1493 5364 generaturum,
1530 5299 1584 5344 et
1618 5305 1810 5342 unam-

225 5407 510 5463 quamque
555 5391 763 5461 spicam
805 5363 1119 5443 habituram
1166 5385 1354 5440 decem
1393 5381 1561 5434 millia
1606 5397 1808 5450 grano-
1843 5363 1886 5419 ι)

303 5533 384 5602 (4)
431 5532 528 5598 Ὠς
561 5531 824 5597 ἠδύνατο
856 5528 1130 5602 ἕκαστος.
1182 5523 1526 5602 Eicephorus
1555 5519 1720 5573 habet
1747 5517 1822 5602 ᾡς

222 5591 544 5674 ἦν’δυνατὸς
577 5591 844 5674 iaceant:
865 5599 960 5674 'cui
988 5591 1344 5674 subscrilmnt
1373 5599 1610 5663 quatuor
1645 5591 1819 5646 nostri

222 5665 389 5730 codd.
421 5672 585 5736 Maz.,
615 5671 778 5731 Med.,
804 5668 942 5728 Fuk.
973 5677 1027 5722 et
1051 5667 1180 5724 Sav.
1214 5665 1410 5719 Van-:5.

303 5742 382 5814 t5)
411 5733 599 5814 Decem
627 5742 818 5814 mima.
861 5737 1031 5814 V_oss._
1051 5738 1194 5814 dena
1219 5736 1411 5790 millia.
1441 5733 1720 5790 Massam.

303 5807 381 5881 (ὃ)
417 5812 664 5867 Palmite.
698 5807 856 5864 Forte
885 5808 1119 5881 brachio.
1147 5807 1324 5881 Quae.

301 5874 377 5954 (7)
426 5880 1008 5938 ilice—testimonium
1045 5878 1294 5946 perhibet.
1329 5875 1616 5947 Prrpcram
1654 5874 1813 5927 vertit

573 5979 847 6044 ΡΑηιοι..
879 5976 996 6037 (in.
1053 5976 1122 6035 ν.

1921 4173 2117 4227 similae
2153 4174 2316 4229 clarae
2362 4173 2615 4228 mundae:
2659 4181 2715 4229 et
2747 4174 2954 4244 reliqua
2998 4185 3181 4230 autem
3210 4192 3404 4246 poma,
3448 4186 3504 4232 et

1921 4264 2168 4331 semina,
2205 4273 2259 4318 et
2309 4263 2571 4332 herbam,
2619 4267 2923 4322 secundum
2967 4271 3382 4339 congruentiam
3434 4270 3504 4326 iis

1919 4365 2384 4428 consequentem:
2415 4366 2471 4412 et
2499 4358 2686 4413 omnia
2722 4359 2981 4413 animalia
3019 4360 3089 4415 iis
3119 4360 3257 4416 cibis
3294 4362 3501 4417 utentia

1916 4467 2041 4521 quae
2063 4468 2093 4506 a
2123 4461 2265 4508 terra
2288 4453 2655 4522 accipiuntur,
2671 4452 2896 4522 paciﬁca
2920 4462 2976 4508 et
3005 4463 3375 4509 consentanea
3412 4455 3498 4508 in-

1916 4546 2092 4602 vicem
2145 4547 2286 4614 fieri,
2330 4546 2574 4616 subjecta
2619 4545 2936 4602 hominibus
2968 4561 3093 4602 cum
3129 4546 3281 4600 omni
3315 4547 3498 4618 subje-

1917 4639 2117 4694 etionc.

1954 4821 2112 4898 .Hzec
2134 4832 2325 4898 autem
2360 4821 2436 4892 (7)
2474 4835 2531 4898 et
2565 4814 2669 4871 Pa-

1916 4891 2072 4960 pias,
2125 4891 2375 4948 Joannis
2407 4891 2624 4948 auditor
2650 4934 2665 4958 ,

1914 4963 2198 5034 Polycarpi
2246 4971 2425 5016 autem
2462 4973 2667 5034 contu-

1914 5033 2187 5094 bernalis.
2252 5041 2410 5088 vetus
2459 5033 2666 5098 homo,

1915 5119 2012 5172 per
2045 5102 2261 5172 Scriptu
2271 5119 2384 5156 ram
2417 5103 2670 5157 testimo-

1914 5174 2064 5242 nium
2104 5175 2351 5242 perhibet
2393 5173 2446 5226 in
2472 5182 2668 5242 quarto

1913 5241 2200 5298 Librorum
2244 5241 2499 5298 suorum:
2540 5253 2670 5298 sunt

1913 5314 2062 5366 enim
2115 5313 2206 5393 illi.
2241 5315 2486 5384 quinque
2539 5313 2666 5368 libri

1914 5383 2232 5453 conscripti.

2815 4821 3000 4877 Ταῦτα
3031 4822 3087 4876 δὲ
3121 4825 3214 4876 καὶ
3248 4823 3462 4885 Παπίας
3481 4860 3496 4886 ,

2755 4893 2997 4964 Ἰωάννου
3049 4894 3148 4964 μὲν
3176 4891 3462 4964 ,ἀκουστὴς
3481 4929 3496 4956 ς

2740 4963 3097 5034 Πολυκάρπου
3165 4963 3222 5016 δὲ
3286 4964 3498 5034 ἑταῖρος

2741 5032 2981 5116 γεγονὼς
3000 5075 3014 5095 ,
3050 5035 3274 5116 ᾁρχαῖος
3319 5032 3460 5116 ἀνῇρ
3481 5070 3496 5093 .

2741 5103 3035 5185 ὲγγράιρως
3058 5103 3500 5185 ἐπιμαρτυρεῖῆὲν

2823 5170 3071 5244 τετάρτῃ
3097 5170 3203 5226 τῶν
3236 5170 3409 5244 αὑτοῦΔ
3420 5170 3501 5244 βιέ

2739 5231 2901 5296 ὀλίων
2936 5260 2947 5272 ·
2973 5231 2992 5314 ’ξ
3017 5231 3132 5314 ἔστι
3197 5243 3308 5314 γὰρ
3353 5231 3500 5312 αὐτῷ

2739 5314 2901 5366 πέντε
2973 5312 3154 5383 βιϐλία
3243 5312 3548 5365 συντετα-.

2738 5383 2936 5454 γμένα.

1931 5522 2216 5592 interpres.
2239 5521 2592 5578 Scribendum
2623 5523 2847 5592 eratvel
2875 5522 2983 5576 haec
3011 5528 3254 5592 testatig,
3288 5519 3370 5573 vel
3403 5517 3499 5592 hoc

1927 5621 2000 5632 -
2045 5593 2399 5646 testimonium
2441 5592 2690 5660 perhibet.

2750 5591 3022 5647 Massucr.
3069 5621 3142 5629 —
3184 5588 3345 5643 Forte
3403 5590 3498 5642 hoc

1928 5663 2375 5742 scripseritnidem
2408 5659 2696 5742 interpres.
2726 5662 2964 5742 Grabius
2981 5677 3090 5742 pro
3121 5660 3231 5714 haec
3276 5659 3403 5742 lggit
3434 5661 3500 5742 dc

1924 5735 2004 5786 his
2029 5727 2056 5795 ,’
2086 5735 2138 5786 in
2196 5727 2372 5796 Spicil.
2413 5727 2649 5796 tomill,
2700 5749 2818 5802 pag.
2855 5733 2941 5788 51.

3025 5746 3162 5786 raeca
3192 5745 3256 5784 ex
3295 5729 3494 5785 Euseb.

1930 5803 2066 5861 Hist.
2104 5803 2244 5856 Eccl.
2277 5805 2368 5858 lib.
2399 5818 2483 5872 ut,
2510 5819 2627 5873 cap.
2661 5804 2748 5858 59.

3144 5955 3221 6018 1.0
