3872 6210
203 368 340 423 1268
917 368 979 425 S.
993 367 1386 440 QUADRATU
1398 368 1436 425 S
1470 368 1904 427 ATHENARUM
1939 369 2342 426 EPISCOPUS.
2361 403 2428 412 -—
2444 370 2744 431 NOTITIA.
3323 381 3460 436 ηερ

1793 486 1883 539 IX.

967 599 1010 652 Ε
1043 617 1200 656 uano
1222 601 1308 656 IV.
1337 634 1403 642 --
1432 605 1585 672 Apud
1622 602 2066 672 Theophylactum
2097 605 2150 656 iu
2178 605 2305 658 Acta
2330 605 2706 674 apostolorum.

272 720 346 773 Οὐ
384 719 490 792 γὰρ
525 720 822 774 ἐναπέθανε
866 723 930 790 τῇ
966 721 1170 794 ἀγχόνῃ
1201 724 1229 774 ὁ
1258 723 1475 786 Ἰούδας,
1504 724 1615 777 ἀλλ’
1643 726 1770 776 ἐπε-
1802 729 1847 784 Α

200 813 306 864 ϐίω
330 812 680 884 καθαιρεθεὶς
703 813 809 884 πρὸ
842 813 934 865 τοῦ
969 815 1354 886 ἀποπνιγῆναι.
1382 818 1492 869 Καὶ
1516 816 1672 870 τοῦτο
1694 834 1784 869 σα-

202 907 469 977 φέστερον
506 907 707 976 ἱστορεί
738 907 955 970 Παπίας
987 909 1016 960 ὁ
1051 907 1298 962 Ἰωάννου
1336 909 1583 980 μαθητὴς
1617 912 1674 963 ἐν
1707 911 1782 982 τῷ

202 999 450 1068 τετάρτῳ
471 997 571 1067 τῆς
587 997 929 1071 Ἐξηγήσεως
948 1000 1056 1054 τῶν
1077 1002 1368 1072 Κυριακῶν
1391 1004 1585 1072 λόγων,
1608 1005 1781 1074 λέγων

197 1088 408 1152 οὕτως’
446 1088 607 1156 Μέγα
649 1089 706 1142 δὲ
751 1091 1005 1155 ἀσεϐείας
1051 1092 1354 1164 ὑπόδειγμα
1401 1096 1459 1146 ὲν
1498 1095 1670 1166 τούτῳ
1706 1096 1783 1166 τῷ

198 1181 392 1252 κόσμῳ
440 1181 841 1254 περιεπάτησεν
862 1185 890 1235 ὁ
926 1186 1143 1249 Ἰούδας,
1173 1187 1440 1259 πρησθεὶς
1475 1190 1566 1242 ἐπὶ
1598 1189 1785 1243 τοσοῦ-

200 1289 289 1325 τον
321 1272 418 1342 τὴν
471 1273 682 1343 σάρκα,
717 1273 858 1326 ὥστε
913 1276 1048 1346 μηδὲ
1100 1278 1297 1330 ὁπόθεν
1350 1279 1534 1349 ἅμαξα
1585 1280 1781 1350 ῥᾳδίως

197 1364 495 1435 διέρχεται,
533 1367 736 1418 ἐκεῖνον
768 1365 1027 1420 δύνασθαι
1060 1369 1309 1422 διελθεῖν.
1330 1371 1489 1424 Ἀλλὰ
1524 1372 1660 1442 μηδὲ
1692 1373 1785 1424 αύ-

199 1455 288 1507 τὸν
325 1455 485 1526 μόνον
516 1456 607 1508 τὸν
637 1457 734 1528 τῆς
759 1458 1001 1528 κεφαλῆς
1023 1459 1188 1527 δγκον
1212 1459 1400 1514 αὑτοῦ.
1427 1462 1508 1514 Τὰ
1543 1462 1642 1532 μὲν
1675 1463 1784 1534 γὰρ

200 1546 448 1618 βλέφαρα
493 1547 600 1601 τῶν
645 1547 938 1620 ὀφθαλμῶν
972 1549 1158 1614 αὑτοῦ,
1195 1553 1327 1619 φασὶ
1363 1551 1613 1606 τοσοῦτον
1648 1553 1784 1619 ὲξοι-

195 1640 391 1710 δῆσαι,
425 1639 500 1702 ὡς
533 1641 692 1693 αὑτὸν
729 1640 829 1711 μὲν
863 1640 1090 1695 καθόλου
1137 1643 1196 1695 τὸ
1242 1642 1356 1711 φῶς
1405 1644 1479 1715 μὴ
1528 1642 1783 1712 βλέπειν·

193 1730 323 1792 τοὺς
356 1727 665 1799 ὀφθαλμοὺς
698 1730 754 1784 δὲ
787 1731 977 1794 αὑτοῦ,
1001 1732 1136 1802 μηδὲ
1169 1733 1273 1786 ὑπὸ
1308 1732 1492 1805 ἰατροῦ
1526 1734 1785 1807 διόπτρας

189 1819 428 1891 ὀφθῆναι
461 1820 720 1874 δύνασθαι
739 1838 752 1850 ·
777 1822 1030 1876 τοσοῦτον
1054 1822 1215 1893 βάθος
1240 1821 1383 1895 εἶχον
1407 1827 1514 1880 ἀπὸ
1535 1828 1632 1897 τῆς
1655 1827 1785 1892 ἐξω-

193 1910 291 1963 θεν
341 1913 680 1980 ἐπιφανείας.
741 1914 814 1967 Τὸ
866 1914 924 1967 δὲ
969 1913 1167 1968 αἰδοῖον
1224 1917 1386 1970 αὑτοῦ
1449 1917 1629 1990 πάσης
1683 1919 1783 1990 μὲν

192 2003 587 2076 ἀσχημοσύνης
600 2004 924 2076 ἀηδέστερον
941 2009 1036 2060 καὶ
1067 2008 1250 2077 μεῖζον
1267 2008 1547 2077 φαίνεσθαι
1565 2027 1578 2039 ·
1615 2011 1782 2082 φέρε-

1945 721 2061 775 Νοιι
2108 724 2250 776 enim
2291 723 2343 778 in
2380 723 2577 792 laqueo
2600 721 2768 778 Judas
2805 732 3054 780 mortuus
3096 736 3199 790 est,
3239 728 3333 783 sed
3369 746 3458 786 su-

1886 812 2118 880 pervixit
2153 813 2402 882 demptus
2443 822 2731 882 antequam
2776 814 3161 870 sulfocaretur.
3199 819 3379 888 Atque
3406 821 3459 873 id

1886 904 2126 972 apertius
2159 904 2323 958 tradit
2355 898 2550 970 Papias
2587 907 2886 975 discipulus
2916 905 3144 963 Joannis
3179 909 3233 963 in
3265 921 3461 981 quarto

1884 994 2024 1047 libro
2056 993 2428 1064 Expositionis
2460 995 2868 1052 Dominicorum
2900 1001 3218 1066 verborum,
3261 1004 3352 1057 ubi
3389 1005 3460 1060 ita

1884 1086 2046 1140 dicit:
2082 1085 2337 1156 Magnum
2369 1087 2683 1156 exemplum
2719 1087 3016 1157 impietatis
3040 1091 3093 1144 in
3124 1092 3229 1146 hoc
3257 1095 3463 1150 mundo

1883 1175 2052 1232 Judas
2078 1187 2327 1232 versatus
2357 1189 2456 1243 est,
2493 1179 2650 1248 cujus
2679 1194 2808 1233 caro
2842 1181 3176 1237 inﬂammata
3221 1184 3358 1239 adeo
3385 1187 3462 1240 in-

1885 1269 2102 1334 tumuit,
2137 1279 2195 1323 ut
2238 1286 2306 1323 ne
2328 1286 2435 1338 qua
2469 1271 2772 1339 plaustrum
2812 1273 3030 1340 quidem
3067 1273 3224 1330 facile
3271 1277 3462 1332 tradu-

1884 1362 2048 1424 citur,
2087 1363 2175 1418 ille
2205 1363 2439 1431 potuerit
2467 1363 2721 1417 transire.
2768 1363 2836 1417 At
2867 1381 2933 1419 ne
2971 1366 3084 1434 ipsa
3117 1369 3336 1438 quidem
3370 1386 3463 1426 ca-

1883 1453 2012 1522 pitis
2062 1455 2207 1509 illius
2255 1455 2397 1509 mole
2449 1455 2587 1509 sola.
2639 1454 2776 1509 Nam
2837 1458 3126 1528 palpebras
3169 1465 3460 1520 oculorum

1886 1545 2032 1600 illius
2071 1546 2128 1600 in
2159 1554 2370 1601 tantum
2409 1546 2738 1602 intumuisse
2764 1547 2965 1614 ferunt,
3001 1559 3062 1606 ut
3090 1553 3208 1622 ipse
3235 1556 3454 1626 quidem

1887 1651 2112 1705 prorsus
2146 1654 2254 1692 non
2287 1639 2531 1693 videret:
2568 1639 2715 1694 oculi
2742 1654 2870 1694 vero
2897 1642 3018 1712 ejus
3048 1659 3117 1699 ne
3143 1661 3239 1715 per
3265 1649 3460 1703 medici

1885 1728 2105 1797 quidem
2154 1731 2426 1800 dioptram
2474 1729 2622 1785 cerni
2653 1744 2908 1800 possent:
2963 1743 3114 1791 tanta
3168 1739 3459 1795 altitudine

1885 1818 1957 1872 ab
1985 1830 2230 1876 extrema
2273 1822 2562 1891 superficie
2595 1822 2872 1878 introrsus
2901 1825 3303 1886 abscesserunt.
3352 1831 3462 1887 Pu-

1884 1909 2060 1965 denda
2091 1928 2220 1968 vero
2252 1913 2398 1970 illius
2432 1919 2626 1985 quavis
2656 1935 2714 1975 re
2759 1920 2990 1976 deformi
3027 1921 3255 1978 foediora
3297 1934 3461 1996 atque

1885 1998 2267 2068 injucundiora
2297 2017 2363 2058 ac
2392 2005 2602 2074 majora
2636 2020 2995 2078 apparerent:
3044 2028 3139 2082 per
3182 2029 3306 2083 qua:
3336 2031 3458 2071 ver-

192 2094 324 2147 σθαι
355 2095 411 2147 δὲ
443 2095 507 2148 δι’
540 2097 701 2150 αὐτοῦ
735 2098 827 2151 τοῦ
864 2099 924 2163 ἐξ
956 2100 1196 2164 ἅπαντος
1231 2102 1322 2155 τοῦ
1360 2099 1610 2172 σώματος
1652 2107 1783 2174 συρ-

1887 2106 2002 2146 mes
2049 2094 2202 2147 sanie
2247 2095 2519 2151 commisti
2578 2113 2645 2152 ex
2675 2108 2791 2154 toto
2839 2116 3071 2172 corpore
3119 2105 3460 2164 conﬂuentes

193 2187 424 2258 ῥέοντας
457 2188 658 2262 ὶχῶράς
693 2209 752 2244 τε
786 2194 881 2245 καὶ
917 2193 1204 2265 σκώληκας
1225 2196 1304 2259 εἰς
1328 2194 1482 2267 ὕϐριν
1507 2195 1576 2248 δι’
1603 2196 1780 2250 αὐτῶν

193 2279 363 2349 μόνον
395 2281 499 2333 τῶν
531 2283 1033 2351 ἀναγκαίων.Μετὰ
1064 2285 1266 2349 πολλὰς
1297 2285 1352 2339 δὲ
1387 2287 1648 2356 βασάνους
1681 2290 1777 2340 καὶ

189 2369 482 2440 τιμωρίας,
507 2372 564 2424 ἐν
599 2371 715 2442 ἰδίῳ
749 2375 881 2442 φασὶ
907 2376 1091 2448 χωρίῳ
1112 2376 1527 2449 τελευτήσαντα,
1551 2380 1777 2444 καὶτοῖς

192 2462 292 2514 ἐπὶ
321 2461 422 2532 τῆς
466 2463 585 2517 ὁδοῦ
633 2464 839 2536 ἔρημον
873 2469 966 2521 καὶ
999 2469 1254 2542 ἀοίκητον
1288 2471 1348 2524 τὸ
1379 2471 1576 2542 χωρίον
1612 2472 1774 2543 μέχρι

191 2553 295 2623 τῆς
326 2555 422 2607 νῦν
454 2557 737 2624 γενέσθαι·
774 2558 890 2613 ἀλλ’
920 2560 1042 2614 οὐδὲ
1078 2562 1242 2634 μέχρι
1275 2563 1372 2634 τῆς
1407 2565 1648 2636 σήμερον
1679 2565 1773 2618 δύ-

191 2643 393 2698 νασθαί
441 2664 559 2699 τινα
607 2649 815 2701 ἐκεῖνον
862 2648 954 2703 τὸν
985 2650 1148 2705 τόπον
1191 2652 1510 2724 παρελθεῖν,
1547 2655 1640 2709 ἐὰν
1706 2655 1782 2727 μὴ

191 2731 294 2795 τὰς
340 2735 491 2803 ῥῖνας
538 2739 658 2799 ταῖς
698 2738 885 2806 χερσὶν
933 2740 1208 2813 ἐπιφράξῃ
1241 2758 1254 2770 ·
1288 2742 1522 2815 τοσαύτη
1568 2744 1654 2798 διὰ
1685 2745 1782 2816 τῆς

191 2823 399 2892 σαρκὸς
431 2824 592 2879 αὑτοῦ
627 2829 721 2880 καὶ
759 2829 853 2881 ἐπὶ
887 2829 989 2900 γῆς
1022 2829 1243 2900 ἔκρυσις
1278 2830 1522 2904 ἐχώρησε
1558 2833 1688 2905 (15).

1886 2198 1983 2252 per
2010 2183 2158 2253 ipsas
2209 2186 2355 2242 solas
2385 2187 2691 2260 (nimirum)
2725 2197 3064 2252 necessarias
3103 2207 3288 2267 partes
3333 2216 3461 2255 eor-

1883 2275 2035 2344 poris
2083 2276 2451 2333 elaberentur.
2511 2279 2646 2336 Post
2691 2284 2892 2339 multas
2929 2294 3114 2342 autem
3163 2305 3355 2358 poenas
3405 2299 3462 2346 et

1881 2369 2162 2425 cruciatus
2237 2371 2292 2425 in
2344 2386 2446 2426 suo
2500 2373 2706 2442 praedio
2761 2377 2915 2431 aiunt
2971 2377 3123 2434 illum
3181 2390 3458 2438 mortuum

1877 2471 2039 2512 esse:
2089 2468 2253 2528 atque
2309 2461 2379 2516 ab
2425 2460 2495 2515 iis
2536 2463 2629 2531 qui
2660 2464 2816 2534 juxta
2848 2467 2998 2523 illam
3033 2469 3179 2525 viam
3213 2471 3462 2528 habitant

1878 2558 2043 2620 atque
2074 2559 2380 2618 versantur,
2414 2553 2644 2611 fundum
2688 2558 2842 2614 illum
2885 2576 3061 2631 usque
3087 2563 3154 2617 ad
3186 2564 3292 2618 hoc
3323 2572 3462 2620 tem-

1877 2656 1979 2710 pus
2012 2642 2288 2698 desertum
2314 2654 2368 2698 et
2396 2645 2466 2700 ab
2496 2647 2692 2705 incolis
2725 2665 2960 2707 vacuum
3003 2669 3157 2709 esse:
3200 2670 3266 2710 ac
3295 2673 3364 2711 ne
3390 2658 3460 2712 ad

1878 2733 2206 2790 hodiernum
2251 2737 2470 2806 quidem
2505 2755 2679 2811 usque
2710 2744 2854 2799 diem
2896 2761 3229 2818 quemquam
3265 2763 3363 2818 per
3394 2749 3459 2803 il-

1873 2824 1988 2880 lum
2019 2827 2201 2882 locum
2235 2843 2399 2898 posse
2429 2833 2684 2899 transire,
2720 2835 2829 2892 nisi
2865 2854 3028 2895 nares
3059 2841 3316 2897 manibus
3361 2842 3459 2897 ob-

1877 2925 2064 2974 turet:
2099 2929 2285 2976 tantus
2319 2936 2418 2990 per
2473 2938 2692 2982 carnem
2742 2928 2892 2985 illius
2932 2932 3098 2987 etiam
3153 2933 3210 2988 in
3255 2942 3456 2990 terram

1876 3010 2058 3068 ﬂuxus
2089 3011 2301 3070 delatus
2329 3024 2431 3070 est.

288 3189 374 3244 Ea:
402 3190 521 3246 cod.
553 3190 692 3247 2597
722 3191 1414 3277 bibliotftecwmqodleianhw,
1451 3197 1765 3277 anuonll’iﬂfz
1792 3223 1799 3251 ι

1881 3198 2004 3277 ιξθῗξ
2030 3200 2086 3277 iu
2117 3200 2332 3255 abbatia
2359 3201 2839 3277 aneyeusjprope
2871 3201 3138 3258 Oxouium
3163 3208 3385 3277 scripto,

899 3264 995 3332 fol.
1024 3264 1153 3331 286,
1180 3282 1300 3336 pag.
1327 3267 1382 3332 2,
1413 3270 1554 3337 apud
1585 3269 1862 3333 Grabium,
1907 3264 2160 3336 Spicileg.
2190 3284 2317 3324 tom.
2356 3271 2422 3338 ll,
2453 3264 2576 3344 pag.
2615 3264 2703 3327 54'.

268 3354 382 3424 (14)
399 3354 569 3411 Maria
596 3355 765 3411 Mater
791 3356 1044 3414 Domini:
1082 3360 1244 3415 Maria
1265 3361 1520 3432 CleOphae
1543 3364 1658 3419 sive
1683 3365 1775 3419 ΑΙ·
1802 3388 1848 3450 c
1877 3372 1933 3418 et
1958 3361 2199 3420 Joannes
2233 3367 2459 3422 alterius
2486 3375 2794 3424 matertera:
2836 3367 3053 3424 Domini
3082 3369 3303 3428 fuerunt
3334 3373 3454 3430 ﬁlii.

189 3445 332 3515 plutei
354 3462 515 3513 uxor,
550 3464 672 3518 quae
705 3448 808 3504 fuit
839 3460 1014 3505 mater
1041 3450 1230 3507 Jacobi
1270 3455 1512 3524 episcopi
1553 3467 1608 3511 et
1641 3471 1773 3527 apo-

189 3535 348 3598 stoli,
385 3546 439 3591 et
482 3535 737 3608 Symonis
764 3548 820 3594 et
847 3538 1182 3605 Thaddaai,et
1209 3542 1495 3612 cujusdam
1524 3542 1724 3615 Joseph
1754 3564 1768 3600 :

191 3625 366 3682 Maria
396 3627 615 3685 Salome
649 3646 786 3686 uxor
818 3631 1081 3699 Zebedazi,
1144 3644 1319 3689 mater
1343 3632 1572 3692 Joannis
1600 3652 1769 3691 evan-

1877 3453 2048 3509 Maria
2078 3454 2266 3512 Jacobi
2314 3459 2545 3517 minoris
2591 3471 2647 3517 et
2693 3461 2896 3533 Joseph
2931 3472 3142 3529 mater,
3184 3481 3324 3521 uxor
3363 3469 3453 3523 Al-

1874 3548 2023 3617 phei,
2057 3563 2216 3604 soror
2252 3549 2355 3606 fuit
2386 3551 2573 3608 Mariae
2606 3553 2797 3609 Matris
2827 3555 3068 3621 Domini,
3108 3573 3272 3627 quam
3298 3559 3443 3617 Cleo-

1874 3639 1998 3708 phae
2018 3638 2258 3698 Joannes
2285 3645 2552 3710 nominat,
2585 3648 2667 3701 vel
2694 3662 2722 3701 a
2751 3656 2925 3717 patre,
2961 3649 3045 3704 vel
3073 3663 3104 3705 a
3134 3651 3452 3720 gentilitatis

189 3719 403 3790 gelistas
432 3730 485 3776 et
520 3719 744 3777 Jacobi:
795 3723 965 3779 Maria
1001 3724 1334 3796 Magdalene.
1382 3725 1505 3782 Istae
1534 3736 1770 3798 quatuor
1873 3729 2102 3798 familia,
2136 3735 2218 3788 vel
2265 3735 2370 3791 alia
2403 3752 2590 3794 causa.
2637 3738 2806 3796 Maria
2839 3741 3058 3797 Salome
3080 3785 3096 3811 ,
3142 3719 3184 3800 7a
3216 3745 3336 3800 viro
3367 3748 3451 3801 vel

193 3810 253 3862 in
285 3809 577 3882 Evangelia
600 3815 964 3885 reperiuntur.
1008 3815 1248 3874 Jacobus
1277 3827 1330 3874 et
1360 3817 1547 3886 Judas,
1578 3830 1632 3874 et
1673 3819 1767 3875 Jo-
1872 3835 1905 3876 a
1930 3821 2051 3877 vico
2081 3823 2311 3880 dicitur:
2363 3827 2503 3882 hane
2544 3831 2793 3885 eamdem
2823 3809 3088 3903 Cleophae
3105 3834 3328 3906 quidam
3363 3837 3449 3892 di-

190 3901 330 3971 seph
361 3903 457 3959 ﬁlii
492 3915 651 3960 erant
683 3917 990 3964 matertera:
1019 3908 1256 3965 Domini.
1286 3909 1526 3967 Jacobus
1551 3925 1768 3982 quoque

1875 3921 2030 3981 cunt,
2065 3915 2214 3985 quod
2239 3916 2378 3974 duos
2412 3919 2562 3976 viros
2595 3921 2867 3978 habuerit.

188 4043 3434 4100 Μ

2284 4083 3428 4100 ηήή-

1073 4155 1284 4330 8.
1382 4176 2530 4360 QUADRATUS

927 4441 1826 4561 ATHENARUM
1908 4448 2680 4572 EPISGOPUS

1550 4766 2064 4861 ΝΟΤΙΤΙΑ

1091 4916 1384 4980 (Gutum,
1415 4916 1641 4973 Biblioth.
1678 4927 1776 4974 vet.
1798 4926 1965 4988 Patr.,
1990 4927 2030 4989 1,
2051 4928 2252 4995 Proleg.
2286 4945 2334 4995 p.
2355 4935 2525 4997 Lxxu.)

263 5043 312 5130 ᾗ
351 5041 419 5130 ελ
446 5040 776 5130 Quadratus,
805 5019 1162 5130 apostolorum
1197 5049 1826 5130 di_sci_pul_us..prophetia'
1841 5054 1978 5108 dono
2002 5055 2250 5130 iltustris,
2282 5061 2555 5130 episcopus
2586 5065 2939 5123 Atheniensis.

377 5111 481 5166 Pro
500 5114 798 5188 delensione
827 5111 1152 5172 Christiana:
1185 5111 1458 5188 religi-onis
1489 5111 1726 5175 Adriano
1750 5125 1823 5176 im

187 5183 466 5256 habitum;
490 5183 830 5256 cujusuuuiu
852 5196 1063 5254 superat
1095 5183 1470 5256 fragmentum.

1825 5129 2058 5191 peratori
2089 5128 2327 5182 libellum
2356 5128 2738 5203 apologoticum
2761 5136 2973 5204 obtulit,
2999 5140 3166 5196 multo
3195 5144 3250 5198 in
3269 5149 3440 5214 pretio

264 5252 352 5307 Ill.
394 5253 674 5346 Annopfi
688 5253 884 5346 Joblata
916 5252 1029 5346 mgf
1063 5252 1350 5346 Apologia,
1375 5276 1502 5346 neum
1537 5269 1727 5315 auctor
1757 5273 2013 5332 provecta:
2030 5266 2150 5335 jam
2193 5280 2324 5324 esset
2352 5273 2528 5326 aetatis
2546 5290 2566 5338 ;
2590 5276 2681 5344 qui
2713 5285 2888 5330 tamen
2919 5295 2950 5332 a
2977 5279 3254 5346 Quadrato
3284 5287 3429 5341 Athe-

191 5338 387 5376 narum
407 5324 654 5391 pontiﬁce
680 5325 1085 5395 distinguenda;
1113 5324 1223 5382 hort
1247 5324 1476 5383 uidetur.

213 5515 226 5526 .
262 5445 376 5514 (l5)
407 5445 720 5537 Ἐχξὶψησε.
741 5445 890 5537 Hane
915 5451 1088 5518 ipsam
1107 5448 1288 5520 Papia:
1308 5451 1374 5507 de
1396 5451 1534 5537 Juda
1551 5464 1764 5537 senten-

183 5525 320 5569 tiam
355 5525 547 5590 paucis
572 5526 940 5590 contractam,
983 5535 1279 5590 suppresso
1316 5525 1555 5578 auctoris
1585 5526 1733 5579 nomi

183 5601 278 5665 ne.
304 5583 676 5665 profertjdem
710 5583 1166 5660 Theopliylactus,
1191 5607 1291 5646 nec
1319 5607 1426 5646 non
1457 5603 1511 5648 et
1550 5591 1759 5665 Euthy-

185 5654 671 5727 Inius,_in_Mattti_.
703 5673 823 5727 cap.
854 5654 1021 5714 ne...

1868 5460 2394 5541 liornmhverboruﬁm
2407 5465 2472 5519 ad
2503 5469 2800 5541 marginem
2817 5540 2820 5541 ν
2839 5486 3093 5541 expresse
3141 5478 3437 5541 ascriptum

1867 5530 2015 5598 lego:
2045 5530 2242 5612 fapia.
2268 5533 2397 5612 __Q_ui
2427 5530 2760 5612 autem'lmc
2794 5530 3102 5612 descripsit,
3125 5530 3437 5604 ’³δᾶίῶιῖῑέ

1865 5615 1966 5655 suo
1991 5619 2014 5682 ε,
2039 5599 2214 5680 Maria
2244 5603 2445 5684 dicitur
2477 5603 2867 5684 Illumiuatrix,
2903 5599 3008 5667 sive
3040 5599 3436 5684 Steltaiiua'risg

1862 5671 2036 5751 genuit
2073 5673 2212 5724 enim
2245 5672 2421 5727 lumen
2446 5678 2662 5756 "uiridi:
2686 5671 2919 5756 sermone
2953 5695 3127 5738 autem
3161 5671 3432 5756 δυνούὸέ

261 5725 374 5816 (μ
414 5724 584 5816 {dario
616 5724 787 5816 Mater
813 5727 1168 5816 Domitii,.et_c.
1235 5729 1339 5816 Ista
1362 5746 1425 5787 ex
1457 5731 1634 5815 Papiae
1659 5749 1758 5816 no-
1861 5724 2005 5794 ;uiua
2028 5724 2753 5816 nuncupatur,auia-aeuuit

185 5796 289 5850 stri
314 5796 466 5850 libris
489 5796 807 5866 deprompta
827 5814 948 5857 esse
969 5803 1164 5858 exinde
1191 5803 1410 5873 colligo,
1447 5796 1575 5874 quia
1599 5805 1755 5859 initio
