3872 6210
459 411 598 467 12ϋὸ

1418 412 1477 468 5.
1511 411 1876 480 QUADRATI
1907 411 2347 470 ATHENABUM
2387 412 2696 470 EPISCOPI

3627 415 3771 469 12M

530 527 568 584 1.
604 529 661 584 S.
686 530 1045 598 Quadratum,
1067 530 1266 586 Publio
1292 531 1616 603 martyrium
1640 546 1824 602 passo,
1857 531 1909 586 in
1935 530 2040 586 Ec-
2074 541 2119 597 Α
2147 530 2268 597 fuit,
2308 541 2367 586 ut
2410 534 2842 602 persecutionem
2879 533 3262 604 gravissimam
3296 532 3443 589 illius
3467 531 3770 587 excellens

458 625 641 681 clesiae
684 623 1038 680 Atheniensis
1074 624 1340 695 regimine
1381 625 1738 688 successisse,
1775 624 1932 680 testis
1966 634 2051 680 est

460 717 707 787 locuples
757 717 901 786 apud
932 715 1228 773 Eusebium
1261 715 1338 787 (1)
1387 715 1685 788 Dionysius
1736 716 2050 772 Corinthio-

459 824 580 862 rum
611 808 904 878 episcOpus
952 809 1007 862 in
1041 809 1273 878 epistola
1300 824 1464 878 quam
1503 809 1932 864 Atheniensibus
1962 809 2050 863 in-

459 900 722 970 scripsit;
753 899 842 954 ubi
880 909 937 954 et
973 921 991 950 ι
1036 901 1158 970 ejus
1188 900 1375 954 labore
1404 909 1570 970 atque
1601 899 1870 954 industria
1905 900 2050 954 cives

460 993 640 1047 denuo
671 992 725 1046 in
757 991 1056 1047 Eeclesiam
1091 993 1442 1058 convenisse,
1479 1003 1537 1048 et
1582 993 1888 1048 redivivum
1925 993 2049 1048 fidei

458 1082 712 1138 ardorem
741 1083 795 1137 in
833 1083 942 1139 illis
978 1092 1291 1153 reparatum
1330 1098 1454 1138 esse
1492 1084 1800 1154 profitetur.
1838 1103 1857 1136 ι
1907 1085 2052 1136 Ἐπι-

463 1175 778 1248 μαρτυρῶν,
811 1176 888 1240 ὡς
919 1177 1008 1230 διὰ
1051 1178 1148 1249 τῆς
1185 1175 1350 1231 αὐτοῦ
1388 1177 1622 1248 σπουδῆς
1663 1178 2049 1248 ἐπισυναχθέν-

461 1285 588 1332 των,
625 1268 719 1322 καὶ
752 1269 850 1339 τῆς
884 1268 1120 1332 πίστεως
1155 1268 1578 1340 ἀναζωπύρησιν
1613 1269 1922 1340 εἰληχότων.
1963 1269 2047 1340 lp-

463 1378 588 1416 sum
637 1377 858 1432 quoque
900 1363 1218 1433 prophetica
1279 1363 1453 1433 gratia
1508 1363 1681 1418 fuisse
1739 1366 2046 1434 praeditum,

462 1465 693 1512 testatur
722 1458 865 1530 apud
905 1457 1160 1513 eumdem
1202 1457 1500 1513 Eusebium
1532 1457 1610 1528 (2)
1644 1459 1882 1528 scriptor
1910 1472 2050 1513 ano-

463 1563 682 1618 nymus,
713 1548 807 1617 qui
835 1546 1064 1603 Rhodon
1111 1547 1281 1602 fuisse
1312 1549 1514 1604 dicitur
1545 1549 1647 1617 (3).
1681 1547 1963 1618 Siquidem
1994 1548 2049 1602 in

461 1656 530 1695 eo
582 1642 724 1696 libro
774 1657 938 1711 quem
997 1641 1372 1698 innominatus
1424 1644 1514 1699 hic
1553 1650 1746 1698 auctor
1785 1641 2051 1696 adversus

463 1732 840 1802 Cataphrygas
872 1734 1202 1802 composuit,
1228 1733 1516 1788 universos
1547 1731 1683 1787 Novi
1710 1731 2048 1787 Testamenti

463 1824 760 1893 pr0phctas
779 1837 1136 1887 enumerans,
1168 1821 1511 1889 Quadratum
1551 1837 1770 1893 quoque
1798 1834 2046 1877 nostrum

458 1920 732 1976 recenset,
765 1927 1002 1982 eumque
1029 1928 1154 1966 cum
1184 1913 1422 1982 Philippi
1453 1913 1799 1984 evangelista:
1833 1912 2047 1967 filiabus
2081 1895 2121 1948 Β

463 2003 768 2074 conjungit,
810 2018 951 2072 quas
1000 2001 1061 2056 S.
1104 2001 1282 2057 Lucas
1317 2002 1694 2071 prophetissas
1734 2001 1971 2071 appellat
2005 2003 2043 2054 ³.

470 2114 488 2145 ι
513 2095 630 2149 Non
649 2093 918 2164 Agabum,
949 2094 1143 2163 inquit,
1178 2110 1286 2148 non
1315 2093 1535 2160 Judam,
1575 2108 1683 2148 non
1726 2093 1918 2160 Silam,
1947 2109 2048 2147 nec

461 2184 695 2254 Philippi
747 2184 926 2250 tilias,
1008 2199 1109 2238 nec
1160 2185 1437 2238 Ammiam
1493 2182 2045 2254 Philadelphensem,

462 2293 566 2332 nec
604 2277 970 2342 Quadratum,
1003 2292 1104 2331 nec
1148 2277 1333 2346 plures
1367 2291 1586 2346 quoque
1622 2277 1759 2331 alios
1785 2277 1875 2346 qui
1911 2275 2047 2330 nihil

462 2369 532 2423 ad
584 2369 732 2438 ipsos
770 2368 1066 2438 pertinent,
1110 2367 1486 2436 praadicabunt
1545 2366 1954 2439 (lllontanistse).
2022 2388 2040 2420 ι

462 2454 600 2514 Οὔτε
639 2460 895 2529 Ἀγαὸον,
941 2459 1065 2512 οὔτε
1127 2458 1344 2521 Ἰούδαν,
1392 2457 1515 2512 οὔτε
1550 2459 1730 2522 Σίλαν,
1777 2459 1901 2512 οὔτε
1949 2459 2046 2522 τὰς

460 2552 727 2605 Φιλίππου
763 2550 1090 2622 Θυγατέρας,
1123 2548 1248 2602 οὔτε
1288 2550 1386 2620 τὴν
1422 2551 1479 2601 ὲν
1512 2548 1868 2620 Φιλαδελφείᾳ
1918 2549 2049 2619 Ἀμ-

465 2643 616 2716 μίαν,
658 2642 782 2696 οὕτε
819 2642 1113 2714 Κοδράτον,
1159 2640 1285 2695 οὔτε
1329 2641 1481 2705 ma;
1520 2641 1710 2704 ἄλλους
1751 2641 1914 2711 μηδὲν
1947 2642 2045 2693 αὐ-

460 2739 574 2799 τοῖς
625 2736 996 2808 προσήκοντας
1053 2734 1438 2805 καυχήσονται.
1501 2731 1599 2788 l‘lis
1664 2732 1843 2787 allinia
1885 2733 2048 2787 tradit

462 2827 590 2882 alibi
624 2827 877 2881 laudatus
908 2825 1270 2880 Caesariensis
1311 2824 1602 2893 cpiscopus
1633 2822 1733 2893 (4).

533 2918 598 2974 ll.
634 2917 734 2973 llic
763 2918 947 2988 itaque
977 2918 1060 2971 vir
1090 2916 1432 2988 apostolicus
1453 2915 1697 2970 Adriano
1727 2915 2043 2985 imperatori

461 3009 691 3064 Athenis
719 3008 901 3078 agenti
931 3006 1175 3062 libellum
1208 3005 1610 3076 apologeticum
1635 3004 1853 3073 obtulit,
1885 3005 2047 3062 Chri-

462 3104 768 3158 stianorum
808 3099 1175 3155 innocentiam
1222 3108 1276 3154 et
1308 3099 1551 3169 iniquam
1585 3114 1773 3154 eorum
1801 3102 2046 3156 vexatio-

461 3207 588 3246 nem
645 3189 950 3245 luculenter
1012 3204 1317 3258 exponens.
1369 3187 1445 3242 De
1499 3205 1608 3258 quo
1662 3189 1882 3260 quidem
1931 3191 2046 3246 lucc

464 3284 522 3338 ὃ.
562 3281 924 3352 Hieronymus
955 3279 1032 3351 (5)
1085 3299 1098 3334 :
1149 3298 1167 3331 ‹
1207 3279 1520 3346 Quadratus
1558 3282 1930 3350 apostolorum
1957 3282 2044 3335 di-

461 3374 729 3444 scipulus,
767 3372 962 3428 Publio
1014 3371 1353 3428 Athenarum
1403 3373 1662 3444 episcopo
1715 3375 1786 3428 ob
1839 3375 2045 3430 Christi

461 3467 622 3520 fidem
668 3465 929 3536 martyrio
975 3474 1264 3531 coronato,
1292 3465 1346 3518 in
1381 3465 1562 3520 locum
1598 3467 1720 3536 ejus
1751 3467 2046 3522 substitui-

460 3570 572 3625 tur,
612 3567 666 3614 et
696 3557 1002 3612 Ecclesiam
1033 3557 1226 3628 grandi
1258 3565 1466 3613 terrore
1501 3559 1808 3628 dispersam
1854 3560 1958 3615 fide
1991 3568 2046 3616 et

459 3649 730 3706 industria
756 3652 854 3704 sua
884 3657 1199 3719 congregat.
1226 3649 1480 3720 Cumque
1509 3649 1786 3708 Adrianus
1815 3651 2046 3709 Athenis

458 3743 729 3814 exegisset
771 3743 1030 3806 hiemem,
1072 3741 1319 3798 invisens
1360 3742 1656 3812 Eleusina;
1705 3754 1759 3798 et
1787 3746 2046 3802 omnibus

461 3850 611 3904 panic
645 3834 869 3890 Graecia:
903 3836 1080 3891 sacris
1114 3836 1384 3903 initiatus,
1424 3837 1664 3891 dedisset
1697 3837 2045 3894 occasionem

460 3926 550 3980 his
577 3925 671 3994 qui
697 3923 1043 3982 Christianos
1074 3925 1326 3992 oderant,
1377 3926 1583 3994 absque
1631 3938 1900 3998 praecepto
1942 3931 2046 3984 im-

459 4014 730 4085 peratoris
759 4029 956 4070 vexare
987 4015 1303 4082 credentes;
1349 4016 1593 4085 porrexit
1627 4015 1677 4069 ei
1716 4015 1914 4070 librum
1945 4032 2044 4086 pro

458 4107 723 4176 religione
753 4115 962 4174 nostra,
997 4108 1156 4162 valde
1195 4109 1381 4162 utilem
1437 4107 1768 4178 plenumque
1815 4109 2046 4164 rationis

457 4209 512 4252 et
546 4197 693 4262 tidei,
724 4206 778 4253 et
827 4200 1129 4269 apostolica
1175 4201 1426 4255 doctrina
1457 4201 1718 4271 dignum;
1767 4201 1819 4255 in
1852 4217 1962 4270 quo
1991 4211 2044 4256 et

459 4290 838 4360 antiquitatem
873 4307 987 4346 sua;
1019 4292 1198 4347 aetatis
1229 4293 1524 4347 ostendens
1570 4294 1668 4360 ait,
1705 4292 1970 4362 plurimos
2011 4309 2043 4348 a

459 4398 518 4435 se
552 4381 721 4443 visos.
751 4382 846 4452 qui
877 4383 982 4440 sub
1012 4381 1248 4437 Domino
1286 4383 1456 4438 variis
1490 4389 1544 4438 in
1577 4382 1764 4439 .ludzea
1795 4386 2042 4454 oppressi

459 4475 862 4532 calamitatibus
893 4477 1068 4530 sanati
1124 4475 1364 4541 fuerant,
1406 4486 1460 4531 et
1486 4477 1578 4547 qui
1616 4493 1646 4532 a
1689 4478 1920 4532 mortuis
1953 4495 2042 4533 re-

459 4575 833 4621 surrexerant.
899 4584 917 4613 ι
971 4563 1090 4620 Huc
1152 4581 1327 4636 usque
1384 4569 1699 4621 summatim
1749 4585 1814 4622 ex
1872 4567 2041 4623 Euse-

459 4658 550 4712 bio
580 4657 656 4728 (6)
690 4657 883 4713 doctor
927 4658 1243 4724 maximus;
1293 4658 1388 4727 qui
1421 4669 1477 4713 et
1525 4659 1654 4713 alibi
1683 4659 1750 4713 ad
1786 4659 2040 4730 Magnum

458 4757 731 4803 oratorem
759 4749 1030 4814 scribens,
1070 4749 1122 4802 in
1157 4749 1405 4804 eamdem
1435 4751 1763 4806 sententiain
1803 4754 1917 4806 haec
1942 4753 2041 4806 ha-

459 4843 551 4896 bet
579 4841 700 4911 (7):
757 4859 776 4890 ι
818 4840 1131 4906 Quadratus
1188 4842 1561 4910 apostolorum
1609 4842 1936 4913 discipulus,
1989 4851 2045 4897 et

457 4934 808 4988 Atheniensis
833 4931 1078 5002 pontifex
1105 4931 1383 4998 Ecclesise,
1419 4948 1604 4988 nonne
1625 4934 1867 4989 Adriano
1890 4936 2046 5005 prin-

457 5025 564 5088 cipi
621 5023 892 5079 Eleusinae
937 5039 1096 5080 sacra
1147 5024 1428 5091 invisenti,
1483 5025 1684 5080 librum
1720 5041 1820 5096 pro
1856 5035 2045 5081 nostra

441 5117 718 5189 religione
769 5117 1025 5174 tradidit?
1076 5128 1131 5173 et
1185 5126 1347 5173 tantae
1388 5119 1735 5174 admirationi
1788 5121 2046 5176 omnibus

2071 3239 2113 3294 C

531 5254 548 5284 ³
585 5250 705 5305 Act.
741 5266 857 5319 χχι,
885 5247 938 5304 9.

525 5387 604 5458 (l)
643 5385 843 5458 Euseb.
873 5385 1018 5458 Hist.
1040 5385 1376 5458 eccles.,ilib.
1410 5402 1484 5455 IV,
1517 5401 1639 5457 cap.
1669 5385 1760 5442 23.

531 5456 610 5530 (2)
649 5456 820 5530 _I_tiid.,
867 5457 957 5530 lib.
999 5473 1052 5530 v,
1084 5473 1205 5530 cap.
1246 5457 1334 5510 17.

527 5526 608 5600 (5)
647 5526 871 5600 ljieron.
895 5527 978 5600 ρο
1005 5529 1101 5582 vir.
1138 5528 1362 5600 illustr.,
1399 5542 1519 5596 cap.
1547 5527 1636 5582 57.

527 5596 607 5668 (4)
647 5597 849 5668 Euseb.
883 5596 1030 5653 Hist.
1063 5599 1269 5668 eccles.,
1298 5597 1392 5652 lib.
1425 5613 1508 5662 Ill,
1538 5614 1657 5668 cap.
1684 5597 1771 5653 57.

526 5667 606 5736 (5)
647 5667 870 5723 Hieron.
905 5669 982 5722 De
999 5669 1096 5721 vir.
1127 5667 1353 5732 illustr.,
1381 5682 1502 5737 cap.
1533 5667 1619 5726 19.

530 5737 608 5808 (ti)
648 5737 848 5808 Euseb.
888 5737 1032 5791 Hist.
1058 5745 1266 5803 eccles.,
1305 5739 1400 5792 lib.
1425 5755 1502 5808 tv,
1539 5755 1659 5808 cap.
1693 5740 1747 5795 5.

531 5807 608 5881 (7)
647 5806 866 5881 Hieron.
907 5809 1066 5876 epist.
1099 5808 1186 5873 70,
1234 5827 1288 5864 n.
1320 5809 1374 5877 1,
1409 5807 1547 5880 Opp.
1585 5806 1716 5865 tom.
1751 5810 1792 5879 Ι,
1830 5827 1882 5881 p.
1911 5811 2038 5880 426,

459 5876 588 5931 rdit.
623 5892 748 5932 nov.
785 5876 979 5935 Veron.

2155 626 2371 680 sedaret
2408 627 2706 696 ingenium.
2741 645 2759 678 ι

2229 741 2248 772 ς
2279 719 2499 775 Utinam
2524 735 2677 784 vero,
2711 731 2771 774 ut
2799 735 2923 774 cum
2956 719 3163 774 Crabio
3187 719 3383 788 loquar
3409 717 3511 787 (8),
3549 717 3633 771 de
3669 716 3772 769 hac

2151 809 2414 876 Quadrati
2466 810 2726 880 Apologia
2758 826 2903 866 nunc
2939 812 3184 866 scribere
3232 823 3554 879 possemus,
3618 809 3773 877 quod

2151 901 2280 955 olim
2311 899 2576 955 Eusebius
2609 901 2664 954 in
2693 901 2808 954 [nec
2839 902 3002 955 verba
3032 901 3110 971 (9)
3152 919 3165 955 :
3208 899 3390 953 Είσέτι
3425 900 3482 951 δὲ
3520 898 3772 968 φέρεται

2153 990 2304 1061 παρὰ
2337 990 2611 1054 πλείστοις
2643 989 2751 1043 τῶν
2799 990 3063 1060 ἀδελφῶν,
3111 989 3254 1061 ἀτάρ
3289 991 3384 1042 καὶ
3431 988 3579 1058 παρ’
3638 989 3774 1057 ἡμῖν

2150 1080 2212 1134 τὸ
2246 1080 2598 1152 σύγγραμμα·
2635 1079 2694 1146 ἐξ
2736 1073 2796 1132 οὗ
2832 1081 3067 1133 κατιδεῖν
3113 1082 3229 1133 ἐστι
3261 1079 3490 1150 λαμπρά
3537 1081 3771 1146 τεκμή-

2155 1190 2243 1245 ρια
2265 1174 2364 1244 τῆς
2397 1191 2454 1226 τε
2479 1172 2574 1226 τοῦ
2610 1173 2802 1244 ἀνδρὸς
2834 1173 3076 1236 διανοίας
3109 1175 3203 1226 καὶ
3247 1174 3347 1244 τῆς
3379 1172 3773 1241 ἀποστολικῆς

2150 1264 2494 1336 ὀρθοτομίας.
2539 1282 2558 1315 ι
2600 1262 2792 1319 Exstat
2842 1263 3114 1334 hodieque
3166 1265 3309 1334 apud
3342 1265 3665 1333 plerosque
3706 1279 3772 1316 ex

2151 1355 2414 1411 fratribus
2456 1356 2572 1410 haec
2619 1355 2820 1422 oratio,
2872 1371 3039 1425 quam
3083 1369 3185 1410 nos
3213 1355 3375 1408 etiam
3428 1354 3769 1409 habemus:

2149 1462 2216 1503 ex
2243 1463 2352 1518 qua
2373 1456 2428 1503 et
2449 1448 2729 1519 ingenium
2759 1448 2907 1502 illius
2938 1447 3064 1514 viri,
3100 1456 3157 1502 et
3187 1461 3391 1502 rectam
3426 1447 3774 1516 apostolicae

2153 1543 2280 1598 fidei
2313 1543 2626 1598 doctrinam
2673 1544 2963 1613 perspicue
3006 1556 3341 1613 cognoscere
3387 1542 3544 1596 licet.
3585 1561 3610 1594 ι
3659 1540 3771 1596 Sed

2150 1636 2313 1706 periit
2340 1636 2520 1690 eheu!
2553 1635 2835 1706 egregium
2876 1635 3024 1690 istud
3075 1633 3440 1706 σύγγραμμα,
3494 1634 3771 1704 nihilque

2149 1729 2270 1800 ejus
2299 1736 2550 1798 superest
2576 1737 2775 1798 praeter
2801 1728 3049 1794 unicum,
3073 1727 3463 1785 brevissimum
3493 1727 3769 1796 quidem,

2151 1831 2207 1874 at
2240 1820 2422 1874 nobile
2459 1818 2827 1890 fragmentum
2862 1819 3009 1888 quod
3049 1819 3208 1874 nobis
3244 1819 3620 1874 conservavit
3654 1815 3768 1871 Eu-

2151 1913 2356 1968 sebius.
2390 1911 2555 1966 Plura
2585 1911 2866 1984 darentur,
2898 1911 2945 1966 si
2984 1916 3311 1981 superstites
3347 1911 3537 1965 adhuc
3567 1920 3771 1966 essent

2151 2004 2376 2059 alterius
2432 2002 2654 2059 Eusebii
2717 2003 2919 2058 saaculo
2967 2018 3022 2056 vl
3077 2002 3321 2072 episcopi
3375 2000 3767 2056 Thessaloni-

2149 2095 2332 2150 censis
2359 2093 2485 2148 libri
2532 2093 2600 2146 10
2635 2103 2820 2146 contra
2852 2092 3122 2146 Andream
3155 2094 3514 2154 monachum;
3561 2101 3768 2162 utpote

2149 2202 2314 2256 quem
2359 2186 2678 2241 adversario
2719 2201 2822 2240 suo
2871 2183 3137 2251 Quadrati
3179 2185 3342 2239 verba
3385 2187 3761 2254 opposuisse,

2149 2295 2406 2349 expresse
2440 2289 2672 2335 testatur
2702 2278 2929 2334 Photius
2963 2279 3098 2349 (10).

2221 2371 2310 2427 lll.
2379 2370 2530 2427 llanc
2600 2386 2732 2426 vero
2793 2370 3107 2440 Apologiam
3161 2370 3358 2425 obtulit
3419 2369 3764 2436 Quadratus

2150 2465 2393 2519 Adriano
2443 2464 2715 2534 Augusto,
2751 2479 2875 2518 cum
2914 2471 3186 2533 provectas
3209 2463 3324 2533 jam
3361 2475 3514 2518 esset
3548 2466 3758 2520 aetatis.

2150 2556 2206 2611 ln
2235 2573 2298 2612 ea
2324 2557 2622 2626 siquidem,
2658 2557 2837 2627 inquit
2877 2555 3151 2612 Eusebius
3175 2557 3310 2626 (ll),
3344 2557 3583 2627 ipsemet
3613 2561 3764 2614 ansi-

2147 2650 2402 2718 quilalem
2439 2665 2592 2702 suam
2624 2649 2756 2702 satis
2784 2648 2965 2717 prodit
3007 2663 3028 2702 .'
3086 2649 3143 2702 Ὀ
3186 2648 3231 2701 δ’
3278 2650 3444 2712 αὐτὸς
3476 2652 3593 2721 τὴν
3639 2653 3761 2706 κα6’

2149 2741 2338 2793 ἑαυτὸν
2365 2739 2703 2811 ἀρχαιότητα
2738 2739 3095 2811 παραφαίνει.
3132 2741 3250 2806 Qua
3302 2742 3368 2796 de
3404 2759 3464 2796 re
3499 2743 3564 2796 in
3610 2744 3764 2800 Cra:-

2148 2835 2228 2887 cis
2257 2833 2506 2886 Chronici
2541 2831 2832 2886 Euscbiani
2888 2833 2956 2886 ad
3007 2849 3212 2886 annum
3250 2833 3477 2888 Adriani
3517 2836 3594 2889 10
3646 2838 3761 2892 haec

2148 2925 2400 2994 leguntur
2435 2924 2550 2994 (12)
2587 2943 2600 2978 :
2647 2923 2999 2996 Κουαδρᾶτος
3031 2928 3059 2978 ὁ
3093 2926 3234 2998 ἱερὸς
3267 2926 3374 2978 τῶν
3423 2928 3762 2985 ἀποστόλων

2147 3017 2436 3087 ἀκουστὴς,
2499 3017 2664 3087 Αἰλίῳ
2733 3017 2995 3088 Ἀδριανῷ
3027 3016 3104 3088 τῷ
3139 3017 3502 3091 αὐτοκράτορι
3560 3023 3763 3091 λόγους

2149 3105 2445 3175 ἀπολογίας
2479 3106 2618 3177 ὑπὲρ
2650 3107 3018 3176 Χριστιανῶν,
3055 3109 3149 3161 καὶ
3193 3109 3542 3181 Ἀριστείδης
3595 3114 3760 3184 Ἀθη-

2148 3201 2292 3261 ναῖος
2335 3201 2364 3251 ὁ
2412 3199 2697 3268 φιλόσοφος
2758 3200 3056 3253 ἐπέδωκαν.
3124 3202 3301 3273 "Amp
3357 3203 3675 3274 δεξάμενος
3733 3210 3762 3260 ὁ

2148 3293 2366 3364 Καῖσαρ
2401 3293 2496 3345 σὺν
2527 3296 2638 3356 τοῖς
2673 3292 2821 3363 παρὰ
2855 3293 3108 3364 Σερενίου
3142 3295 3438 3366 Γρανιανοῦ
3485 3297 3758 3372 λαμπρο-

2145 3383 2307 3437 τάτου
2349 3383 2673 3454 ἡγουμένου,
2720 3384 2796 3448 ὡς
2842 3383 3023 3438 ἄδικον
3059 3387 3144 3456 εἴη
3193 3387 3583 3458 γραψαμένου,
3622 3393 3760 3464 Χρι-

2147 3477 2394 3539 στιανοὺς
2429 3477 2668 3548 ἀκρίτως
2702 3477 2794 3530 ἐπὶ
2831 3477 3020 3548 μηδενὶ
3054 3478 3162 3531 τῶν
3196 3480 3576 3551 ἐγκλημάτων
3613 3486 3761 3538 κτεί-

2145 3589 2289 3636 νειν,
2355 3573 2554 3644 γράφει
2604 3573 2882 3643 Μινουκίῳ
2939 3573 3220 3644 Φουνδανῷ
3283 3575 3593 3648 ἀνθυπάτῳ
3661 3578 3756 3646 τῆς

2157 3663 2357 3727 Ἀσίας,
2397 3663 2599 3734 μηδένα
2625 3663 2859 3717 κτείνειν
2891 3663 3020 3717 ἄνευ
3049 3665 3410 3736 ἐγκλημάτων
3443 3671 3552 3721 καὶ
3585 3686 3756 3738 κατ-η-

2145 3757 2357 3827 γορίας.
2394 3757 2622 3812 Gemina
2665 3757 2858 3812 recitat
2889 3755 3176 3826 Syncellus
3208 3757 3341 3828 (15),
3381 3759 3535 3814 unde
3562 3760 3753 3816 Graeca

2145 3865 2243 3904 sua
2278 3848 2584 3905 Eusebiana
2622 3849 2870 3920 Scaliger
2910 3850 3284 3919 desumpsisse
3320 3852 3586 3916 videtur;
3634 3869 3754 3922 qua:

2144 3943 2363 4014 quidem
2383 3943 2437 3998 in
2461 3945 2713 3999 versione
2735 3943 3155 4014 llieronymiana
3175 3947 3250 4000 ita
3263 3945 3585 4001 efferuntur
3601 3949 3621 4016 (
3634 3949 3715 4014 l4)
3737 3966 3750 4000 :

2146 4037 2478 4104 Quadratus,
2521 4038 2816 4107 discipulus
2881 4038 3287 4108 apostolorum,
3355 4050 3404 4092 et
3473 4041 3750 4096 Aristides

2143 4117 2496 4196 Atheniensis,
2525 4139 2702 4183 noster
2733 4129 3093 4199 philosophus,
3119 4130 3279 4184 libros
3306 4148 3401 4199 pro
3427 4129 3750 4187 Christiana

2144 4221 2394 4291 religione
2437 4222 2624 4276 dedere
2675 4224 3011 4292 compositos.
3057 4223 3124 4276 Et
3176 4222 3403 4278 Serenus
3464 4222 3749 4279 Grunnius

2142 4313 2371 4383 legatus,
2402 4315 2482 4368 vir
2505 4316 2744 4385 apprime
2771 4315 2988 4380 nobilis,
3016 4314 3228 4369 litteras
3259 4317 3330 4369 ad
3361 4317 3750 4384 imperammn

2145 4408 2331 4469 mittit,
2365 4408 2606 4480 iniquum
2645 4424 2756 4461 esse
2799 4407 3002 4473 dicens,
3044 4406 3366 4460 clamoribus
3401 4407 3552 4478 vulgi
3594 4411 3742 4463 inno-

2145 4501 2374 4555 centium
2407 4503 2677 4554 hominum
2712 4502 3024 4572 sanguinem
3062 4501 3318 4564 concedi;
3354 4510 3404 4554 et
3457 4503 3584 4556 sine
3637 4503 3749 4554 ullo

2075 4599 2118 4656 ι)
2142 4594 2385 4658 crimine,
2419 4595 2648 4647 nominis
2679 4603 2886 4648 tantum
2928 4603 2978 4648 et
3010 4604 3167 4649 secta:
3201 4609 3313 4646 reos
3348 4593 3486 4661 ﬁeri.
3536 4594 3744 4659 Quibus

2143 4693 2431 4736 commotus
2482 4682 2754 4737 Adrianus
2806 4682 3046 4737 Minucio
3104 4681 3370 4736 Fundano
3427 4685 3747 4752 proconsuli

2147 4776 2288 4830 Asiw
2321 4776 2556 4846 scripsit,
2593 4793 2700 4830 non
2741 4777 2856 4831 sine
2884 4777 3094 4846 objecta
3138 4777 3421 4829 criminum
3469 4775 3744 4830 Christia-

2145 4883 2239 4920 nos
2262 4868 2708 4922 condemnandos.
2734 4868 2961 4923 Adriani
2995 4870 3316 4938 rescriptum
3341 4868 3408 4921 ad
3431 4865 3740 4922 Minucium

2145 4958 2468 5014 Fundanum
2501 4976 2611 5029 quo
2635 4961 3072 5030 persecutionem
3106 4977 3136 5015 a
3161 4960 3363 5015 Grzccis
3397 4970 3448 5013 el
3479 4959 3740 5014 Asiaticis

2144 5053 2437 5108 excitatam
2478 5053 2784 5121 prohibuit,
2825 5052 3102 5123 Apologia:
3150 5068 3263 5108 suae
3299 5051 3540 5106 intexuit
3572 5050 3736 5106 Justi-

2145 5161 2249 5200 nus
2277 5143 2482 5216 Martyr
2509 5143 2643 5213 (15).
2683 5141 2762 5197 Ex
2817 5144 3020 5214 quibus
3059 5160 3189 5214 ergo
3217 5145 3574 5214 perspicuum
3615 5151 3692 5198 est
3716 5181 3733 5207 ,

2216 5391 2293 5461 (8)
2331 5391 2496 5462 Grab.
2525 5392 2713 5461 Spicil.
2742 5391 2842 5447 ss.
2877 5390 3023 5455 Ρρ..
3053 5399 3189 5447 tom.
3216 5390 3282 5456 ιι,
3309 5407 3364 5462 p.
3394 5393 3516 5447 is...

2242 5464 2300 5534 9)
2329 5461 2529 5534 E_useb.
2564 5463 2710 5534 Hist.
2737 5463 2946 5524 eccles.,
2980 5463 3073 5518 lib.
3108 5477 3184 5529 tv,
3210 5461 3331 5534 cap.
3365 5464 3422 5518 5.

2244 5531 2332 5604 ιο)
2365 5532 2523 5604 Phot.
2554 5533 2695 5604 Bibl.
2731 5534 3022 5604 ωιλλεδ.

2244 5602 2328 5676 ll)
2369 5602 2570 5676 Euseb.
2597 5603 2744 5676 Hist.
2771 5602 2978 5676 eccles.,
3008 5604 3104 5657 lib.
3132 5618 3366 5676 rv.rcap.
3389 5604 3446 5661 5.

2243 5674 2329 5744 12)
2367 5671 2567 5744 Euseb.
2596 5674 2791 5744 (.ltron.
2820 5673 2942 5737 Gn,
2984 5690 3106 5744 pag.
3130 5674 3260 5728 211.

2213 5741 2328 5814 (15)
2366 5741 2605 5814 §yncell.
2638 5743 2956 5813 Cltronogr.,
2984 5741 3110 5813 pag.
3139 5744 3264 5798 548.

2213 5812 2328 5886 (lt)
2365 5812 2768 5886 Euseb.Cliron.
2791 5812 2884 5869 lib.
2903 5830 2916 5866 ι
2932 5812 3066 5878 et”,
3082 5831 3134 5886 p.
3149 5815 3237 5884 47,
3256 5812 3714 5881 lO7,edit.Scalig.

2216 5884 2328 5954 (l5)
2366 5881 2566 5942 .lustin.
2599 5885 2822 5958 Apolog.
2860 5901 2898 5953 ι,
2928 5886 3072 5958 569.
