3872 6210
258 294 272 350 .1
302 255 427 311 l2?!

1604 260 1855 318 ARISTO
1891 260 2246 318 PELLzEUS.

3412 258 3549 312 427i

264 355 424 433 ‘bara
455 380 702 448 quadam
749 379 973 435 nomina
1006 381 1354 452 imposuisse,
1391 381 1458 437 ad
1485 382 1860 452 percellendos

1971 383 2056 446 νὰς
2073 381 2181 452 (10)
2199 383 2329 435 ἑαυτ
2353 384 2570 456 ῷσυστη
2581 381 2831 452 σάμενον·
2849 382 3160 453 βαρϐάρους
3178 400 3232 436 τε
3252 381 3432 444 αὐτοῖς
3463 383 3546 442 εἰς

292 485 482 524 eorum
517 473 751 539 animos,
799 474 892 542 qui
931 473 1245 543 bujusmodi
1289 491 1472 530 rerum
1509 475 1868 530 admiratione

293 563 604 632 capiuntur.
636 564 726 618 Ait
751 576 1008 634 praeterea
1038 567 1192 621 illum
1219 567 1437 632 docere,
1476 567 1623 638 quod
1655 567 1869 623 indiﬂ'e-

295 669 421 710 rens
450 655 522 709 sit
552 655 804 711 victimas
838 657 944 714 diis
975 658 1288 714 immolatas
1318 657 1631 730 degustare,
1661 669 1714 713 et
1743 675 1866 729 per-

293 746 637 802 secutionum
665 755 908 819 tempore
931 749 1161 806 licenter
1181 750 1342 806 ﬁdem
1369 751 1660 821 abnegare.
1685 751 1866 805 Secta-

292 838 506 894 toribus
528 855 748 910 quoque
772 842 888 898 suis
909 841 1374 915 Pythagoreorum
1404 858 1558 898 more
1583 843 1863 899 silentium

290 930 650 1002 quinquennii
680 948 804 988 eum
833 935 1071 991 indicere
1100 937 1352 992 afﬁrmat.
1389 934 1486 992 His
1519 936 1750 1006 aliisque
1787 937 1864 992 si-

291 1022 516 1078 milibus
545 1025 612 1079 de
637 1023 875 1082 Basilide
902 1028 1209 1095 recensitis,
1245 1029 1597 1100 supradictus
1627 1029 1864 1098 scriptor

293 1115 516 1173 haeresis
543 1117 709 1188 hujus
740 1135 956 1176 errores
990 1120 1045 1175 in
1087 1120 1264 1177 lucem
1303 1108 1611 1191 protractos
1638 1121 1860 1177 validis-

291 1208 430 1265 sime
459 1212 726 1282 coarguit.

293 1367 404 1408 ma.
427 1349 732 1427 _Nee_sli_ter
758 1351 1120 1427 Nicephorius,
1152 1356 1256 1412 nisi
1284 1357 1429 1427 quod
1463 1357 1708 1411 ultimam
1747 1358 1856 1412 eir-

287 1422 606 1497 cumﬂectit.
635 1425 792 1497 Apud
821 1422 1073 1497 Rufinum
1112 1422 1354 1496 quoque,
1376 1437 1431 1482 et
1460 1431 1602 1497 apud
1635 1427 1856 1482 llieron.

293 1495 348 1546 in
381 1494 929 1568 iudiculobiereseon
978 1494 1336 1568 (Judaéoru‘m)
1383 1494 1688 1553 Barcahbas
1725 1498 1860 1568 dici-

292 1574 401 1638 tur.
437 1563 529 1638 S_ic
569 1565 711 1620 enim
749 1563 1045 1638 praferuiit
1089 1563 1445 1638 manuscripti
1494 1569 1708 1623 codices
1733 1566 1862 1638 pitu-

291 1635 407 1707 fini.
457 1635 808 1707 Caeterumin
848 1638 946 1691 bos
980 1639 1277 1707 prophetas
1307 1635 1605 1693 Barcabam
1643 1647 1697 1692 et
1731 1636 1862 1690 Bar-

291 1705 428 1778 cob,
459 1702 696 1760 Isidorus
739 1702 996 1763 Basilidis
1039 1709 1182 1762 filius
1212 1709 1636 1778 Expositiouum
1691 1709 1862 1762 libros

292 1776 607 1844 scripserat,
633 1785 692 1831 ut
711 1778 873 1831 docet
900 1778 1152 1833 Clemens
1174 1776 1578 1834 Alexandrinus
1603 1780 1654 1832 in
1687 1779 1780 1833 lib.
1807 1793 1860 1831 vr

293 1843 624 1918 Stromateon
666 1862 684 1899 :
718 1847 997 1918 Ἰσίδωρος
1043 1849 1172 1910 δὲ,ὁ
1214 1848 1522 1903 Βασιλείδου
1581 1850 1693 1912 υἱὸς
1746 1848 1861 1918 ἅμα

291 1916 384 2002 καὶ
412 1915 679 2005 μέξῃτὴς,
710 1915 1094 2005 ἐντῷ-πρωτῳ
1124 1918 1232 2005 τῷν
1265 1919 1356 1972 τοῦ
1399 1921 1676 2005 προφῄτου
1712 1915 1859 2005 Παρ-

291 1985 406 2056 χὼρ
452 1985 1241 2070 ᾜξηγὴτικῶγζ-υιιιΒὰρκιῦφ
1271 1985 1668 2072 emendandum
1711 1985 1862 2043 vide-

292 2065 400 2136 tuy.
432 2053 548 2110 Νιει
568 2073 694 2126 quis
723 2067 1036 2136 eststtmare
1055 2059 1860 2136 anilit_,__flapxdip_et_iam_unum

293 2127 468 2212 fuisse
496 2141 562 2212 ex
589 2127 872 2212 prophetis
902 2129 1010 2183 illis
1040 2145 1070 2182 a
1094 2127 1624 2212 Basilideconlti‘etis.
1655 2128 1730 2183 Ex
1776 2145 1864 2210 eo—

292 2211 415 2250 rum
448 2200 836 2265 prophetarum
870 2214 1094 2253 numero
1135 2200 1234 2254 fuit
1260 2201 1422 2255 etiam
1469 2200 1672 2266 Cham;
1703 2200 1864 2269 cujus

294 2268 516 2346 nomine
541 2265 810 2346 Hasilides
837 2268 1031 2346 librum
1067 2271 1364 2346 prophetia:
1395 2280 1776 2346 conterruerat,
1803 2279 1864 2346 ut

290 2351 358 2390 ex
399 2335 591 2409 Isidori
626 2337 811 2394 verbis
846 2339 1044 2409 ibidem
1068 2335 1100 2394 Ξι
1137 2335 1414 2396 Clemente
1442 2342 1623 2396 citatis
1653 2339 1862 2409 colligi-

292 2416 402 2480 tur.
454 2407 1106 2480 VALeSI_tjs._—-_Grabius
1136 2426 1353 2480 quoque
1390 2413 1455 2465 ad
1489 2426 1608 2480 pag.
1638 2411 1708 2464 58
1743 2407 1864 2478 Spi—

292 2476 468 2546 cileg.,
502 2478 608 2530 vol.
644 2474 710 2538 ll,
743 2477 809 2531 de
845 2478 982 2533 lictis
1014 2474 1211 2532 horu'm
1239 2474 1860 2548 pseudoopi'ophetarum

295 2561 403 2600 non
431 2549 589 2602 modo
619 2547 890 2614 personis,
922 2549 1016 2602 sed
1041 2560 1094 2602 et
1126 2551 1299 2614 libris,
1333 2551 1429 2604 ista
1459 2547 1677 2605 Eusebii
1721 2551 1864 2604 acci-

1973 479 2308 549 κατὰπληξιν
2354 480 2460 532 τῶν
2494 480 2559 533 τὰ
2600 481 2822 535 τοιαῦτα
2859 481 3173 553 τεθηπότων
3209 482 3546 552 ἐπιφημίσαι

1972 571 2361 644 προσηγορίας,
2417 573 2700 626 Διδάσκειν
2728 590 2784 626 τε
2812 573 3128 645 ἁδιαφορεῖν
3177 571 3548 625 εἰδωλοθύτων

1969 663 2442 733 ἁπογευομένους,
2487 664 2583 717 καὶ
2626 661 3023 735 ἐξομνυμένους
3065 662 3548 736 ἁπαραφυλάκτως

1971 753 2068 824 τὴν
2088 755 2267 808 πίστιν
2282 755 2423 809 κατὰ
2441 756 2564 819 τοὺς
2596 756 2702 809 τῶν
2717 753 2968 827 διωγμῶν
2985 755 3226 827 καιρούς.
3248 753 3552 824 Πυθαγορι·

1968 845 2077 909 κῶς
2092 862 2149 899 τε
2179 849 2290 910 τοῖς
2316 845 2625 918 προσιοῦσιν
2640 846 2808 918 αὐτῷ,
2829 847 3099 916 πενταετῆ
3124 846 3332 917 σιωπὴν
3361 862 3549 916 παρα-

1967 935 2302 992 κελεύεσθαι.
2340 939 2451 992 Καὶ
2484 938 2648 1011 ἔτερα
2675 939 2732 992 δὲ
2767 938 2974 1002 τούτοις
3003 939 3360 1011 παραπλήσια
3398 938 3550 1009 ἀμφὶ

1963 1028 2054 1083 τοῦ
2107 1029 2416 1083 Βασιλεῐδου
2489 1029 2789 1096 καταλέξας
2829 1033 2859 1084 ὁ
2908 1031 3196 1103 εἰρημένος
3261 1031 3393 1101 (ll),
3442 1030 3554 1084 οὐκ

1962 1122 2200 1190 ἀγεννῶς
2216 1123 2312 1193 τῆς
2337 1121 2670 1194 δηλωθείσης
2702 1123 2967 1196 αἱρέσεως
2993 1125 3072 1187 εἰς
3098 1122 3370 1194 προῦπτον
3400 1122 3552 1192 ἐφώ-

1963 1229 2094 1284 ρασε
2151 1212 2249 1284 τὴν
2289 1213 2514 1285 πλάνην.

1968 1356 2230 1412 Basilides
2262 1356 2330 1410 ab
2346 1354 2565 1411 Oriente
2591 1354 2998 1413 Alexandriam.
3029 1354 3150 1410 Vid.
3196 1352 3543 1423 opusrlmrd-

1964 1428 2080 1480 ueri
2110 1427 2461 1495 posthumum
2490 1428 2714 1496 Anglice
2741 1427 3029 1496 scriptum,
3072 1425 3161 1481 cui
3192 1422 3276 1480 tit.
3313 1422 3551 1478 "tereti-

1963 1513 2142 1550 rorum
2173 1496 2415 1561 historia,
2446 1496 2540 1552 lib.
2577 1513 2638 1562 ll,
2673 1513 2790 1562 cap.
2824 1497 2878 1562 2,
2912 1505 3046 1551 seet.
3082 1497 3171 1549 5!.
3202 1494 3551 1548 Barcabbam

2401 1537 2415 1561 ,
2446 1534 2540 1552 IIII.
2577 1534 2638 1562 II,
2673 1534 2790 1562 ναμε
2827 1534 2878 1562 α’
2912 1534 3046 1551 ουν..
3082 1534 3171 1549 υιο

1963 1577 2144 1622 autem
2214 1568 2536 1636 prephetam
2583 1567 2874 1637 quemdam
2936 1567 3212 1637 Cnosticis
3261 1565 3554 1637 attribuit,

1965 1638 2196 1760 ejusqﬁue
2220 1634 2461 1692 nominis
2491 1634 2710 1709 etymon
2755 1639 2912 1692 docet
2946 1635 3306 1716 Epiphanius,
3351 1634 3554 1714 inhae-

1965 1723 2078 1762 res.
2153 1706 2205 1772 7,
2256 1721 2407 1761 num.
2440 1707 2497 1770 2,
2539 1723 2595 1772 p.
2639 1707 2726 1770 83,
2764 1707 2852 1760 ed.
2898 1705 3127 1761 Petam.
3162 1703 3275 1758 Hoc
3303 1703 3554 1772 denique

1964 1723 2078 1762 res.
2112 1720 2205 1770 τι,
2256 1721 2407 1761 num.
2440 1720 2497 1770 ‘z,
2539 1723 2595 1770 p.
2639 1720 2726 1770 δι),
2764 1720 2852 1760 eu.
2900 1720 3127 1761 Petavu.
3163 1720 3275 1758 noc
3303 1720 3554 1770 denique

1964 1723 2078 1762 res.
2112 1723 2205 1772 τι,
2256 1723 2407 1761 num.
2440 1723 2497 1770 z,
2539 1723 2595 1778 p.
2639 1723 2726 1770 δι),
2764 1723 2852 1760 eu.
2900 1723 3127 1761 retavu.
3163 1723 3275 1758 noc
3303 1723 3554 1772 nemque

1962 1777 2200 1844 notabo,
2237 1777 2290 1830 in
2322 1779 2510 1832 multis
2546 1789 2654 1831 tam
2691 1776 2873 1830 Rufini
2909 1791 3074 1846 quam
3106 1774 3419 1846 Hieronymi
3449 1789 3557 1846 eo-

1963 1843 2444 1903 diclbusexhiberi
2480 1849 2593 1903 tunc
2618 1849 2840 1902 nomina
2866 1843 2945 1902 sic
2973 1845 3200 1914 scripta,
3227 1843 3557 1914 Bari-[tabam

1962 1929 2018 1973 et
2043 1917 2270 1982 Barcob,
2317 1917 2412 1972 sed
2460 1917 2796 1972 Barchabam
2837 1926 2892 1972 et
2927 1912 3236 1970 Barcliabos
3274 1915 3332 1968 in
3365 1912 3557 1967 Rufini

1972 2005 2076 2043 nis.
2114 1988 2328 2056 collegii
2379 1988 2436 2042 S.
2488 1987 2720 2056 Magdal.
2755 1986 2985 2051 Oxonii;
3019 1984 3321 2039 clausulam
3353 1993 3555 2056 autem

1965 2058 2018 2112 in
2047 2059 2237 2112 codice
2260 2052 2486 2112 Eusebii
2529 2052 2682 2112 Bodl.
2715 2073 2810 2112 seu
2849 2057 3020 2112 Savil.
3060 2056 3318 2108 omissam
3347 2052 3547 2108 fuisse.

2034 2129 2148 2196 (10)
2202 2129 2309 2181 Καὶ
2355 2129 2584 2194 ἄλλους
2621 2127 3044 2193 ἀνυπάρκτους
3092 2123 3283 2190 τινάς.
3313 2123 3557 2196 rus_tt'a

1966 2193 2500 2268 Cliristopborsonus
2535 2193 2747 2268 angelos
2777 2198 2865 2268 b_i_c
2888 2196 3136 2268 inseruit,
3165 2195 3323 2268 quasi
3349 2195 3404 2248 in
3440 2193 3559 2247 Eu-

1966 2269 2102 2324 sebii
2129 2265 2277 2323 testu
2302 2269 2503 2338 aliquid
2537 2265 2770 2323 deesset.
2805 2265 3005 2338 Verum
3038 2265 3303 2320 Eusebius
3333 2273 3553 2338 tantum

1964 2340 2033 2392 de
2078 2339 2360 2408 prophetis
2391 2335 2632 2407 loquitur
2659 2353 2800 2408 quos
2841 2337 2963 2408 sibi
2993 2343 3336 2408 commentus
3371 2335 3558 2388 fuerat

1967 2406 2248 2464 Basilides.
2280 2409 2454 2478 Atque
2467 2406 2548 2462 ita
2576 2406 2722 2462 hunc
2751 2406 2971 2462 Eusebii
3002 2407 3184 2460 locum
3211 2419 3555 2478 acceperunt

1967 2478 2327 2549 Hieronymus
2355 2475 2407 2531 iu
2433 2478 2711 2548 Catalogo,
2741 2479 2830 2549 ubi
2855 2479 2925 2531 de
2945 2477 3181 2549 Agrippa
3206 2475 3438 2549 Castore
3453 2476 3555 2549 _lo-

1966 2545 2186 2618 quitur;
2205 2558 2260 2602 et
2285 2545 2666 2618 Tlieodoretus
2697 2549 2744 2603 in
2778 2547 2871 2602 lib.
2909 2564 2926 2601 ι
2967 2545 3354 2618 ereticarum
3385 2545 3554 2612 fabu—

295 2616 490 2708 pienda
529 2618 903 2708 cense_t,loeo
933 2619 1024 2699 illo
1052 2618 1352 2708 Clementis
1382 2623 1690 2708 Alexandra
1711 2622 1865 2708 peni:
1898 2655 1937 2708 Β
1967 2615 2166 2708 larum,
2200 2617 2620 2708 et‘Nieephorus
2651 2617 2869 2708 iti‘lib‘tlo
2896 2615 3446 2708 quartotxstgsip's‘.

295 2693 381 2759 tus
399 2701 724 2759 persuasus.
763 2687 950 2756 Neque
991 2690 1196 2743 interea
1228 2690 1385 2758 plane
1425 2687 1727 2759 spernenda
1775 2699 1859 2743 est

292 2757 364 2812 cl.
398 2757 659 2812 Lardneri
691 2759 1027 2827 conjectura,
1055 2760 1154 2814 hos
1187 2760 1352 2814 libros
1381 2757 1666 2814 statuentis
1706 2760 1857 2814 codi-

293 2841 386 2882 ces
410 2827 622 2897 aliquos
652 2828 943 2884 orientales
963 2828 1154 2892 fuisse,
1172 2844 1312 2900 quos
1342 2831 1645 2885 adduxerat
1671 2845 1858 2885 secum

2028 2689 2149 2813 ί311)
2210 2689 2271 2741 Ὁ
2311 2684 2640 2769 εξρῄμένος.
2692 2689 2749 2769 ’ρ
2776 2684 3065 2767 Εἰρηναῖος
3114 2700 3218 2738 ms.
3271 2684 3553 2766 Not'lolc.,

2083 2759 2244 2813 male.
2263 2770 2362 2812 etsi
2394 2767 2532 2812 idem
2562 2776 2614 2812 ιιι
2632 2759 2816 2813 codice
2842 2773 2944 2813 suo
2964 2754 3298 2813 Nicephorus
3324 2757 3553 2810 histori-

1967 2754 2059 2813 sed
2083 2754 2244 2825 male,
2263 2754 2371 2812 etsi
2394 2754 2532 2812 idem
2562 2760 2614 2812 in
2632 2759 2816 2813 codice
2842 2754 2944 2813 suo
2964 2754 3298 2828 Nicephorus
3324 2757 3559 2810 histori-

1966 2844 2057 2884 eus
2090 2829 2314 2883 invenit.
2350 2829 2561 2883 linunt.

297 2967 3543 3012 Μ

1061 3113 1759 3273 ARISTO
1867 3117 2772 3274 PELLfEUS

1673 3471 2173 3564 ΝΟΤΙΤΙΑ

1181 3639 1482 3708 (ϐλιιιιιωη
1510 3644 1734 3698 Bibliotlt.
1756 3656 1844 3700 vet.
1878 3651 2042 3709 Patr.,
2071 3650 2107 3710 Ι,
2141 3649 2366 3710 Proleg.,
2392 3664 2440 3712 p.
2468 3663 2623 3699 Lniv.
2646 3645 2666 3715 )

364 3769 415 3844 _I_._
443 3769 903 3844 Αι-ἱιιιολΡιςηιινιιε1
931 3781 1116 3844 auctor
1147 3771 1540 3844 Disputationis
1576 3773 1792 3830 Jasonis
1824 3783 1877 3828 et
1911 3773 2149 3842 Papisci,
2189 3773 2347 3828 Luca:
2383 3775 2716 3844 evangelista:
2752 3789 3024 3844 perperam
3061 3773 3326 3841 ascripta'.
3361 3770 3556 3844 Operi:

291 3841 593 3915 utilitatem
627 3841 812 3915 laudat
867 3841 1117 3915 Origenes
1169 3850 1360 3915 contra
1387 3841 1630 3914 Celsum;
1668 3845 1928 3915 simulque
1979 3841 2127 3899 illius
2175 3841 2595 3914 inscriptionem,
2640 3841 2996 3915 characterem
3041 3854 3207 3915 atque
3247 3843 3553 3915 doctrinam

291 3911 524 3980 exponit.
555 3911 694 3975 Quid
730 3913 782 3964 in
804 3913 1277 3985 comprehenderit
1308 3913 1365 3968 S.
1407 3911 1781 3985 Hieronymus.
1817 3911 1949 3984 Ejus
1976 3927 2165 3969 auctor
2192 3911 2494 3984 defenditur
2516 3932 2634 3968 cum
2664 3930 2728 3967 ex
2757 3911 3123 3985 Paraphraste
3153 3912 3551 3980 .Hierosolymit

294 3993 440 4055 lano,
472 3991 581 4055 tamn
610 3997 675 4035 ea:
698 3983 1050 4055 vetustissimo
1074 3982 1481 4039 Praedicationis
1503 3982 1647 4040 Petri
1674 3982 1908 4047 auctore,
1943 4002 2104 4055 neque
2136 3982 2344 4055 penitus
2382 3987 2724 4040 dissentiente
2744 3984 2820 4037 vel
2849 3982 2962 4054 ipso
2998 3984 3338 4053 Hieronymo.

365 4048 428 4125 l_l.
472 4050 685 4125 Crwcus
715 4053 1110 4125 operisftextus,
1144 4056 1383 4122 pauculis
1417 4056 1662 4122 demptis,
1709 4072 1929 4124 prorsus
1959 4048 2200 4120 interiit;
2250 4073 2358 4108 una
2411 4073 2530 4109 cum
2578 4055 2811 4124 ejusdem
2858 4048 3173 4125 perantiqua
3201 4048 3466 4125 vversione,
3516 4070 3552 4106 a

293 4120 447 4176 Celso
476 4121 784 4196 Christiano
811 4123 1084 4196 elaborata
1116 4120 1187 4178 :e
1217 4125 1367 4196 cujus
1407 4120 1579 4179 tamen
1603 4120 1883 4194 superstite
1910 4129 2223 4195 prmfatione
2246 4127 2520 4196 complura
2550 4120 2829 4195 suppetunt
2859 4120 2926 4178 ad
2955 4120 3130 4193 ipsum
3169 4140 3299 4193 opus
3337 4124 3551 4193 plenius

293 4192 705 4266 agnoscendum.
730 4194 862 4257 Quis
890 4192 1060 4249 lason
1087 4211 1206 4248 cum
1231 4195 1458 4263 Papisco
1485 4197 1538 4248 in
1563 4213 1622 4250 eo
1649 4192 1950 4266 disputans.
1989 4192 2104 4261 Quo
2137 4192 2372 4266 tempore
2395 4197 2529 4250 illud
2559 4192 2840 4264 scriptum.

365 4261 471 4337 lll._
494 4261 791 4337 Historiam
819 4279 1220 4337 quoquererum
1247 4261 1588 4320 orientalium
1615 4261 1804 4320 litteris
1826 4269 2162 4336 consignasse
2184 4261 2486 4337 perhibetur
2508 4261 2714 4329 Aristo,
2752 4281 2817 4318 επ
2847 4263 2995 4320 Mose
3037 4263 3358 4319 Cltorenensi
3374 4279 3392 4326 ;
3421 4264 3550 4333 quin

291 4341 341 4388 et
365 4349 431 4402 ea;
453 4332 568 4402 ipso
597 4333 823 4402 fortasse
849 4332 1096 4389 Eusebio.

500 4401 574 4475 De
593 4398 772 4475 eodem
793 4405 1046 4472 scriptore
1080 4405 1335 4461 nonnulla
1359 4421 1633 4475 perperam
1663 4406 1808 4460 dicta
1829 4416 2038 4460 exstant
2082 4407 2222 4475 apud
2269 4398 2524 4454 Chronici
2555 4399 2834 4457 Paschalis
2857 4415 3147 4458 auctorem.
3175 4402 3354 4475 Locus
3376 4404 3490 4473 ejus
3517 4420 3548 4455 a

294 4471 548 4528 Fabricio
575 4474 781 4542 {rustra
809 4471 1064 4530 tentatus.
1104 4475 1285 4546 Neque
1319 4471 1486 4547 magis
1522 4477 1693 4546 placet
1721 4478 1876 4532 Cavci
1906 4471 2230 4547 conjectura.
2263 4479 2404 4544 Quid
2435 4480 2645 4532 tandem
2673 4479 2736 4531 de
2765 4477 2860 4530 illo
2888 4476 3220 4530 sentiendum
3241 4491 3306 4528 ex
3323 4471 3546 4544 Caiigio.

360 4626 402 4683 l.
447 4626 667 4685 Primus
696 4628 838 4684 inter
865 4629 1121 4699 antiquos
1152 4629 1408 4685 Ecclesiaa
1443 4631 1738 4701 scriptores
1774 4633 1870 4701 qui
1898 4637 1941 4696 ρ
1974 4631 2226 4687 Clemens
2283 4630 2687 4687 Alexandrinus
2745 4630 2800 4685 in
2843 4631 2988 4685 libro
3032 4647 3086 4685 vr
3145 4628 3551 4700 Hypotyposeon

292 4719 568 4777 Aristonis
601 4721 930 4787 meminerit,
965 4721 1235 4776 Eusebius
1270 4721 1626 4777 Caesariensis
1651 4738 1869 4794 compe-

291 4815 430 4869 ritur
461 4813 538 4885 (Ι)
563 4832 576 4880 ;
603 4829 837 4884 eumque
866 4814 1121 4870 Pellaeum
1148 4815 1399 4884 appellat,
1436 4831 1505 4871 ex
1533 4814 1678 4871 Pella
1708 4816 1870 4871 nimi-

295 4922 418 4963 rum
462 4905 768 4963 Palaestina:
797 4907 1004 4977 oppido
1053 4917 1206 4963 trans
1249 4906 1545 4963 Jordanem
1589 4910 1716 4975 sito,
1757 4925 1868 4978 quo

297 4999 458 5070 paulo
511 5007 637 5054 ante
681 4998 1185 5070 Hierosolymorum
1229 5000 1506 5056 excidium
1550 5001 1709 5056 sedes
1738 5017 1869 5056 suas

295 5093 690 5148 transtulerant
739 5093 1060 5160 Christiani,
1134 5105 1194 5150 ut
1259 5094 1402 5150 idem
1481 5096 1644 5150 tradit
1698 5093 1870 5150 Euse-

295 5183 540 5255 bius(2).
575 5183 674 5241 Hic
700 5201 830 5241 vero
873 5201 939 5242 ex
977 5185 1185 5253 Judaio,
1227 5197 1285 5243 ut
1330 5189 1563 5256 videtur,
1612 5187 1873 5247 Christia-

294 5293 420 5344 nus,
456 5279 880 5350 Disputationem
912 5279 1131 5335 Jasonis
1161 5291 1211 5336 et
1257 5280 1472 5351 Papisci
1511 5281 1708 5337 litteris
1741 5297 1871 5337 con-

294 5371 560 5442 signasse,
605 5372 664 5429 S.
707 5373 951 5433 Maximo
981 5385 1120 5431 teste
1151 5376 1251 5446 (5),
1297 5376 1612 5446 perhibetur
1650 5394 1664 5429 :
1703 5390 1869 5446 quam

290 5473 470 5519 tamen
495 5464 943 5535 Disputationem,
969 5466 1016 5522 si
1039 5467 1291 5523 eumdem
1317 5466 1613 5524 Maximum
1649 5467 1860 5532 audias,

357 5596 434 5670 (ll
477 5595 672 5670 Euseb.
724 5597 865 5670 Hist.
896 5600 1104 5663 eccles.,
1130 5600 1226 5654 lib.
1259 5616 1335 5668 tv,
1371 5616 1491 5670 cap.
1524 5601 1582 5658 6.

358 5666 439 5740 (2)
478 5666 556 5740 id.
601 5668 888 5740 ibidllib.
920 5685 1005 5733 tu,
1041 5687 1160 5740 cap.
1187 5671 1241 5726 5.

359 5737 435 5808 (ὅ)
476 5737 696 5796 Maxim.
736 5738 912 5796 Schol.
942 5741 1009 5813 in
1049 5737 1268 5813 Dionys.
1313 5743 1462 5816 vulgo
1492 5743 1754 5814 Areopag.
1798 5741 1868 5798 De

1973 4724 2136 4781 Lucae
2185 4725 2521 4794 ascripserit.
2573 4723 2768 4779 Verum
2800 4741 2818 4774 ι
2856 4723 3004 4779 haud
3045 4722 3206 4778 facile
3238 4722 3459 4791 assequi
3485 4722 3554 4775 li-

1970 4828 2076 4886 cet,
2108 4818 2288 4888 inquit
2314 4817 2548 4872 Grabius
2591 4817 2688 4888 (4),
2735 4833 2843 4887 qua
2880 4817 3090 4872 ratione
3133 4817 3248 4871 tierl
3291 4814 3551 4886 potuerit,

1972 4922 2033 4968 ut
2083 4910 2338 4967 Clemens
2387 4909 2791 4965 Alexandrinus
2843 4908 3048 4965 Lucam
3102 4909 3224 4979 ejus
3271 4917 3550 4963 auctorem

1970 5001 2185 5070 fecerit,
2214 5017 2340 5058 cum
2365 5015 2453 5057 res
2481 5002 2804 5071 aliquandiu
2823 5010 2947 5070 post
2967 4999 3127 5056 Luca:
3149 5001 3356 5055 obitum
3385 5008 3555 5070 gesta:

1971 5099 2026 5152 in
2060 5113 2127 5152 eo
2148 5096 2374 5166 Dialogo
2399 5096 2600 5150 fuerint
2622 5095 2820 5148 relatae.
2857 5093 3009 5149 Unde
3043 5095 3313 5163 suspicor,
3334 5093 3420 5147 vel
3453 5109 3556 5150 nos

1972 5189 2167 5245 vitiose
2194 5190 2249 5242 in
2302 5186 2526 5242 Maximi
2566 5195 2716 5241 textu
2747 5185 2890 5240 infra
2929 5185 3215 5240 recitando
3242 5184 3320 5254 (5)
3359 5185 3427 5256 ἦν
3456 5201 3556 5254 pro

1972 5283 2030 5335 ὃν
2060 5282 2258 5351 legere,
2321 5279 2402 5333 vel
2445 5279 2630 5348 potius
2673 5296 2704 5333 ιι
2757 5277 3000 5332 Maximo
3040 5277 3205 5331 verba
3253 5275 3555 5329 Clementis

1975 5375 2121 5429 haud
2168 5381 2314 5428 recte
2360 5374 2498 5428 lecta
2544 5383 2642 5427 aut
2686 5373 2957 5426 intellecta
2997 5370 3201 5434 fuisse;
3233 5382 3471 5436 cumque
3508 5369 3556 5422 is

1975 5467 2400 5537 Disputationem
2429 5463 2650 5520 Jasonis
2679 5473 2729 5518 et
2762 5463 2978 5533 Papisci
3027 5462 3290 5530 allegans,
3334 5457 3554 5514 Jasonis

1977 5611 2132 5672 myst.
2164 5601 2322 5656 theol.
2353 5615 2476 5668 cap.
2512 5601 2564 5665 l,
2597 5617 2630 5659 ο
2672 5615 2723 5670 p.
2757 5608 2893 5654 tom.
2935 5597 3000 5665 ll,
3028 5613 3150 5668 pag.
3189 5597 3278 5651 17.

2046 5673 2124 5726 Ml
2163 5672 2326 5725 Grab.
2359 5658 2545 5726 Snicil.
2572 5614 2672 5726 8!.
2705 5668 2844 5726 PP..
2870 5678 3004 5725 tom.
3046 5670 3114 5726 ll.
3145 5683 3197 5726 ι).
3229 5667 3278 5722 ΙΞ

2045 5658 2124 5740 μ)
2163 5672 2326 5725 Grab.
2359 5658 2687 5739 Sp'icaJSSJ
2705 5668 2844 5740 PP.,
2870 5658 3004 5725 iam;
3028 5658 3127 5732 'u,“
3145 5683 3197 5739 p.
3229 5667 3348 5722 :50.

2045 5742 2121 5814 (ὅ)
2166 5740 2298 5798 Vide
2333 5741 2498 5797 intra.
