3872 6210
381 328 516 382 1275

1670 330 2047 387 ARISTONIS
2086 329 2361 387 PELLxEl

3501 329 3649 382 i276

444 451 506 507 ll.
556 452 730 525 llujus
788 471 918 509 vero
978 453 1370 522 Disputationis
1421 452 1747 523 jamdudum
1794 453 1955 521 periit
1984 459 2028 515 Α
2059 451 2569 518 stonianiopusculi
2596 449 2921 513 versionem,
2972 464 3073 503 nos
3095 449 3223 503 alibi
3249 449 3646 519 opportunius.

374 554 554 600 textus
575 546 826 619 Grzecus,
853 549 1121 617 periitque
1154 547 1316 601 simul
1344 546 1669 616 perantiqua
1704 545 1952 614 ejusdem

371 637 625 705 opusculi
663 637 852 692 Latina
886 640 1088 704 versio,
1121 654 1150 692 a
1174 639 1335 693 Celso
1378 638 1615 708 quodam
1643 654 1771 692 sene
1793 638 1957 692 Chri-

374 729 555 783 stiano
582 728 880 783 elaborata.
918 729 1050 798 Ejus
1081 739 1260 784 tamen
1293 739 1542 799 superest
1561 728 1794 798 epistola
1822 730 1956 782 satis

373 819 596 888 elegans
628 828 791 888 atque
829 820 1067 883 erudita,
1116 836 1224 890 qua
1267 820 1465 890 Vigilio
1498 820 1756 889 episcopo
1788 819 1957 872 inter-

376 907 733 976 pretationem
769 925 926 963 suam
971 911 1331 978 nuncupavit,
1385 911 1526 965 inter
1552 927 1718 980 opera
1759 912 1817 965 S.
1852 911 1959 982 Cy-

377 1001 572 1070 priano
615 1002 857 1071 ascripta
896 1001 1042 1071 (l7);
1083 1003 1226 1056 unde
1261 1003 1522 1060 nonnulla
1560 1004 1849 1070 discimus,
1891 1005 1957 1057 ad

378 1091 557 1158 ipsum
603 1100 809 1145 textum
845 1091 1186 1160 deperditum
1233 1092 1580 1162 pertinentia,
1626 1109 1750 1162 qua:
1783 1094 1865 1148 sic
1899 1109 1960 1146 se

379 1182 584 1237 habent
611 1181 724 1249 (l8)
756 1198 770 1234 :
811 1200 828 1233 ι
880 1179 1010 1236 Illud
1053 1183 1374 1253 praeclarum
1406 1193 1572 1253 atque
1605 1186 1959 1239 memorabile

379 1276 793 1346 gloriosumque
819 1273 1039 1331 Jasonis
1075 1275 1285 1331 Hebraei
1318 1276 1620 1332 Christiani
1654 1287 1709 1332 et
1740 1275 1956 1348 Papisci

382 1366 738 1422 Alexandrini
771 1365 943 1421 Judaai
994 1368 1384 1437 disputationis
1429 1370 1704 1435 occurrit;
1743 1367 1959 1424 Judaici

381 1459 566 1513 cordis
616 1460 948 1514 obstinatam
1003 1461 1286 1527 duritiam,
1343 1461 1493 1516 brevi
1552 1462 1668 1532 (l9)
1714 1463 1964 1516 admoni-

385 1553 535 1607 tione
587 1567 651 1607 ac
714 1551 819 1606 levi
880 1553 1252 1622 increpatione
1301 1554 1604 1620 mollitam;
1659 1563 1715 1609 et
1769 1554 1960 1608 victri-

385 1659 502 1699 cem
538 1643 592 1696 in
618 1641 833 1713 Papisci
857 1645 1019 1699 corde
1050 1643 1270 1701 Jasonis
1300 1644 1371 1700 de
1405 1645 1641 1714 Spiritus
1671 1646 1849 1700 sancti
1878 1646 1964 1700 in-

387 1736 605 1790 lusione
655 1736 963 1790 doctrinam
994 1751 1008 1788 :
1045 1752 1152 1806 qua
1189 1735 1454 1806 Papiscus
1497 1738 1565 1792 ad
1618 1738 1960 1793 intellectum

2131 544 2222 596 lll.
2261 542 2448 612 Neque
2491 552 2702 596 tantum
2732 541 2951 595 Iasonis
2972 553 3023 595 et
3068 540 3283 611 Papisci
3317 543 3648 596 Alteri-alio-

2058 651 2213 698 nent,
2265 650 2454 687 verum
2507 634 2672 688 etiam
2725 633 2920 686 Rerum
2968 634 3310 687 orientalium
3357 634 3651 687 historicus

2058 728 2244 780 Aristo
2270 725 2502 781 Pellaaus
2540 726 2832 796 scripsisse
2879 725 3114 779 videtur.
3150 725 3434 795 Siquidem
3459 725 3650 779 Moses

2057 816 2459 881 Chorenensis,
2494 816 2819 872 Armeniace
2865 827 2921 870 et
2961 815 3156 871 Latine
3198 832 3229 871 a
3280 816 3562 872 Gulielmo
3593 827 3654 871 et

2060 910 2297 981 Georgio
2330 909 2658 965 Wisthoniis
2676 926 2849 975 nuper
2880 910 3116 965 Londini
3150 912 3464 982 evulgatus,
3488 927 3653 966 com-

2062 1003 2215 1072 plura
2243 1002 2410 1058 refert
2444 1003 2496 1056 in
2527 1019 2628 1058 sua
2657 1002 2903 1057 Historia
2925 1003 3246 1057 Armeniaca
3276 1003 3414 1073 (26),
3453 1020 3524 1058 ex
3547 1019 3657 1057 au-

2061 1105 2212 1150 ctore
2239 1104 2428 1150 nostro
2461 1095 2763 1166 descripta;
2796 1112 3034 1166 quorum
3080 1096 3340 1150 nonnulla
3391 1111 3522 1150 cum
3583 1097 3661 1150 iis

2064 1189 2276 1255 gemina
2297 1203 2418 1242 esse
2451 1187 2822 1257 perhibentur,
2849 1202 2972 1256 qua:
2999 1203 3069 1242 ex
3103 1187 3225 1256 ipso
3255 1187 3515 1242 Aristone
3539 1195 3660 1240 tra-

2061 1279 2142 1333 dit
2193 1277 2462 1332 Eusebius
2511 1278 2662 1348 (27);
2713 1279 2922 1348 reliqua
2979 1294 3110 1333 vero
3160 1279 3302 1332 haud
3362 1279 3436 1332 ita
3487 1277 3663 1331 facile

2063 1372 2226 1442 apud"
2261 1372 2397 1427 alios
2449 1373 2745 1440 scriptores
2793 1382 3136 1426 occurrunt:
3176 1370 3488 1441 cujusmodi
3523 1381 3663 1425 sunt

2060 1479 2185 1533 quae
2214 1464 2282 1519 de
2313 1472 2489 1519 morte
2528 1464 2743 1518 Artasis
2773 1464 2868 1527 lll,
2897 1463 3228 1518 Parthorum
3275 1463 3440 1532 regis,
3484 1477 3661 1516 enar-

2064 1563 2290 1620 rantur,
2352 1555 2457 1609 sub
2521 1554 2762 1610 Adriano
2823 1555 3149 1624 regnantis;
3223 1555 3444 1622 aliaque
3514 1569 3663 1622 pne-

2065 1652 2252 1711 terea,
2331 1643 2496 1715 digna
2563 1644 2724 1714 plane
2781 1661 2905 1714 qua:
2952 1645 3210 1700 solertius
3275 1645 3660 1699 excutiantur.

2062 1732 2252 1806 Neque
2280 1737 2426 1791 enim
2461 1735 2684 1792 demum
2723 1737 2950 1790 omnino
2984 1735 3423 1790 contemnendus
3454 1742 3672 1789 auctor

386 1824 634 1880 veritatis
655 1824 951 1890 admissus,
984 1835 1040 1879 et
1063 1826 1130 1880 ad
1157 1827 1409 1882 timorem
1443 1827 1682 1893 Domini,
1709 1829 1829 1898 ipso
1858 1827 1963 1882 Do-
1997 1829 2038 1883 Β
2067 1829 2170 1882 iste
2203 1829 2496 1894 Armenus,
2530 1829 2628 1898 qui
2672 1828 2876 1883 seculo
2912 1845 2940 1882 v
2985 1828 3239 1882 lloruisse
3287 1826 3662 1896 comperitur.

387 1919 542 1972 mino
573 1918 887 1984 miserante,
925 1916 1213 1984 formatus,
1246 1928 1301 1975 et
1335 1919 1524 1976 Jesum
1556 1920 1840 1975 Christum
1869 1920 1961 1974 Fi-

388 2008 521 2062 lium
556 2007 649 2062 Dei
671 2009 924 2074 credidit,
956 2015 1010 2062 et
1033 2018 1092 2063 ut
1125 2011 1468 2078 signaculum
1502 2023 1745 2066 sumeret
1772 2012 1967 2081 depre-

388 2109 568 2164 catus,
613 2098 874 2155 Jasonem
920 2101 1237 2169 postulavit.
1281 2102 1482 2158 Probat
1529 2105 1634 2158 hoc
1694 2106 1965 2174 scriptura

389 2193 824 2248 concertationis
849 2195 1119 2264 ipsorum,
1151 2211 1276 2266 qua:
1306 2196 1689 2251 eollidentium
1721 2197 1862 2251 inter
1886 2213 1967 2261 se,

390 2282 605 2354 Papisci
637 2285 982 2342 adversantis
1024 2287 1262 2355 veritati,
1295 2296 1352 2343 et
1397 2285 1617 2343 Jasonis
1671 2288 1971 2342 asserentis

389 2385 446 2429 et
477 2373 810 2431 vindicantis
849 2377 1267 2448 dispositionem
1291 2386 1347 2432 et
1377 2378 1770 2448 plenitudinem
1810 2376 1971 2432 Chri-

392 2467 486 2531 sti,
513 2465 688 2522 Graeci
716 2470 988 2524 sermonis
1013 2486 1176 2540 opere
1209 2470 1423 2541 signata
1453 2480 1555 2526 est.
1603 2489 1621 2520 ι
1659 2468 1784 2524 Ha-c
1814 2470 1912 2524 ibi.

462 2558 751 2627 Conjieere
777 2562 981 2631 placuit
1007 2561 1210 2617 Grabio
1235 2562 1373 2633 (20),
1402 2561 1660 2618 Iasonem
1685 2560 1971 2616 llebrazum

393 2650 766 2706 Christianum
801 2662 856 2707 et
887 2650 1174 2722 Papiscum
1216 2652 1464 2707 Judzeum
1517 2652 1971 2716 Alexandrinum,

396 2743 537 2796 inter
576 2759 634 2797 se
665 2742 1032 2812 disputantes,
1071 2744 1228 2799 fictas
1269 2744 1440 2798 fuisse
1484 2759 1766 2813 personas,
1815 2751 1874 2796 ut
1920 2743 1972 2794 in

394 2833 627 2903 dialogis
679 2835 796 2888 ﬁeri
848 2836 1154 2890 consuevit.
1199 2835 1337 2890 Aliis
1367 2845 1546 2889 tamen
1585 2836 1742 2888 aliter
1773 2835 1974 2889 visum.

398 2924 586 2978 Sixtus
610 2924 870 2980 Senensis
896 2926 1139 2994 primum
1170 2926 1305 2997 (21),
1335 2925 1531 2980 deinde
1558 2925 1832 2981 Pamelius
1862 2925 1974 2996 (2'2)

397 3035 540 3089 quos
561 3031 782 3074 secutus
810 3030 893 3075 est
925 3018 1301 3074 Bartoloecius
1326 3019 1362 3074 l.
1391 3035 1442 3074 c.
1476 3019 1680 3088 opinati
1706 3029 1854 3085 sunt,
1886 3019 1979 3073 Ja-

399 3126 591 3165 sonem
626 3111 790 3165 istum
818 3111 1072 3166 eumdem
1113 3109 1282 3165 fuisse
1310 3127 1436 3164 cum
1459 3108 1662 3164 lasoue
1685 3109 1980 3164 Thessalo-

2068 1918 2194 1974 Fuit
2221 1917 2312 1973 ille
2327 1919 2546 1988 quidem
2574 1919 2921 1974 mediocriter
2948 1919 3166 1985 doctus,
3193 1928 3253 1973 ut
3276 1919 3346 1974 de
3374 1919 3500 1987 ipso
3523 1933 3668 1973 cen-

2070 2012 2408 2067 senteruditi
2440 2012 2681 2067 editores
2711 2010 3087 2067 Londinenses
3104 2011 3249 2081 (93);
3279 2020 3338 2064 at
3360 2010 3494 2064 illud
3524 2025 3670 2064 sane

2071 2107 2367 2176 ingenuum
2399 2105 2456 2160 in
2493 2119 2561 2160 eo
2607 2105 3038 2175 agnoscendum,
3074 2105 3224 2175 quod
3278 2104 3394 2158 fere
3438 2118 3666 2172 semper

2072 2197 2251 2251 l'ontes
2293 2196 2518 2262 indicet,
2555 2197 2702 2250 unde
2757 2211 2891 2253 suas
2937 2197 3316 2252 enarrationes
3360 2195 3660 2250 hauserit:

2072 2287 2206 2357 quin
2248 2295 2303 2342 et
2349 2286 2482 2342 illud
2515 2287 2638 2357 ejus
2669 2285 2940 2342 Historia!
2963 2287 3263 2358 plurimum
3303 2286 3671 2342 auctoritatis

2073 2379 2366 2434 conciliare
2379 2395 2541 2434 nemo
2572 2380 2787 2435 inﬁcias
2805 2381 2981 2445 iverit,
2996 2380 3144 2450 quod
3159 2380 3423 2450 epistolas
3433 2379 3667 2450 aliaque

2075 2481 2431 2526 monumenta
2454 2471 2604 2526 velut
2635 2490 2667 2526 e
2691 2472 2931 2542 publicis
2956 2471 3157 2526 tabulis
3199 2471 3553 2541 deprompta,
3607 2472 3662 2525 in

2075 2578 2235 2618 suum
2282 2577 2422 2632 opus
2451 2563 2772 2633 conjecerit,
2803 2572 2861 2618 ut
2889 2564 3118 2634 proinde
3162 2564 3288 2618 licet
3324 2564 3675 2635 quandoque

2074 2654 2364 2724 judicium,
2399 2654 2558 2708 ﬁdem
2591 2664 2772 2708 tamen
2805 2654 2926 2724 ejus
2957 2666 3084 2710 raro
3105 2655 3406 2710 desideres.

2150 2746 2255 2812 Sed
2293 2757 2352 2801 ut
2389 2747 2457 2802 ad
2487 2747 2798 2802 Aristonem
2839 2757 3202 2812 revertamur,
3245 2747 3366 2817 ejus
3399 2745 3676 2801 Historia:

2077 2837 2326 2892 orientali
2358 2837 2556 2908 potiori
2577 2838 2702 2907 jure
2726 2837 3078 2892 tribuendum
3134 2838 3522 2892 existimamus
3554 2837 3673 2892 fra-

2078 2941 2358 2999 gmentum
2390 2929 2442 2996 1,
2493 2929 2636 2998 quod
2663 2945 3004 3000 praepropere
3052 2928 3315 2984 Grabium
3363 2931 3564 2992 secuti,
3604 2946 3673 2984 ex

2081 3019 2318 3074 Eusebio
2340 3020 2689 3090 protulimus,
2715 3029 2974 3089 tanquam
3009 3034 3077 3074 ex
3116 3019 3475 3072 Altercatione
3500 3019 3674 3073 Iaso-

2083 3114 2162 3168 nis
2196 3123 2243 3167 et
2280 3111 2498 3181 Papisci
2541 3112 2610 3166 ab
2641 3127 2708 3166 eo
2743 3112 3114 3180 desumptum,
3151 3111 3243 3164 ubi
3283 3112 3352 3165 de
3393 3110 3675 3166 Bettherze

401 3203 633 3268 nicensi,
671 3204 831 3273 cujus
863 3203 1233 3258 meminerunt
1273 3201 1451 3258 Lucas
1487 3204 1540 3256 in
1575 3203 1726 3257 Actis
1752 3218 1884 3268 xvtt,
1918 3201 1972 3267 5,
2002 3194 2046 3254 C
2079 3204 2525 3259 urbisobsidione
2540 3201 3344 3274 acllierosolymorumexcidio
3364 3217 3551 3256 sermo
3573 3203 3646 3256 ha

401 3309 456 3351 et
493 3294 718 3362 Paulus,
759 3295 917 3350 Rom.
958 3313 1068 3361 xvi,
1104 3296 1196 3363 21,
1258 3297 1408 3350 nullo
1451 3305 1630 3350 tamen
1677 3312 1707 3350 e
1751 3294 1980 3348 Vetuslis

403 3388 766 3458 scriptoribus
823 3389 1142 3444 testimonio
1183 3391 1238 3444 in
1301 3389 1542 3443 medium
1593 3388 1864 3454 adducto;
1923 3396 1984 3441 ut

403 3481 632 3550 proinde
688 3481 968 3552 Spencero
1025 3481 1164 3552 (‘25),
1197 3479 1548 3536 Tillcmontio
1605 3481 1718 3551 (24)
1749 3481 1982 3550 aliisque

402 3576 720 3645 conjectura
778 3575 1093 3645 hujusmodi
1139 3575 1284 3630 haud
1318 3575 1602 3645 probetur.
1653 3572 1982 3644 Episcopum

405 3667 587 3738 potius
637 3677 732 3723 aut
774 3668 966 3723 saltem
1012 3667 1390 3735 presbyterum
1435 3667 1588 3720 illum
1642 3665 1815 3720 fuisse
1858 3681 1984 3720 cum

405 3757 631 3813 Marano
664 3759 966 3829 putaverim
989 3760 1135 3830 (25);
1167 3759 1387 3813 Celsum
1416 3757 1688 3828 siquidem
1721 3758 1987 3826 interpre-

407 3857 517 3904 tem
539 3849 702 3904 modo
732 3850 894 3903 nobis
921 3858 1267 3903 enarrantem
1301 3849 1634 3914 audivimus,
1666 3846 1812 3917 quod
1837 3865 1854 3896 ι
1885 3846 1988 3900 Pa-

409 3940 594 4011 piscus
630 3941 698 3996 ad
731 3941 1066 3996 intellectum
1095 3941 1342 3996 veritatis
1377 3940 1674 4003 admissus,
1715 3949 1776 3993 ut
1801 3939 1986 4008 signa-

408 4033 592 4089 culum
619 4042 863 4088 sumeret
885 4033 1234 4102 dcprccatus,
1263 4029 1517 4087 Jasouem
1547 4031 1923 4101 postulaverit.
1965 4049 1983 4080 ι

409 4122 597 4194 Neque
627 4124 839 4180 dubitat
871 4123 1013 4178 idem
1054 4124 1140 4176 vir
1168 4125 1385 4190 doctus,
1420 4123 1552 4193 quin
1589 4124 1788 4179 saaculo
1826 4139 1862 4176 ιι
1903 4124 1991 4178 ille

410 4215 625 4269 vixerit.
655 4213 722 4267 Et
747 4215 872 4284 jure
903 4214 1122 4284 quidem
1150 4229 1164 4266 :
1190 4215 1305 4268 haec
1333 4214 1476 4266 enim
1507 4211 1810 4281 Disputatio
1834 4213 1992 4267 Celso

411 4308 679 4378 Epicureo
695 4318 974 4376 perspecta
996 4307 1166 4362 fuisse
1183 4307 1550 4376 comperitur;
1579 4305 1826 4375 adeoque
1847 4306 1990 4360 circa

411 4401 656 4469 ejusdem
685 4398 870 4455 saeculi
904 4399 1166 4463 medium,
1193 4399 1308 4453 sive
1335 4413 1433 4467 pro
1457 4398 1657 4452 nostris
1682 4397 1994 4452 rationibus

411 4498 559 4551 circa
592 4495 795 4549 Christi
832 4509 1038 4546 annum
1065 4493 1190 4557 156,
1225 4508 1345 4546 eam
1376 4491 1549 4546 fuisse
1574 4491 1772 4545 litteris
1804 4491 1991 4545 consi-

412 4598 632 4658 gnatam
672 4586 1074 4642 existimamus.
1125 4583 1200 4638 De
1245 4584 1404 4638 Celso
1443 4592 1623 4636 autem
1674 4582 1988 4651 interprete,

412 4689 578 4752 atque
606 4681 673 4736 de
702 4679 874 4750 ipsius
904 4675 1224 4748 praefatione
1257 4676 1324 4729 ad
1367 4692 1523 4732 suam
1555 4673 1811 4728 Latinam
1862 4672 1987 4726 Ari—

487 4925 600 4990 (17)
638 4924 800 4994 Cypr.
851 4921 1085 4994 Appcnd.
1132 4936 1254 4990 pag.
1314 4932 1578 4984 ccxxxnt,
1627 4916 1760 4971 edit.
1810 4914 1986 4968 Paris.

811 5064 838 5135 §
873 5063 927 5124 8,
949 5079 1080 5143 pag.
1113 5076 1411 5143 cexx_a_tvnl.
1739 5128 1771 5143 μ

488 5129 602 5205 (19)
643 5135 734 5188 Sic
768 5129 1078 5189 emendavit
1120 5133 1189 5205 cl.
1237 5131 1494 5205 Mat-anus
1531 5144 1600 5205 ex
1653 5129 1989 5205 codi_c_e_ms.

419 5198 910 5287 lte'ntigianonpro
935 5222 1000 5257 eo
1032 5203 1174 5287 quod
1220 5214 1389 5287 antra
1426 5200 1724 5287 legebatur,
1748 5198 1994 5287 'llebrwa

421 5268 724 5330 monitione.
772 5268 906 5328 ll'inc
950 5268 1080 5328 vero
1122 5274 1340 5327 brevem
1370 5268 1541 5324 l'uisSe
1573 5271 1714 5323 hanc
1739 5268 1995 5337 Disputa-

417 5357 613 5404 tionem
643 5347 971 5416 colligimus.

490 5417 604 5488 (ευ)
645 5409 810 5488 (ἓνειῖ.
830 5414 1037 5488 νδρίσὶι,
1192 5411 1333 5475 PP.,
1362 5421 1495 5488 tom.
1522 5412 1592 5475 ll,
1617 5425 1672 5479 p.

493 5478 606 5557 (2|)
649 5487 789 5542 Sixt.
822 5478 954 5542 Sen.
997 5484 1140 5538 Bibl.
1177 5494 1372 5549 sanct.,
1416 5482 1510 5536 lib.
1558 5478 1632 5544 tt,
1659 5497 1710 5550 p.
1744 5481 1832 5546 71,
1864 5478 1994 5534 edit.

420 5556 596 5613 Paris.
630 5557 788 5611 1610.

495 5627 612 5694 (‘22)
653 5625 856 5680 Pamcl.
893 5625 946 5678 iu
982 5633 1096 5678 not.
1139 5623 1204 5677 ad
1239 5639 1427 5692 opusc.
1501 5621 1576 5674 De
1616 5620 1813 5675 incred.
1845 5619 2000 5682 Jud.,

420 5691 579 5749 inter.
595 5691 747 5764 'Opp.
781 5697 943 5765 Cypr.

497 5765 610 5835 (25)
652 5761 907 5835 διυιιεὺίκ
952 5763 1149 5820 Adnot.
1202 5764 1268 5820 ad
1318 5763 1410 5819 lib.
1447 5779 1496 5817 ιγ
1546 5761 1768 5833 Origen.
1833 5770 2002 5815 contr.

2083 3300 2454 3366 betur/Atque
2477 3296 2529 3349 id
2549 3294 2770 3364 quidem
2793 3294 3020 3348 suadere
3035 3292 3678 3364 perspiciturcontextus

2085 3389 2326 3455 Eusebii,
2358 3388 2451 3458 qui
2482 3396 2679 3458 praeter
2710 3387 2878 3440 altqu
2922 3383 2990 3438 de
3032 3383 3404 3453 Disputatione
3445 3383 3670 3437 Aristo-

2086 3482 2248 3535 niana
2290 3480 2593 3542 silentium,
2631 3479 2772 3531 hanc
2822 3478 3047 3545 insuper
3069 3473 3326 3544 loquendi
3390 3474 3672 3527 rationem

2087 3581 2314 3642 usurpat
2350 3589 2363 3624 :
2412 3572 2672 3642 Ἀρίστων
2696 3572 2724 3622 ὁ
2751 3569 3009 3631 Πελλαῖος
3043 3569 3264 3638 ἱστορεῖ.
3301 3565 3506 3620 Eodem
3539 3568 3673 3619 item

2087 3681 2254 3720 sensu
2287 3663 2454 3719 verba
2494 3662 2714 3716 Eusebii
2741 3661 3020 3729 accepisse
3059 3666 3388 3722 noscuntur,
3431 3657 3550 3712 sive
3574 3659 3673 3712 do-

2088 3766 2211 3812 ctus
2236 3756 2690 3826 ipsiusinterpres
2714 3753 2990 3818 Valesius,
3011 3751 3128 3806 sive
3142 3750 3212 3804 cl.
3238 3749 3411 3803 abbas
3433 3749 3500 3802 de
3522 3747 3673 3803 Lon-

2089 3862 2295 3916 guerue
2327 3847 2476 3917 (29);
2507 3845 2709 3916 quibus
2729 3853 2910 3896 tamen
2937 3841 3182 3910 Scaliger
3215 3840 3497 3910 prmivisse
3519 3841 3674 3894 vide-

2092 3947 2180 3991 tur
2235 3936 2370 4007 (50).
2409 3935 2514 3989 Sed
2552 3935 2605 3988 in
2647 3933 2838 4004 primis
2890 3933 2942 3986 id
2985 3947 3203 4002 quoque
3249 3930 3426 3984 Moses
3461 3931 3678 3984 Chore-

2091 4029 2280 4083 nensis
2329 4029 2506 4097 palam
2563 4026 2805 4096 proﬁteri
2863 4033 3165 4090 censetur;
3222 4024 3317 4092 qui
3378 4039 3506 4078 cum
3565 4040 3678 4078 uno

2091 4116 2394 4186 eodemque
2439 4126 2630 4170 tenore
2671 4125 2785 4168 tum
2832 4112 3164 4180 Eusebiana,
3201 4123 3315 4166 tum
3361 4113 3429 4167 de
3457 4113 3678 4168 Artasts

2092 4207 2420 4262 Parthorum
2453 4208 2598 4276 regis
2631 4207 2782 4260 obitu
2813 4205 3010 4260 litteris
3039 4205 3260 4270 tradita,
3295 4220 3362 4258 ex
3404 4205 3523 4273 ipso
3553 4207 3679 4259 Ari-

2095 4308 2252 4354 stone
2280 4298 2592 4364 deseribat;
2625 4313 2690 4352 ex
2727 4297 2850 4365 ejus
2876 4297 3060 4365 potius
3086 4295 3324 4351 llistoria
3369 4297 3461 4350 illa
3489 4299 3678 4350 omnia

2094 4392 2326 4457 eruisse,
2377 4407 2540 4462 quam
2593 4407 2659 4446 ex
2702 4391 2921 4443 laudata
2957 4389 3328 4459 Disputatione
3359 4389 3629 4444 dicendus
3661 4406 3674 4440 :

2097 4484 2226 4539 licet
2267 4485 2410 4538 enim
2457 4483 2626 4537 Jason
2673 4492 2728 4536 et
2774 4481 3060 4550 Papiscus,
3106 4490 3164 4534 ut
3206 4481 3494 4535 contendit
3539 4481 3681 4536 Gra-

2100 4579 2222 4632 bius
2254 4578 2388 4647 (5|),
2417 4578 2483 4630 de
2513 4575 2783 4629 Betthera:
2822 4575 3113 4628 obsndione
3155 4577 3330 4643 deque
3362 4573 3678 4629 Iudaeorum
3728 4597 3736 4604 -

2093 4671 2244 4726 clade
2280 4671 2334 4724 in
2375 4686 2440 4724 eo
2482 4669 2696 4738 dialogo
2744 4669 2907 4722 verba
2958 4666 3156 4722 fecisse
3186 4669 3510 4736 potuerint;
3566 4670 3678 4722 veri

2123 4911 2213 4941 ‘..I-
2301 4927 2331 4941 η
2387 4912 2412 4941 βξ

2123 4911 2167 4941 η,
2210 4931 2213 4936 _
2387 4912 2412 4937 ,.

2577 4978 2737 5033 Μέρη.
2766 4979 2920 5041 eccl.,
2953 4989 3085 5032 tom.
3119 4980 3186 5042 ll,
3215 4994 3272 5058 ι).
3299 4980 3424 5042 159,
3445 4989 3504 5033 et
3534 4979 3603 5046 Χ,
3625 4996 3674 5049 p.

2101 5058 2283 5190 ὀδάξῗῆ
2324 5121 2529 5175 Maran.
2577 5121 2680 5174 Vit.
2718 5119 2877 5188 Cypr.
2913 5135 3033 5188 pag.
3066 5133 3231 5172 εχει.

2325 5192 2504 5248 Moses
2527 5191 2764 5246 Chorcn.
2799 5190 2945 5244 Hist.
2981 5191 3222 5254 Annam,
3253 5188 3346 5242 lib.
3370 5205 3432 5256 ιι,
3452 5206 3575 5260 cap.
3590 5191 3675 5252 57,

2105 5263 2529 5399 l,.(33i:.Eliseb.
2569 5332 2712 5385 Hist.
2741 5329 2894 5393 eccl.,
2920 5327 3013 5383 lib.
3047 5347 3121 5394 tv,
3150 5345 3271 5399 cap.
3294 5331 3348 5384 6.

2174 5405 2288 5472 (28)
2331 5404 2606 5458 Wisthon.
2628 5403 2852 5468 Prtefat.
2871 5401 2940 5453 ad
2963 5403 3098 5454 .llos.
3125 5400 3349 5454 Clioren.
3376 5415 3501 5469 pag.
3567 5415 3670 5453 xIx.

2106 5474 2600 5597 iugldjogoltgucr.
2638 5472 2864 5525 Dissert.
2899 5472 2962 5525 do
2985 5487 3098 5526 var.
3127 5473 3331 5539 spec/1.,
3361 5480 3493 5537 etc.,
3529 5487 3671 5539 pagg.

2179 5586 2532 5685 (έῶνξεειὶίς.
2572 5613 2850 5667 Animadv.
2892 5614 2946 5685 in
2982 5610 3179 5666 Chron.
3222 5609 3416 5665 Euseb.
3451 5610 3521 5663 ad
3553 5625 3672 5662 aint.

2110 5683 2383 5739 intexunt
2419 5683 2815 5752 elatumqpag.
2848 5683 2970 5736 216.

2182 5759 2294 5828 (51)
2336 5757 2500 5812 Gral).
2564 5748 2883 5825 Spiritss.
2920 5751 3058 5818 l’l’.,
3092 5760 3222 5806 tum.
3260 5753 3300 5812 l,
3333 5767 3453 5814 pag.
3495 5748 3609 5804 151.
