  <div class='ocr_page' id='page_1' title='image "/cluster/home/n/w/nwhite01/storage/ocr_20150623/5/nnc1.0046978607/646.png"; bbox 0 0 3872 6210; ppageno 0'>
   <div class='ocr_carea' id='block_1_1' title="bbox 228 326 379 382">
    <p class='ocr_par' dir='ltr' id='par_1_1' title="bbox 228 326 379 382">
     <span class='ocr_line' id='line_1_1' title="bbox 228 326 379 382; baseline 0 -1"><span class='ocrx_word' id='word_1_1' title='bbox 228 326 379 382; x_wconf 67' lang='grc'><strong>1277</strong></span> 
     </span>
    </p>
   </div>
   <div class='ocr_carea' id='block_1_2' title="bbox 1657 316 2104 375">
    <p class='ocr_par' dir='ltr' id='par_1_2' title="bbox 1657 316 2104 375">
     <span class='ocr_line' id='line_1_2' title="bbox 1657 316 2104 375; baseline -0.011 0"><span class='ocrx_word' id='word_1_2' title='bbox 1657 316 2104 375; x_wconf 74' lang='lat' dir='ltr'><strong>FRAGMENTA.</strong></span> 
     </span>
    </p>
   </div>
   <div class='ocr_carea' id='block_1_3' title="bbox 3369 304 3509 383">
    <p class='ocr_par' dir='ltr' id='par_1_3' title="bbox 3369 304 3509 383">
     <span class='ocr_line' id='line_1_3' title="bbox 3369 304 3509 383; baseline -0.014 -21"><span class='ocrx_word' id='word_1_3' title='bbox 3369 304 3509 383; x_wconf 69' lang='lat' dir='ltr'><strong>127s</strong></span> 
     </span>
    </p>
   </div>
   <div class='ocr_carea' id='block_1_4' title="bbox 226 427 3507 513">
    <p class='ocr_par' dir='ltr' id='par_1_4' title="bbox 226 427 3507 513">
     <span class='ocr_line' id='line_1_4' title="bbox 226 427 3507 513; baseline -0.005 -14"><span class='ocrx_word' id='word_1_4' title='bbox 226 454 427 499; x_wconf 86' lang='lat' dir='ltr'><strong>tamen</strong></span> <span class='ocrx_word' id='word_1_5' title='bbox 459 442 643 501; x_wconf 83' lang='lat' dir='ltr'><strong>simile</strong></span> <span class='ocrx_word' id='word_1_6' title='bbox 674 441 818 496; x_wconf 99' lang='lat' dir='ltr'><strong>haud</strong></span> <span class='ocrx_word' id='word_1_7' title='bbox 848 450 953 509; x_wconf 90' lang='lat' dir='ltr'><strong>est,</strong></span> <span class='ocrx_word' id='word_1_8' title='bbox 997 442 1123 513; x_wconf 77' lang='lat' dir='ltr'><strong>illos</strong></span> <span class='ocrx_word' id='word_1_9' title='bbox 1141 451 1202 497; x_wconf 91' lang='lat' dir='ltr'><strong>ut</strong></span> <span class='ocrx_word' id='word_1_10' title='bbox 1231 440 1474 496; x_wconf 76' lang='lat' dir='ltr'><strong>vidimus</strong></span> <span class='ocrx_word' id='word_1_11' title='bbox 1504 440 1572 496; x_wconf 94' lang='lat' dir='ltr'><strong>de</strong></span> <span class='ocrx_word' id='word_1_12' title='bbox 1597 440 1822 496; x_wconf 87' lang='lat' dir='ltr'><strong>Christo</strong></span> <span class='ocrx_word' id='word_1_13' title='bbox 1852 449 1899 505; x_wconf 80' lang='grc' dir='ltr'>Α</span> <span class='ocrx_word' id='word_1_14' title='bbox 1928 438 2248 511; x_wconf 85' lang='lat' dir='ltr'><strong>hujusmodi</strong></span> <span class='ocrx_word' id='word_1_15' title='bbox 2314 434 2629 491; x_wconf 83' lang='lat' dir='ltr'><strong>liberiorem</strong></span> <span class='ocrx_word' id='word_1_16' title='bbox 2708 429 3152 487; x_wconf 77' lang='lat' dir='ltr'><strong>emendationem</strong></span> <span class='ocrx_word' id='word_1_17' title='bbox 3212 427 3470 483; x_wconf 73' lang='lat' dir='ltr'><strong>admittas</strong></span> <span class='ocrx_word' id='word_1_18' title='bbox 3489 467 3507 493; x_wconf 90' lang='lat'><strong>,</strong></span> 
     </span>
    </p>
   </div>
   <div class='ocr_carea' id='block_1_5' title="bbox 219 534 1818 606">
    <p class='ocr_par' dir='ltr' id='par_1_5' title="bbox 219 534 1818 606">
     <span class='ocr_line' id='line_1_5' title="bbox 219 534 1818 606; baseline -0.001 -15"><span class='ocrx_word' id='word_1_19' title='bbox 219 535 601 606; x_wconf 83' lang='lat' dir='ltr'><strong>disputantes,</strong></span> <span class='ocrx_word' id='word_1_20' title='bbox 626 536 694 591; x_wconf 91' lang='lat' dir='ltr'><strong>de</strong></span> <span class='ocrx_word' id='word_1_21' title='bbox 717 549 844 605; x_wconf 84' lang='lat' dir='ltr'><strong>rege</strong></span> <span class='ocrx_word' id='word_1_22' title='bbox 870 551 1092 606; x_wconf 90' lang='lat' dir='ltr'><strong>quoque</strong></span> <span class='ocrx_word' id='word_1_23' title='bbox 1118 534 1376 590; x_wconf 82' lang='lat' dir='ltr'><strong>Parthico</strong></span> <span class='ocrx_word' id='word_1_24' title='bbox 1394 534 1565 590; x_wconf 83' lang='lat' dir='ltr'><strong>fuisse</strong></span> <span class='ocrx_word' id='word_1_25' title='bbox 1581 535 1818 601; x_wconf 91' lang='lat' dir='ltr'><strong>locutos,</strong></span> 
     </span>
    </p>
   </div>
   <div class='ocr_carea' id='block_1_6' title="bbox 222 627 1372 699">
    <p class='ocr_par' dir='ltr' id='par_1_6' title="bbox 222 627 1372 699">
     <span class='ocr_line' id='line_1_6' title="bbox 222 627 1372 699; baseline -0.001 -16"><span class='ocrx_word' id='word_1_26' title='bbox 222 628 378 683; x_wconf 81' lang='lat' dir='ltr'><strong>nihil</strong></span> <span class='ocrx_word' id='word_1_27' title='bbox 409 643 543 684; x_wconf 88' lang='lat' dir='ltr'><strong>sane</strong></span> <span class='ocrx_word' id='word_1_28' title='bbox 569 628 635 682; x_wconf 91' lang='lat' dir='ltr'><strong>ad</strong></span> <span class='ocrx_word' id='word_1_29' title='bbox 671 628 1012 699; x_wconf 90' lang='lat' dir='ltr'><strong>propositum</strong></span> <span class='ocrx_word' id='word_1_30' title='bbox 1045 627 1372 697; x_wconf 84' lang='lat' dir='ltr'><strong>pertinente.</strong></span> 
     </span>
    </p>
   </div>
   <div class='ocr_carea' id='block_1_7' title="bbox 304 717 1823 789">
    <p class='ocr_par' dir='ltr' id='par_1_7' title="bbox 304 717 1823 789">
     <span class='ocr_line' id='line_1_7' title="bbox 304 717 1823 789; baseline 0 -16"><span class='ocrx_word' id='word_1_31' title='bbox 304 719 397 774; x_wconf 86' lang='lat' dir='ltr'><strong>IV.</strong></span> <span class='ocrx_word' id='word_1_32' title='bbox 444 718 634 789; x_wconf 86' lang='lat' dir='ltr'><strong>Neque</strong></span> <span class='ocrx_word' id='word_1_33' title='bbox 668 735 799 774; x_wconf 85' lang='lat' dir='ltr'><strong>vero</strong></span> <span class='ocrx_word' id='word_1_34' title='bbox 832 719 1257 788; x_wconf 82' lang='lat' dir='ltr'><strong>Disputationem</strong></span> <span class='ocrx_word' id='word_1_35' title='bbox 1302 726 1515 773; x_wconf 88' lang='lat' dir='ltr'><strong>tantum</strong></span> <span class='ocrx_word' id='word_1_36' title='bbox 1553 726 1608 774; x_wconf 90' lang='lat' dir='ltr'><strong>et</strong></span> <span class='ocrx_word' id='word_1_37' title='bbox 1640 717 1823 773; x_wconf 80' lang='lat' dir='ltr'><strong>Histo-</strong></span> 
     </span>
    </p>
   </div>
   <div class='ocr_carea' id='block_1_8' title="bbox 220 810 1817 880">
    <p class='ocr_par' dir='ltr' id='par_1_8' title="bbox 220 810 1817 880">
     <span class='ocr_line' id='line_1_8' title="bbox 220 810 1817 880; baseline 0.001 -15"><span class='ocrx_word' id='word_1_38' title='bbox 220 813 374 865; x_wconf 85' lang='lat' dir='ltr'><strong>riam</strong></span> <span class='ocrx_word' id='word_1_39' title='bbox 400 811 734 875; x_wconf 79' lang='lat' dir='ltr'><strong>orientalem,</strong></span> <span class='ocrx_word' id='word_1_40' title='bbox 759 811 829 866; x_wconf 91' lang='lat' dir='ltr'><strong>de</strong></span> <span class='ocrx_word' id='word_1_41' title='bbox 865 812 1067 880; x_wconf 87' lang='lat' dir='ltr'><strong>quibus</strong></span> <span class='ocrx_word' id='word_1_42' title='bbox 1091 810 1360 865; x_wconf 87' lang='lat' dir='ltr'><strong>hactenus</strong></span> <span class='ocrx_word' id='word_1_43' title='bbox 1387 810 1817 876; x_wconf 88' lang='lat' dir='ltr'><strong>edisseruimus;</strong></span> 
     </span>
    </p>
   </div>
   <div class='ocr_carea' id='block_1_9' title="bbox 220 901 1821 973">
    <p class='ocr_par' dir='ltr' id='par_1_9' title="bbox 220 901 1821 973">
     <span class='ocr_line' id='line_1_9' title="bbox 220 901 1821 973; baseline 0.001 -18"><span class='ocrx_word' id='word_1_44' title='bbox 220 901 331 956; x_wconf 86' lang='lat' dir='ltr'><strong>sed</strong></span> <span class='ocrx_word' id='word_1_45' title='bbox 386 902 536 957; x_wconf 87' lang='lat' dir='ltr'><strong>aliud</strong></span> <span class='ocrx_word' id='word_1_46' title='bbox 569 903 741 957; x_wconf 90' lang='lat' dir='ltr'><strong>etiam</strong></span> <span class='ocrx_word' id='word_1_47' title='bbox 794 918 936 973; x_wconf 89' lang='lat' dir='ltr'><strong>opus</strong></span> <span class='ocrx_word' id='word_1_48' title='bbox 970 903 1157 959; x_wconf 86' lang='lat' dir='ltr'><strong>Aristo</strong></span> <span class='ocrx_word' id='word_1_49' title='bbox 1207 903 1448 959; x_wconf 89' lang='lat' dir='ltr'><strong>edidisse</strong></span> <span class='ocrx_word' id='word_1_50' title='bbox 1501 902 1715 966; x_wconf 83' lang='lat' dir='ltr'><strong>fertur,</strong></span> <span class='ocrx_word' id='word_1_51' title='bbox 1774 904 1821 959; x_wconf 91' lang='lat' dir='ltr'><strong>si</strong></span> 
     </span>
    </p>
   </div>
   <div class='ocr_carea' id='block_1_10' title="bbox 224 980 1821 1051">
    <p class='ocr_par' dir='ltr' id='par_1_10' title="bbox 224 980 1821 1051">
     <span class='ocr_line' id='line_1_10' title="bbox 224 980 1821 1051; baseline 0.01 -17"><span class='ocrx_word' id='word_1_52' title='bbox 224 980 480 1045; x_wconf 69' lang='grc' dir='ltr'><strong><em>(Σήνοηίσί</em></strong></span> <span class='ocrx_word' id='word_1_53' title='bbox 542 988 819 1048; x_wconf 72' lang='lat' dir='ltr'><strong>Paschalis</strong></span> <span class='ocrx_word' id='word_1_54' title='bbox 913 1002 1198 1050; x_wconf 88' lang='lat' dir='ltr'><strong>auctorem</strong></span> <span class='ocrx_word' id='word_1_55' title='bbox 1240 995 1457 1051; x_wconf 84' lang='lat' dir='ltr'><strong>audias.</strong></span> <span class='ocrx_word' id='word_1_56' title='bbox 1517 993 1610 1049; x_wconf 91' lang='lat' dir='ltr'><strong>Sic</strong></span> <span class='ocrx_word' id='word_1_57' title='bbox 1671 996 1821 1050; x_wconf 89' lang='lat' dir='ltr'><strong>enim</strong></span> 
     </span>
    </p>
   </div>
   <div class='ocr_carea' id='block_1_11' title="bbox 222 1079 1822 1157">
    <p class='ocr_par' dir='ltr' id='par_1_11' title="bbox 222 1079 1822 1157">
     <span class='ocr_line' id='line_1_11' title="bbox 222 1079 1822 1157; baseline 0 -18"><span class='ocrx_word' id='word_1_58' title='bbox 222 1086 324 1140; x_wconf 81' lang='lat' dir='ltr'><strong>ille</strong></span> <span class='ocrx_word' id='word_1_59' title='bbox 340 1084 456 1157; x_wconf 73' lang='lat'><strong>(&#39;52)</strong></span> <span class='ocrx_word' id='word_1_60' title='bbox 488 1085 714 1157; x_wconf 72' lang='grc' dir='ltr'><strong>ιΤούτῳ</strong></span> <span class='ocrx_word' id='word_1_61' title='bbox 734 1085 813 1157; x_wconf 81' lang='grc' dir='ltr'>τῷ</span> <span class='ocrx_word' id='word_1_62' title='bbox 844 1085 977 1151; x_wconf 75' lang='grc' dir='ltr'><strong>ἔτει,</strong></span> <span class='ocrx_word' id='word_1_63' title='bbox 1009 1085 1275 1157; x_wconf 82' lang='grc' dir='ltr'><strong>Ἀπελλῆς</strong></span> <span class='ocrx_word' id='word_1_64' title='bbox 1306 1086 1401 1139; x_wconf 78' lang='grc' dir='ltr'>καὶ</span> <span class='ocrx_word' id='word_1_65' title='bbox 1445 1086 1729 1157; x_wconf 81' lang='grc' dir='ltr'><strong>Ἀρίστων,</strong></span> <span class='ocrx_word' id='word_1_66' title='bbox 1745 1079 1822 1140; x_wconf 85' lang='grc' dir='ltr'>ὧν</span> 
     </span>
    </p>
   </div>
   <div class='ocr_carea' id='block_1_12' title="bbox 226 1176 1825 1250">
    <p class='ocr_par' dir='ltr' id='par_1_12' title="bbox 226 1176 1825 1250">
     <span class='ocr_line' id='line_1_12' title="bbox 226 1176 1825 1250; baseline 0 -19"><span class='ocrx_word' id='word_1_67' title='bbox 226 1176 509 1248; x_wconf 71' lang='grc' dir='ltr'><strong>μέμνηται</strong></span> <span class='ocrx_word' id='word_1_68' title='bbox 559 1177 820 1242; x_wconf 76' lang='grc' dir='ltr'>Εὐσέϐιος</span> <span class='ocrx_word' id='word_1_69' title='bbox 850 1180 879 1231; x_wconf 85' lang='grc' dir='ltr'><strong>ὁ</strong></span> <span class='ocrx_word' id='word_1_70' title='bbox 911 1178 1198 1249; x_wconf 72' lang='grc' dir='ltr'>Παμφίλου</span> <span class='ocrx_word' id='word_1_71' title='bbox 1251 1181 1310 1231; x_wconf 81' lang='grc' dir='ltr'>ὲν</span> <span class='ocrx_word' id='word_1_72' title='bbox 1347 1181 1412 1250; x_wconf 80' lang='grc' dir='ltr'><strong>τῇ</strong></span> <span class='ocrx_word' id='word_1_73' title='bbox 1482 1180 1825 1246; x_wconf 72' lang='grc' dir='ltr'>Ἐκκλησια-</span> 
     </span>
    </p>
   </div>
   <div class='ocr_carea' id='block_1_13' title="bbox 220 1267 1820 1339">
    <p class='ocr_par' dir='ltr' id='par_1_13' title="bbox 220 1267 1820 1339">
     <span class='ocr_line' id='line_1_13' title="bbox 220 1267 1820 1339; baseline 0.001 -16"><span class='ocrx_word' id='word_1_74' title='bbox 220 1267 415 1338; x_wconf 78' lang='grc' dir='ltr'><strong>στικῇ</strong></span> <span class='ocrx_word' id='word_1_75' title='bbox 444 1269 609 1323; x_wconf 80' lang='grc' dir='ltr'>αὐτοῦ</span> <span class='ocrx_word' id='word_1_76' title='bbox 628 1271 879 1338; x_wconf 76' lang='grc' dir='ltr'><strong>ἱστορίᾳ,</strong></span> <span class='ocrx_word' id='word_1_77' title='bbox 910 1270 1219 1325; x_wconf 77' lang='grc' dir='ltr'><strong>ἐπιδίδωσιν</strong></span> <span class='ocrx_word' id='word_1_78' title='bbox 1250 1270 1545 1339; x_wconf 78' lang='grc' dir='ltr'><strong>ἀπολογίας</strong></span> <span class='ocrx_word' id='word_1_79' title='bbox 1569 1270 1820 1339; x_wconf 82' lang='grc' dir='ltr'>σύνταξιν</span> 
     </span>
    </p>
   </div>
   <div class='ocr_carea' id='block_1_14' title="bbox 222 1360 1820 1435">
    <p class='ocr_par' dir='ltr' id='par_1_14' title="bbox 222 1360 1820 1435">
     <span class='ocr_line' id='line_1_14' title="bbox 222 1360 1820 1435; baseline 0.003 -23"><span class='ocrx_word' id='word_1_80' title='bbox 222 1360 500 1433; x_wconf 78' lang='grc' dir='ltr'>περὶτῆς</span> <span class='ocrx_word' id='word_1_81' title='bbox 542 1360 668 1415; x_wconf 78' lang='grc' dir='ltr'><strong>καθ’</strong></span> <span class='ocrx_word' id='word_1_82' title='bbox 701 1363 850 1433; x_wconf 78' lang='grc' dir='ltr'>ἡμᾶς</span> <span class='ocrx_word' id='word_1_83' title='bbox 892 1361 1203 1427; x_wconf 75' lang='grc' dir='ltr'>θεοσεϐείας</span> <span class='ocrx_word' id='word_1_84' title='bbox 1248 1363 1514 1435; x_wconf 82' lang='grc' dir='ltr'>Ἀδριανῴ</span> <span class='ocrx_word' id='word_1_85' title='bbox 1556 1363 1633 1434; x_wconf 84' lang='grc' dir='ltr'><strong>τῷ</strong></span> <span class='ocrx_word' id='word_1_86' title='bbox 1669 1363 1820 1434; x_wconf 87' lang='grc' dir='ltr'>βασι-</span> 
     </span>
    </p>
   </div>
   <div class='ocr_carea' id='block_1_15' title="bbox 220 1451 1822 1527">
    <p class='ocr_par' dir='ltr' id='par_1_15' title="bbox 220 1451 1822 1527">
     <span class='ocr_line' id='line_1_15' title="bbox 220 1451 1822 1527; baseline 0.004 -23"><span class='ocrx_word' id='word_1_87' title='bbox 220 1451 330 1506; x_wconf 81' lang='grc' dir='ltr'>λετ.</span> <span class='ocrx_word' id='word_1_88' title='bbox 374 1451 494 1507; x_wconf 84' lang='lat' dir='ltr'><strong>Hoc</strong></span> <span class='ocrx_word' id='word_1_89' title='bbox 522 1470 661 1507; x_wconf 80' lang='lat' dir='ltr'><strong>anno</strong></span> <span class='ocrx_word' id='word_1_90' title='bbox 687 1453 920 1523; x_wconf 87' lang='lat' dir='ltr'><strong>(Christi</strong></span> <span class='ocrx_word' id='word_1_91' title='bbox 949 1453 1099 1525; x_wconf 73' lang='grc'><strong>154),</strong></span> <span class='ocrx_word' id='word_1_92' title='bbox 1125 1454 1337 1525; x_wconf 77' lang='lat' dir='ltr'><strong>Apelles</strong></span> <span class='ocrx_word' id='word_1_93' title='bbox 1377 1465 1427 1510; x_wconf 88' lang='lat' dir='ltr'><strong>et</strong></span> <span class='ocrx_word' id='word_1_94' title='bbox 1470 1457 1670 1522; x_wconf 74' lang='lat' dir='ltr'><strong>Aristo,</strong></span> <span class='ocrx_word' id='word_1_95' title='bbox 1696 1473 1822 1527; x_wconf 82' lang='lat' dir='ltr'><strong>qua-</strong></span> 
     </span>
    </p>
   </div>
   <div class='ocr_carea' id='block_1_16' title="bbox 221 1544 1824 1603">
    <p class='ocr_par' dir='ltr' id='par_1_16' title="bbox 221 1544 1824 1603">
     <span class='ocr_line' id='line_1_16' title="bbox 221 1544 1824 1603; baseline 0.003 -8"><span class='ocrx_word' id='word_1_96' title='bbox 221 1558 352 1595; x_wconf 76' lang='lat' dir='ltr'><strong>rum</strong></span> <span class='ocrx_word' id='word_1_97' title='bbox 387 1545 627 1599; x_wconf 74' lang='lat' dir='ltr'><strong>mminit</strong></span> <span class='ocrx_word' id='word_1_98' title='bbox 659 1546 717 1598; x_wconf 80' lang='lat' dir='ltr'><strong>in</strong></span> <span class='ocrx_word' id='word_1_99' title='bbox 748 1561 847 1600; x_wconf 75' lang='lat' dir='ltr'><strong>sua</strong></span> <span class='ocrx_word' id='word_1_100' title='bbox 882 1544 1122 1601; x_wconf 84' lang='lat' dir='ltr'><strong>Historia</strong></span> <span class='ocrx_word' id='word_1_101' title='bbox 1153 1546 1530 1603; x_wconf 83' lang='lat' dir='ltr'><strong>ecclesiastica</strong></span> <span class='ocrx_word' id='word_1_102' title='bbox 1557 1546 1824 1602; x_wconf 75' lang='lat' dir='ltr'><strong>Eusebius-</strong></span> 
     </span>
    </p>
   </div>
   <div class='ocr_carea' id='block_1_17' title="bbox 218 1630 1818 1710">
    <p class='ocr_par' dir='ltr' id='par_1_17' title="bbox 218 1630 1818 1710">
     <span class='ocr_line' id='line_1_17' title="bbox 218 1630 1818 1710; baseline 0.006 -25"><span class='ocrx_word' id='word_1_103' title='bbox 218 1630 530 1702; x_wconf 75' lang='lat' dir='ltr'><strong>Painplrili,</strong></span> <span class='ocrx_word' id='word_1_104' title='bbox 563 1635 761 1690; x_wconf 80' lang='lat' dir='ltr'><strong>librum</strong></span> <span class='ocrx_word' id='word_1_105' title='bbox 805 1637 1190 1710; x_wconf 74' lang='lat' dir='ltr'><strong>apologaticnm</strong></span> <span class='ocrx_word' id='word_1_106' title='bbox 1224 1656 1322 1710; x_wconf 78' lang='lat' dir='ltr'><strong>pro</strong></span> <span class='ocrx_word' id='word_1_107' title='bbox 1357 1648 1543 1695; x_wconf 74' lang='lat' dir='ltr'><strong>nostra</strong></span> <span class='ocrx_word' id='word_1_108' title='bbox 1565 1639 1818 1710; x_wconf 78' lang='lat' dir='ltr'><strong>religione</strong></span> 
     </span>
    </p>
   </div>
   <div class='ocr_carea' id='block_1_18' title="bbox 217 1725 1814 1802">
    <p class='ocr_par' dir='ltr' id='par_1_18' title="bbox 217 1725 1814 1802">
     <span class='ocr_line' id='line_1_18' title="bbox 217 1725 1814 1802; baseline 0.006 -24"><span class='ocrx_word' id='word_1_109' title='bbox 217 1725 470 1781; x_wconf 80' lang='lat' dir='ltr'><strong>Adriano</strong></span> <span class='ocrx_word' id='word_1_110' title='bbox 498 1729 741 1800; x_wconf 72' lang='lat' dir='ltr'><strong>Augusto</strong></span> <span class='ocrx_word' id='word_1_111' title='bbox 774 1732 1076 1802; x_wconf 69' lang='lat' dir='ltr'><strong>porrigunt.</strong></span> <span class='ocrx_word' id='word_1_112' title='bbox 1098 1733 1303 1789; x_wconf 84' lang='lat' dir='ltr'><strong>Verum</strong></span> <span class='ocrx_word' id='word_1_113' title='bbox 1338 1732 1609 1789; x_wconf 85' lang='lat' dir='ltr'><strong>Eusebius</strong></span> <span class='ocrx_word' id='word_1_114' title='bbox 1641 1748 1814 1790; x_wconf 91' lang='lat' dir='ltr'><strong>unum</strong></span> 
     </span>
    </p>
   </div>
   <div class='ocr_carea' id='block_1_19' title="bbox 1927 520 3508 590">
    <p class='ocr_par' dir='ltr' id='par_1_19' title="bbox 1927 520 3508 590">
     <span class='ocr_line' id='line_1_19' title="bbox 1927 520 3508 590; baseline -0.011 -1"><span class='ocrx_word' id='word_1_115' title='bbox 1927 533 2109 589; x_wconf 87' lang='lat' dir='ltr'><strong>adhuc</strong></span> <span class='ocrx_word' id='word_1_116' title='bbox 2149 540 2335 586; x_wconf 89' lang='lat' dir='ltr'><strong>tamen</strong></span> <span class='ocrx_word' id='word_1_117' title='bbox 2366 534 2641 583; x_wconf 84' lang='lat' dir='ltr'><strong>errantem</strong></span> <span class='ocrx_word' id='word_1_118' title='bbox 2674 533 2960 580; x_wconf 90' lang='lat' dir='ltr'><strong>auctorem</strong></span> <span class='ocrx_word' id='word_1_119' title='bbox 3016 521 3227 585; x_wconf 87' lang='lat' dir='ltr'><strong>videas,</strong></span> <span class='ocrx_word' id='word_1_120' title='bbox 3276 520 3508 590; x_wconf 85' lang='lat' dir='ltr'><strong>ejusque</strong></span> 
     </span>
    </p>
   </div>
   <div class='ocr_carea' id='block_1_20' title="bbox 1925 615 3509 692">
    <p class='ocr_par' dir='ltr' id='par_1_20' title="bbox 1925 615 3509 692">
     <span class='ocr_line' id='line_1_20' title="bbox 1925 615 3509 692; baseline -0.009 -11"><span class='ocrx_word' id='word_1_121' title='bbox 1925 625 2255 681; x_wconf 83' lang='lat' dir='ltr'><strong>sententiam</strong></span> <span class='ocrx_word' id='word_1_122' title='bbox 2295 623 2519 692; x_wconf 67' lang='lat' dir='ltr'><strong>integrae</strong></span> <span class='ocrx_word' id='word_1_123' title='bbox 2547 618 2772 675; x_wconf 90' lang='lat' dir='ltr'><strong>sanitati</strong></span> <span class='ocrx_word' id='word_1_124' title='bbox 2810 615 2959 672; x_wconf 87' lang='lat' dir='ltr'><strong>haud</strong></span> <span class='ocrx_word' id='word_1_125' title='bbox 2987 615 3333 679; x_wconf 87' lang='lat' dir='ltr'><strong>restitutam;</strong></span> <span class='ocrx_word' id='word_1_126' title='bbox 3380 628 3509 667; x_wconf 87' lang='lat' dir='ltr'><strong>cum</strong></span> 
     </span>
    </p>
   </div>
   <div class='ocr_carea' id='block_1_21' title="bbox 1924 705 3510 781">
    <p class='ocr_par' dir='ltr' id='par_1_21' title="bbox 1924 705 3510 781">
     <span class='ocr_line' id='line_1_21' title="bbox 1924 705 3510 781; baseline -0.008 -9"><span class='ocrx_word' id='word_1_127' title='bbox 1924 716 2198 773; x_wconf 70' lang='lat' dir='ltr'><strong>historica:</strong></span> <span class='ocrx_word' id='word_1_128' title='bbox 2217 713 2431 770; x_wconf 87' lang='lat' dir='ltr'><strong>veritati</strong></span> <span class='ocrx_word' id='word_1_129' title='bbox 2451 711 2677 767; x_wconf 85' lang='lat' dir='ltr'><strong>omnino</strong></span> <span class='ocrx_word' id='word_1_130' title='bbox 2689 717 2974 781; x_wconf 80' lang='lat' dir='ltr'><strong>repugnet,</strong></span> <span class='ocrx_word' id='word_1_131' title='bbox 3001 706 3244 761; x_wconf 85' lang='lat' dir='ltr'><strong>Adriano</strong></span> <span class='ocrx_word' id='word_1_132' title='bbox 3258 705 3510 776; x_wconf 83' lang='lat' dir='ltr'><strong>Augusto</strong></span> 
     </span>
    </p>
   </div>
   <div class='ocr_carea' id='block_1_22' title="bbox 1922 798 3510 880">
    <p class='ocr_par' dir='ltr' id='par_1_22' title="bbox 1922 798 3510 880">
     <span class='ocr_line' id='line_1_22' title="bbox 1922 798 3510 880; baseline -0.008 -16"><span class='ocrx_word' id='word_1_133' title='bbox 1922 809 2238 880; x_wconf 83' lang='lat' dir='ltr'><strong>Apologiam</strong></span> <span class='ocrx_word' id='word_1_134' title='bbox 2289 822 2392 878; x_wconf 88' lang='lat' dir='ltr'><strong>pro</strong></span> <span class='ocrx_word' id='word_1_135' title='bbox 2437 805 2755 860; x_wconf 85' lang='lat' dir='ltr'><strong>Christiana</strong></span> <span class='ocrx_word' id='word_1_136' title='bbox 2799 800 3067 871; x_wconf 76' lang='lat' dir='ltr'><strong>religione</strong></span> <span class='ocrx_word' id='word_1_137' title='bbox 3099 798 3369 855; x_wconf 86' lang='lat' dir='ltr'><strong>obtulisse</strong></span> <span class='ocrx_word' id='word_1_138' title='bbox 3404 798 3510 854; x_wconf 73' lang='lat' dir='ltr'><strong>ali-</strong></span> 
     </span>
    </p>
   </div>
   <div class='ocr_carea' id='block_1_23' title="bbox 1923 892 3509 973">
    <p class='ocr_par' dir='ltr' id='par_1_23' title="bbox 1923 892 3509 973">
     <span class='ocr_line' id='line_1_23' title="bbox 1923 892 3509 973; baseline -0.004 -19"><span class='ocrx_word' id='word_1_139' title='bbox 1923 901 2145 973; x_wconf 85' lang='lat' dir='ltr'><strong>quando</strong></span> <span class='ocrx_word' id='word_1_140' title='bbox 2174 899 2488 954; x_wconf 82' lang='lat' dir='ltr'><strong>Aristonem</strong></span> <span class='ocrx_word' id='word_1_141' title='bbox 2515 896 2807 962; x_wconf 68' lang='lat' dir='ltr'><strong>Pellazum;</strong></span> <span class='ocrx_word' id='word_1_142' title='bbox 2843 895 2897 950; x_wconf 90' lang='lat' dir='ltr'><strong>id</strong></span> <span class='ocrx_word' id='word_1_143' title='bbox 2929 895 3122 949; x_wconf 85' lang='lat' dir='ltr'><strong>saltem</strong></span> <span class='ocrx_word' id='word_1_144' title='bbox 3155 892 3392 949; x_wconf 87' lang='lat' dir='ltr'><strong>Eusebio</strong></span> <span class='ocrx_word' id='word_1_145' title='bbox 3422 893 3509 947; x_wconf 90' lang='lat' dir='ltr'><strong>in-</strong></span> 
     </span>
    </p>
   </div>
   <div class='ocr_carea' id='block_1_24' title="bbox 1923 987 3507 1064">
    <p class='ocr_par' dir='ltr' id='par_1_24' title="bbox 1923 987 3507 1064">
     <span class='ocr_line' id='line_1_24' title="bbox 1923 987 3507 1064; baseline -0.004 -15"><span class='ocrx_word' id='word_1_146' title='bbox 1923 1003 2287 1064; x_wconf 91' lang='lat' dir='ltr'><strong>compertum,</strong></span> <span class='ocrx_word' id='word_1_147' title='bbox 2312 992 2460 1047; x_wconf 93' lang='lat' dir='ltr'><strong>unde</strong></span> <span class='ocrx_word' id='word_1_148' title='bbox 2481 1006 2580 1047; x_wconf 89' lang='lat' dir='ltr'><strong>sua</strong></span> <span class='ocrx_word' id='word_1_149' title='bbox 2607 989 2856 1044; x_wconf 82' lang='lat' dir='ltr'><strong>Chronici</strong></span> <span class='ocrx_word' id='word_1_150' title='bbox 2878 996 3075 1044; x_wconf 88' lang='lat' dir='ltr'><strong>auctor</strong></span> <span class='ocrx_word' id='word_1_151' title='bbox 3094 987 3349 1043; x_wconf 81' lang='lat' dir='ltr'><strong>hausisse</strong></span> <span class='ocrx_word' id='word_1_152' title='bbox 3376 1003 3507 1058; x_wconf 89' lang='lat' dir='ltr'><strong>pro-</strong></span> 
     </span>
    </p>
   </div>
   <div class='ocr_carea' id='block_1_25' title="bbox 1922 1080 3507 1157">
    <p class='ocr_par' dir='ltr' id='par_1_25' title="bbox 1922 1080 3507 1157">
     <span class='ocr_line' id='line_1_25' title="bbox 1922 1080 3507 1157; baseline -0.005 -16"><span class='ocrx_word' id='word_1_153' title='bbox 1922 1087 2134 1154; x_wconf 84' lang='lat' dir='ltr'><strong>ﬁtetur;</strong></span> <span class='ocrx_word' id='word_1_154' title='bbox 2167 1085 2313 1157; x_wconf 79' lang='lat' dir='ltr'><strong>quod</strong></span> <span class='ocrx_word' id='word_1_155' title='bbox 2333 1084 2554 1155; x_wconf 91' lang='lat' dir='ltr'><strong>quidem</strong></span> <span class='ocrx_word' id='word_1_156' title='bbox 2583 1083 2757 1138; x_wconf 84' lang='lat' dir='ltr'><strong>miror</strong></span> <span class='ocrx_word' id='word_1_157' title='bbox 2785 1082 2961 1137; x_wconf 88' lang='lat' dir='ltr'><strong>virum</strong></span> <span class='ocrx_word' id='word_1_158' title='bbox 2981 1080 3257 1137; x_wconf 87' lang='lat' dir='ltr'><strong>eruditum</strong></span> <span class='ocrx_word' id='word_1_159' title='bbox 3278 1091 3507 1150; x_wconf 64' lang='lat' dir='ltr'><strong>praeter-</strong></span> 
     </span>
    </p>
   </div>
   <div class='ocr_carea' id='block_1_26' title="bbox 1923 1174 3506 1248">
    <p class='ocr_par' dir='ltr' id='par_1_26' title="bbox 1923 1174 3506 1248">
     <span class='ocr_line' id='line_1_26' title="bbox 1923 1174 3506 1248; baseline -0.005 -14"><span class='ocrx_word' id='word_1_160' title='bbox 1923 1179 2072 1235; x_wconf 90' lang='lat' dir='ltr'><strong>iisse.</strong></span> <span class='ocrx_word' id='word_1_161' title='bbox 2100 1177 2287 1248; x_wconf 84' lang='lat' dir='ltr'><strong>Neque</strong></span> <span class='ocrx_word' id='word_1_162' title='bbox 2314 1176 2490 1248; x_wconf 84' lang='lat' dir='ltr'><strong>magis</strong></span> <span class='ocrx_word' id='word_1_163' title='bbox 2530 1176 2708 1246; x_wconf 86' lang='lat' dir='ltr'><strong>placet</strong></span> <span class='ocrx_word' id='word_1_164' title='bbox 2738 1174 2905 1231; x_wconf 88' lang='lat' dir='ltr'><strong>Cavei</strong></span> <span class='ocrx_word' id='word_1_165' title='bbox 2931 1174 3274 1245; x_wconf 89' lang='lat' dir='ltr'><strong>conjectura,</strong></span> <span class='ocrx_word' id='word_1_166' title='bbox 3306 1182 3506 1244; x_wconf 56' lang='lat' dir='ltr'><strong>putanu</strong></span> 
     </span>
    </p>
   </div>
   <div class='ocr_carea' id='block_1_27' title="bbox 1921 1268 3500 1344">
    <p class='ocr_par' dir='ltr' id='par_1_27' title="bbox 1921 1268 3500 1344">
     <span class='ocr_line' id='line_1_27' title="bbox 1921 1268 3500 1344; baseline -0.003 -16"><span class='ocrx_word' id='word_1_167' title='bbox 1921 1272 2109 1344; x_wconf 80' lang='lat' dir='ltr'><strong>tis(‘55)</strong></span> <span class='ocrx_word' id='word_1_168' title='bbox 2127 1279 2410 1342; x_wconf 85' lang='lat' dir='ltr'><strong>propterea</strong></span> <span class='ocrx_word' id='word_1_169' title='bbox 2429 1269 2599 1325; x_wconf 78' lang='lat' dir='ltr'><strong>fuisse</strong></span> <span class='ocrx_word' id='word_1_170' title='bbox 2613 1268 3005 1324; x_wconf 89' lang='lat' dir='ltr'><strong>hallucinatum</strong></span> <span class='ocrx_word' id='word_1_171' title='bbox 3023 1268 3500 1339; x_wconf 81' lang='lat' dir='ltr'><strong>chronographum</strong></span> 
     </span>
    </p>
   </div>
   <div class='ocr_carea' id='block_1_28' title="bbox 1921 1360 3502 1435">
    <p class='ocr_par' dir='ltr' id='par_1_28' title="bbox 1921 1360 3502 1435">
     <span class='ocr_line' id='line_1_28' title="bbox 1921 1360 3502 1435; baseline -0.002 -16"><span class='ocrx_word' id='word_1_172' title='bbox 1921 1365 2112 1430; x_wconf 91' lang='lat' dir='ltr'><strong>istum,</strong></span> <span class='ocrx_word' id='word_1_173' title='bbox 2142 1364 2291 1435; x_wconf 91' lang='lat' dir='ltr'><strong>quod</strong></span> <span class='ocrx_word' id='word_1_174' title='bbox 2343 1362 2607 1418; x_wconf 83' lang='lat' dir='ltr'><strong>Aristidis</strong></span> <span class='ocrx_word' id='word_1_175' title='bbox 2644 1370 2702 1423; x_wconf 86' lang='lat' dir='ltr'><strong>et</strong></span> <span class='ocrx_word' id='word_1_176' title='bbox 2741 1362 3018 1417; x_wconf 85' lang='lat' dir='ltr'><strong>Aristonis</strong></span> <span class='ocrx_word' id='word_1_177' title='bbox 3043 1360 3225 1417; x_wconf 65' lang='lat' dir='ltr'><strong>Pellaei</strong></span> <span class='ocrx_word' id='word_1_178' title='bbox 3278 1360 3502 1416; x_wconf 89' lang='lat' dir='ltr'><strong>nomina</strong></span> 
     </span>
    </p>
   </div>
   <div class='ocr_carea' id='block_1_29' title="bbox 1920 1453 3504 1529">
    <p class='ocr_par' dir='ltr' id='par_1_29' title="bbox 1920 1453 3504 1529">
     <span class='ocr_line' id='line_1_29' title="bbox 1920 1453 3504 1529; baseline -0.002 -17"><span class='ocrx_word' id='word_1_179' title='bbox 1920 1474 2043 1529; x_wconf 67' lang='lat' dir='ltr'><strong>quae</strong></span> <span class='ocrx_word' id='word_1_180' title='bbox 2065 1459 2207 1528; x_wconf 89' lang='lat' dir='ltr'><strong>apud</strong></span> <span class='ocrx_word' id='word_1_181' title='bbox 2233 1456 2528 1514; x_wconf 84' lang='lat' dir='ltr'><strong>Eusebium</strong></span> <span class='ocrx_word' id='word_1_182' title='bbox 2550 1465 2852 1523; x_wconf 87' lang='lat' dir='ltr'><strong>occurrunt</strong></span> <span class='ocrx_word' id='word_1_183' title='bbox 2870 1454 3007 1527; x_wconf 78' lang='lat'><strong>(56),</strong></span> <span class='ocrx_word' id='word_1_184' title='bbox 3030 1463 3237 1511; x_wconf 89' lang='lat' dir='ltr'><strong>temere</strong></span> <span class='ocrx_word' id='word_1_185' title='bbox 3267 1453 3504 1511; x_wconf 78' lang='lat' dir='ltr'><strong>confun-</strong></span> 
     </span>
    </p>
   </div>
   <div class='ocr_carea' id='block_1_30' title="bbox 1918 1548 3504 1619">
    <p class='ocr_par' dir='ltr' id='par_1_30' title="bbox 1918 1548 3504 1619">
     <span class='ocr_line' id='line_1_30' title="bbox 1918 1548 3504 1619; baseline -0.001 -13"><span class='ocrx_word' id='word_1_186' title='bbox 1918 1551 2077 1618; x_wconf 82' lang='lat' dir='ltr'><strong>dens,</strong></span> <span class='ocrx_word' id='word_1_187' title='bbox 2115 1550 2258 1605; x_wconf 90' lang='lat' dir='ltr'><strong>duos</strong></span> <span class='ocrx_word' id='word_1_188' title='bbox 2289 1550 2414 1605; x_wconf 89' lang='lat' dir='ltr'><strong>illos</strong></span> <span class='ocrx_word' id='word_1_189' title='bbox 2451 1549 2756 1619; x_wconf 85' lang='lat' dir='ltr'><strong>scriptores</strong></span> <span class='ocrx_word' id='word_1_190' title='bbox 2779 1549 2941 1605; x_wconf 87' lang='lat' dir='ltr'><strong>nobis</strong></span> <span class='ocrx_word' id='word_1_191' title='bbox 2973 1548 3313 1619; x_wconf 83' lang='lat' dir='ltr'><strong>procuderit.</strong></span> <span class='ocrx_word' id='word_1_192' title='bbox 3362 1548 3504 1604; x_wconf 85' lang='lat' dir='ltr'><strong>lllud</strong></span> 
     </span>
    </p>
   </div>
   <div class='ocr_carea' id='block_1_31' title="bbox 1918 1640 3506 1713">
    <p class='ocr_par' dir='ltr' id='par_1_31' title="bbox 1918 1640 3506 1713">
     <span class='ocr_line' id='line_1_31' title="bbox 1918 1640 3506 1713; baseline -0.001 -16"><span class='ocrx_word' id='word_1_193' title='bbox 1918 1641 2103 1712; x_wconf 91' lang='lat' dir='ltr'><strong>potius</strong></span> <span class='ocrx_word' id='word_1_194' title='bbox 2130 1643 2457 1713; x_wconf 90' lang='lat' dir='ltr'><strong>putaverim,</strong></span> <span class='ocrx_word' id='word_1_195' title='bbox 2488 1650 2762 1697; x_wconf 88' lang='lat' dir='ltr'><strong>auctorem</strong></span> <span class='ocrx_word' id='word_1_196' title='bbox 2795 1641 2944 1697; x_wconf 86' lang='lat' dir='ltr'><strong>hunc</strong></span> <span class='ocrx_word' id='word_1_197' title='bbox 2974 1641 3042 1697; x_wconf 87' lang='lat' dir='ltr'><strong>de</strong></span> <span class='ocrx_word' id='word_1_198' title='bbox 3072 1640 3313 1696; x_wconf 81' lang='lat' dir='ltr'><strong>Aristide</strong></span> <span class='ocrx_word' id='word_1_199' title='bbox 3335 1647 3506 1711; x_wconf 81' lang='lat' dir='ltr'><strong>atque</strong></span> 
     </span>
    </p>
   </div>
   <div class='ocr_carea' id='block_1_32' title="bbox 1918 1732 3505 1803">
    <p class='ocr_par' dir='ltr' id='par_1_32' title="bbox 1918 1732 3505 1803">
     <span class='ocr_line' id='line_1_32' title="bbox 1918 1732 3505 1803; baseline -0.003 -12"><span class='ocrx_word' id='word_1_200' title='bbox 1918 1734 2200 1803; x_wconf 85' lang='lat' dir='ltr'><strong>Quadrato</strong></span> <span class='ocrx_word' id='word_1_201' title='bbox 2228 1735 2431 1790; x_wconf 91' lang='lat' dir='ltr'><strong>ibidem</strong></span> <span class='ocrx_word' id='word_1_202' title='bbox 2468 1749 2782 1790; x_wconf 87' lang='lat' dir='ltr'><strong>sermonem</strong></span> <span class='ocrx_word' id='word_1_203' title='bbox 2815 1733 3018 1788; x_wconf 89' lang='lat' dir='ltr'><strong>habere</strong></span> <span class='ocrx_word' id='word_1_204' title='bbox 3050 1732 3329 1799; x_wconf 87' lang='lat' dir='ltr'><strong>voluisse,</strong></span> <span class='ocrx_word' id='word_1_205' title='bbox 3362 1748 3505 1801; x_wconf 86' lang='lat' dir='ltr'><strong>quos</strong></span> 
     </span>
    </p>
   </div>
   <div class='ocr_carea' id='block_1_33' title="bbox 218 1817 3499 1896">
    <p class='ocr_par' dir='ltr' id='par_1_33' title="bbox 218 1817 3499 1896">
     <span class='ocr_line' id='line_1_33' title="bbox 218 1817 3499 1896; baseline 0.002 -26"><span class='ocrx_word' id='word_1_206' title='bbox 218 1817 479 1888; x_wconf 85' lang='lat' dir='ltr'><strong>Apellem</strong></span> <span class='ocrx_word' id='word_1_207' title='bbox 507 1820 827 1878; x_wconf 66' lang='lat' dir='ltr'><strong>hmreticum</strong></span> <span class='ocrx_word' id='word_1_208' title='bbox 857 1832 1130 1879; x_wconf 88' lang='lat' dir='ltr'><strong>memorat</strong></span> <span class='ocrx_word' id='word_1_209' title='bbox 1144 1823 1475 1896; x_wconf 75' lang='lat' dir='ltr'><strong>(35),neque</strong></span> <span class='ocrx_word' id='word_1_210' title='bbox 1496 1825 1811 1882; x_wconf 87' lang='lat' dir='ltr'><strong>Aristonem</strong></span> <span class='ocrx_word' id='word_1_211' title='bbox 1844 1822 1888 1876; x_wconf 90' lang='lat' dir='ltr'><strong>B</strong></span> <span class='ocrx_word' id='word_1_212' title='bbox 1916 1835 2149 1883; x_wconf 82' lang='lat' dir='ltr'><strong>noverat</strong></span> <span class='ocrx_word' id='word_1_213' title='bbox 2194 1842 2262 1880; x_wconf 80' lang='lat' dir='ltr'><strong>ex</strong></span> <span class='ocrx_word' id='word_1_214' title='bbox 2290 1824 2534 1881; x_wconf 87' lang='lat' dir='ltr'><strong>Eusebio</strong></span> <span class='ocrx_word' id='word_1_215' title='bbox 2563 1824 2847 1895; x_wconf 88' lang='lat' dir='ltr'><strong>apologias</strong></span> <span class='ocrx_word' id='word_1_216' title='bbox 2888 1823 3204 1894; x_wconf 64' lang='lat' dir='ltr'><strong>porrexisse</strong></span> <span class='ocrx_word' id='word_1_217' title='bbox 3232 1822 3499 1890; x_wconf 84' lang='lat' dir='ltr'><strong>Adriano,</strong></span> 
     </span>
    </p>
   </div>
   <div class='ocr_carea' id='block_1_34' title="bbox 217 1909 1810 1988">
    <p class='ocr_par' dir='ltr' id='par_1_34' title="bbox 217 1909 1810 1988">
     <span class='ocr_line' id='line_1_34' title="bbox 217 1909 1810 1988; baseline 0.004 -24"><span class='ocrx_word' id='word_1_218' title='bbox 217 1909 473 1966; x_wconf 88' lang='lat' dir='ltr'><strong>libellum</strong></span> <span class='ocrx_word' id='word_1_219' title='bbox 510 1914 913 1985; x_wconf 86' lang='lat' dir='ltr'><strong>apologeticum</strong></span> <span class='ocrx_word' id='word_1_220' title='bbox 967 1914 1211 1971; x_wconf 83' lang='lat' dir='ltr'><strong>Adriano</strong></span> <span class='ocrx_word' id='word_1_221' title='bbox 1242 1917 1559 1975; x_wconf 78' lang='lat' dir='ltr'><strong>exhibuisse</strong></span> <span class='ocrx_word' id='word_1_222' title='bbox 1595 1918 1810 1988; x_wconf 89' lang='lat' dir='ltr'><strong>uspiam</strong></span> 
     </span>
    </p>
   </div>
   <div class='ocr_carea' id='block_1_35' title="bbox 219 2002 1821 2083">
    <p class='ocr_par' dir='ltr' id='par_1_35' title="bbox 219 2002 1821 2083">
     <span class='ocr_line' id='line_1_35' title="bbox 219 2002 1821 2083; baseline 0.007 -27"><span class='ocrx_word' id='word_1_223' title='bbox 219 2003 413 2059; x_wconf 87' lang='lat' dir='ltr'><strong>tradit.</strong></span> <span class='ocrx_word' id='word_1_224' title='bbox 430 2002 631 2061; x_wconf 86' lang='lat' dir='ltr'><strong>Tentat</strong></span> <span class='ocrx_word' id='word_1_225' title='bbox 645 2007 867 2077; x_wconf 82' lang='lat' dir='ltr'><strong>quidem</strong></span> <span class='ocrx_word' id='word_1_226' title='bbox 884 2007 1065 2063; x_wconf 91' lang='lat' dir='ltr'><strong>locum</strong></span> <span class='ocrx_word' id='word_1_227' title='bbox 1077 2009 1369 2065; x_wconf 87' lang='lat' dir='ltr'><strong>restituere</strong></span> <span class='ocrx_word' id='word_1_228' title='bbox 1381 2007 1665 2065; x_wconf 85' lang='lat' dir='ltr'><strong>Fabricius</strong></span> <span class='ocrx_word' id='word_1_229' title='bbox 1680 2010 1821 2083; x_wconf 74' lang='lat'><strong>(54);</strong></span> 
     </span>
    </p>
   </div>
   <div class='ocr_carea' id='block_1_36' title="bbox 217 2096 1821 2175">
    <p class='ocr_par' dir='ltr' id='par_1_36' title="bbox 217 2096 1821 2175">
     <span class='ocr_line' id='line_1_36' title="bbox 217 2096 1821 2175; baseline 0.006 -26"><span class='ocrx_word' id='word_1_230' title='bbox 217 2110 406 2166; x_wconf 82' lang='lat' dir='ltr'><strong>neque</strong></span> <span class='ocrx_word' id='word_1_231' title='bbox 421 2096 638 2153; x_wconf 87' lang='lat' dir='ltr'><strong>dubitat</strong></span> <span class='ocrx_word' id='word_1_232' title='bbox 658 2099 792 2169; x_wconf 90' lang='lat' dir='ltr'><strong>quin</strong></span> <span class='ocrx_word' id='word_1_233' title='bbox 819 2100 1107 2169; x_wconf 86' lang='lat' dir='ltr'><strong>legendum</strong></span> <span class='ocrx_word' id='word_1_234' title='bbox 1133 2100 1208 2156; x_wconf 90' lang='lat' dir='ltr'><strong>sit</strong></span> <span class='ocrx_word' id='word_1_235' title='bbox 1233 2102 1263 2154; x_wconf 81' lang='grc' dir='ltr'>ὁ</span> <span class='ocrx_word' id='word_1_236' title='bbox 1281 2101 1543 2167; x_wconf 83' lang='grc' dir='ltr'>Πελλαῖος</span> <span class='ocrx_word' id='word_1_237' title='bbox 1557 2103 1821 2175; x_wconf 83' lang='grc' dir='ltr'><strong>Ἀρίστων</strong></span> 
     </span>
    </p>
   </div>
   <div class='ocr_carea' id='block_1_37' title="bbox 216 2178 1823 2264">
    <p class='ocr_par' dir='ltr' id='par_1_37' title="bbox 216 2178 1823 2264">
     <span class='ocr_line' id='line_1_37' title="bbox 216 2178 1823 2264; baseline 0.006 -24"><span class='ocrx_word' id='word_1_238' title='bbox 216 2178 305 2248; x_wconf 67' lang='grc' dir='ltr'><strong>οὗ,</strong></span> <span class='ocrx_word' id='word_1_239' title='bbox 338 2199 442 2256; x_wconf 87' lang='lat' dir='ltr'><strong>pro</strong></span> <span class='ocrx_word' id='word_1_240' title='bbox 486 2187 749 2261; x_wconf 81' lang='grc' dir='ltr'><strong>Ἀπελλῆς</strong></span> <span class='ocrx_word' id='word_1_241' title='bbox 781 2190 875 2244; x_wconf 57' lang='grc' dir='ltr'><strong>καὶ¹</strong></span> <span class='ocrx_word' id='word_1_242' title='bbox 916 2191 1179 2264; x_wconf 81' lang='grc' dir='ltr'><strong>Ἀρίστων</strong></span> <span class='ocrx_word' id='word_1_243' title='bbox 1201 2185 1306 2260; x_wconf 62' lang='lat' dir='ltr'><strong>div;</strong></span> <span class='ocrx_word' id='word_1_244' title='bbox 1338 2209 1607 2264; x_wconf 91' lang='lat' dir='ltr'><strong>suamque</strong></span> <span class='ocrx_word' id='word_1_245' title='bbox 1634 2209 1823 2249; x_wconf 90' lang='lat' dir='ltr'><strong>emen-</strong></span> 
     </span>
    </p>
   </div>
   <div class='ocr_carea' id='block_1_38' title="bbox 216 2277 1821 2358">
    <p class='ocr_par' dir='ltr' id='par_1_38' title="bbox 216 2277 1821 2358">
     <span class='ocr_line' id='line_1_38' title="bbox 216 2277 1821 2358; baseline 0.007 -26"><span class='ocrx_word' id='word_1_246' title='bbox 216 2277 502 2334; x_wconf 83' lang='lat' dir='ltr'><strong>dationem</strong></span> <span class='ocrx_word' id='word_1_247' title='bbox 529 2296 597 2336; x_wconf 81' lang='lat' dir='ltr'><strong>ex</strong></span> <span class='ocrx_word' id='word_1_248' title='bbox 620 2297 687 2337; x_wconf 91' lang='lat' dir='ltr'><strong>eo</strong></span> <span class='ocrx_word' id='word_1_249' title='bbox 709 2284 1027 2339; x_wconf 84' lang='lat' dir='ltr'><strong>conﬁrmari</strong></span> <span class='ocrx_word' id='word_1_250' title='bbox 1052 2287 1356 2354; x_wconf 82' lang='lat' dir='ltr'><strong>existimat,</strong></span> <span class='ocrx_word' id='word_1_251' title='bbox 1381 2288 1531 2358; x_wconf 90' lang='lat' dir='ltr'><strong>quod</strong></span> <span class='ocrx_word' id='word_1_252' title='bbox 1563 2287 1821 2358; x_wconf 90' lang='lat' dir='ltr'><strong>sequitur</strong></span> 
     </span>
    </p>
   </div>
   <div class='ocr_carea' id='block_1_39' title="bbox 217 2368 1821 2439">
    <p class='ocr_par' dir='ltr' id='par_1_39' title="bbox 217 2368 1821 2439">
     <span class='ocr_line' id='line_1_39' title="bbox 217 2368 1821 2439; baseline 0.007 -19"><span class='ocrx_word' id='word_1_253' title='bbox 217 2368 532 2439; x_wconf 72' lang='grc' dir='ltr'><strong>ἐπιδίδωσι,</strong></span> <span class='ocrx_word' id='word_1_254' title='bbox 564 2389 674 2430; x_wconf 88' lang='lat' dir='ltr'><strong>non</strong></span> <span class='ocrx_word' id='word_1_255' title='bbox 700 2373 1054 2430; x_wconf 84' lang='grc' dir='ltr'><strong>ὲπιδιδοῦσιν.</strong></span> <span class='ocrx_word' id='word_1_256' title='bbox 1092 2375 1201 2432; x_wconf 89' lang='lat' dir='ltr'><strong>Sed</strong></span> <span class='ocrx_word' id='word_1_257' title='bbox 1235 2376 1467 2435; x_wconf 79' lang='lat' dir='ltr'><strong>frustra.</strong></span> <span class='ocrx_word' id='word_1_258' title='bbox 1495 2376 1649 2436; x_wconf 84' lang='lat' dir='ltr'><strong>Licet</strong></span> <span class='ocrx_word' id='word_1_259' title='bbox 1669 2378 1821 2433; x_wconf 87' lang='lat' dir='ltr'><strong>enim</strong></span> 
     </span>
    </p>
   </div>
   <div class='ocr_carea' id='block_1_40' title="bbox 1919 1913 3502 1991">
    <p class='ocr_par' dir='ltr' id='par_1_40' title="bbox 1919 1913 3502 1991">
     <span class='ocr_line' id='line_1_40' title="bbox 1919 1913 3502 1991; baseline -0.004 -16"><span class='ocrx_word' id='word_1_260' title='bbox 1919 1933 2272 1991; x_wconf 89' lang='lat' dir='ltr'><strong>quorumque</strong></span> <span class='ocrx_word' id='word_1_261' title='bbox 2318 1918 2469 1973; x_wconf 87' lang='lat' dir='ltr'><strong>nulla</strong></span> <span class='ocrx_word' id='word_1_262' title='bbox 2510 1932 2646 1973; x_wconf 83' lang='lat' dir='ltr'><strong>sane</strong></span> <span class='ocrx_word' id='word_1_263' title='bbox 2702 1916 2760 1971; x_wconf 89' lang='lat' dir='ltr'><strong>in</strong></span> <span class='ocrx_word' id='word_1_264' title='bbox 2807 1931 2876 1972; x_wconf 90' lang='lat' dir='ltr'><strong>eo</strong></span> <span class='ocrx_word' id='word_1_265' title='bbox 2953 1916 3200 1973; x_wconf 81' lang='lat' dir='ltr'><strong>Paschali</strong></span> <span class='ocrx_word' id='word_1_266' title='bbox 3247 1913 3502 1970; x_wconf 78' lang='lat' dir='ltr'><strong>Chronico</strong></span> 
     </span>
    </p>
   </div>
   <div class='ocr_carea' id='block_1_41' title="bbox 1919 2005 3504 2078">
    <p class='ocr_par' dir='ltr' id='par_1_41' title="bbox 1919 2005 3504 2078">
     <span class='ocr_line' id='line_1_41' title="bbox 1919 2005 3504 2078; baseline -0.005 -9"><span class='ocrx_word' id='word_1_267' title='bbox 1919 2009 2164 2076; x_wconf 84' lang='lat' dir='ltr'><strong>mentio;</strong></span> <span class='ocrx_word' id='word_1_268' title='bbox 2198 2008 2295 2066; x_wconf 90' lang='lat' dir='ltr'><strong>sed</strong></span> <span class='ocrx_word' id='word_1_269' title='bbox 2330 2009 2595 2064; x_wconf 89' lang='lat' dir='ltr'><strong>memoria</strong></span> <span class='ocrx_word' id='word_1_270' title='bbox 2640 2008 2877 2078; x_wconf 86' lang='lat' dir='ltr'><strong>lapsum,</strong></span> <span class='ocrx_word' id='word_1_271' title='bbox 2908 2006 3151 2077; x_wconf 87' lang='lat' dir='ltr'><strong>Apellem</strong></span> <span class='ocrx_word' id='word_1_272' title='bbox 3187 2005 3348 2061; x_wconf 83' lang='lat' dir='ltr'><strong>nobis</strong></span> <span class='ocrx_word' id='word_1_273' title='bbox 3377 2006 3504 2061; x_wconf 85' lang='lat' dir='ltr'><strong>Ari-</strong></span> 
     </span>
    </p>
   </div>
   <div class='ocr_carea' id='block_1_42' title="bbox 1918 2099 3499 2172">
    <p class='ocr_par' dir='ltr' id='par_1_42' title="bbox 1918 2099 3499 2172">
     <span class='ocr_line' id='line_1_42' title="bbox 1918 2099 3499 2172; baseline -0.004 -14"><span class='ocrx_word' id='word_1_274' title='bbox 1918 2113 2246 2172; x_wconf 90' lang='lat' dir='ltr'><strong>stonemque</strong></span> <span class='ocrx_word' id='word_1_275' title='bbox 2289 2101 2626 2158; x_wconf 83' lang='lat' dir='ltr'><strong>obtrudisse.</strong></span> <span class='ocrx_word' id='word_1_276' title='bbox 2671 2099 2818 2168; x_wconf 85' lang='lat' dir='ltr'><strong>Quid</strong></span> <span class='ocrx_word' id='word_1_277' title='bbox 2844 2099 3093 2171; x_wconf 66' lang='lat' dir='ltr'><strong>quaeris?</strong></span> <span class='ocrx_word' id='word_1_278' title='bbox 3139 2108 3312 2154; x_wconf 88' lang='lat' dir='ltr'><strong>totam</strong></span> <span class='ocrx_word' id='word_1_279' title='bbox 3347 2099 3499 2153; x_wconf 81' lang='lat' dir='ltr'><strong>illam</strong></span> 
     </span>
    </p>
   </div>
   <div class='ocr_carea' id='block_1_43' title="bbox 1920 2191 3505 2267">
    <p class='ocr_par' dir='ltr' id='par_1_43' title="bbox 1920 2191 3505 2267">
     <span class='ocr_line' id='line_1_43' title="bbox 1920 2191 3505 2267; baseline -0.004 -16"><span class='ocrx_word' id='word_1_280' title='bbox 1920 2196 2218 2267; x_wconf 88' lang='lat' dir='ltr'><strong>periochen</strong></span> <span class='ocrx_word' id='word_1_281' title='bbox 2242 2197 2300 2250; x_wconf 89' lang='lat' dir='ltr'><strong>in</strong></span> <span class='ocrx_word' id='word_1_282' title='bbox 2331 2195 2522 2251; x_wconf 89' lang='lat' dir='ltr'><strong>codice</strong></span> <span class='ocrx_word' id='word_1_283' title='bbox 2553 2193 2910 2250; x_wconf 86' lang='lat' dir='ltr'><strong>Holsteniano</strong></span> <span class='ocrx_word' id='word_1_284' title='bbox 2926 2192 3053 2264; x_wconf 87' lang='lat' dir='ltr'><strong>jure</strong></span> <span class='ocrx_word' id='word_1_285' title='bbox 3080 2191 3383 2249; x_wconf 87' lang='lat' dir='ltr'><strong>desiderari</strong></span> <span class='ocrx_word' id='word_1_286' title='bbox 3422 2199 3505 2246; x_wconf 86' lang='lat' dir='ltr'><strong>te-</strong></span> 
     </span>
    </p>
   </div>
   <div class='ocr_carea' id='block_1_44' title="bbox 1921 2285 2656 2360">
    <p class='ocr_par' dir='ltr' id='par_1_44' title="bbox 1921 2285 2656 2360">
     <span class='ocr_line' id='line_1_44' title="bbox 1921 2285 2656 2360; baseline -0.004 -16"><span class='ocrx_word' id='word_1_287' title='bbox 1921 2296 2100 2344; x_wconf 88' lang='lat' dir='ltr'><strong>statur</strong></span> <span class='ocrx_word' id='word_1_288' title='bbox 2122 2288 2192 2343; x_wconf 90' lang='lat' dir='ltr'><strong>cl.</strong></span> <span class='ocrx_word' id='word_1_289' title='bbox 2223 2286 2467 2360; x_wconf 88' lang='lat' dir='ltr'><strong>Cangius</strong></span> <span class='ocrx_word' id='word_1_290' title='bbox 2506 2285 2656 2358; x_wconf 66' lang='lat'><strong>(&#39;57);</strong></span> 
     </span>
    </p>
   </div>
   <div class='ocr_carea' id='block_1_45' title="bbox 230 2581 3482 2617">
    <p class='ocr_par' dir='ltr' id='par_1_45' title="bbox 230 2581 3482 2617">
     <span class='ocr_line' id='line_1_45' title="bbox 230 2581 3482 2617; baseline 0 -14"><span class='ocrx_word' id='word_1_291' title='bbox 230 2581 3482 2617; x_wconf 48' lang='grc' dir='ltr'><strong>’.Ἢ-ΨΜ</strong></span> 
     </span>
    </p>
   </div>
   <div class='ocr_carea' id='block_1_46' title="bbox 1097 2780 2631 2919">
    <p class='ocr_par' dir='ltr' id='par_1_46' title="bbox 1097 2780 2631 2919">
     <span class='ocr_line' id='line_1_46' title="bbox 1097 2780 2631 2919; baseline 0.001 -8"><span class='ocrx_word' id='word_1_292' title='bbox 1097 2780 1947 2917; x_wconf 79' lang='lat' dir='ltr'><strong>ARISTONIS</strong></span> <span class='ocrx_word' id='word_1_293' title='bbox 2018 2783 2631 2913; x_wconf 71' lang='lat' dir='ltr'><strong>PELL/EI</strong></span> 
     </span>
    </p>
   </div>
   <div class='ocr_carea' id='block_1_47' title="bbox 1439 3091 2317 3207">
    <p class='ocr_par' dir='ltr' id='par_1_47' title="bbox 1439 3091 2317 3207">
     <span class='ocr_line' id='line_1_47' title="bbox 1439 3091 2317 3207; baseline 0.002 -2"><span class='ocrx_word' id='word_1_294' title='bbox 1439 3093 1519 3205; x_wconf 90' lang='lat' dir='ltr'><strong>F</strong></span> <span class='ocrx_word' id='word_1_295' title='bbox 1532 3091 2113 3206; x_wconf 81' lang='lat' dir='ltr'><strong>BAGMEN</strong></span> <span class='ocrx_word' id='word_1_296' title='bbox 2127 3091 2317 3207; x_wconf 88' lang='lat' dir='ltr'><strong>TA</strong></span> 
     </span>
    </p>
   </div>
   <div class='ocr_carea' id='block_1_48' title="bbox 1206 3362 2462 3430">
    <p class='ocr_par' dir='ltr' id='par_1_48' title="bbox 1206 3362 2462 3430">
     <span class='ocr_line' id='line_1_48' title="bbox 1206 3362 2462 3430; baseline -0.003 -13"><span class='ocrx_word' id='word_1_297' title='bbox 1206 3367 1415 3430; x_wconf 73' lang='lat' dir='ltr'><strong>(Rau-ru,</strong></span> <span class='ocrx_word' id='word_1_298' title='bbox 1441 3363 1677 3430; x_wconf 74' lang='lat' dir='ltr'><strong>Reliquice</strong></span> <span class='ocrx_word' id='word_1_299' title='bbox 1696 3377 1872 3428; x_wconf 67' lang='lat' dir='ltr'><strong>sacrm,</strong></span> <span class='ocrx_word' id='word_1_300' title='bbox 1896 3365 2098 3427; x_wconf 82' lang='lat' dir='ltr'><strong>Oxonii,</strong></span> <span class='ocrx_word' id='word_1_301' title='bbox 2123 3364 2262 3425; x_wconf 74' lang='lat' dir='ltr'><strong>18H,</strong></span> <span class='ocrx_word' id='word_1_302' title='bbox 2288 3363 2329 3425; x_wconf 90' lang='lat' dir='ltr'><strong>l,</strong></span> <span class='ocrx_word' id='word_1_303' title='bbox 2354 3362 2462 3426; x_wconf 84' lang='lat'><strong>91.)</strong></span> 
     </span>
    </p>
   </div>
   <div class='ocr_carea' id='block_1_49' title="bbox 1071 3496 2635 3591">
    <p class='ocr_par' dir='ltr' id='par_1_49' title="bbox 1071 3496 2635 3591">
     <span class='ocr_line' id='line_1_49' title="bbox 1071 3496 2635 3591; baseline -0.001 -2"><span class='ocrx_word' id='word_1_304' title='bbox 1071 3535 1170 3590; x_wconf 84' lang='lat' dir='ltr'><strong>EX</strong></span> <span class='ocrx_word' id='word_1_305' title='bbox 1211 3534 1780 3591; x_wconf 78' lang='lat' dir='ltr'><strong>DISPUTATIONE</strong></span> <span class='ocrx_word' id='word_1_306' title='bbox 1810 3496 2131 3591; x_wconf 74' lang='lat' dir='ltr'><strong>JASONIS</strong></span> <span class='ocrx_word' id='word_1_307' title='bbox 2171 3533 2270 3588; x_wconf 85' lang='lat' dir='ltr'><strong>ET</strong></span> <span class='ocrx_word' id='word_1_308' title='bbox 2314 3532 2635 3590; x_wconf 83' lang='lat' dir='ltr'><strong>PAPISCl.</strong></span> 
     </span>
    </p>
   </div>
   <div class='ocr_carea' id='block_1_50' title="bbox 290 3658 3498 3737">
    <p class='ocr_par' dir='ltr' id='par_1_50' title="bbox 290 3658 3498 3737">
     <span class='ocr_line' id='line_1_50' title="bbox 290 3658 3498 3737; baseline 0 -21"><span class='ocrx_word' id='word_1_309' title='bbox 290 3658 510 3716; x_wconf 68' lang='lat' dir='ltr'><strong>Memini</strong></span> <span class='ocrx_word' id='word_1_310' title='bbox 541 3674 629 3715; x_wconf 92' lang='lat' dir='ltr'><strong>me</strong></span> <span class='ocrx_word' id='word_1_311' title='bbox 661 3660 863 3732; x_wconf 80' lang='lat' dir='ltr'><strong>(inquit</strong></span> <span class='ocrx_word' id='word_1_312' title='bbox 893 3660 953 3716; x_wconf 86' lang='lat' dir='ltr'><strong>S.</strong></span> <span class='ocrx_word' id='word_1_313' title='bbox 992 3659 1237 3729; x_wconf 86' lang='lat' dir='ltr'><strong>Hieron.,</strong></span> <span class='ocrx_word' id='word_1_314' title='bbox 1267 3662 1364 3718; x_wconf 91' lang='lat' dir='ltr'><strong>lib.</strong></span> <span class='ocrx_word' id='word_1_315' title='bbox 1412 3678 1452 3717; x_wconf 94' lang='grc' dir='ltr'><strong>ιι</strong></span> <span class='ocrx_word' id='word_1_316' title='bbox 1483 3663 1690 3719; x_wconf 75' lang='lat' dir='ltr'><strong>Comm.</strong></span> <span class='ocrx_word' id='word_1_317' title='bbox 1725 3664 1795 3717; x_wconf 85' lang='lat' dir='ltr'><strong>ad</strong></span> <span class='ocrx_word' id='word_1_318' title='bbox 1837 3663 2017 3719; x_wconf 81' lang='lat' dir='ltr'><strong>Galat.</strong></span> <span class='ocrx_word' id='word_1_319' title='bbox 2053 3680 2176 3735; x_wconf 89' lang='lat' dir='ltr'><strong>cap.</strong></span> <span class='ocrx_word' id='word_1_320' title='bbox 2223 3680 2305 3730; x_wconf 86' lang='grc' dir='ltr'><strong>ιιι,</strong></span> <span class='ocrx_word' id='word_1_321' title='bbox 2335 3679 2540 3719; x_wconf 90' lang='lat' dir='ltr'><strong>comm.</strong></span> <span class='ocrx_word' id='word_1_322' title='bbox 2572 3663 2664 3737; x_wconf 75' lang='lat' dir='ltr'><strong>l3)</strong></span> <span class='ocrx_word' id='word_1_323' title='bbox 2710 3666 2764 3721; x_wconf 87' lang='lat' dir='ltr'><strong>in</strong></span> <span class='ocrx_word' id='word_1_324' title='bbox 2798 3663 3164 3721; x_wconf 82' lang='lat' dir='ltr'><strong>Altercatione</strong></span> <span class='ocrx_word' id='word_1_325' title='bbox 3194 3663 3414 3719; x_wconf 71' lang='lat' dir='ltr'><strong>Iasonis</strong></span> <span class='ocrx_word' id='word_1_326' title='bbox 3445 3672 3498 3717; x_wconf 88' lang='lat' dir='ltr'><strong>ct</strong></span> 
     </span>
    </p>
   </div>
   <div class='ocr_carea' id='block_1_51' title="bbox 148 3754 1860 3833">
    <p class='ocr_par' dir='ltr' id='par_1_51' title="bbox 148 3754 1860 3829">
     <span class='ocr_line' id='line_1_51' title="bbox 148 3754 1860 3829; baseline 0.002 -19"><span class='ocrx_word' id='word_1_327' title='bbox 148 3760 151 3763; x_wconf 68' lang='lat'>‘</span> <span class='ocrx_word' id='word_1_328' title='bbox 225 3754 458 3827; x_wconf 76' lang='lat' dir='ltr'><strong>Papisci,</strong></span> <span class='ocrx_word' id='word_1_329' title='bbox 487 3771 609 3827; x_wconf 63' lang='lat' dir='ltr'><strong>quae</strong></span> <span class='ocrx_word' id='word_1_330' title='bbox 642 3756 834 3812; x_wconf 81' lang='lat' dir='ltr'><strong>Graeco</strong></span> <span class='ocrx_word' id='word_1_331' title='bbox 876 3771 1134 3813; x_wconf 90' lang='lat' dir='ltr'><strong>sermone</strong></span> <span class='ocrx_word' id='word_1_332' title='bbox 1182 3758 1495 3828; x_wconf 85' lang='lat' dir='ltr'><strong>conscripta</strong></span> <span class='ocrx_word' id='word_1_333' title='bbox 1534 3767 1640 3827; x_wconf 88' lang='lat' dir='ltr'><strong>est,</strong></span> <span class='ocrx_word' id='word_1_334' title='bbox 1672 3760 1747 3813; x_wconf 90' lang='lat' dir='ltr'><strong>ita</strong></span> <span class='ocrx_word' id='word_1_335' title='bbox 1792 3774 1860 3829; x_wconf 74' lang='lat' dir='ltr'><strong>re]</strong></span> 
     </span>
    </p>
   </div>
   <div class='ocr_carea' id='block_1_52' title="bbox 1910 3754 3496 3833">
    <p class='ocr_par' dir='ltr' id='par_1_52' title="bbox 1910 3758 3496 3833">
     <span class='ocr_line' id='line_1_52' title="bbox 1910 3758 3496 3833; baseline -0.001 -19"><span class='ocrx_word' id='word_1_336' title='bbox 1910 3761 2063 3816; x_wconf 76' lang='lat' dir='ltr'><strong>:risse</strong></span> <span class='ocrx_word' id='word_1_337' title='bbox 2103 3775 2118 3812; x_wconf 90' lang='lat'><strong>:</strong></span> <span class='ocrx_word' id='word_1_338' title='bbox 2171 3779 2190 3811; x_wconf 77' lang='grc' dir='ltr'><strong>ι</strong></span> <span class='ocrx_word' id='word_1_339' title='bbox 2231 3758 2484 3832; x_wconf 82' lang='grc' dir='ltr'>Λοιδορία</span> <span class='ocrx_word' id='word_1_340' title='bbox 2518 3758 2656 3813; x_wconf 84' lang='grc' dir='ltr'>Θεοῦ</span> <span class='ocrx_word' id='word_1_341' title='bbox 2681 3760 2795 3832; x_wconf 81' lang='lat'><strong>(&#39;58)</strong></span> <span class='ocrx_word' id='word_1_342' title='bbox 2822 3761 2852 3812; x_wconf 88' lang='grc' dir='ltr'>ὁ</span> <span class='ocrx_word' id='word_1_343' title='bbox 2881 3760 3234 3833; x_wconf 82' lang='grc' dir='ltr'>κρεμάμενος</span> <span class='ocrx_word' id='word_1_344' title='bbox 3254 3803 3269 3829; x_wconf 94' lang='grc'><strong>,</strong></span> <span class='ocrx_word' id='word_1_345' title='bbox 3300 3760 3355 3816; x_wconf 91' lang='lat' dir='ltr'><strong>id</strong></span> <span class='ocrx_word' id='word_1_346' title='bbox 3388 3768 3496 3821; x_wconf 66' lang='lat' dir='ltr'><strong>est,</strong></span> 
     </span>
    </p>
   </div>
   <div class='ocr_carea' id='block_1_53' title="bbox 221 3851 1266 3925">
    <p class='ocr_par' dir='ltr' id='par_1_53' title="bbox 221 3851 1266 3925">
     <span class='ocr_line' id='line_1_53' title="bbox 221 3851 1266 3925; baseline -0.002 -18"><span class='ocrx_word' id='word_1_347' title='bbox 221 3851 533 3907; x_wconf 69' lang='lat' dir='ltr'><strong>Maledictio</strong></span> <span class='ocrx_word' id='word_1_348' title='bbox 557 3851 656 3925; x_wconf 82' lang='lat' dir='ltr'><strong>Dei</strong></span> <span class='ocrx_word' id='word_1_349' title='bbox 689 3854 780 3924; x_wconf 86' lang='lat' dir='ltr'><strong>qui</strong></span> <span class='ocrx_word' id='word_1_350' title='bbox 808 3869 1069 3923; x_wconf 77' lang='lat' dir='ltr'><strong>appensus</strong></span> <span class='ocrx_word' id='word_1_351' title='bbox 1101 3862 1202 3908; x_wconf 76' lang='lat' dir='ltr'><strong>est.</strong></span> <span class='ocrx_word' id='word_1_352' title='bbox 1246 3873 1266 3905; x_wconf 71' lang='grc' dir='ltr'><strong>ι</strong></span> 
     </span>
    </p>
   </div>
   <div class='ocr_carea' id='block_1_54' title="bbox 1601 3946 2115 4021">
    <p class='ocr_par' dir='ltr' id='par_1_54' title="bbox 1601 3946 2115 4021">
     <span class='ocr_line' id='line_1_54' title="bbox 1601 3946 2115 4021; baseline 0.008 -20"><span class='ocrx_word' id='word_1_353' title='bbox 1601 3946 1688 4002; x_wconf 76' lang='lat' dir='ltr'><strong>Ea:</strong></span> <span class='ocrx_word' id='word_1_354' title='bbox 1718 3949 1899 4003; x_wconf 82' lang='lat' dir='ltr'><strong>eodem</strong></span> <span class='ocrx_word' id='word_1_355' title='bbox 1931 3949 2115 4021; x_wconf 86' lang='lat' dir='ltr'><strong>Opere.</strong></span> 
     </span>
    </p>
   </div>
   <div class='ocr_carea' id='block_1_55' title="bbox 290 4062 3496 4151">
    <p class='ocr_par' dir='ltr' id='par_1_55' title="bbox 290 4062 3496 4151">
     <span class='ocr_line' id='line_1_55' title="bbox 290 4062 3496 4151; baseline 0.002 -34"><span class='ocrx_word' id='word_1_356' title='bbox 290 4062 434 4119; x_wconf 86' lang='lat' dir='ltr'><strong>[dem</strong></span> <span class='ocrx_word' id='word_1_357' title='bbox 472 4081 694 4136; x_wconf 82' lang='lat' dir='ltr'><strong>quoque</strong></span> <span class='ocrx_word' id='word_1_358' title='bbox 836 4067 1201 4141; x_wconf 81' lang='lat' dir='ltr'><strong>Hieronymus</strong></span> <span class='ocrx_word' id='word_1_359' title='bbox 1248 4071 1305 4124; x_wconf 90' lang='lat' dir='ltr'><strong>in</strong></span> <span class='ocrx_word' id='word_1_360' title='bbox 1349 4069 1744 4136; x_wconf 73' lang='lat' dir='ltr'><strong>Quwstionibus</strong></span> <span class='ocrx_word' id='word_1_361' title='bbox 1785 4072 2064 4128; x_wconf 79' lang='lat' dir='ltr'><strong>Hebraicis</strong></span> <span class='ocrx_word' id='word_1_362' title='bbox 2112 4073 2167 4127; x_wconf 86' lang='lat' dir='ltr'><strong>in</strong></span> <span class='ocrx_word' id='word_1_363' title='bbox 2204 4071 2464 4140; x_wconf 75' lang='lat' dir='ltr'><strong>Genesin,</strong></span> <span class='ocrx_word' id='word_1_364' title='bbox 2498 4074 2616 4129; x_wconf 64' lang='lat' dir='ltr'><strong>lucc</strong></span> <span class='ocrx_word' id='word_1_365' title='bbox 2658 4072 2865 4128; x_wconf 87' lang='lat' dir='ltr'><strong>habet:</strong></span> <span class='ocrx_word' id='word_1_366' title='bbox 2903 4089 2923 4123; x_wconf 79' lang='grc' dir='ltr'><strong>ι</strong></span> <span class='ocrx_word' id='word_1_367' title='bbox 2969 4070 3033 4125; x_wconf 84' lang='grc' dir='ltr'><strong>1η</strong></span> <span class='ocrx_word' id='word_1_368' title='bbox 3062 4070 3323 4140; x_wconf 88' lang='lat' dir='ltr'><strong>principio</strong></span> <span class='ocrx_word' id='word_1_369' title='bbox 3367 4069 3496 4138; x_wconf 78' lang='lat' dir='ltr'><strong>fecit</strong></span> 
     </span>
    </p>
   </div>
   <div class='ocr_carea' id='block_1_56' title="bbox 220 4161 3495 4239">
    <p class='ocr_par' dir='ltr' id='par_1_56' title="bbox 220 4161 3495 4239">
     <span class='ocr_line' id='line_1_56' title="bbox 220 4161 3495 4239; baseline 0.002 -24"><span class='ocrx_word' id='word_1_370' title='bbox 220 4161 360 4215; x_wconf 84' lang='lat' dir='ltr'><strong>Deus</strong></span> <span class='ocrx_word' id='word_1_371' title='bbox 386 4162 573 4216; x_wconf 72' lang='lat' dir='ltr'><strong>cwlum</strong></span> <span class='ocrx_word' id='word_1_372' title='bbox 604 4172 654 4217; x_wconf 85' lang='lat' dir='ltr'><strong>et</strong></span> <span class='ocrx_word' id='word_1_373' title='bbox 682 4173 900 4220; x_wconf 87' lang='lat' dir='ltr'><strong>terram.</strong></span> <span class='ocrx_word' id='word_1_374' title='bbox 931 4164 1186 4237; x_wconf 87' lang='lat' dir='ltr'><strong>Plerique</strong></span> <span class='ocrx_word' id='word_1_375' title='bbox 1209 4166 1548 4232; x_wconf 76' lang='lat' dir='ltr'><strong>existimant,</strong></span> <span class='ocrx_word' id='word_1_376' title='bbox 1579 4170 1724 4225; x_wconf 88' lang='lat' dir='ltr'><strong>sicut</strong></span> <span class='ocrx_word' id='word_1_377' title='bbox 1761 4168 1816 4223; x_wconf 88' lang='lat' dir='ltr'><strong>in</strong></span> <span class='ocrx_word' id='word_1_378' title='bbox 1853 4168 2213 4223; x_wconf 83' lang='lat' dir='ltr'><strong>Altercatione</strong></span> <span class='ocrx_word' id='word_1_379' title='bbox 2245 4183 2466 4239; x_wconf 90' lang='lat' dir='ltr'><strong>quoque</strong></span> <span class='ocrx_word' id='word_1_380' title='bbox 2496 4168 2715 4223; x_wconf 75' lang='lat' dir='ltr'><strong>Iasonis</strong></span> <span class='ocrx_word' id='word_1_381' title='bbox 2751 4177 2802 4222; x_wconf 86' lang='lat' dir='ltr'><strong>et</strong></span> <span class='ocrx_word' id='word_1_382' title='bbox 2838 4166 3060 4237; x_wconf 81' lang='lat' dir='ltr'><strong>Papisci</strong></span> <span class='ocrx_word' id='word_1_383' title='bbox 3089 4168 3356 4237; x_wconf 89' lang='lat' dir='ltr'><strong>scriptum</strong></span> <span class='ocrx_word' id='word_1_384' title='bbox 3391 4181 3495 4232; x_wconf 86' lang='lat' dir='ltr'><strong>est,</strong></span> 
     </span>
    </p>
   </div>
   <div class='ocr_carea' id='block_1_57' title="bbox 216 4256 3494 4343">
    <p class='ocr_par' dir='ltr' id='par_1_57' title="bbox 216 4256 3494 4343">
     <span class='ocr_line' id='line_1_57' title="bbox 216 4256 3494 4343; baseline 0.001 -28"><span class='ocrx_word' id='word_1_385' title='bbox 216 4269 271 4315; x_wconf 87' lang='lat' dir='ltr'><strong>et</strong></span> <span class='ocrx_word' id='word_1_386' title='bbox 297 4256 670 4343; x_wconf 80' lang='lat' dir='ltr'><strong>Tertullianus</strong></span> <span class='ocrx_word' id='word_1_387' title='bbox 704 4259 761 4335; x_wconf 89' lang='lat' dir='ltr'><strong>in</strong></span> <span class='ocrx_word' id='word_1_388' title='bbox 794 4260 937 4318; x_wconf 90' lang='lat' dir='ltr'><strong>libro</strong></span> <span class='ocrx_word' id='word_1_389' title='bbox 964 4271 1151 4318; x_wconf 89' lang='lat' dir='ltr'><strong>contra</strong></span> <span class='ocrx_word' id='word_1_390' title='bbox 1177 4263 1449 4319; x_wconf 70' lang='lat' dir='ltr'><strong>Praxeam</strong></span> <span class='ocrx_word' id='word_1_391' title='bbox 1471 4264 1736 4336; x_wconf 84' lang='lat' dir='ltr'><strong>disputat,</strong></span> <span class='ocrx_word' id='word_1_392' title='bbox 1765 4281 1866 4322; x_wconf 90' lang='lat' dir='ltr'><strong>nec</strong></span> <span class='ocrx_word' id='word_1_393' title='bbox 1907 4281 2017 4321; x_wconf 93' lang='lat' dir='ltr'><strong>non</strong></span> <span class='ocrx_word' id='word_1_394' title='bbox 2051 4263 2291 4322; x_wconf 81' lang='lat' dir='ltr'><strong>Hilarius</strong></span> <span class='ocrx_word' id='word_1_395' title='bbox 2324 4266 2380 4320; x_wconf 93' lang='lat' dir='ltr'><strong>in</strong></span> <span class='ocrx_word' id='word_1_396' title='bbox 2412 4266 2760 4336; x_wconf 85' lang='lat' dir='ltr'><strong>expositione</strong></span> <span class='ocrx_word' id='word_1_397' title='bbox 2791 4264 3081 4336; x_wconf 87' lang='lat' dir='ltr'><strong>cujusdam</strong></span> <span class='ocrx_word' id='word_1_398' title='bbox 3118 4265 3317 4338; x_wconf 87' lang='lat' dir='ltr'><strong>psalmi</strong></span> <span class='ocrx_word' id='word_1_399' title='bbox 3345 4263 3494 4319; x_wconf 86' lang='lat' dir='ltr'><strong>allir-</strong></span> 
     </span>
    </p>
   </div>
   <div class='ocr_carea' id='block_1_58' title="bbox 287 4411 3498 4491">
    <p class='ocr_par' dir='ltr' id='par_1_58' title="bbox 287 4411 3498 4491">
     <span class='ocr_line' id='line_1_58' title="bbox 287 4411 3498 4491; baseline -0 -20"><span class='ocrx_word' id='word_1_400' title='bbox 287 4411 409 4491; x_wconf 33' lang='lat'><strong>(32).</strong></span> <span class='ocrx_word' id='word_1_401' title='bbox 443 4414 641 4471; x_wconf 83' lang='lat' dir='ltr'><strong>Chron.</strong></span> <span class='ocrx_word' id='word_1_402' title='bbox 661 4415 946 4473; x_wconf 79' lang='lat' dir='ltr'><strong>Pasch.ad</strong></span> <span class='ocrx_word' id='word_1_403' title='bbox 968 4433 1100 4473; x_wconf 91' lang='lat' dir='ltr'><strong>ann.</strong></span> <span class='ocrx_word' id='word_1_404' title='bbox 1124 4417 1162 4472; x_wconf 79' lang='lat'><strong>2</strong></span> <span class='ocrx_word' id='word_1_405' title='bbox 1201 4416 1513 4491; x_wconf 88' lang='lat' dir='ltr'><strong>Olympiad.</strong></span> <span class='ocrx_word' id='word_1_406' title='bbox 1538 4434 1802 4485; x_wconf 81' lang='lat' dir='ltr'><strong>ccxxvm,</strong></span> <span class='ocrx_word' id='word_1_407' title='bbox 1831 4419 1875 4478; x_wconf 87' lang='lat' dir='ltr'><strong><em>C</em></strong></span> <span class='ocrx_word' id='word_1_408' title='bbox 1909 4418 2309 4491; x_wconf 57' lang='lat' dir='ltr'><strong>omnis/roma,</strong></span> <span class='ocrx_word' id='word_1_409' title='bbox 2341 4418 2447 4491; x_wconf 70' lang='lat' dir='ltr'><strong>qui</strong></span> <span class='ocrx_word' id='word_1_410' title='bbox 2477 4418 2723 4491; x_wconf 69' lang='lat' dir='ltr'><strong>pependit</strong></span> <span class='ocrx_word' id='word_1_411' title='bbox 2771 4418 2825 4491; x_wconf 77' lang='lat' dir='ltr'><strong>in</strong></span> <span class='ocrx_word' id='word_1_412' title='bbox 2878 4417 3104 4491; x_wconf 31' lang='lat' dir='ltr'><strong>ligno”</strong></span> <span class='ocrx_word' id='word_1_413' title='bbox 3132 4416 3324 4491; x_wconf 79' lang='lat' dir='ltr'><strong>Sicuti</strong></span> <span class='ocrx_word' id='word_1_414' title='bbox 3368 4432 3498 4471; x_wconf 85' lang='lat' dir='ltr'><strong>vero</strong></span> 
     </span>
    </p>
   </div>
   <div class='ocr_carea' id='block_1_59' title="bbox 283 4552 1467 4628">
    <p class='ocr_par' dir='ltr' id='par_1_59' title="bbox 283 4552 1467 4628">
     <span class='ocr_line' id='line_1_59' title="bbox 283 4552 1467 4628; baseline 0.003 -18"><span class='ocrx_word' id='word_1_415' title='bbox 283 4552 400 4628; x_wconf 60' lang='grc' dir='ltr'><strong>(ἓξ)</strong></span> <span class='ocrx_word' id='word_1_416' title='bbox 441 4554 641 4628; x_wconf 63' lang='lat' dir='ltr'><strong>Euseb.</strong></span> <span class='ocrx_word' id='word_1_417' title='bbox 675 4556 825 4613; x_wconf 84' lang='lat' dir='ltr'><strong>Hist.</strong></span> <span class='ocrx_word' id='word_1_418' title='bbox 849 4558 977 4613; x_wconf 86' lang='lat' dir='ltr'><strong>eccl.</strong></span> <span class='ocrx_word' id='word_1_419' title='bbox 1007 4558 1103 4615; x_wconf 88' lang='lat' dir='ltr'><strong>lib.</strong></span> <span class='ocrx_word' id='word_1_420' title='bbox 1132 4575 1187 4623; x_wconf 86' lang='lat' dir='ltr'><strong>v,</strong></span> <span class='ocrx_word' id='word_1_421' title='bbox 1220 4574 1343 4628; x_wconf 88' lang='lat' dir='ltr'><strong>cap.</strong></span> <span class='ocrx_word' id='word_1_422' title='bbox 1378 4560 1467 4615; x_wconf 81' lang='grc'><strong>15.</strong></span> 
     </span>
    </p>
   </div>
   <div class='ocr_carea' id='block_1_60' title="bbox 217 4625 1796 4752">
    <p class='ocr_par' dir='ltr' id='par_1_60' title="bbox 217 4625 1796 4752">
     <span class='ocr_line' id='line_1_60' title="bbox 217 4625 1796 4752; baseline 0.001 -73"><span class='ocrx_word' id='word_1_423' title='bbox 217 4691 270 4752; x_wconf 43' lang='grc'><strong>5,</strong></span> <span class='ocrx_word' id='word_1_424' title='bbox 285 4625 424 4752; x_wconf 44' lang='grc' dir='ltr'><strong>(ξὲἐ.</strong></span> <span class='ocrx_word' id='word_1_425' title='bbox 439 4625 656 4752; x_wconf 49' lang='grc' dir='ltr'><strong>Εᾶεὲίἐι-ἰαε</strong></span> <span class='ocrx_word' id='word_1_426' title='bbox 673 4628 874 4683; x_wconf 84' lang='lat' dir='ltr'><strong>Delect.</strong></span> <span class='ocrx_word' id='word_1_427' title='bbox 890 4646 1098 4700; x_wconf 88' lang='lat' dir='ltr'><strong>argum.</strong></span> <span class='ocrx_word' id='word_1_428' title='bbox 1114 4639 1164 4685; x_wconf 85' lang='lat' dir='ltr'><strong>et</strong></span> <span class='ocrx_word' id='word_1_429' title='bbox 1180 4625 1374 4701; x_wconf 77' lang='lat' dir='ltr'><strong>syllab.</strong></span> <span class='ocrx_word' id='word_1_430' title='bbox 1401 4631 1652 4701; x_wconf 79' lang='lat' dir='ltr'><strong>scriptor.</strong></span> <span class='ocrx_word' id='word_1_431' title='bbox 1674 4644 1796 4701; x_wconf 88' lang='lat' dir='ltr'><strong>cap.</strong></span> 
     </span>
    </p>
   </div>
   <div class='ocr_carea' id='block_1_61' title="bbox 218 4708 582 4761">
    <p class='ocr_par' dir='ltr' id='par_1_61' title="bbox 218 4708 582 4761">
     <span class='ocr_line' id='line_1_61' title="bbox 218 4708 582 4761; baseline 0.008 -15"><span class='ocrx_word' id='word_1_432' title='bbox 218 4708 270 4759; x_wconf 75' lang='grc' dir='ltr'><strong>ο,</strong></span> <span class='ocrx_word' id='word_1_433' title='bbox 304 4711 424 4761; x_wconf 72' lang='lat' dir='ltr'><strong>pag.</strong></span> <span class='ocrx_word' id='word_1_434' title='bbox 457 4708 582 4752; x_wconf 70' lang='grc'><strong>155.</strong></span> 
     </span>
    </p>
   </div>
   <div class='ocr_carea' id='block_1_62' title="bbox 283 4712 1467 4840">
    <p class='ocr_par' dir='ltr' id='par_1_62' title="bbox 283 4712 1467 4840">
     <span class='ocr_line' id='line_1_62' title="bbox 283 4712 1467 4840; baseline -0.003 -12"><span class='ocrx_word' id='word_1_435' title='bbox 283 4712 756 4840; x_wconf 68' lang='lat' dir='ltr'><strong>Hist.</strong></span> <span class='ocrx_word' id='word_1_436' title='bbox 791 4768 961 4840; x_wconf 87' lang='lat' dir='ltr'><strong>litter._</strong></span> <span class='ocrx_word' id='word_1_437' title='bbox 982 4777 1114 4823; x_wconf 90' lang='lat' dir='ltr'><strong>tom.</strong></span> <span class='ocrx_word' id='word_1_438' title='bbox 1149 4769 1190 4835; x_wconf 89' lang='lat' dir='ltr'><strong>I,</strong></span> <span class='ocrx_word' id='word_1_439' title='bbox 1226 4786 1347 4840; x_wconf 89' lang='lat' dir='ltr'><strong>pag.</strong></span> <span class='ocrx_word' id='word_1_440' title='bbox 1378 4770 1467 4826; x_wconf 80' lang='lat'><strong>58.</strong></span> 
     </span>
    </p>
   </div>
   <div class='ocr_carea' id='block_1_63' title="bbox 283 4836 1649 4910">
    <p class='ocr_par' dir='ltr' id='par_1_63' title="bbox 283 4836 1649 4910">
     <span class='ocr_line' id='line_1_63' title="bbox 283 4836 1649 4910; baseline 0.004 -21"><span class='ocrx_word' id='word_1_441' title='bbox 283 4836 398 4910; x_wconf 57' lang='grc' dir='ltr'><strong>(ξιξ)</strong></span> <span class='ocrx_word' id='word_1_442' title='bbox 437 4837 823 4910; x_wconf 36' lang='grc' dir='ltr'><strong>Ιξιιεθιικῌὶει.</strong></span> <span class='ocrx_word' id='word_1_443' title='bbox 854 4838 1008 4910; x_wconf 90' lang='lat' dir='ltr'><strong>eccl.,</strong></span> <span class='ocrx_word' id='word_1_444' title='bbox 1036 4840 1130 4910; x_wconf 79' lang='lat' dir='ltr'><strong>lib.</strong></span> <span class='ocrx_word' id='word_1_445' title='bbox 1164 4836 1239 4904; x_wconf 74' lang='lat' dir='ltr'><strong>tv,</strong></span> <span class='ocrx_word' id='word_1_446' title='bbox 1270 4836 1427 4910; x_wconf 72' lang='lat' dir='ltr'><strong>capp.</strong></span> <span class='ocrx_word' id='word_1_447' title='bbox 1461 4843 1496 4895; x_wconf 82' lang='grc'><strong>5</strong></span> <span class='ocrx_word' id='word_1_448' title='bbox 1522 4850 1577 4897; x_wconf 88' lang='lat' dir='ltr'><strong>et</strong></span> <span class='ocrx_word' id='word_1_449' title='bbox 1596 4842 1649 4895; x_wconf 86' lang='lat'><strong>6.</strong></span> 
     </span>
    </p>
   </div>
   <div class='ocr_carea' id='block_1_64' title="bbox 282 4906 1652 4981">
    <p class='ocr_par' dir='ltr' id='par_1_64' title="bbox 282 4906 1652 4981">
     <span class='ocr_line' id='line_1_64' title="bbox 282 4906 1652 4981; baseline 0.007 -22"><span class='ocrx_word' id='word_1_450' title='bbox 282 4906 397 4981; x_wconf 62' lang='grc' dir='ltr'><strong>(ξῖ)</strong></span> <span class='ocrx_word' id='word_1_451' title='bbox 436 4907 608 4981; x_wconf 76' lang='lat' dir='ltr'><strong>Cang.</strong></span> <span class='ocrx_word' id='word_1_452' title='bbox 640 4908 771 4981; x_wconf 75' lang='lat' dir='ltr'><strong>Not.</strong></span> <span class='ocrx_word' id='word_1_453' title='bbox 802 4909 856 4962; x_wconf 88' lang='lat' dir='ltr'><strong>in</strong></span> <span class='ocrx_word' id='word_1_454' title='bbox 870 4909 1078 4981; x_wconf 62' lang='lat' dir='ltr'><strong>Chron.</strong></span> <span class='ocrx_word' id='word_1_455' title='bbox 1108 4906 1489 4981; x_wconf 49' lang='lat' dir='ltr'><strong>Pasch.,&#39;pag.</strong></span> <span class='ocrx_word' id='word_1_456' title='bbox 1526 4912 1652 4969; x_wconf 78' lang='grc'><strong>556.</strong></span> 
     </span>
    </p>
   </div>
   <div class='ocr_carea' id='block_1_65' title="bbox 284 4975 1797 5049">
    <p class='ocr_par' dir='ltr' id='par_1_65' title="bbox 284 4975 1797 5049">
     <span class='ocr_line' id='line_1_65' title="bbox 284 4975 1797 5049; baseline 0.005 -19"><span class='ocrx_word' id='word_1_457' title='bbox 284 4975 398 5047; x_wconf 80' lang='grc'><strong>(58)</strong></span> <span class='ocrx_word' id='word_1_458' title='bbox 428 4975 712 5049; x_wconf 56' lang='grc' dir='ltr'>Λοιὸῖορια</span> <span class='ocrx_word' id='word_1_459' title='bbox 748 4979 918 5033; x_wconf 83' lang='grc' dir='ltr'>Θεοῦ.</span> <span class='ocrx_word' id='word_1_460' title='bbox 962 4980 1215 5049; x_wconf 86' lang='lat' dir='ltr'><strong>Aquilam</strong></span> <span class='ocrx_word' id='word_1_461' title='bbox 1262 4991 1319 5035; x_wconf 89' lang='lat' dir='ltr'><strong>et</strong></span> <span class='ocrx_word' id='word_1_462' title='bbox 1364 4975 1797 5038; x_wconf 69' lang='lat' dir='ltr'><strong>Theodotionem</strong></span> 
     </span>
    </p>
   </div>
   <div class='ocr_carea' id='block_1_66' title="bbox 218 5047 1797 5116">
    <p class='ocr_par' dir='ltr' id='par_1_66' title="bbox 218 5047 1797 5116">
     <span class='ocr_line' id='line_1_66' title="bbox 218 5047 1797 5116; baseline 0.004 -15"><span class='ocrx_word' id='word_1_463' title='bbox 218 5047 332 5102; x_wconf 68' lang='lat' dir='ltr'><strong>haec</strong></span> <span class='ocrx_word' id='word_1_464' title='bbox 384 5048 578 5102; x_wconf 90' lang='lat' dir='ltr'><strong>eodem</strong></span> <span class='ocrx_word' id='word_1_465' title='bbox 628 5048 794 5103; x_wconf 89' lang='lat' dir='ltr'><strong>modo</strong></span> <span class='ocrx_word' id='word_1_466' title='bbox 845 5047 1177 5116; x_wconf 86' lang='lat' dir='ltr'><strong>reddidisse,</strong></span> <span class='ocrx_word' id='word_1_467' title='bbox 1222 5067 1324 5106; x_wconf 88' lang='lat' dir='ltr'><strong>nec</strong></span> <span class='ocrx_word' id='word_1_468' title='bbox 1373 5067 1482 5107; x_wconf 92' lang='lat' dir='ltr'><strong>non</strong></span> <span class='ocrx_word' id='word_1_469' title='bbox 1534 5053 1797 5108; x_wconf 84' lang='lat' dir='ltr'><strong>Ebionem</strong></span> 
     </span>
    </p>
   </div>
   <div class='ocr_carea' id='block_1_67' title="bbox 218 5118 1800 5195">
    <p class='ocr_par' dir='ltr' id='par_1_67' title="bbox 218 5118 1800 5195">
     <span class='ocr_line' id='line_1_67' title="bbox 218 5118 1800 5195; baseline 0.003 -24"><span class='ocrx_word' id='word_1_470' title='bbox 218 5118 639 5195; x_wconf 44' lang='lat' dir='ltr'><strong>haeresiarcham</strong></span> <span class='ocrx_word' id='word_1_471' title='bbox 687 5119 1130 5195; x_wconf 86' lang='lat' dir='ltr'><strong>interp_retatum_</strong></span> <span class='ocrx_word' id='word_1_472' title='bbox 1161 5120 1362 5195; x_wconf 69' lang='lat' dir='ltr'><strong>fuisse</strong></span> <span class='ocrx_word' id='word_1_473' title='bbox 1391 5139 1406 5176; x_wconf 88' lang='lat'><strong>:</strong></span> <span class='ocrx_word' id='word_1_474' title='bbox 1441 5124 1582 5195; x_wconf 47' lang='grc' dir='ltr'><strong>-Ὅτι</strong></span> <span class='ocrx_word' id='word_1_475' title='bbox 1640 5123 1800 5195; x_wconf 77' lang='grc' dir='ltr'>ὕϐρις</span> 
     </span>
    </p>
   </div>
   <div class='ocr_carea' id='block_1_68' title="bbox 213 5186 1796 5311">
    <p class='ocr_par' dir='ltr' id='par_1_68' title="bbox 213 5186 1796 5311">
     <span class='ocr_line' id='line_1_68' title="bbox 213 5186 1796 5311; baseline 0.005 -72"><span class='ocrx_word' id='word_1_476' title='bbox 213 5186 346 5240; x_wconf 81' lang='grc' dir='ltr'>Θεοῦ</span> <span class='ocrx_word' id='word_1_477' title='bbox 378 5189 408 5240; x_wconf 82' lang='grc' dir='ltr'><strong>ὁ</strong></span> <span class='ocrx_word' id='word_1_478' title='bbox 439 5189 808 5311; x_wconf 44' lang='grc' dir='ltr'>κρῖ-ἰώμενος,</span> <span class='ocrx_word' id='word_1_479' title='bbox 829 5186 882 5244; x_wconf 84' lang='lat' dir='ltr'><strong>id</strong></span> <span class='ocrx_word' id='word_1_480' title='bbox 909 5201 1011 5251; x_wconf 88' lang='lat' dir='ltr'><strong>est,</strong></span> <span class='ocrx_word' id='word_1_481' title='bbox 1039 5191 1167 5261; x_wconf 85' lang='lat' dir='ltr'><strong>quia</strong></span> <span class='ocrx_word' id='word_1_482' title='bbox 1196 5191 1400 5260; x_wconf 87' lang='lat' dir='ltr'><strong>injuria</strong></span> <span class='ocrx_word' id='word_1_483' title='bbox 1433 5192 1529 5247; x_wconf 88' lang='lat' dir='ltr'><strong>Dei</strong></span> <span class='ocrx_word' id='word_1_484' title='bbox 1557 5204 1636 5247; x_wconf 83' lang='lat' dir='ltr'><strong>est</strong></span> <span class='ocrx_word' id='word_1_485' title='bbox 1669 5186 1796 5249; x_wconf 55' lang='lat' dir='ltr'><strong>sus?-</strong></span> 
     </span>
     <span class='ocr_line' id='line_1_69' title="bbox 218 5260 1796 5311; baseline 0 0"><span class='ocrx_word' id='word_1_486' title='bbox 218 5274 434 5311; x_wconf 72' lang='lat' dir='ltr'><strong>pensus.</strong></span> <span class='ocrx_word' id='word_1_487' title='bbox 562 5260 877 5311; x_wconf 73' lang='lat' dir='ltr'><strong>ieronvmus</strong></span> <span class='ocrx_word' id='word_1_488' title='bbox 920 5261 1120 5311; x_wconf 89' lang='lat' dir='ltr'><strong>ibidem</strong></span> <span class='ocrx_word' id='word_1_489' title='bbox 1169 5271 1422 5311; x_wconf 85' lang='lat' dir='ltr'><strong>testatur.</strong></span> <span class='ocrx_word' id='word_1_490' title='bbox 1470 5265 1635 5311; x_wconf 84' lang='lat' dir='ltr'><strong>Atnui</strong></span> <span class='ocrx_word' id='word_1_491' title='bbox 1685 5265 1796 5311; x_wconf 69' lang='lat' dir='ltr'><strong>hmo.</strong></span> 
     </span>
    </p>
   </div>
   <div class='ocr_carea' id='block_1_69' title="bbox 216 5260 1799 5333">
    <p class='ocr_par' dir='ltr' id='par_1_69' title="bbox 216 5260 1799 5333">
     <span class='ocr_line' id='line_1_70' title="bbox 216 5260 1799 5333; baseline 0.005 -22"><span class='ocrx_word' id='word_1_492' title='bbox 216 5274 435 5333; x_wconf 41' lang='lat' dir='ltr'><strong>pensus;</strong></span> <span class='ocrx_word' id='word_1_493' title='bbox 511 5260 1120 5333; x_wconf 51' lang='lat' dir='ltr'><strong>Hieronymusibidem</strong></span> <span class='ocrx_word' id='word_1_494' title='bbox 1169 5271 1422 5317; x_wconf 89' lang='lat' dir='ltr'><strong>testatur.</strong></span> <span class='ocrx_word' id='word_1_495' title='bbox 1470 5265 1636 5333; x_wconf 86' lang='lat' dir='ltr'><strong>Atqui</strong></span> <span class='ocrx_word' id='word_1_496' title='bbox 1684 5265 1799 5319; x_wconf 64' lang='lat' dir='ltr'><strong>haec</strong></span> 
     </span>
    </p>
   </div>
   <div class='ocr_carea' id='block_1_70' title="bbox 215 5318 1799 5407">
    <p class='ocr_par' dir='ltr' id='par_1_70' title="bbox 215 5318 1799 5407">
     <span class='ocr_line' id='line_1_71' title="bbox 215 5318 1799 5407; baseline 0.005 -26"><span class='ocrx_word' id='word_1_497' title='bbox 215 5318 688 5407; x_wconf 45' lang='lat' dir='ltr'><strong>verbaulfapiscum</strong></span> <span class='ocrx_word' id='word_1_498' title='bbox 716 5318 907 5407; x_wconf 51' lang='lat' dir='ltr'><strong>lasani</strong></span> <span class='ocrx_word' id='word_1_499' title='bbox 940 5331 1211 5407; x_wconf 75' lang='lat' dir='ltr'><strong>obiecisse</strong></span> <span class='ocrx_word' id='word_1_500' title='bbox 1243 5333 1442 5407; x_wconf 79' lang='lat' dir='ltr'><strong>colligo</strong></span> <span class='ocrx_word' id='word_1_501' title='bbox 1459 5349 1538 5407; x_wconf 48' lang='grc' dir='ltr'>ἐκ</span> <span class='ocrx_word' id='word_1_502' title='bbox 1560 5318 1799 5407; x_wconf 10' lang='lat' dir='ltr'><strong>lg&#39;l‘crtul;</strong></span> 
     </span>
    </p>
   </div>
   <div class='ocr_carea' id='block_1_71' title="bbox 217 5397 1795 5470">
    <p class='ocr_par' dir='ltr' id='par_1_71' title="bbox 217 5397 1795 5470">
     <span class='ocr_line' id='line_1_72' title="bbox 217 5397 1795 5470; baseline 0.005 -20"><span class='ocrx_word' id='word_1_503' title='bbox 217 5397 347 5470; x_wconf 90' lang='lat' dir='ltr'><strong>liani_</strong></span> <span class='ocrx_word' id='word_1_504' title='bbox 374 5399 471 5452; x_wconf 89' lang='lat' dir='ltr'><strong>lib.</strong></span> <span class='ocrx_word' id='word_1_505' title='bbox 497 5410 684 5453; x_wconf 88' lang='lat' dir='ltr'><strong>contra</strong></span> <span class='ocrx_word' id='word_1_506' title='bbox 717 5398 938 5455; x_wconf 62' lang='lat' dir='ltr'><strong>Iudicas</strong></span> <span class='ocrx_word' id='word_1_507' title='bbox 958 5397 1080 5470; x_wconf 80' lang='lat' dir='ltr'><strong>cap.</strong></span> <span class='ocrx_word' id='word_1_508' title='bbox 1109 5402 1208 5468; x_wconf 82' lang='lat' dir='ltr'><strong>l0,</strong></span> <span class='ocrx_word' id='word_1_509' title='bbox 1238 5403 1342 5457; x_wconf 90' lang='lat' dir='ltr'><strong>sub</strong></span> <span class='ocrx_word' id='word_1_510' title='bbox 1376 5397 1545 5470; x_wconf 65' lang='lat' dir='ltr'><strong>cujus</strong></span> <span class='ocrx_word' id='word_1_511' title='bbox 1576 5405 1795 5459; x_wconf 84' lang='lat' dir='ltr'><strong>initium</strong></span> 
     </span>
    </p>
   </div>
   <div class='ocr_carea' id='block_1_72' title="bbox 218 5466 1798 5543">
    <p class='ocr_par' dir='ltr' id='par_1_72' title="bbox 218 5466 1798 5543">
     <span class='ocr_line' id='line_1_73' title="bbox 218 5466 1798 5543; baseline 0.004 -20"><span class='ocrx_word' id='word_1_512' title='bbox 218 5474 286 5543; x_wconf 70' lang='lat' dir='ltr'><strong>ita</strong></span> <span class='ocrx_word' id='word_1_513' title='bbox 321 5466 875 5543; x_wconf 73' lang='lat' dir='ltr'><strong>Judzeosalloquitur</strong></span> <span class='ocrx_word' id='word_1_514' title='bbox 910 5488 924 5524; x_wconf 90' lang='lat'>:</span> <span class='ocrx_word' id='word_1_515' title='bbox 959 5490 981 5523; x_wconf 76' lang='grc' dir='ltr'><strong>ι</strong></span> <span class='ocrx_word' id='word_1_516' title='bbox 1020 5466 1096 5527; x_wconf 89' lang='lat' dir='ltr'><strong>De</strong></span> <span class='ocrx_word' id='word_1_517' title='bbox 1130 5466 1294 5543; x_wconf 53' lang='lat' dir='ltr'><strong>exitu</strong></span> <span class='ocrx_word' id='word_1_518' title='bbox 1329 5466 1489 5543; x_wconf 76' lang='lat' dir='ltr'><strong>plane</strong></span> <span class='ocrx_word' id='word_1_519' title='bbox 1519 5474 1798 5543; x_wconf 89' lang='lat' dir='ltr'><strong>passionis</strong></span> 
     </span>
    </p>
   </div>
   <div class='ocr_carea' id='block_1_73' title="bbox 215 5537 1797 5664">
    <p class='ocr_par' dir='ltr' id='par_1_73' title="bbox 215 5537 1797 5664">
     <span class='ocr_line' id='line_1_74' title="bbox 215 5537 1797 5664; baseline 0.006 -77"><span class='ocrx_word' id='word_1_520' title='bbox 215 5537 332 5604; x_wconf 77' lang='lat' dir='ltr'><strong>ejus</strong></span> <span class='ocrx_word' id='word_1_521' title='bbox 367 5539 669 5664; x_wconf 54' lang='lat' dir='ltr'><strong>ambigitis,</strong></span> <span class='ocrx_word' id='word_1_522' title='bbox 701 5537 963 5611; x_wconf 79' lang='lat' dir='ltr'><strong>negantes</strong></span> <span class='ocrx_word' id='word_1_523' title='bbox 994 5542 1303 5612; x_wconf 90' lang='lat' dir='ltr'><strong>passionem</strong></span> <span class='ocrx_word' id='word_1_524' title='bbox 1329 5537 1600 5598; x_wconf 63' lang='lat' dir='ltr'><strong>crucis&#39;in</strong></span> <span class='ocrx_word' id='word_1_525' title='bbox 1634 5544 1797 5599; x_wconf 88' lang='lat' dir='ltr'><strong>Chri-</strong></span> 
     </span>
     <span class='ocr_line' id='line_1_75' title="bbox 216 5615 1793 5664; baseline 0.001 -2"><span class='ocrx_word' id='word_1_526' title='bbox 216 5615 353 5662; x_wconf 77' lang='lat' dir='ltr'><strong>stum</strong></span> <span class='ocrx_word' id='word_1_527' title='bbox 403 5625 514 5664; x_wconf 76' lang='lat' dir='ltr'><strong>ora:</strong></span> <span class='ocrx_word' id='word_1_528' title='bbox 556 5618 794 5664; x_wconf 86' lang='lat' dir='ltr'><strong>tcatam.</strong></span> <span class='ocrx_word' id='word_1_529' title='bbox 840 5618 896 5664; x_wconf 90' lang='lat' dir='ltr'><strong>et</strong></span> <span class='ocrx_word' id='word_1_530' title='bbox 944 5621 1389 5664; x_wconf 74' lang='lat' dir='ltr'><strong>araumentantcs</strong></span> <span class='ocrx_word' id='word_1_531' title='bbox 1429 5615 1653 5664; x_wconf 85' lang='lat' dir='ltr'><strong>insuner</strong></span> <span class='ocrx_word' id='word_1_532' title='bbox 1684 5630 1793 5664; x_wconf 88' lang='lat' dir='ltr'><strong>non</strong></span> 
     </span>
    </p>
   </div>
   <div class='ocr_carea' id='block_1_74' title="bbox 216 5615 1794 5683">
    <p class='ocr_par' dir='ltr' id='par_1_74' title="bbox 216 5615 1794 5683">
     <span class='ocr_line' id='line_1_76' title="bbox 216 5615 1794 5683; baseline 0.004 -21"><span class='ocrx_word' id='word_1_533' title='bbox 216 5615 353 5662; x_wconf 82' lang='lat' dir='ltr'><strong>stum</strong></span> <span class='ocrx_word' id='word_1_534' title='bbox 400 5615 794 5683; x_wconf 66' lang='lat' dir='ltr'><strong>praedicatam,</strong></span> <span class='ocrx_word' id='word_1_535' title='bbox 840 5618 909 5683; x_wconf 65' lang='lat' dir='ltr'><strong>et</strong></span> <span class='ocrx_word' id='word_1_536' title='bbox 944 5621 1389 5683; x_wconf 81' lang='lat' dir='ltr'><strong>argumentantes</strong></span> <span class='ocrx_word' id='word_1_537' title='bbox 1429 5615 1653 5683; x_wconf 89' lang='lat' dir='ltr'><strong>insuper</strong></span> <span class='ocrx_word' id='word_1_538' title='bbox 1684 5630 1794 5669; x_wconf 91' lang='lat' dir='ltr'><strong>non</strong></span> 
     </span>
    </p>
   </div>
   <div class='ocr_carea' id='block_1_75' title="bbox 215 5680 1797 5754">
    <p class='ocr_par' dir='ltr' id='par_1_75' title="bbox 215 5680 1797 5754">
     <span class='ocr_line' id='line_1_77' title="bbox 215 5680 1797 5754; baseline 0.004 -23"><span class='ocrx_word' id='word_1_539' title='bbox 215 5690 330 5754; x_wconf 50' lang='lat' dir='ltr'><strong>esse</strong></span> <span class='ocrx_word' id='word_1_540' title='bbox 361 5681 718 5754; x_wconf 55' lang='lat' dir='ltr'><strong>credendum,</strong></span> <span class='ocrx_word' id='word_1_541' title='bbox 745 5689 807 5735; x_wconf 89' lang='lat' dir='ltr'><strong>ut</strong></span> <span class='ocrx_word' id='word_1_542' title='bbox 843 5680 912 5734; x_wconf 79' lang='lat' dir='ltr'><strong>ad</strong></span> <span class='ocrx_word' id='word_1_543' title='bbox 957 5680 1220 5754; x_wconf 34' lang='lat' dir='ltr'><strong>idfgenus</strong></span> <span class='ocrx_word' id='word_1_544' title='bbox 1251 5685 1446 5740; x_wconf 89' lang='lat' dir='ltr'><strong>mortis</strong></span> <span class='ocrx_word' id='word_1_545' title='bbox 1478 5680 1797 5754; x_wconf 82' lang='lat' dir='ltr'><strong>exposuerit</strong></span> 
     </span>
    </p>
   </div>
   <div class='ocr_carea' id='block_1_76' title="bbox 217 5744 1794 5826">
    <p class='ocr_par' dir='ltr' id='par_1_76' title="bbox 217 5744 1794 5826">
     <span class='ocr_line' id='line_1_78' title="bbox 217 5744 1794 5826; baseline 0.006 -26"><span class='ocrx_word' id='word_1_546' title='bbox 217 5744 355 5805; x_wconf 87' lang='lat' dir='ltr'><strong>Deus</strong></span> <span class='ocrx_word' id='word_1_547' title='bbox 395 5749 593 5806; x_wconf 68' lang='lat' dir='ltr'><strong>Filium</strong></span> <span class='ocrx_word' id='word_1_548' title='bbox 641 5744 839 5820; x_wconf 82' lang='lat' dir='ltr'><strong>suum,</strong></span> <span class='ocrx_word' id='word_1_549' title='bbox 878 5753 1028 5825; x_wconf 90' lang='lat' dir='ltr'><strong>quod</strong></span> <span class='ocrx_word' id='word_1_550' title='bbox 1048 5744 1185 5826; x_wconf 51' lang='lat' dir='ltr'><strong>&quot;ipse</strong></span> <span class='ocrx_word' id='word_1_551' title='bbox 1229 5754 1368 5813; x_wconf 74' lang='lat' dir='ltr'><strong>dixit</strong></span> <span class='ocrx_word' id='word_1_552' title='bbox 1415 5773 1428 5811; x_wconf 86' lang='lat'><strong>:</strong></span> <span class='ocrx_word' id='word_1_553' title='bbox 1472 5744 1794 5812; x_wconf 74' lang='lat' dir='ltr'><strong>.lldledictus</strong></span> 
     </span>
    </p>
   </div>
   <div class='ocr_carea' id='block_1_77' title="bbox 1908 4488 3497 4556">
    <p class='ocr_par' dir='ltr' id='par_1_77' title="bbox 1908 4488 3497 4556">
     <span class='ocr_line' id='line_1_79' title="bbox 1908 4488 3497 4556; baseline -0.001 -14"><span class='ocrx_word' id='word_1_554' title='bbox 1908 4488 2286 4544; x_wconf 87' lang='lat' dir='ltr'><strong>Tertullianus</strong></span> <span class='ocrx_word' id='word_1_555' title='bbox 2321 4489 2388 4543; x_wconf 88' lang='lat' dir='ltr'><strong>ad</strong></span> <span class='ocrx_word' id='word_1_556' title='bbox 2416 4488 2577 4544; x_wconf 87' lang='lat' dir='ltr'><strong>hanc</strong></span> <span class='ocrx_word' id='word_1_557' title='bbox 2624 4489 2989 4556; x_wconf 89' lang='lat' dir='ltr'><strong>ohjectionem</strong></span> <span class='ocrx_word' id='word_1_558' title='bbox 3032 4488 3234 4543; x_wconf 87' lang='lat' dir='ltr'><strong>ibidem</strong></span> <span class='ocrx_word' id='word_1_559' title='bbox 3268 4503 3497 4556; x_wconf 84' lang='lat' dir='ltr'><strong>respon—</strong></span> 
     </span>
    </p>
   </div>
   <div class='ocr_carea' id='block_1_78' title="bbox 1900 4557 3496 4629">
    <p class='ocr_par' dir='ltr' id='par_1_78' title="bbox 1900 4557 3496 4629">
     <span class='ocr_line' id='line_1_80' title="bbox 1900 4557 3496 4629; baseline -0.002 -14"><span class='ocrx_word' id='word_1_560' title='bbox 1900 4561 2025 4627; x_wconf 87' lang='lat' dir='ltr'><strong>det;</strong></span> <span class='ocrx_word' id='word_1_561' title='bbox 2065 4560 2340 4629; x_wconf 88' lang='lat' dir='ltr'><strong>integrum</strong></span> <span class='ocrx_word' id='word_1_562' title='bbox 2364 4557 2813 4629; x_wconf 17' lang='lat' dir='ltr'><strong>7Deuteronotniii</strong></span> <span class='ocrx_word' id='word_1_563' title='bbox 2844 4568 3076 4623; x_wconf 77' lang='lat' dir='ltr'><strong>textum,</strong></span> <span class='ocrx_word' id='word_1_564' title='bbox 3111 4574 3177 4613; x_wconf 88' lang='lat' dir='ltr'><strong>ac</strong></span> <span class='ocrx_word' id='word_1_565' title='bbox 3210 4559 3324 4612; x_wconf 68' lang='lat' dir='ltr'><strong>hau:</strong></span> <span class='ocrx_word' id='word_1_566' title='bbox 3360 4574 3496 4627; x_wconf 87' lang='lat' dir='ltr'><strong>quo-</strong></span> 
     </span>
    </p>
   </div>
   <div class='ocr_carea' id='block_1_79' title="bbox 1900 4627 3495 4700">
    <p class='ocr_par' dir='ltr' id='par_1_79' title="bbox 1900 4627 3495 4700">
     <span class='ocr_line' id='line_1_81' title="bbox 1900 4627 3495 4700; baseline -0.003 -16"><span class='ocrx_word' id='word_1_567' title='bbox 1900 4645 2009 4700; x_wconf 90' lang='lat' dir='ltr'><strong>que</strong></span> <span class='ocrx_word' id='word_1_568' title='bbox 2037 4627 2275 4684; x_wconf 76' lang='lat' dir='ltr'><strong>recitatis</strong></span> <span class='ocrx_word' id='word_1_569' title='bbox 2311 4646 2324 4681; x_wconf 88' lang='lat'><strong>:</strong></span> <span class='ocrx_word' id='word_1_570' title='bbox 2355 4627 2671 4700; x_wconf 68' lang='lat' dir='ltr'><strong>Maledicta;</strong></span> <span class='ocrx_word' id='word_1_571' title='bbox 2716 4647 2749 4683; x_wconf 91' lang='lat' dir='ltr'><strong>a</strong></span> <span class='ocrx_word' id='word_1_572' title='bbox 2784 4628 2897 4683; x_wconf 83' lang='lat' dir='ltr'><strong>Deo</strong></span> <span class='ocrx_word' id='word_1_573' title='bbox 2919 4639 2997 4700; x_wconf 74' lang='lat' dir='ltr'><strong>est</strong></span> <span class='ocrx_word' id='word_1_574' title='bbox 3029 4630 3199 4682; x_wconf 83' lang='lat' dir='ltr'><strong>omnis</strong></span> <span class='ocrx_word' id='word_1_575' title='bbox 3243 4629 3336 4700; x_wconf 82' lang='lat' dir='ltr'><strong>qui</strong></span> <span class='ocrx_word' id='word_1_576' title='bbox 3375 4645 3495 4700; x_wconf 72' lang='lat' dir='ltr'><strong>sus-</strong></span> 
     </span>
    </p>
   </div>
   <div class='ocr_carea' id='block_1_80' title="bbox 1898 4697 3496 4769">
    <p class='ocr_par' dir='ltr' id='par_1_80' title="bbox 1898 4697 3496 4769">
     <span class='ocr_line' id='line_1_82' title="bbox 1898 4697 3496 4769; baseline -0.001 -16"><span class='ocrx_word' id='word_1_577' title='bbox 1898 4697 2089 4769; x_wconf 68' lang='lat' dir='ltr'><strong>pensus</strong></span> <span class='ocrx_word' id='word_1_578' title='bbox 2126 4700 2291 4768; x_wconf 78' lang='lat' dir='ltr'><strong>fuerit</strong></span> <span class='ocrx_word' id='word_1_579' title='bbox 2329 4700 2385 4753; x_wconf 86' lang='lat' dir='ltr'><strong>in</strong></span> <span class='ocrx_word' id='word_1_580' title='bbox 2427 4699 2603 4769; x_wconf 87' lang='lat' dir='ltr'><strong>ligno,</strong></span> <span class='ocrx_word' id='word_1_581' title='bbox 2632 4709 2764 4767; x_wconf 90' lang='lat' dir='ltr'><strong>etc.,</strong></span> <span class='ocrx_word' id='word_1_582' title='bbox 2813 4700 2885 4753; x_wconf 86' lang='lat' dir='ltr'><strong>ita</strong></span> <span class='ocrx_word' id='word_1_583' title='bbox 2924 4698 3181 4755; x_wconf 79' lang='lat' dir='ltr'><strong>Jasonem</strong></span> <span class='ocrx_word' id='word_1_584' title='bbox 3241 4697 3384 4752; x_wconf 85' lang='lat' dir='ltr'><strong>idem</strong></span> <span class='ocrx_word' id='word_1_585' title='bbox 3416 4697 3496 4752; x_wconf 78' lang='lat' dir='ltr'><strong>ie-</strong></span> 
     </span>
    </p>
   </div>
   <div class='ocr_carea' id='block_1_81' title="bbox 1901 4769 3492 4839">
    <p class='ocr_par' dir='ltr' id='par_1_81' title="bbox 1901 4769 3492 4839">
     <span class='ocr_line' id='line_1_83' title="bbox 1901 4769 3492 4839; baseline -0.003 -14"><span class='ocrx_word' id='word_1_586' title='bbox 1901 4771 2048 4825; x_wconf 89' lang='lat' dir='ltr'><strong>cisse</strong></span> <span class='ocrx_word' id='word_1_587' title='bbox 2085 4770 2369 4839; x_wconf 87' lang='lat' dir='ltr'><strong>probabile</strong></span> <span class='ocrx_word' id='word_1_588' title='bbox 2415 4780 2519 4824; x_wconf 87' lang='lat' dir='ltr'><strong>est.</strong></span> <span class='ocrx_word' id='word_1_589' title='bbox 2557 4770 2695 4823; x_wconf 82' lang='lat' dir='ltr'><strong>Dum</strong></span> <span class='ocrx_word' id='word_1_590' title='bbox 2747 4779 2929 4839; x_wconf 85' lang='lat' dir='ltr'><strong>autem</strong></span> <span class='ocrx_word' id='word_1_591' title='bbox 2962 4785 3124 4824; x_wconf 91' lang='lat' dir='ltr'><strong>uuam</strong></span> <span class='ocrx_word' id='word_1_592' title='bbox 3158 4778 3320 4838; x_wconf 82' lang='lat' dir='ltr'><strong>atque</strong></span> <span class='ocrx_word' id='word_1_593' title='bbox 3358 4769 3492 4822; x_wconf 85' lang='lat' dir='ltr'><strong>alte-</strong></span> 
     </span>
    </p>
   </div>
   <div class='ocr_carea' id='block_1_82' title="bbox 1899 4838 3494 4909">
    <p class='ocr_par' dir='ltr' id='par_1_82' title="bbox 1899 4838 3494 4909">
     <span class='ocr_line' id='line_1_84' title="bbox 1899 4838 3494 4909; baseline -0.003 -14"><span class='ocrx_word' id='word_1_594' title='bbox 1899 4855 2018 4895; x_wconf 89' lang='lat' dir='ltr'><strong>ram</strong></span> <span class='ocrx_word' id='word_1_595' title='bbox 2051 4838 2306 4905; x_wconf 86' lang='lat' dir='ltr'><strong>istarum,</strong></span> <span class='ocrx_word' id='word_1_596' title='bbox 2340 4856 2461 4909; x_wconf 69' lang='lat' dir='ltr'><strong>qua:</strong></span> <span class='ocrx_word' id='word_1_597' title='bbox 2483 4855 2548 4894; x_wconf 82' lang='lat' dir='ltr'><strong>ex</strong></span> <span class='ocrx_word' id='word_1_598' title='bbox 2585 4840 2858 4895; x_wconf 88' lang='lat' dir='ltr'><strong>Aristonis</strong></span> <span class='ocrx_word' id='word_1_599' title='bbox 2892 4838 3073 4894; x_wconf 67' lang='lat' dir='ltr'><strong>Pellaei</strong></span> <span class='ocrx_word' id='word_1_600' title='bbox 3114 4839 3494 4909; x_wconf 53' lang='lat' dir='ltr'><strong>Disputatione</strong></span> 
     </span>
    </p>
   </div>
   <div class='ocr_carea' id='block_1_83' title="bbox 1900 4907 3525 4976">
    <p class='ocr_par' dir='ltr' id='par_1_83' title="bbox 1900 4907 3525 4976">
     <span class='ocr_line' id='line_1_85' title="bbox 1900 4907 3525 4976; baseline -0.002 -12"><span class='ocrx_word' id='word_1_601' title='bbox 1900 4920 2087 4964; x_wconf 87' lang='lat' dir='ltr'><strong>contra</strong></span> <span class='ocrx_word' id='word_1_602' title='bbox 2112 4908 2330 4964; x_wconf 72' lang='lat' dir='ltr'><strong>Judazos</strong></span> <span class='ocrx_word' id='word_1_603' title='bbox 2358 4907 2608 4976; x_wconf 76' lang='lat' dir='ltr'><strong>allegatze</strong></span> <span class='ocrx_word' id='word_1_604' title='bbox 2642 4919 2793 4970; x_wconf 87' lang='lat' dir='ltr'><strong>sunt,</strong></span> <span class='ocrx_word' id='word_1_605' title='bbox 2825 4907 3223 4964; x_wconf 82' lang='lat' dir='ltr'><strong>sententiarum</strong></span> <span class='ocrx_word' id='word_1_606' title='bbox 3266 4909 3319 4961; x_wconf 92' lang='lat' dir='ltr'><strong>in</strong></span> <span class='ocrx_word' id='word_1_607' title='bbox 3357 4907 3493 4963; x_wconf 80' lang='lat' dir='ltr'><strong>Ter—</strong></span> <span class='ocrx_word' id='word_1_608' title='bbox 3522 4914 3525 4917; x_wconf 71' lang='lat'>‘</span> 
     </span>
    </p>
   </div>
   <div class='ocr_carea' id='block_1_84' title="bbox 1900 4977 3490 5049">
    <p class='ocr_par' dir='ltr' id='par_1_84' title="bbox 1900 4977 3490 5049">
     <span class='ocr_line' id='line_1_86' title="bbox 1900 4977 3490 5049; baseline -0.003 -14"><span class='ocrx_word' id='word_1_609' title='bbox 1900 4980 2113 5035; x_wconf 89' lang='lat' dir='ltr'><strong>tulliani</strong></span> <span class='ocrx_word' id='word_1_610' title='bbox 2147 4981 2289 5035; x_wconf 91' lang='lat' dir='ltr'><strong>libro</strong></span> <span class='ocrx_word' id='word_1_611' title='bbox 2327 4988 2510 5031; x_wconf 88' lang='lat' dir='ltr'><strong>contra</strong></span> <span class='ocrx_word' id='word_1_612' title='bbox 2533 4977 2741 5032; x_wconf 80' lang='lat' dir='ltr'><strong>Judwos</strong></span> <span class='ocrx_word' id='word_1_613' title='bbox 2783 4980 3136 5049; x_wconf 86' lang='lat' dir='ltr'><strong>deprehendi,</strong></span> <span class='ocrx_word' id='word_1_614' title='bbox 3172 4980 3490 5049; x_wconf 85' lang='lat' dir='ltr'><strong>memoriam</strong></span> 
     </span>
    </p>
   </div>
   <div class='ocr_carea' id='block_1_85' title="bbox 1900 5048 3485 5119">
    <p class='ocr_par' dir='ltr' id='par_1_85' title="bbox 1900 5048 3485 5119">
     <span class='ocr_line' id='line_1_87' title="bbox 1900 5048 3485 5119; baseline -0.003 -14"><span class='ocrx_word' id='word_1_615' title='bbox 1900 5051 2070 5106; x_wconf 90' lang='lat' dir='ltr'><strong>subiit</strong></span> <span class='ocrx_word' id='word_1_616' title='bbox 2098 5065 2220 5106; x_wconf 91' lang='lat' dir='ltr'><strong>mos</strong></span> <span class='ocrx_word' id='word_1_617' title='bbox 2250 5049 2369 5104; x_wconf 85' lang='lat' dir='ltr'><strong>Afri</strong></span> <span class='ocrx_word' id='word_1_618' title='bbox 2405 5050 2568 5119; x_wconf 90' lang='lat' dir='ltr'><strong>hujus</strong></span> <span class='ocrx_word' id='word_1_619' title='bbox 2610 5051 2919 5118; x_wconf 87' lang='lat' dir='ltr'><strong>scriptoris,</strong></span> <span class='ocrx_word' id='word_1_620' title='bbox 2953 5058 3214 5119; x_wconf 86' lang='lat' dir='ltr'><strong>perpetuo</strong></span> <span class='ocrx_word' id='word_1_621' title='bbox 3249 5048 3361 5103; x_wconf 80' lang='lat' dir='ltr'><strong>fere</strong></span> <span class='ocrx_word' id='word_1_622' title='bbox 3393 5065 3485 5119; x_wconf 74' lang='lat' dir='ltr'><strong>rc-</strong></span> 
     </span>
    </p>
   </div>
   <div class='ocr_carea' id='block_1_86' title="bbox 1900 5117 3489 5191">
    <p class='ocr_par' dir='ltr' id='par_1_86' title="bbox 1900 5117 3489 5191">
     <span class='ocr_line' id='line_1_88' title="bbox 1900 5117 3489 5191; baseline -0.003 -15"><span class='ocrx_word' id='word_1_623' title='bbox 1900 5130 2063 5191; x_wconf 84' lang='lat' dir='ltr'><strong>teres,</strong></span> <span class='ocrx_word' id='word_1_624' title='bbox 2108 5122 2204 5191; x_wconf 90' lang='lat' dir='ltr'><strong>qui</strong></span> <span class='ocrx_word' id='word_1_625' title='bbox 2258 5129 2386 5176; x_wconf 90' lang='lat' dir='ltr'><strong>ante</strong></span> <span class='ocrx_word' id='word_1_626' title='bbox 2438 5117 2616 5188; x_wconf 75' lang='lat' dir='ltr'><strong>ipsum</strong></span> <span class='ocrx_word' id='word_1_627' title='bbox 2667 5117 3376 5191; x_wconf 24' lang='lat' dir='ltr'><strong>scripserant,fimitantis.</strong></span> <span class='ocrx_word' id='word_1_628' title='bbox 3433 5117 3489 5191; x_wconf 82' lang='lat' dir='ltr'><strong>ld</strong></span> 
     </span>
    </p>
   </div>
   <div class='ocr_carea' id='block_1_87' title="bbox 1898 5188 3486 5261">
    <p class='ocr_par' dir='ltr' id='par_1_87' title="bbox 1898 5188 3486 5261">
     <span class='ocr_line' id='line_1_89' title="bbox 1898 5188 3486 5261; baseline -0.001 -17"><span class='ocrx_word' id='word_1_629' title='bbox 1898 5190 2046 5261; x_wconf 91' lang='lat' dir='ltr'><strong>quod</strong></span> <span class='ocrx_word' id='word_1_630' title='bbox 2072 5188 2155 5246; x_wconf 84' lang='lat' dir='ltr'><strong>vel</strong></span> <span class='ocrx_word' id='word_1_631' title='bbox 2188 5206 2255 5245; x_wconf 81' lang='lat' dir='ltr'><strong>ex</strong></span> <span class='ocrx_word' id='word_1_632' title='bbox 2291 5192 2537 5261; x_wconf 20' lang='lat' dir='ltr'><strong>ipsoiillo</strong></span> <span class='ocrx_word' id='word_1_633' title='bbox 2569 5200 2760 5261; x_wconf 79' lang='lat' dir='ltr'><strong>contra</strong></span> <span class='ocrx_word' id='word_1_634' title='bbox 2786 5188 3025 5261; x_wconf 30' lang='lat' dir='ltr'><strong>’Judaeos</strong></span> <span class='ocrx_word' id='word_1_635' title='bbox 3056 5190 3197 5261; x_wconf 85' lang='lat' dir='ltr'><strong>libro</strong></span> <span class='ocrx_word' id='word_1_636' title='bbox 3228 5197 3397 5261; x_wconf 85' lang='lat' dir='ltr'><strong>patet_,</strong></span> <span class='ocrx_word' id='word_1_637' title='bbox 3432 5188 3486 5242; x_wconf 90' lang='lat' dir='ltr'><strong>in</strong></span> 
     </span>
    </p>
   </div>
   <div class='ocr_carea' id='block_1_88' title="bbox 1898 5257 3462 5331">
    <p class='ocr_par' dir='ltr' id='par_1_88' title="bbox 1898 5257 3462 5331">
     <span class='ocr_line' id='line_1_90' title="bbox 1898 5257 3462 5331; baseline -0.003 -17"><span class='ocrx_word' id='word_1_638' title='bbox 1898 5257 2011 5331; x_wconf 79' lang='lat' dir='ltr'><strong>quo</strong></span> <span class='ocrx_word' id='word_1_639' title='bbox 2046 5260 2280 5330; x_wconf 90' lang='lat' dir='ltr'><strong>plurima</strong></span> <span class='ocrx_word' id='word_1_640' title='bbox 2306 5257 2371 5316; x_wconf 80' lang='lat' dir='ltr'><strong>ex</strong></span> <span class='ocrx_word' id='word_1_641' title='bbox 2406 5260 2607 5315; x_wconf 83' lang='lat' dir='ltr'><strong>Justini</strong></span> <span class='ocrx_word' id='word_1_642' title='bbox 2641 5259 2897 5331; x_wconf 74' lang='lat' dir='ltr'><strong>Martyris</strong></span> <span class='ocrx_word' id='word_1_643' title='bbox 2936 5259 3161 5330; x_wconf 85' lang='lat' dir='ltr'><strong>Dialogo</strong></span> <span class='ocrx_word' id='word_1_644' title='bbox 3202 5257 3320 5314; x_wconf 77' lang='lat' dir='ltr'><strong>cum</strong></span> <span class='ocrx_word' id='word_1_645' title='bbox 3355 5257 3462 5328; x_wconf 82' lang='lat' dir='ltr'><strong>Try</strong></span> 
     </span>
    </p>
   </div>
   <div class='ocr_carea' id='block_1_89' title="bbox 1898 5330 3486 5401">
    <p class='ocr_par' dir='ltr' id='par_1_89' title="bbox 1898 5330 3486 5401">
     <span class='ocr_line' id='line_1_91' title="bbox 1898 5330 3486 5401; baseline -0.002 -17"><span class='ocrx_word' id='word_1_646' title='bbox 1898 5330 2067 5400; x_wconf 69' lang='lat' dir='ltr'><strong>phone</strong></span> <span class='ocrx_word' id='word_1_647' title='bbox 2096 5331 2290 5385; x_wconf 70' lang='lat' dir='ltr'><strong>Judwo</strong></span> <span class='ocrx_word' id='word_1_648' title='bbox 2334 5331 2713 5401; x_wconf 77' lang='lat' dir='ltr'><strong>transcripsit.</strong></span> <span class='ocrx_word' id='word_1_649' title='bbox 2738 5330 2877 5396; x_wconf 88' lang='lat' dir='ltr'><strong>Quid</strong></span> <span class='ocrx_word' id='word_1_650' title='bbox 2927 5332 2972 5384; x_wconf 90' lang='lat' dir='ltr'><strong>si</strong></span> <span class='ocrx_word' id='word_1_651' title='bbox 3023 5331 3187 5401; x_wconf 91' lang='lat' dir='ltr'><strong>igitur</strong></span> <span class='ocrx_word' id='word_1_652' title='bbox 3214 5331 3486 5391; x_wconf 85' lang='lat' dir='ltr'><strong>dicamus,</strong></span> 
     </span>
    </p>
   </div>
   <div class='ocr_carea' id='block_1_90' title="bbox 1898 5399 3487 5471">
    <p class='ocr_par' dir='ltr' id='par_1_90' title="bbox 1898 5399 3487 5471">
     <span class='ocr_line' id='line_1_92' title="bbox 1898 5399 3487 5471; baseline -0.001 -18"><span class='ocrx_word' id='word_1_653' title='bbox 1898 5399 2108 5471; x_wconf 75' lang='lat' dir='ltr'><strong>aliqua,</strong></span> <span class='ocrx_word' id='word_1_654' title='bbox 2154 5416 2278 5471; x_wconf 69' lang='lat' dir='ltr'><strong>qua:</strong></span> <span class='ocrx_word' id='word_1_655' title='bbox 2320 5402 2382 5471; x_wconf 79' lang='lat' dir='ltr'><strong>in</strong></span> <span class='ocrx_word' id='word_1_656' title='bbox 2437 5399 2664 5471; x_wconf 81' lang='lat' dir='ltr'><strong>Dialogo</strong></span> <span class='ocrx_word' id='word_1_657' title='bbox 2704 5400 2812 5455; x_wconf 89' lang='lat' dir='ltr'><strong>isto</strong></span> <span class='ocrx_word' id='word_1_658' title='bbox 2859 5415 2987 5471; x_wconf 21' lang='lat' dir='ltr'><strong>non,</strong></span> <span class='ocrx_word' id='word_1_659' title='bbox 3016 5399 3383 5471; x_wconf 72' lang='lat' dir='ltr'><strong>reperiuntur,</strong></span> <span class='ocrx_word' id='word_1_660' title='bbox 3419 5415 3487 5453; x_wconf 60' lang='lat' dir='ltr'><strong>ex</strong></span> 
     </span>
    </p>
   </div>
   <div class='ocr_carea' id='block_1_91' title="bbox 1903 5468 3488 5540">
    <p class='ocr_par' dir='ltr' id='par_1_91' title="bbox 1903 5468 3488 5540">
     <span class='ocr_line' id='line_1_93' title="bbox 1903 5468 3488 5540; baseline -0.001 -16"><span class='ocrx_word' id='word_1_661' title='bbox 1903 5468 2275 5540; x_wconf 63' lang='lat' dir='ltr'><strong>Disputationes</strong></span> <span class='ocrx_word' id='word_1_662' title='bbox 2303 5470 2522 5525; x_wconf 73' lang='lat' dir='ltr'><strong>Iasonis</strong></span> <span class='ocrx_word' id='word_1_663' title='bbox 2548 5468 2843 5527; x_wconf 79' lang='lat' dir='ltr'><strong>Christiani</strong></span> <span class='ocrx_word' id='word_1_664' title='bbox 2873 5480 2924 5524; x_wconf 88' lang='lat' dir='ltr'><strong>et</strong></span> <span class='ocrx_word' id='word_1_665' title='bbox 2955 5468 3174 5540; x_wconf 78' lang='grc' dir='ltr'><strong>Ραρίεεὶ</strong></span> <span class='ocrx_word' id='word_1_666' title='bbox 3202 5468 3384 5523; x_wconf 63' lang='lat' dir='ltr'><strong>Iudici</strong></span> <span class='ocrx_word' id='word_1_667' title='bbox 3417 5472 3488 5522; x_wconf 86' lang='lat' dir='ltr'><strong>ah</strong></span> 
     </span>
    </p>
   </div>
   <div class='ocr_carea' id='block_1_92' title="bbox 1897 5540 3483 5611">
    <p class='ocr_par' dir='ltr' id='par_1_92' title="bbox 1897 5540 3483 5611">
     <span class='ocr_line' id='line_1_94' title="bbox 1897 5540 3483 5611; baseline -0.002 -17"><span class='ocrx_word' id='word_1_668' title='bbox 1897 5542 2151 5597; x_wconf 88' lang='lat' dir='ltr'><strong>Aristone</strong></span> <span class='ocrx_word' id='word_1_669' title='bbox 2190 5543 2502 5611; x_wconf 86' lang='lat' dir='ltr'><strong>conscripta</strong></span> <span class='ocrx_word' id='word_1_670' title='bbox 2532 5557 2657 5597; x_wconf 90' lang='lat' dir='ltr'><strong>eum</strong></span> <span class='ocrx_word' id='word_1_671' title='bbox 2706 5541 3112 5610; x_wconf 84' lang='lat' dir='ltr'><strong>deprompsisse</strong></span> <span class='ocrx_word' id='word_1_672' title='bbox 3158 5550 3212 5594; x_wconf 91' lang='lat' dir='ltr'><strong>et</strong></span> <span class='ocrx_word' id='word_1_673' title='bbox 3257 5540 3483 5611; x_wconf 59' lang='lat' dir='ltr'><strong>ulterius</strong></span> 
     </span>
    </p>
   </div>
   <div class='ocr_carea' id='block_1_93' title="bbox 1896 5608 3483 5681">
    <p class='ocr_par' dir='ltr' id='par_1_93' title="bbox 1896 5608 3483 5681">
     <span class='ocr_line' id='line_1_95' title="bbox 1896 5608 3483 5681; baseline -0.003 -14"><span class='ocrx_word' id='word_1_674' title='bbox 1896 5611 2267 5668; x_wconf 88' lang='lat' dir='ltr'><strong>dilucidassc?</strong></span> <span class='ocrx_word' id='word_1_675' title='bbox 2310 5608 2584 5674; x_wconf 78' lang='lat' dir='ltr'><strong>Grabius,</strong></span> <span class='ocrx_word' id='word_1_676' title='bbox 2618 5613 2686 5666; x_wconf 90' lang='lat' dir='ltr'><strong>ad</strong></span> <span class='ocrx_word' id='word_1_677' title='bbox 2732 5608 2856 5681; x_wconf 83' lang='lat' dir='ltr'><strong>pag.</strong></span> <span class='ocrx_word' id='word_1_678' title='bbox 2894 5608 2997 5665; x_wconf 69' lang='lat'><strong>15?.</strong></span> <span class='ocrx_word' id='word_1_679' title='bbox 3041 5620 3097 5665; x_wconf 89' lang='lat' dir='ltr'><strong>et</strong></span> <span class='ocrx_word' id='word_1_680' title='bbox 3126 5611 3265 5673; x_wconf 64' lang='lat'><strong>240,</strong></span> <span class='ocrx_word' id='word_1_681' title='bbox 3300 5611 3406 5664; x_wconf 82' lang='lat' dir='ltr'><strong>vol.</strong></span> <span class='ocrx_word' id='word_1_682' title='bbox 3442 5608 3483 5662; x_wconf 90' lang='lat' dir='ltr'><strong>ll</strong></span> 
     </span>
    </p>
   </div>
   <div class='ocr_carea' id='block_1_94' title="bbox 1898 5681 3478 5752">
    <p class='ocr_par' dir='ltr' id='par_1_94' title="bbox 1898 5681 3478 5752">
     <span class='ocr_line' id='line_1_96' title="bbox 1898 5681 3478 5752; baseline -0.002 -15"><span class='ocrx_word' id='word_1_683' title='bbox 1898 5681 2173 5752; x_wconf 85' lang='lat' dir='ltr'><strong>Spicilegii</strong></span> <span class='ocrx_word' id='word_1_684' title='bbox 2215 5681 2476 5747; x_wconf 84' lang='lat' dir='ltr'><strong>Patrum,</strong></span> <span class='ocrx_word' id='word_1_685' title='bbox 2528 5683 2616 5735; x_wconf 91' lang='lat' dir='ltr'><strong>ubi</strong></span> <span class='ocrx_word' id='word_1_686' title='bbox 2660 5682 2727 5736; x_wconf 89' lang='lat' dir='ltr'><strong>ad</strong></span> <span class='ocrx_word' id='word_1_687' title='bbox 2774 5698 2897 5751; x_wconf 88' lang='lat' dir='ltr'><strong>pag.</strong></span> <span class='ocrx_word' id='word_1_688' title='bbox 2937 5681 3041 5735; x_wconf 73' lang='lat'><strong>127</strong></span> <span class='ocrx_word' id='word_1_689' title='bbox 3073 5690 3126 5738; x_wconf 88' lang='lat' dir='ltr'><strong>ct</strong></span> <span class='ocrx_word' id='word_1_690' title='bbox 3169 5697 3321 5752; x_wconf 84' lang='lat' dir='ltr'><strong>seqq.</strong></span> <span class='ocrx_word' id='word_1_691' title='bbox 3374 5682 3478 5734; x_wconf 78' lang='lat' dir='ltr'><strong>fra-</strong></span> 
     </span>
    </p>
   </div>
   <div class='ocr_carea' id='block_1_95' title="bbox 1897 5751 2900 5826">
    <p class='ocr_par' dir='ltr' id='par_1_95' title="bbox 1897 5751 2900 5826">
     <span class='ocr_line' id='line_1_97' title="bbox 1897 5751 2900 5826; baseline -0.002 -17"><span class='ocrx_word' id='word_1_692' title='bbox 1897 5751 2119 5826; x_wconf 73' lang='lat' dir='ltr'><strong>gmenta</strong></span> <span class='ocrx_word' id='word_1_693' title='bbox 2152 5751 2316 5822; x_wconf 82' lang='lat' dir='ltr'><strong>huius</strong></span> <span class='ocrx_word' id='word_1_694' title='bbox 2348 5753 2633 5821; x_wconf 79' lang='lat' dir='ltr'><strong>scriptoris</strong></span> <span class='ocrx_word' id='word_1_695' title='bbox 2662 5752 2900 5817; x_wconf 71' lang='lat' dir='ltr'><strong>collegit.</strong></span> 
     </span>
    </p>
   </div>
  </div>
