3872 6210
456 389 592 442 1287

448 598 725 670 provincia
753 599 882 651 sita.
929 593 974 647 A
1015 590 1312 659 Serapione
1343 586 1418 657 (1)
1451 585 1792 639 Antiocheno
1819 583 2032 652 episco-

446 708 539 764 po,
567 689 659 760 qui
683 687 932 758 proxime
954 684 1074 754 ejus
1099 690 1310 736 aetatem
1341 679 1451 733 vita
1477 692 1574 730 sua
1603 676 1875 743 attigerat,
1907 673 2034 728 bea-

447 783 643 838 tissimi
672 779 852 838 Patris
881 776 1105 831 nomine
1149 770 1410 826 honorari
1460 767 1682 824 meruit.
1712 765 2035 836 Subseqniis

449 869 708 924 Ecclesia:
755 867 970 922 saeculis
1022 864 1317 934 episcopus
1367 861 1538 914 beata:
1589 857 1906 923 memoria,
1953 855 2035 909 vir

447 959 597 1013 omni
628 959 1006 1014 encomiorum
1035 948 1250 1025 'genere
1284 951 1647 1022 dignissimus
1687 949 1991 1003 habebatur
2015 989 2030 1013 ,

448 1061 614 1122 atque
654 1050 815 1104 veluti
857 1059 1178 1104 ceterorum
1221 1045 1568 1116 praelatorum
1613 1042 1829 1113 insigne
1870 1056 2036 1096 orna-

449 1154 692 1199 mentum
735 1158 801 1196 ac
845 1141 1145 1210 exemplar,
1177 1149 1231 1193 et
1274 1138 1537 1192 adversus
1563 1134 2034 1204 Cataphrygarum

450 1237 704 1292 heresim
746 1233 1106 1288 fortissimum
1140 1245 1295 1300 aeque
1347 1244 1412 1283 ac
1456 1227 1722 1282 invictum
1753 1225 1900 1281 velut
1930 1224 2036 1280 Ec-

449 1330 631 1386 clesia:
657 1328 1036 1383 fulcimentum
1072 1324 1149 1391 (ἱ)
1182 1321 1584 1378 celebrabatur.

521 1439 817 1494 Bollandus
867 1438 946 1507 (3)
1001 1433 1339 1506 Hierapolim
1389 1431 1537 1487 illius
1583 1429 1754 1485 fuisse
1800 1428 2033 1498 patriam

451 1539 658 1587 censet.
690 1529 880 1585 Judice
903 1528 1248 1583 Theodoreto
1277 1526 1354 1594 (4)
1379 1565 1396 1591 ,
1432 1543 1450 1576 ‹
1502 1531 1698 1594 praeter
1723 1521 2033 1576 divinarum

452 1636 635 1676 rerum
672 1619 1075 1688 cognitionem,
1107 1625 1332 1671 externa
1375 1629 1594 1684 quoque
1621 1611 1910 1681 disciplina
1943 1610 2034 1680 (id

448 1721 535 1766 est
575 1710 824 1782 profanis
873 1724 937 1763 ac
982 1707 1401 1763 humanioribus
1461 1703 1749 1774 scientiis)
1794 1702 1896 1756 fuit
1939 1718 2034 1755 cx-

449 1805 649 1859 cultus.
690 1822 708 1854 ›
749 1801 886 1855 Vitae
919 1799 1040 1869 ejus
1072 1797 1433 1868 particulares
1463 1794 1912 1851 circumstantias
1942 1806 2030 1862 pe-

449 1895 600 1949 nitus
651 1895 992 1962 ignoramus.
1026 1888 1226 1943 Verum
1273 1887 1523 1942 encomia
1547 1927 1563 1952 ,
1601 1886 1803 1956 quibus
1839 1901 1870 1939 a
1902 1883 2035 1936 viris

450 1984 786 2041 doctissimis
825 1992 991 2052 atque
1023 1980 1390 2035 sanctissimis
1421 1978 1926 2040 commendabatur,
1950 1974 2038 2042 ju-

449 2077 669 2133 dicandi
699 2076 854 2131 nobis
883 2074 1094 2144 copiam
1123 2072 1350 2136 faciunt,
1385 2071 1759 2140 Apollinarem
1789 2078 2036 2123 nostrum

449 2173 618 2226 vitam
672 2182 963 2236 moresque
1009 2179 1140 2221 suos
1174 2164 1507 2218 adamussim
1539 2163 1692 2232 juxta
1726 2163 2042 2231 praecellen-

451 2274 560 2320 tem
589 2260 916 2331 episcopalis
936 2256 1220 2329 dignitatis
1246 2255 1474 2326 gradum
1509 2255 1836 2318 instituisse,
1874 2261 2040 2321 atque

451 2353 854 2413 conformasse,
890 2364 1067 2418 neque
1099 2362 1225 2402 eum
1256 2346 1441 2399 minus
1465 2345 1519 2398 in
1543 2345 1833 2408 charitate,
1873 2359 2038 2413 quam

453 2445 509 2498 in
537 2442 784 2498 scientiis
813 2439 1165 2494 excellnisse.
1217 2435 1430 2490 Floruit
1467 2443 1652 2491 autem
1678 2436 1834 2506 juxta
1865 2434 2037 2490 Euse-

452 2537 600 2590 bium
633 2534 736 2602 (5),
764 2531 1156 2602 Hieronymum
1183 2528 1260 2598 (6)
1287 2538 1450 2597 atque
1470 2527 1746 2594 Photium,
1765 2527 1835 2582 M.
1862 2527 2036 2581 Aure-

452 2627 525 2681 lio
568 2625 845 2679 Antonino
906 2624 1231 2692 imperante.
1290 2621 1480 2691 Neque
1531 2621 1677 2674 hunc
1731 2619 2036 2689 supervixit

450 2717 778 2788 principem.
826 2715 989 2771 Forte
1046 2715 1101 2769 in
1151 2715 1470 2785 episcopatu
1515 2712 1924 2784 llierapolitano
1973 2710 2033 2766 S.

450 2810 684 2865 Abercio
718 2808 802 2863 vel
828 2807 1007 2878 Papiae.
1036 2807 1298 2862 successit
1322 2805 1424 2876 (7).

525 2966 601 3034 (1)
629 2964 830 3019 Euseb.
867 2963 939 3034 Η.
977 2963 1041 3017 Ε.
1078 2979 1127 3018 c.
1165 2965 1252 3028 19,
1282 2963 1378 3016 lib.
1403 2979 1456 3016 v.

525 2968 572 3034 (1
629 2968 830 3019 Euseb.
867 2968 939 3018 11.
1078 2979 1127 3018 c.
1165 2968 1252 3028 19,
1282 2968 1378 3016 lih.
1403 2979 1456 3016 v.

525 2968 601 3105 (2)
627 3036 824 3091 Euseb.
861 3033 930 3087 Η.
976 3034 1042 3087 E.
1077 3036 1111 3088 1.
1143 3050 1197 3105 v,
1225 3051 1346 3104 cap.
1377 3035 1477 3096 16,
1512 3042 1565 3086 et
1594 3032 1842 3105 adversus
1871 3031 2039 3086 Cata-

489 3103 773 3176 hry'garum
805 3106 1066 3158 kwresim.
1096 3146 1107 3158 .
1136 3145 1150 3176 .
1180 3103 1322 3159 Deus
1361 3104 1729 3176 Apollinarem
1768 3103 2032 3176 Hierapo-

1555 373 1612 426 S.
1653 370 2006 430 CLAUDIUS
2036 367 2522 426 APOLLINARIS.

447 517 555 562 tem
608 501 917 572 Hierapolis
965 498 1158 554 civitas
1207 497 1262 550 in
1320 493 1553 562 Phrygia
1615 493 1757 546 Asia:
1815 492 2036 549 Minoris
2069 501 2112 556 Α

3597 358 3725 412 1988

2687 479 3080 538 ARTICULUS
3120 479 3183 536 ll.

2509 595 2720 652 Claudii
2764 595 3090 664 Apollinaris
3129 595 3348 662 scripta.

2207 710 2287 764 Ex
2316 711 2384 765 iis
2413 725 2564 776 vero,
2599 725 2720 779 quae
2749 709 2944 764 litteris
2977 708 3199 762 tradidit
3238 709 3470 764 illustris
3500 710 3605 764 iste
3635 709 3727 764 Ec-

2135 801 2314 856 clesia:
2355 800 2622 870 scriptor,
2665 798 2935 868 ejusmodi
2977 809 3105 852 sunt
3154 799 3432 853 veteribus
3481 799 3724 854 laudata.

2139 895 2193 948 1.
2212 893 2398 947 Oratio
2423 909 2516 960 pro
2539 892 2662 961 ﬁdei
2689 892 2989 960 defensione
3018 892 3084 945 ad
3116 890 3356 945 Marcum
3387 892 3727 946 Antoninum

2141 985 2361 1051 Verum,
2390 998 2536 1038 anno
2561 984 2780 1038 circiter
2819 983 2940 1052 ejus
2985 982 3214 1052 imperio
3257 983 3344 1050 10,
3387 982 3599 1038 Christi
3633 1001 3731 1038 au-

2134 1090 2242 1136 tem
2273 1095 2371 1150 pro
2399 1094 2506 1134 aera
2535 1078 2744 1148 vulgari
2775 1077 2899 1144 170,
2935 1077 3141 1140 oblata,
3173 1086 3236 1132 ut
3263 1078 3445 1148 arguit
3475 1077 3732 1133 Dodwel-

2135 1171 2222 1225 lus
2261 1170 2358 1240 (8).
2391 1170 2450 1224 2.
2495 1169 2757 1222 Adversus
2786 1176 2960 1237 gentes
2998 1167 3122 1221 libri
3155 1168 3414 1238 quinque.
3439 1169 3494 1223 ὅ.
3539 1167 3623 1222 De
3651 1186 3735 1222 oe-

2136 1265 2298 1316 ritate
2328 1260 2454 1315 libri
2489 1261 2619 1316 duo.
2668 1261 2724 1314 4.
2770 1259 2889 1313 Duo
2918 1260 3046 1314 item
3083 1260 3332 1315 adversus
3379 1260 3629 1316 Jndmos.
3677 1263 3730 1318 5.

2136 1356 2202 1410 Et
2234 1356 2348 1419 alii,
2402 1369 2544 1425 quos
2594 1352 2941 1424 postmodum
2984 1354 3228 1408 exaravit
3259 1355 3525 1409 adversus
3567 1355 3734 1408 Cata-

2135 1448 2395 1518 phrygas,
2430 1455 2562 1500 tunc
2602 1445 2838 1514 primum
2869 1452 3126 1510 exertos;
3165 1445 3232 1500 de
3281 1446 3484 1515 quibus
3517 1455 3735 1515 postre-

2136 1539 2241 1593 mis
2274 1538 2425 1592 libris
2451 1537 2643 1591 eodem
2673 1535 2914 1591 secundo
2967 1536 3182 1590 labente
3223 1538 3425 1592 saeculo
3459 1538 3732 1607 Serapion

2134 1630 2510 1685 Antiochenus
2557 1628 2849 1698 episcopus
2897 1628 2966 1682 ad
3021 1627 3276 1682 Caricum
3327 1638 3384 1684 et
3430 1627 3730 1684 Ponticum

2135 1723 2402 1783 scribens,
2447 1720 2587 1790 apud
2621 1719 2916 1774 Eusebium
2968 1720 3084 1774 inec
3122 1722 3313 1775 habet:
3356 1741 3374 1774 ι
3412 1721 3734 1778 Beatissimi

2135 1813 2347 1868 Claudii
2375 1811 2727 1882 Apollinaris,
2749 1810 2844 1879 qui
2870 1809 3290 1880 llierapolitanze
3317 1813 3468 1868 urbis
3507 1813 3564 1868 in
3597 1814 3732 1869 Asia

2135 1905 2427 1974 episcopus
2472 1903 2596 1967 fuit,
2645 1905 2846 1973 scripta
2895 1903 3010 1959 sive
3057 1905 3226 1958 libros
3256 1904 3323 1958 ad
3374 1921 3472 1960 vos
3514 1906 3668 1961 misi.
3709 1925 3729 1956 ι

2139 1999 2343 2053 Verum
2392 1998 2509 2052 hate
2555 1998 2771 2066 aliaque
2821 1997 3209 2068 Hierapolitani
3265 1998 3428 2067 hujus
3483 2001 3733 2070 episcopi

2138 2093 2302 2146 modo
2327 2101 2627 2146 memorata
2666 2090 2824 2145 hodie
2851 2091 3251 2152 desiderantur,
3277 2105 3584 2161 eorumque
3609 2103 3736 2147 tan—

2135 2195 2250 2240 tum
2282 2183 2670 2252 inscriptiones
2704 2184 2773 2237 ad
2808 2197 2911 2238 nos
2943 2191 3326 2251 pervenerunt.

2207 2276 2410 2330 Praeter
2441 2277 2702 2330 hactenus
2732 2280 3036 2329 memorata
3088 2287 3277 2342 Opera,
3332 2288 3457 2343 quae
3507 2275 3734 2344 penitus

2137 2367 2552 2428 interciderunt,
2585 2366 2783 2419 librum
2811 2379 3030 2434 quoque
3053 2363 3130 2418 De
3151 2364 3413 2419 Pass/tate
3435 2367 3733 2436 scripsisse

2135 2460 2471 2529 comperitur
2501 2458 2851 2528 Apollinaris,
2889 2457 3050 2524 cujus
3108 2455 3411 2526 fragmenta
3441 2460 3554 2512 duo
3583 2459 3733 2528 apud

2141 2560 2419 2607 auctorem
2453 2549 2693 2606 Chronici
2723 2549 3003 2604 Paschalis
3048 2549 3211 2618 vulgo
3241 2545 3588 2603 Alexandrini
3638 2564 3736 2603 su-

2141 2653 2386 2716 persunt.
2417 2642 2493 2697 De
2518 2641 2712 2695 horum
2735 2649 2915 2694 autem
2941 2637 3374 2708 fragmentorum
3397 2640 3735 2691 auctoritate

2141 2735 2392 2792 nonnulli
2421 2733 2753 2787 recentiores
2786 2730 3067 2786 dubitasse
3103 2739 3440 2794 noscuntur;
3475 2743 3622 2798 quos
3657 2729 3735 2782 in-

2145 2836 2226 2882 ter
2265 2827 2468 2882 eminet
2496 2823 2880 2879 Tilletnontius
2902 2822 3016 2893 (9),
3063 2836 3130 2877 eo
3160 2822 3422 2875 nimirum
3468 2821 3733 2886 nomine,

2143 2975 2307 3021 rant:
2346 2965 2472 3020 hinc
2516 2964 2734 3033 quidem
2790 2962 3079 3016 fulminum
3122 2962 3328 3031 jactus,
3380 2963 3584 3032 quibus
3629 2964 3733 3017 ho-

2146 3039 2311 3091 stium
2342 3037 2512 3104 copia:
2549 3037 2601 3087 in
2642 3034 2822 3103 fugam
2855 3049 3023 3087 versa:
3047 3043 3210 3102 atque
3241 3034 3529 3087 exstincta:
3562 3046 3734 3098 sunt;

2139 3108 2291 3161 illinc
2329 3122 2462 3160 vero
2497 3104 2754 3158 imbrium
2787 3104 2918 3169 vim,
2960 3104 3163 3173 quibus
3190 3105 3464 3158 exercitus
3497 3120 3697 3158 eorum
3719 3147 3736 3166 ,

475 3173 682 3233 itanum
707 3187 967 3247 tanquam
1004 3175 1244 3230 validum
1275 3184 1439 3245 atque
1461 3175 1722 3229 invictum
1747 3175 1913 3228 telum
1933 3189 2029 3228 ex-
2055 3177 2101 3240 C
2131 3179 2225 3248 qui
2282 3177 2451 3230 Deum
2497 3175 2700 3244 precati
2744 3173 2996 3236 fuerant,
3037 3174 3266 3248 jamjam
3306 3174 3395 3226 siti
3424 3174 3736 3242 periturus,

449 3249 663 3305 citavit.

555 3317 608 3388 5)
639 3317 717 3388 Ad
743 3316 886 3388 diem
917 3315 948 3388 7
979 3314 1283 3388 Februarii.

555 3319 608 3388 5)
639 3319 717 3371 Ad
743 3319 886 3369 diem
917 3319 948 3368 7
979 3319 1283 3368 Februarii.

523 3319 884 3512 ipegéeretic.
920 3385 1092 3456 fabul.
1121 3385 1214 3440 lib.
1254 3401 1337 3452 ιιι,
1378 3399 1500 3455 cap.
1532 3383 1569 3438 2
1607 3383 1743 3455 Opp.
1772 3394 1904 3440 tom.
1943 3382 2034 3450 IV,

495 3474 578 3513 aa.
604 3471 731 3512 2‘21.

455 3474 578 3531 pag.
604 3474 731 3512 ττι.

526 3529 601 3601 (5)
635 3527 834 3601 Euseb.
874 3524 941 3601 .
969 3523 1033 3578 Ε.
1055 3524 1102 3601 _l.
1130 3541 1210 3601 tv,
1234 3540 1354 3593 cap.
1383 3523 1454 3577 ‘26
1482 3533 1535 3578 et

549 3594 603 3666 li)
639 3599 694 3650 lit
733 3596 988 3666 Catalogo
1017 3596 1115 3649 vir.
1151 3594 1349 3666 illustr.
1371 3637 1384 3659 ,
1417 3610 1536 3666 cap.
1569 3595 1660 3649 9.6.

549 3610 603 3666 ti)
640 3610 694 3650 In
733 3610 988 3666 Latatogo
1017 3612 1115 3649 vir.
1151 3610 1349 3648 utustr.
1371 3637 1384 3659 ,
1417 3610 1536 3663 cap.
1569 3610 1660 3649 τι).

528 3610 604 3739 i7)
640 3666 1000 3739 ἸξῇμεθιῐιοιιιηΔ
1015 3675 1164 3739 temo
1221 3665 1273 3739 ll_
1305 3665 1884 3739 de_s_Mémoires_,_pag.

529 3671 581 3739 (7
640 3671 976 3729 Tillemont.,
1015 3675 1164 3718 tnmo
1221 3671 1262 3719 11
1305 3671 1395 3718 des
1434 3671 1734 3727 Mémoires,
1763 3679 1884 3734 pag.
1908 3671 2035 3719 207.

529 3671 604 3810 (8)
649 3728 930 3810 Dissertat.
959 3732 1214 3810 Cyprian.
1246 3735 1377 3810 ᾖς
1406 3736 1495 3798 59,
1529 3750 1662 3810 pag;
1693 3735 1800 3788 264
1815 3735 2039 3810 _c_t‘Di_s-

457 3803 648 3866 uertat.
695 3809 728 3860 4
774 3813 912 3861 lreu.
937 3849 952 3872 ,
1000 3807 1055 3875 ᾗῇ
1083 3807 1153 3858 51
1184 3814 1238 3859 et
1265 3803 1371 3868 59,
1407 3803 1537 3874 pag.
1565 3804 1669 3859 359
1718 3813 1772 3858 et
1815 3803 1941 3858 372.
1973 3803 2034 3856 D.

459 3879 824 3949 Hieronymus
855 3878 907 3930 in
936 3875 1194 3949 Catalogo
1246 3877 1478 3949 virorum
1519 3875 1809 3949 illustrin_m
1845 3875 2038 3949 Apolo-

458 3951 602 4021 giain
643 3943 782 4021 lianc
831 3943 1283 4021 vocat_voltinteit
1334 3945 1580 4021 insigne,
1622 3945 1894 4021 quodpro
1935 3943 2041 3998 fide

457 4013 895 4074 ilhristianomm
920 4017 1066 4070 dedit
1091 4013 1592 4085 Apollinaris,’cap.
1620 4013 1710 4068 96.
1737 4013 2038 4085 Tillemon-

458 4092 558 4157 tio,
590 4087 866 4142 Memoires
903 4086 966 4139 de
989 4083 1176 4157 ζΗὶιὶ.
1201 4128 1214 4149 ,
1251 4095 1289 4138 t.
1334 4083 1702 4157 ll.__pag.;‘207,
1737 4093 1906 4157 atque
1930 4083 2037 4157 Re-

457 4153 624 4230 migio
658 4157 951 4220 Ccillierio,
971 4155 1110 4209 Hist.
1142 4157 1318 4230 génér.
1336 4153 1522 4230 till,ij
1547 4153 2038 4230 8?),luecApologia

458 4224 694 4301 prtinum
746 4243 892 4301 anno
914 4224 1319 4301 tertevulgaris
1352 4224 1402 4280 J.
1443 4224 1556 4301 Clt._
1582 4227 1684 4301 175
1707 4226 1791 4301 vel
1813 4225 1934 4301 .176
1970 4225 2040 4278 ab

456 4295 756 4370 Apollinari
787 4295 1201 4370 Hierapolitano
1228 4307 1479 4370 exarata
1509 4297 1749 4370 videtur‘
1774 4295 1924 4370 hisee
1971 4309 2036 4348 ex

461 4364 863 4440 fundamentis:
905 4364 1355 4440 primoquident,
1379 4367 1526 4440 quia
1552 4365 1837 4440 Eusebius
1854 4364 2038 4440 Caesa-

459 4441 657 4495 riensis
681 4477 697 4502 ,
750 4435 1214 4493 facta'mentione
1254 4436 1578 4506 Apologetici
1624 4435 1687 4489 D.
1722 4435 1994 4489 Melitonis
2021 4475 2036 4499 ,

2141 3245 2338 3319 prater
2383 3262 2542 3319 spem
2596 3253 2874 3319 recreatus
2921 3259 3025 3298 (εει.
3078 3245 3256 3319 Atque
3282 3259 3353 3319 ea
3394 3259 3488 3319 res
3523 3254 3644 3319 turn
3703 3264 3733 3298 a

2141 3313 2501 3388 scriptoribus
2531 3331 2562 3369 a
2597 3314 2703 3369 fide
2747 3322 2935 3368 nostra
2982 3315 3199 3384 penitus
3244 3313 3474 3388 alienis,
3525 3315 3737 3388 quibus

2139 3384 2288 3443 cura:
2312 3388 2415 3442 fuit
2439 3403 2526 3441 res
2559 3400 2625 3439 eo
2657 3395 2900 3452 tempore
2922 3393 3102 3452 gestas
3132 3384 3410 3439 memoriae
3439 3384 3731 3448 mandare,

2141 3468 2254 3513 tum
2287 3473 2315 3511 a
2359 3457 2566 3511 nostris
2595 3457 2758 3510 etiam
2807 3455 3123 3508 hominibus
3153 3453 3408 3508 refertur.
3456 3453 3564 3509 Sed
3597 3471 3736 3524 gen-

2141 3530 2318 3583 tilium
2350 3528 2646 3596 scriptores
2671 3565 2687 3587 ,
2733 3533 2921 3596 utpote
2967 3539 2999 3576 a
3035 3524 3299 3596 religione
3338 3534 3530 3579 nostra
3559 3525 3734 3579 dissi-

2139 3600 2328 3653 dentes
2355 3636 2371 3662 ,
2420 3595 2524 3651 hoc
2561 3597 2780 3664 quidem
2821 3595 3144 3648 miraculum
3184 3606 3730 3664 commemorarunt;

2140 3685 2249 3722 non
2282 3680 2462 3722 tamen
2499 3666 2550 3718 id
2585 3663 2895 3720 nostrorum
2928 3665 3181 3732 precibus
3205 3663 3408 3718 factum
3435 3680 3559 3719 esse
3590 3680 3731 3718 con-

2140 3738 2268 3793 fessi
2308 3745 2456 3794 suut.
2485 3735 2668 3791 Nostri
2691 3750 2821 3788 vero
2841 3743 3028 3804 utpote
3051 3733 3296 3789 veritatis
3322 3736 3569 3789 cultores
3594 3736 3734 3789 sin:-

2140 3809 2365 3878 pliciter;
2383 3817 2546 3878 atque
2591 3807 3000 3878 ingenueurem
3029 3804 3200 3878 ipsam
3237 3804 3446 3878 litteris
3489 3807 3733 3878 tradide-

2140 3824 2352 3878 Pllf‘llel'
2383 3824 2434 3861 at
2479 3824 2546 3861 ue
2591 3824 2826 3877 tngenue
2865 3824 2979 3858 rem
3029 3824 3200 3873 Ipsam
3250 3824 3446 3859 tuteris
3489 3824 3730 3858 ιηιηιαεδ-

2140 3887 2291 3933 runt.
2329 3876 2407 3931 Ex
2439 3824 2548 3930 (ius
2587 3886 2671 3930 est
2703 3875 3058 3943 Apollinaris,
3107 3875 3199 3943 qui
3237 3874 3504 3943 legionem
3549 3875 3730 3939 illam,

2139 3949 2299 4017 cujus
2335 3948 2587 4017 precibus
2625 3947 2674 4000 id
2704 3945 3035 4017 miraculum
3064 3952 3432 4017 perpetratum
3473 3955 3581 4017 est,
3630 3962 3736 4000 ex-

2141 4014 2267 4072 inde
2298 4014 2543 4088 congruo
2581 4017 2659 4070 rei
2689 4015 2957 4069 vocabulo
2997 4014 3444 4088 Fulmineam_ab
3482 4015 3732 4088 impera-

2142 4098 2261 4143 tore
2288 4083 2728 4158 cognominatam
2761 4100 2882 4158 esse
2912 4085 3124 4158 scribit.
3165 4103 3182 4135 ι
3222 4083 3299 4138 lta
3331 4083 3632 4158 Eusebius.
3669 4086 3728 4140 In

2139 4171 2302 4228 quem
2349 4153 2527 4228 locum
2557 4172 2609 4228 γ.
2654 4157 2724 4210 cl.
2761 4153 3313 4228 Valesiusobservat,
3350 4155 3464 4228 jam
3514 4156 3727 4228 dudum

2140 4224 2423 4296 monuisse
2465 4225 2801 4296 Scaligerum
2838 4225 2891 4296 in
2935 4224 3508 4296 animadversionihus
3552 4225 3731 4280 Euse-

2140 4298 2321 4352 bianis
2347 4294 2678 4367 ,Legiouem
2722 4294 3144 4367 fiilminatricem
3186 4295 3254 4347 ab
3297 4297 3403 4349 hoc
3449 4295 3730 4367 miraculo

2141 4364 2582 4437 cognominaiam
2631 4364 2951 4437 nonfuisse
2981 4405 3015 4437 ,Α
3055 4365 3256 4437 quippe
3299 4381 3421 4432 qua:
3455 4365 3552 4437 diu
3597 4376 3729 4421 ante

2142 4435 2389 4508 tempora
2435 4435 2508 4491 Μ.
2557 4435 3082 4508 AureliiAntonini
3114 4437 3462 4508 Aitauvocata
3533 4436 3724 4508 fuerit.

457 4511 644 4586 statim
677 4509 854 4586 capite
886 4507 954 4586 27
995 4509 1361 4586 subsequente
1404 4508 1707 4586 orati_o_n_e_m
1739 4505 2034 4586 a_pol_oge.ti-
2067 4532 2109 4586 ο
2145 4505 2311 4586 Docet
2343 4507 2394 4561 id
2425 4507 2710 4560 manifeste
2739 4505 2836 4560 Dio
2858 4506 3087 4586 _Ca_ssius
3112 4505 3164 4558 in
3198 4505 3337 4559 libro
3369 4522 3466 4586 tv,
3506 4507 3619 4586 ubi_
3647 4507 3728 4561 le-

430 4579 578 4635 ‘catn
609 4575 939 4649 Apollinaris
969 4575 1208 4649 subjicit.
1237 4575 1356 4649 Jain
1381 4592 1510 4631 vero
1537 4577 1810 4649 Melitonis
1827 4575 2033 4649 _A__polo-

498 4653 628 4713 iam,
659 4645 723 4703 ut
758 4664 922 4718 supra
955 4645 1211 4710 vidimus,
1251 4648 1316 4700 ad
1347 4663 1550 4718 annum
1579 4646 1628 4700 J.
1660 4647 1764 4700 Ch.
1791 4645 1894 4699 175
1944 4661 2034 4699 re-

481 4723 659 4774 crunt.
710 4717 959 4774 Secundo
1022 4719 1178 4772 aiunt
1223 4733 1361 4788 eam,
1410 4717 2030 4788 Apologiant__scriptam

461 4791 628 4845 fuisse
653 4798 778 4859 post
798 4789 1082 4844 victoriam
1118 4784 1682 4859 illamgmiraculosvam
1719 4784 1804 4859 M._
1823 4786 2030 4859 Aurelii

459 4862 528 4916 de
564 4856 967 4914 Marcomannis
1012 4869 1068 4914 et
1113 4857 1317 4912 Guadis
1354 4867 1717 4927 reportatam,
1763 4856 2030 4925 siquidem

463 4931 522 4985 ὃ.
565 4930 917 5000 Apollinaris
949 4929 1112 4999 hujus
1161 4927 1489 5000 victorimin
1540 4943 1642 5000 suo
1695 4927 2032 5000 Apologetico

462 4997 792 5056 mentionem
820 4999 967 5064 facit,
998 4997 1164 5069 atque
1185 4998 1290 5069 hoc
1321 5014 1386 5053 ex
1416 4997 1565 5069 fonte
1598 4997 1866 5052 Eusebius
1894 4997 2032 5069 hau-

460 5073 552 5136 sit,
587 5070 829 5141 quidque
861 5071 928 5141 de
958 5065 1170 5141 legione
1193 5067 1453 5141 Melitina,
1482 5067 1764 5141 fulminea,
1801 5082 1896 5141 seu
1927 5065 2030 5141 fui:

462 5135 756 5210 minatriee
781 5135 1470 5210 posthac'dicta,disserit.
1505 5136 1584 5210 En
1609 5139 1784 5207 ipsius
1810 5135 2031 5210 Eusebii

460 5212 648 5278 verba,
686 5208 756 5263 Η.
891 5211 927 5266 l.
965 5225 1016 5274 v,
1047 5225 1169 5278 cap.
1202 5209 1277 5263 5:
1319 5208 1484 5263 «Cum
1517 5207 1778 5263 adversus
1804 5207 2032 5262 Germa-

461 5298 559 5336 nos
590 5291 645 5335 et
686 5281 969 5336 Sarmatas
1008 5289 1349 5350 pugnaturus
1379 5280 1551 5334 aciem
1597 5279 1930 5350 instrueret,
1976 5284 2032 5330 et

459 5352 730 5407 exercitus
758 5351 931 5419 ipsius
960 5351 1050 5405 siti
1091 5348 1465 5418 premeretur,
1506 5363 1662 5420 'pen_e
1692 5348 1758 5402 ad
1791 5348 2028 5420 inopiam

460 5422 675 5478 consilii
720 5416 998 5474 redactum
1049 5416 1191 5484 esse,
1245 5416 1569 5474 memorant.
1603 5416 1739 5470 Tum
1773 5433 1900 5470 vero
1929 5417 2030 5469 tui-

461 5494 582 5546 lites
607 5491 836 5561 legionis
861 5490 1135 5554 Melitinaa,
1160 5505 1282 5559 quae
1312 5490 1433 5544 fidei
1461 5489 1656 5561 merito
1683 5488 1846 5540 etiam
1881 5501 2030 5561 nunc

462 5556 820 5620 mauctfdum
855 5561 1001 5614 acies
1031 5556 1294 5615 adversus
1327 5561 1510 5614 hostes
1541 5559 1847 5620 ordinatur,
1875 5556 2029 5610 flexis

463 5635 516 5683 iu
562 5632 1042 5699 terramgeuibus,
1083 5638 1144 5682 ut
1191 5631 1395 5684 nostris
1427 5629 1710 5699 orantibus
1757 5643 1876 5682 mos
1921 5636 2026 5692 est,

463 5715 649 5766 preces
672 5701 738 5769 ad
771 5698 942 5754 Deum
984 5699 1187 5753 fudisse
1210 5700 1581 5769 perhibentur.
1617 5698 1787 5769 Cujus
1814 5707 2024 5769 specta-

464 5768 570 5820 culi
617 5768 858 5838 novitate
908 5769 1156 5822 hostibus
1200 5767 1518 5838 stupefactis
1543 5810 1558 5833 ,
1590 5767 1732 5824 aliud
1766 5768 2024 5837 quiddam

465 5842 621 5908 longe
673 5837 863 5906 majori
905 5839 1128 5906 dignum
1179 5837 1536 5894 admiratione
1585 5839 1850 5895 accidisse
1901 5854 2025 5892 nar-

2136 4579 2327 4702 gicones
2367 4592 2558 4632 omnes
2589 4582 2898 4631 enumerat.
2924 4573 3091 4630 Vetus
3123 4591 3342 4644 quoque
3367 4576 3662 4645 inscriptio
3693 4593 3725 4632 a

2156 4648 2168 4662 ‘
2210 4649 2414 4702 aligero
2468 4647 2682 4702 prolata
2736 4648 2972 4702 idinsum
3005 4648 3314 4700 contirmat.
3345 4646 3722 4702 Quamobrem

2156 4648 2414 4718 icaligero
2468 4647 2682 4716 prolata
2736 4648 2973 4718 idipsum
3005 4646 3722 4718 conlirmat..rQuamobrem

2132 4718 2201 4788 de
2229 4716 2350 4788 ipio
2381 4718 2601 4787 quidem
2633 4717 3125 4788 miraculoipluvia:
3149 4716 3535 4788 a_Christianis
3573 4718 3724 4788 mili-

2133 4784 2277 4842 tibus
2303 4784 2627 4857 impetratae,
2657 4797 2712 4841 et
2743 4784 3040 4854 Apollinari
3068 4795 3131 4857 et
3167 4784 3504 4857 Tertulliano
3531 4800 3584 4841 et
3615 4786 3720 4840 Eu-

2132 4859 2285 4912 sebio
2336 4854 2695 4921 testantibus,
2735 4857 2895 4911 facile
2935 4856 3242 4917 credimus,
3265 4854 3558 4926 Legionem
3590 4873 3723 4910 \ero

2132 4927 2432 4982 Melitinam
2465 4929 2536 4980 ob
2584 4927 2638 4981 id
2684 4927 3106 4982 fulminatricem
3151 4926 3352 4979 dictam
3403 4941 3529 4980 esse
3568 4942 3602 4980 a
3645 4926 3714 4981 Μ,

2131 4999 2411 5052 Antonino
2443 4998 2769 5066 imperatore
2801 4997 3043 5050 nondum
3078 4996 3212 5048 mihi
3249 4999 3526 5064 persuasit
3551 4997 3716 5066 Apol-

2133 5067 2357 5133 linaris,
2413 5065 2587 5138 munt
2621 5068 2804 5137 judice
2851 5082 3072 5138 summo
3101 5066 3304 5138 critico
3349 5067 3514 5138 Patre
3551 5065 3719 5138 Pagio

2133 5139 2199 5191 ad
2227 5154 2432 5192 annum
2463 5136 2513 5191 J.
2555 5136 2658 5192 Ch.
2691 5137 2818 5202 174,
2848 5151 2956 5190 non
2983 5136 3322 5199 dubitamus,
3368 5137 3504 5203 quin
3547 5136 3714 5190 multa

2131 5206 2271 5261 falsa
2303 5209 2448 5262 veris
2475 5208 2730 5268 admista
2770 5207 2992 5261 fuerint.
3030 5205 3268 5260 Consule
3313 5206 3481 5259 etiam
3530 5205 3710 5261 thsii

2130 5278 2399 5332 diatriben
2413 5271 2735 5332 dé.Leaione
2756 5275 3121 5331 fulminatriee
3140 5275 3588 5330 Christianorum
3615 5278 3713 5332 sub

2133 5347 2459 5416 imperatore
2475 5349 2546 5400 Μ.
2571 5345 2796 5402 Aurelio
2836 5345 3136 5409 Antonino,
3160 5345 3557 5416 Amstelodami
3583 5348 3715 5400 1685

2131 5414 2478 5488 impressam.
2527 5417 2770 5488 Denique
2813 5418 3041 5472 observa
3084 5433 3212 5471 cum
3255 5414 3610 5471 Tillemontio
3648 5416 3712 5469 ad

2132 5487 2447 5558 Apologiam
2502 5487 2875 5558 Apollinaris:
2941 5503 3008 5540 ex
3062 5501 3167 5558 eo,
3219 5488 3366 5556 quod
3419 5489 3711 5556 antiquitas

2130 5557 2289 5611 nobis
2333 5559 2468 5610 nihil
2508 5557 2576 5612 de
2621 5560 2724 5612 hac
2751 5558 2998 5612 oratione
3038 5557 3386 5626 apologetica
3415 5558 3713 5627 reliquerit,

2125 5627 2371 5694 judicatu
2397 5629 2612 5683 difﬁcile
2643 5637 2748 5694 est,
2786 5643 3038 5698 quaenam
3074 5632 3127 5681 in
3165 5629 3347 5696 specie
3377 5629 3596 5697 objecta
3626 5628 3712 5682 illa

2131 5698 2385 5766 attigerit.
2422 5699 2820 5764 'l'illemontius,
2845 5699 2947 5752 loc.
2984 5699 3076 5751 cit.

2203 5769 2279 5842 (9)
2312 5767 2485 5842 liettre
2511 5787 2582 5822 au
2616 5769 2679 5824 Β.
2711 5768 2774 5823 Ρ.
2818 5769 3006 5838 Lamy,
3099 5768 3188 5836 '72,
3220 5768 3252 5824 ᾗ
3282 5768 3333 5824 la
3367 5768 3440 5824 ﬁn
3479 5767 3554 5824 du
3586 5778 3711 5823 ιωη,

2129 5837 2172 5892 ll
2201 5840 2297 5896 dcs
2324 5837 2480 5893 Mem.
2508 5841 2636 5894 εει-Ι.
