3872 6210
159 298 302 354 ηδε)

1644 270 1947 359 norma.

3292 303 3432 360 1290

157 416 308 485 quod
335 414 548 472 Claudii
578 417 908 488 Apollinaris
938 436 1102 491 opera
1133 436 1424 477 recensens
1449 421 1736 488 Eusebius,
1768 424 1816 481 Δ
1841 430 2034 476 nentes
2079 419 2288 475 Pascha
2342 419 2632 476 Iudaicum
2683 436 2712 476 a
2767 419 2896 477 Iesu
2943 421 3165 477 Christo
3208 419 3419 478 laetum

158 511 295 564 illud
323 509 400 563 De
434 509 697 564 Paschate
723 512 920 566 tacitus
957 514 1296 583 praeterierit,
1328 530 1502 584 neque
1527 515 1739 586 uspiam

160 603 308 670 apud
367 602 697 671 scriptorum
750 605 1248 660 ecclesiasticarum
1307 608 1741 663 nomenclatores

158 695 282 763 ejus
332 695 538 751 mentio
585 706 854 751 recurrat.
896 695 1058 752 Esto:
1090 698 1156 752 de
1199 698 1293 753 illo
1319 700 1539 769 quidem
1579 716 1742 770 opere

160 780 289 836 silet
333 781 622 850 Eusebius,
652 799 828 857 eoque
855 786 1048 842 silente
1077 787 1211 842 nihil
1260 804 1392 845 sane
1434 791 1655 857 mirum,
1694 791 1741 847 si

163 873 531 946 Hieronymus
557 891 793 947 quoque,
827 876 1164 944 Gennadius,
1202 879 1496 948 Honorius,
1540 883 1742 953 aliique

161 965 230 1021 de
261 965 383 1036 ipso
418 967 700 1035 reticeam,
742 969 836 1038 qui
867 970 933 1024 ad
966 971 1320 1026 vetustiorum
1375 975 1565 1028 saltem
1600 984 1741 1029 tem-

162 1061 361 1130 porum
398 1062 698 1130 scriptores
746 1063 892 1131 quod
947 1064 1178 1130 attinet,
1229 1081 1401 1119 unum
1446 1064 1741 1121 Eusebium

165 1152 322 1222 sequi
348 1163 766 1208 consueverunt.
806 1153 1002 1210 Verum
1041 1155 1172 1225 quid
1199 1167 1311 1210 tum
1351 1157 1573 1226 postea?
1599 1156 1741 1212 Num

161 1241 287 1296 ideo
317 1242 608 1312 episcopus
641 1243 732 1299 ille
757 1241 1198 1313 llierapolitanus
1222 1262 1359 1315 opus
1387 1246 1462 1300 De
1483 1245 1741 1301 Paschate

161 1335 312 1389 haud
342 1336 628 1404 scripsisse
650 1336 949 1392 dicendus?
985 1338 1208 1392 minime
1233 1339 1502 1396 omnium.
1544 1339 1743 1409 Accipe

160 1424 356 1480 isthmc
378 1424 596 1480 Eusebii
628 1429 793 1482 verba
823 1428 933 1498 (10)
959 1447 973 1483 :
1016 1448 1034 1480 ‹
1071 1429 1401 1499 Apollinaris
1425 1431 1550 1485 licet
1576 1446 1741 1501 penes

159 1516 369 1570 multos
402 1518 572 1573 multa
602 1528 816 1574 exstent
839 1534 1022 1589 opera,
1058 1520 1172 1575 haec
1198 1532 1379 1574 tamen
1401 1522 1516 1576 sola
1543 1522 1610 1575 ad
1641 1536 1741 1576 nos

156 1619 547 1675 pervenerunt.
585 1629 604 1661 ι
639 1610 855 1666 Audin?
887 1630 906 1664 ‹
945 1612 1114 1665 multa
1153 1631 1172 1662 ι
1217 1611 1431 1680 scripsit
1470 1612 1744 1680 Apollina-

154 1701 260 1766 ris,
281 1717 350 1757 ex
383 1703 583 1773 quibus
608 1704 848 1774 quinque
874 1723 894 1756 ‹
924 1705 1039 1760 sola
1071 1723 1090 1755 ι
1125 1705 1278 1758 novit
1299 1703 1584 1770 Eusebius,
1618 1721 1742 1774 quae

1842 521 2032 581 quarta
2083 512 2291 568 decima
2336 513 2463 579 die,
2515 528 2637 584 quae
2675 524 2986 568 occurreret
3036 514 3092 567 in
3132 514 3424 585 pervigilio

1842 603 2035 656 mortis
2082 603 2240 672 ejus,
2293 603 2695 658 contendebant
2741 618 3071 674 quacunque
3121 602 3257 659 feria
3285 646 3302 672 ,
3363 606 3421 659 in

1841 711 2007 764 quam
2038 696 2300 750 incideret
2342 696 2529 751 eadem
2570 696 2783 750 decima
2814 704 3010 766 quarta
3036 695 3175 763 dies,
3204 694 3424 752 Domini

1843 786 2090 854 exemplo
2131 784 2342 841 Pascha
2386 785 2826 842 Christianorum
2879 787 3061 857 potius
3103 801 3225 844 esse
3274 789 3424 844 cele-

1839 881 2131 945 brandum,
2161 894 2324 949 quam
2356 880 2410 934 in
2437 880 2522 935 die
2546 879 2850 935 Dominica.
2895 879 3096 936 Verum
3126 881 3298 936 sancti
3324 881 3425 937 d0-

1839 984 2019 1028 ctores
2046 975 2206 1044 (quos
2245 975 2383 1027 inter
2413 971 2471 1026 S.
2500 972 2833 1043 Apollinaris
2873 974 3083 1043 noster)
3122 974 3422 1042 arguebant

1841 1084 1955 1134 eos,
1985 1070 2084 1123 niti
2116 1067 2255 1123 falso
2285 1069 2562 1138 supposito
2595 1084 2688 1124 seu
2729 1067 3116 1136 fundamento;
3158 1068 3422 1138 quoniam

1840 1155 2001 1212 Jesus
2025 1173 2090 1212 eo
2113 1173 2278 1222 anno,
2308 1173 2420 1227 quo
2448 1172 2644 1226 passus
2663 1165 2766 1224 est,
2791 1171 2901 1210 non
2933 1155 3152 1212 fecisset
3183 1155 3416 1221 Pascha,

1843 1249 1936 1302 sed
1971 1246 2182 1302 fuisset.
2226 1268 2244 1300 ι
2279 1246 2405 1302 Haec
2447 1249 2532 1302 vir
2557 1248 2770 1302 doctus.
2805 1245 2862 1299 In
2892 1247 3080 1301 eadem
3109 1261 3274 1316 porro
3302 1259 3419 1301 sen-

1842 1338 2012 1391 tentia
2051 1353 2174 1392 cum
2214 1347 2404 1393 nostro
2427 1338 2682 1407 episcopo
2729 1336 3138 1407 Hierapolitano
3173 1339 3418 1408 plerique

1841 1427 2030 1483 Patres
2069 1430 2322 1499 deinceps
2358 1429 2608 1496 fuerunt,
2657 1429 2912 1486 Clemens
2965 1429 3369 1487 Alexandrinus
3398 1471 3415 1497 ,

1843 1517 2161 1591 Hippolytus
2197 1520 2517 1577 Portuensis
2541 1563 2555 1588 ,
2604 1521 2796 1576 Petrus
2827 1521 3250 1588 Alexandrinus,
3291 1523 3416 1578 alii-
3495 1595 3504 1601 μ

1843 1625 1970 1680 que,
2001 1625 2140 1680 quos
2177 1612 2319 1682 apud
2346 1612 2595 1666 eumdem
2626 1611 2892 1683 Lamyum
2923 1612 3036 1681 (l7)
3062 1612 3237 1668 vides.

1913 1699 2297 1758 Tillemontius
2329 1703 2547 1773 quidem
2584 1717 2800 1756 omnem
2837 1703 3279 1772 lapidem‘movet
3299 1703 3413 1774 (18)

156 1796 274 1850 illic
299 1806 606 1860 enumerat,
643 1798 848 1870 quique
883 1797 1112 1865 proinde
1156 1795 1248 1850 illa
1293 1810 1402 1850 non
1431 1797 1583 1863 vidit,
1619 1813 1742 1866 quae
1771 1813 1813 1868 Β
1842 1806 1952 1861 quo
1981 1802 2289 1863 suspectam
2330 1794 2522 1848 reddat
2550 1794 2801 1848 (Πιτθηίοί
2827 1793 3109 1847 Paschalis
3139 1792 3414 1863 praefatio-

155 1901 350 1942 contra
375 1886 681 1942 Severiano:
708 1887 1016 1941 Encratitas
1043 1889 1220 1956 ipsum
1251 1889 1542 1958 scripsisse
1571 1891 1740 1946 tradit

155 1979 544 2034 Theodoretus
594 1979 743 2048 (11),
794 1994 971 2048 neque
1011 1980 1210 2034 librum
1253 1980 1389 2052 Περὶ
1421 1981 1735 2049 εὐσεϐείας,

155 2069 237 2123 De
281 2070 516 2138 pietate,
555 2085 716 2139 quem
755 2069 882 2140 legit
923 2069 1152 2126 Photius
1182 2072 1316 2141 (l2).
1349 2070 1548 2138 Quidni
1572 2088 1738 2143 porro

153 2176 302 2230 opus
349 2175 570 2230 quoque
593 2161 660 2215 de
688 2159 955 2215 Paschate
989 2161 1290 2230 scripserit,
1324 2169 1382 2216 ut
1429 2172 1622 2217 auctor
1652 2172 1739 2220 est

154 2255 419 2312 Chronici
458 2253 740 2309 Paschalis
787 2255 1019 2323 scriptor
1043 2256 1389 2326 anonymus?
1424 2255 1734 2312 Melitenen:

151 2345 440 2399 enimvero
468 2342 816 2398 Sardiensem
841 2343 1179 2413 epis00pum,
1212 2345 1306 2414 qui
1335 2345 1517 2400 ﬂoruit
1541 2346 1732 2402 iisdem

152 2435 532 2505 temporibus,
580 2434 781 2505 quibus
810 2433 1175 2504 Apollinaris,
1222 2435 1291 2490 de
1333 2437 1524 2490 eodem
1571 2450 1736 2505 argu-

151 2537 386 2594 mento,
423 2528 553 2584 licet
611 2543 720 2582 non
773 2528 966 2582 eadem
1018 2529 1327 2594 sententia,
1377 2529 1544 2585 libros
1596 2531 1735 2585 duos

149 2619 545 2689 perscripsisse
573 2658 588 2681 ,
640 2626 832 2674 testem
889 2618 1157 2673 habemus
1207 2619 1498 2688 ipsummet
1557 2617 1733 2672 Euse-

149 2711 307 2766 bium
336 2710 472 2779 (15).
523 2709 658 2764 Nam
684 2709 994 2780 Polycrates
1022 2708 1328 2778 Ephesinus
1353 2709 1642 2778 episcopus
1675 2709 1733 2762 in

148 2802 384 2872 epistola
419 2801 487 2856 ad
503 2800 774 2856 Victorem
796 2802 932 2872 (M),
965 2799 1311 2856 Sardiensem
1338 2800 1490 2854 illum
1518 2801 1728 2871 episco-

148 2911 283 2966 pum
315 2895 455 2948 inter
497 2909 592 2949 eos
633 2903 899 2960 recenset,
950 2893 1043 2963 qui
1091 2893 1232 2948 diem
1273 2891 1498 2948 Pascha:
1536 2901 1730 2963 quarta

148 2988 364 3043 decima
403 2987 553 3053 luna,
581 2987 738 3056 juxta
767 2986 1140 3060 Evangelium,
1173 2987 1571 3053 observarunt;
1603 3000 1727 3039 cum

1841 1900 1988 1950 nem,
2027 1887 2119 1940 ubi
2148 1886 2502 1955 Apollinaris,
2533 1886 2877 1954 aliorumque
2914 1893 3159 1940 veterum
3186 1884 3413 1940 Patrum

1837 1977 2147 2048 fragmenta
2197 1978 2265 2032 de
2289 1977 2556 2032 Paschate
2596 1985 2932 2044 occurrunt;
2985 1991 3178 2032 eorum
3228 1986 3413 2033 tamen

1835 2073 2201 2143 integritatem
2231 2073 2409 2142 palam
2447 2087 2761 2142 Oppugnare
2790 2089 2898 2128 non
2940 2074 3124 2140 audet,
3153 2083 3210 2129 ut
3243 2075 3414 2144 probe

1834 2164 2067 2219 advertit
2120 2164 2374 2218 laudatus
2421 2162 2659 2234 Lamyus
2705 2163 3040 2219 Tillemontii
3090 2175 3413 2237 argumenta

1833 2253 2128 2309 retundens
2157 2255 2291 2324 (l9).
2346 2253 2532 2322 Neque
2563 2254 2721 2308 aliter
2755 2269 2887 2310 sane
2915 2253 3159 2327 Cangius
3201 2273 3215 2311 :
3252 2258 3412 2327 cujus

1833 2354 2018 2402 notam
2058 2347 2289 2417 margini
2315 2346 2577 2409 additam,
2618 2365 2636 2398 ι
2668 2345 2806 2402 falsa
2841 2357 2970 2403 sunt
3004 2347 3108 2402 ista
3142 2347 3256 2420 (20)
3289 2367 3309 2401 ι
3343 2350 3412 2404 de

1834 2448 2121 2494 auctorum
2175 2438 2394 2508 quidem
2447 2438 2736 2505 sententia,
2766 2453 2874 2492 non
2898 2454 3031 2493 vero
3065 2439 3132 2496 de
3164 2441 3408 2510 ipsorum

1833 2538 1982 2582 textu
2008 2527 2381 2597 accipiendam
2421 2541 2584 2582 nemo
2611 2541 2719 2580 non
2748 2527 2914 2582 videt.
2947 2526 3024 2582 lta
3055 2544 3272 2600 quoque
3294 2531 3406 2600 jam

1832 2621 2042 2690 pridem
2089 2628 2383 2676 censuerat
2443 2619 2798 2675 doctissimus
2861 2619 3114 2676 Petavius
3160 2621 3276 2694 (2i)
3315 2623 3409 2692 qui

1831 2713 2022 2766 eadem
2066 2710 2373 2781 fragmenta
2399 2711 2587 2766 Greece
2618 2712 2880 2776 recitans,
2912 2711 2980 2766 de
3023 2711 3092 2767 iis
3132 2713 3186 2766 in
3215 2712 3411 2783 praefa-

1832 2805 1981 2858 tione
2012 2803 2080 2858 ad
2118 2803 2376 2858 lectorem
2424 2804 2537 2858 tunc
2580 2803 2744 2859 habet
2775 2823 2786 2858 :
2829 2822 2849 2855 ι
2879 2804 3126 2860 Accessit
3151 2805 3409 2876 anonymi

1829 2894 2112 2963 cujusdam
2139 2893 2371 2948 diatriba
2399 2892 2473 2947 De
2495 2892 2757 2948 Paschate
2786 2894 3084 2950 novissimo
3105 2894 3404 2952 Christi....

1831 2980 2041 3050 Duplex
2080 2979 2374 3050 fragmenti
2415 2996 2538 3036 esse
2571 2982 2731 3037 istius
2762 2994 3144 3053 argumentum
3170 2985 3403 3040 videtur.

148 3088 346 3134 comm
406 3079 631 3133 omnino
689 3079 927 3134 sensisse
977 3078 1344 3148 Apollinarem
1369 3118 1385 3141 ,
1429 3091 1498 3131 ex
1548 3075 1727 3131 auaris
1827 3067 2069 3123 Primum
2098 3069 2244 3123 enim
2269 3069 2546 3126 Christum
2575 3071 2916 3127 demonstrat
2947 3074 3136 3128 ultima
3169 3076 3222 3128 in
3249 3091 3407 3132 coena

146 3170 476 3241 fragmentis
517 3179 746 3226 constet.
794 3169 886 3226 Sic
916 3171 1060 3224 enim
1103 3171 1161 3224 in
1211 3171 1279 3225 iis
1311 3169 1510 3237 legitur
1557 3166 1731 3238 (l5):

1841 3160 2008 3231 legale
2052 3159 2262 3216 Pascha
2311 3177 2420 3215 non
2475 3162 2817 3231 celebrasse;
2870 3166 3017 3234 quod
3066 3167 3241 3236 pridie
3287 3169 3407 3238 ejus

154 3282 175 3315 ι
213 3262 449 3330 Quidam
482 3262 646 3333 igitur
687 3271 834 3330 sunt,
871 3262 964 3333 qui
1015 3279 1082 3317 ex
1119 3261 1425 3334 ignorantia
1468 3260 1536 3315 de
1585 3260 1734 3314 hisce

145 3355 397 3410 excitant
428 3354 828 3418 contentiones,
865 3369 980 3408 rem
1005 3355 1162 3408 venia
1188 3354 1404 3424 dignam
1437 3351 1584 3422 passi
1615 3352 1733 3422 (ne-

145 3460 260 3517 que
309 3447 458 3500 enim
501 3447 906 3500 accusationem
952 3446 1192 3500 admittit
1243 3445 1588 3515 ignorantia,
1638 3444 1733 3498 sed

143 3547 272 3610 eget
315 3538 610 3608 doctrina),
639 3538 901 3607 aiuntque
927 3537 992 3591 14
1013 3546 1033 3567 ³
1055 3551 1254 3607 agnum
1285 3551 1410 3589 cum
1449 3534 1732 3605 discipulis

145 3630 517 3686 manducasse
539 3629 869 3697 Dominum;
902 3644 1098 3702 magna
1131 3643 1258 3684 vero
1296 3644 1610 3699 azymorum
1643 3627 1732 3683 die

144 3739 376 3796 passum
407 3738 559 3778 esse:
589 3731 752 3791 atque
780 3724 855 3776 ita
891 3722 1073 3778 dicere
1101 3721 1437 3788 Matthaeum,
1464 3720 1544 3776 uti
1578 3719 1730 3775 illum

145 3814 484 3886 intelligunt.
519 3812 675 3869 Unde
701 3815 806 3885 legi
835 3814 1111 3870 contraria
1133 3821 1218 3868 est
1238 3827 1429 3868 eorum
1466 3812 1730 3882 interpre-

145 3909 286 3964 tatio
311 3949 327 3974 ,
374 3907 552 3976 iisque
582 3906 860 3962 adversari
891 3906 1144 3962 videntur
1176 3903 1487 3974 Evangelia.
1522 3922 1540 3953 ι
1579 3902 1642 3958 Et
1673 3902 1728 3957 in

143 3999 358 4054 altero:
395 4017 416 4051 ‹
469 3998 690 4054 Decima
734 4007 934 4069 quarta
979 3997 1092 4052 veri
1137 3996 1420 4052 Paschatis
1462 3995 1718 4062 Domini,

144 4089 481 4146 sacrificium
513 4104 793 4160 magnum,
823 4103 922 4159 pro
949 4103 1090 4157 agno
1119 4085 1213 4141 Dei
1256 4086 1453 4151 Filius;
1485 4084 1578 4154 qui
1609 4084 1728 4138 vin-

142 4188 273 4235 ctus
315 4180 514 4234 fortem
543 4179 750 4245 vinxit;
783 4186 837 4232 et
873 4177 966 4247 qui
1000 4166 1294 4245 judicatus,
1321 4173 1485 4244 judex
1512 4181 1597 4226 est
1641 4171 1725 4224 vi-

142 4287 345 4328 vorum
373 4278 427 4326 et
456 4278 836 4332 mortuorum;
870 4276 924 4323 et
947 4267 1041 4336 qui
1070 4267 1298 4321 traditus
1330 4272 1416 4320 est
1448 4265 1504 4318 in
1529 4278 1725 4319 manus

142 4372 532 4434 peccatorum,
580 4369 641 4414 ut
684 4360 1132 4429 crucifigeretur;
1179 4357 1271 4426 qui
1311 4371 1474 4426 super
1517 4369 1726 4410 cornua

141 4451 434 4510 unicornis
459 4458 543 4506 est
575 4450 877 4515 exaltatus;
916 4456 970 4502 et
1009 4447 1102 4518 qui
1131 4447 1185 4500 in
1225 4461 1384 4501 sacro
1410 4446 1574 4499 latere
1599 4459 1722 4514 per-
1749 4485 1796 4542 Β

141 4559 348 4601 cussus
375 4553 491 4611 est;
523 4542 617 4612 qui
643 4557 709 4596 ex
739 4543 905 4596 latere
933 4555 1033 4596 suo
1068 4539 1177 4595 duo
1203 4538 1397 4592 iterum
1421 4536 1560 4590 fudit
1590 4553 1722 4606 pur-

143 4634 383 4706 gatoria,
408 4648 608 4702 aquam
637 4641 692 4688 el
729 4631 1073 4702 sanguinem,
1105 4630 1328 4684 verbum
1355 4638 1408 4684 et
1433 4629 1718 4698 Spiritum;

143 4737 200 4783 et
222 4728 318 4797 qui
336 4725 622 4781 Paschatis
647 4723 736 4778 die
761 4723 1006 4792 sepultus
1035 4731 1137 4787 est,
1171 4721 1348 4790 lapide
1369 4730 1722 4775 monumento

143 4814 428 4884 imposito.
469 4832 487 4864 ›
526 4811 784 4881 Apposite
825 4809 893 4864 ad
936 4811 1050 4865 haec
1081 4809 1190 4865 duo
1227 4811 1345 4865 loca
1378 4810 1619 4880 loquitur
1651 4807 1717 4866 V.

141 4905 208 4961 C.
241 4904 556 4960 Bernardus
587 4903 755 4975 Lamy
789 4904 932 4976 (l6):
959 4923 980 4955 ‹
1018 4905 1492 4971 Quartadecimani
1521 4920 1721 4975 suppo-

126 5033 140 5110 j
218 5036 333 5110 (10)
371 5036 569 5110 Euseb.
609 5035 677 5089 Η.
705 5036 954 5110 Ε.Α1.νιν,
984 5053 1033 5093 c.
1065 5038 1154 5092 27.

218 5103 629 5180 (li'Lllwretic.
653 5108 821 5178 fabul.
861 5109 898 5164 l.
941 5103 1001 5174 ll,
1034 5125 1151 5180 cap.
1181 5107 1269 5175 2i,
1292 5117 1426 5180 Opp.
1459 5115 1593 5163 tom.
1624 5103 1716 5175 Π,

143 5174 273 5248 pag.
306 5174 436 5230 208.
653 5174 664 5178 ⁷

219 5248 334 5322 ea
362 5246 504 5322 θέω.
534 5247 836 5322 codice-“-

220 5316 335 5389 (15)
372 5316 514 5389 Ilist.
545 5319 672 5372 eccl.
704 5319 797 5374 lib.
832 5335 905 5384 tv,
930 5335 1050 5387 cap.
1081 5317 1173 5372 26.
1402 5375 1405 5378 _

219 5388 359 5462 (id)
395 5388 705 5462 Polycrates
768 5391 910 5459 apud
963 5389 1160 5444 Euseb.
1231 5389 1425 5444 ibidem
1482 5389 1576 5445 lib.
1643 5407 1716 5458 v,

139 5458 526 5615 Apud
557 5538 834 5615 auctorem
1159 5527 1714 5615 Pasclmlisanp‘razfat.

138 5599 269 5675 pa.
298 5599 330 5653 6
384 5599 438 5655 ei.
470 5604 522 5655 in
554 5601 819 5655 Gallandii
856 5601 989 5654 Bibl.
1021 5599 1135 5653 PP.
1165 5611 1201 5654 t.
1233 5601 1273 5667 Ι,
1299 5618 1419 5671 pag.
1448 5601 1571 5655 680.

190 5617 329 5754 (ῳ)
355 5671 638 5725 Dissertat.
678 5674 766 5754 μ-ε-
785 5671 1041 5727 Paschate
1073 5669 1200 5726 Jud.
1238 5672 1266 5743 §
1299 5673 1382 5742 tl,
1413 5673 1468 5728 in
1495 5673 1722 5728 “arma.

137 5741 235 5802 nia
258 5741 488 5813 Evang.,
511 5759 638 5812 pag.
664 5742 790 5796 457.

344 5837 620 5900 ΡΑτιιοι..
666 5840 781 5901 Gn.
830 5839 905 5900 V.

1836 3255 1963 3316 diei,
1997 3269 2106 3324 quo
2152 3269 2183 3308 a
2210 3253 2414 3309 Iudaeis
2459 3265 2736 3324 peractum
2768 3267 2871 3325 est,
2907 3260 3198 3330 mysticum
3243 3277 3404 3317 suum

1838 3361 1904 3400 ac
1927 3343 2062 3400 Novi
2086 3345 2418 3401 Testamenti
2465 3348 2742 3417 proprium
2777 3348 2984 3405 Pascha
3019 3351 3272 3410 Christus
3305 3357 3408 3410 ob.-

1834 3439 1975 3494 ierit.
2011 3438 2182 3510 Cujus
2223 3439 2500 3509 opinionis
2529 3451 2737 3495 veteres
2768 3445 3062 3500 nonnullos
3106 3447 3264 3514 citat,
3307 3449 3404 3504 sed

1831 3545 1893 3583 ea
1925 3530 2192 3597 videlicet,
2228 3531 2376 3600 quod
2430 3531 2646 3586 illorum
2683 3549 2816 3603 pace
2861 3536 3114 3605 dixerim,
3155 3538 3314 3609 falsa,
3349 3551 3405 3596 et

1832 3620 2250 3693 Evangeliorum
2278 3625 2588 3680 auctoritati
2624 3629 2896 3683 contraria
2931 3641 3034 3686 est.
3070 3651 3088 3682 ι
3127 3630 3403 3691 Hactenus

1831 3716 1942 3770 ille.
2001 3714 2244 3785 Denique
2287 3715 2716 3773 Tourneminius
2756 3721 2840 3773 vir
2896 3722 3304 3781 eruditissimus
3343 3729 3402 3782 in

1831 3808 2064 3878 epistola
2094 3807 2368 3862 Bernardo
2399 3808 2604 3881 Lamyo
2640 3811 2901 3882 inscripta
2934 3831 3044 3870 non
3081 3817 3255 3872 solum
3289 3819 3400 3875 fra-

1830 3909 2170 3968 gmentorum
2197 3900 2414 3956 illorum
2449 3903 2840 3971 sinceritatem,
2869 3908 2962 3961 sed
2987 3909 3149 3964 etiam
3181 3921 3400 3969 senten-

1829 3993 2027 4048 tiarum
2059 3992 2344 4048 veritatem
2369 3995 2617 4064 agnoscit
2645 3995 2782 4066 (22).
2819 3995 3065 4062 Quorum
3093 4016 3224 4073 ergo
3248 4004 3399 4058 viro-

1828 4095 1950 4134 rum
1977 4081 2261 4137 doctorum
2307 4085 2636 4139 auctoritate
2662 4095 2948 4154 permotus
2984 4087 3049 4144 ν.
3087 4089 3148 4145 C-.
3177 4091 3399 4146 Gallan-
3466 4118 3470 4124 ι

1827 4171 1950 4227 dius
1980 4172 2092 4244 (25)
2122 4174 2232 4229 duo
2265 4174 2355 4229 illa
2388 4173 2691 4245 fragmenta
2737 4177 2814 4232 De
2840 4179 3127 4248 Paschate,
3174 4200 3295 4254 qua:
3341 4187 3397 4241 in

1827 4262 2091 4318 Chronico
2133 4263 2388 4319 Paschali
2417 4267 2716 4337 Apollinari
2775 4267 3184 4340 Hierapolitano
3225 4277 3400 4331 ascri‘

1825 4354 2050 4425 buntur,
2112 4357 2286 4413 eidem
2351 4359 2410 4413 S.
2436 4358 2584 4414 Patri
2646 4361 2983 4418 conﬁdenter
3035 4379 3254 4434 quoque
3300 4383 3395 4425 as-

1826 4447 2019 4505 seruit.

1899 4536 2096 4594 Verum
2126 4555 2259 4610 pace
2281 4546 2561 4598 tantorum
2585 4543 2824 4600 virorum
2853 4546 3107 4615 dixerim,
3133 4563 3222 4604 res
3246 4548 3394 4605 haud

1823 4626 1960 4682 adeo
1987 4637 2134 4683 certa
2168 4638 2274 4696 est,
2321 4647 2454 4685 num
2487 4631 2546 4687 S.
2568 4634 2901 4703 Apollinaris
2950 4635 3394 4707 Hieropolitanus

1821 4720 2104 4790 cujusdam
2141 4722 2323 4792 operis
2349 4723 2416 4778 de
2445 4722 2710 4780 Paschate
2738 4734 2930 4780 auctor
2961 4727 3030 4782 sit
3067 4747 3081 4782 :
3120 4729 3389 4799 siquidem

1821 4823 1933 4870 tota
1983 4815 2218 4870 assertio
2263 4817 2365 4871 soli
2414 4815 2667 4871 innititur
2697 4816 2958 4872 Chronico
2986 4819 3388 4877 Alexandrino:

1821 4909 1944 4978 quis
1973 4919 2154 4964 autem
2182 4910 2416 4980 ignorat,
2435 4911 2488 4964 in
2518 4925 2684 4979 quam
2709 4911 2892 4966 varias
2913 4919 2965 4966 et
2993 4912 3392 4970 dissimillimas

1894 5049 1938 5112 (l
2036 5047 2233 5133 Lamy,
2265 5046 2445 5133 ζιζιριέ
2469 5048 2533 5102 de
2580 5047 2871 5102 l‘ancieime
2899 5047 3099 5120 quue,
3149 5067 3186 5106 ιι
3219 5063 3385 5120 part.,

1821 5134 1939 5185 cap.
1965 5118 2019 5181 6,
2049 5134 2102 5186 p.
2131 5118 2257 5185 549,
2281 5118 2404 5174 575.

1892 5190 2003 5257 (18)
2037 5187 2248 5259 Τίιιοιη.
2286 5192 2320 5259 l7.
2355 5204 2405 5243 c.
2439 5188 2598 5242 Μέθη.
2625 5188 2755 5242 eccl.
2801 5197 2839 5241 t.
2871 5187 2934 5255 ll,
2965 5205 3086 5259 pag.
3119 5189 3242 5246 756.

1890 5260 2000 5328 (l9)
2039 5257 2230 5328 Lamy,
2276 5258 2537 5327 Response
2576 5261 2609 5312 ὰ
2641 5259 2695 5311 la
2727 5259 2878 5328 lettre
2921 5257 2986 5311 de
3032 5257 3110 5312 Μ.
3138 5262 3202 5313 de
3228 5260 3389 5312 Tillc—

1823 5338 1995 5400 munt,
2039 5343 2160 5400 pag.
2178 5327 2298 5400 l2'l_,
2321 5331 2460 5384 dans
2490 5331 2540 5384 la
2563 5331 2697 5384 suile
2717 5331 2790 5380 du
2815 5327 2999 5385 Traité
3023 5331 3086 5382 de
3110 5331 3163 5383 la
3183 5330 3382 5400 quue.

1892 5399 2005 5468 (20)
2033 5399 2240 5471 (_."_hron._
2257 5398 2448 5471 Pasch.
2463 5432 2470 5442 -
2485 5416 2609 5469 pag.
2640 5401 2692 5454 5.

1892 5467 2003 5538 (:21)
2042 5467 2386 5539 Qranologiu,
2421 5467 2542 5539 pag.
2566 5467 2681 5523 ’2l5
2707 5477 2762 5524 et
2791 5485 2908 5539 seq.

1891 5539 2005 5610 (2:2)
2040 5538 2428 5610 Tournenrine,
2463 5538 2604 5610 apud
2632 5538 2976 5610 Latny,'suite
2993 5539 3066 5593 du
3105 5538 3289 5599 Traité
3323 5540 3387 5594 de

1819 5607 1872 5661 la
1904 5607 2103 5678 quue,
2144 5624 2270 5678 pag.
2306 5609 2391 5664 79.

1893 5677 2006 5750 (25)
2043 5677 2187 5735 Bibl.
2212 5677 2354 5746 PP.,
2393 5689 2526 5737 tom.
2560 5677 2584 5732 l
2632 5681 2708 5755 in_
2742 5683 3064 5753 prolegom.,
3099 5695 3225 5750 pag.
3256 5679 3384 5734 122.

3077 5839 3147 5899 Μ
