3790 6212
434 265 570 319 1291

1659 266 1716 320 S.
1751 265 2028 323 CLAUDII
2060 265 2524 322 APOLLINARIS

3580 268 3690 325 [Et

433 388 724 458 opiniones
758 385 997 440 abierint
1041 393 1298 440 auctores
1327 383 1394 438 de
1419 382 1671 438 Chronici
1706 385 1871 455 hujus
1900 401 2013 440 me-
2041 390 2088 445 Α
2115 387 2262 456 quod
2295 385 2562 458 Serapion
2590 387 2967 443 Antiochenus
2991 387 3331 458 episcopus,
3364 385 3598 456 quando
3627 397 3693 439 te-

433 480 543 534 rito
589 488 750 548 atque
797 476 1225 532 existimatione.
1273 475 1517 546 Scaliger
1568 475 1734 545 hujus
1779 477 2014 546 appellat

439 591 458 624 ι
490 572 808 641 scriptorem
842 569 1099 637 idiotam;
1132 587 1150 620 ι
1207 577 1371 639 atque
1417 567 1546 622 alibi
1576 586 1590 622 :
1629 587 1649 620 ι
1682 569 1876 633 multa,
1924 570 2011 623 in-

431 665 554 735 quit
582 663 718 733 (24),
754 662 808 716 in
841 676 904 716 ea
936 659 1209 729 farragine
1239 674 1384 725 esse,
1417 674 1538 729 quae
1569 660 1770 722 ridere,
1804 675 1873 714 an
1905 661 2011 715 mi-

431 755 544 810 rari
597 753 830 819 debeat,
882 767 942 808 se
994 753 1304 806 nescire....
1342 751 1512 805 multa
1565 765 1689 805 esse
1737 751 1940 822 inepta.
1988 771 2007 804 ι

431 846 788 902 Tillemontio
819 857 901 900 est
929 860 1067 914 opus
1122 852 1451 898 auctoritate
1496 858 1712 910 carens,
1767 844 2013 900 ridenilis

429 941 618 1005 rebus,
651 938 1042 1008 erroribusque
1068 937 1366 1008 pinguibus
1406 937 1666 994 refertum
1694 938 1832 1010 (25).
1861 937 2011 993 Nihil

430 1031 608 1102 magis
643 1031 782 1100 gerit
828 1030 932 1099 ipsi
979 1044 1187 1084 morem
1224 1030 1506 1086 Bailletus.
1551 1031 1871 1095 Chroniron,
1919 1031 2009 1084 in-

429 1124 549 1194 quit
587 1122 726 1193 (26),
762 1119 1026 1175 Pascliale
1055 1137 1194 1190 pura
1222 1131 1462 1191 putaque
1490 1122 1787 1192 rhapsodia
1843 1123 2010 1178 chro—

430 1213 648 1284 nologia
677 1213 978 1267 multorum
1007 1212 1335 1281 scriptorum
1373 1221 1478 1279 est,
1509 1228 1618 1266 non
1647 1213 1810 1268 unius
1853 1215 2009 1284 inge-

429 1307 508 1360 nii
539 1314 594 1360 et
623 1304 914 1360 facultatis.
965 1303 1072 1357 Alii
1113 1303 1504 1369 nihilominus,
1546 1313 1603 1358 ut
1640 1303 1812 1358 fatear
1861 1306 2008 1374 quod

429 1415 518 1455 res
539 1411 648 1466 est,
681 1406 833 1453 tanto
867 1397 922 1451 in
958 1405 1276 1467 contemptu
1303 1411 1411 1451 non
1449 1396 1671 1452 habent.
1718 1415 1736 1448 ι
1765 1396 2008 1451 Chroni-

427 1508 532 1548 con
564 1492 719 1557 illud,
752 1492 830 1545 ait
854 1490 1114 1546 Petavius
1139 1489 1436 1560 (27),quod
1467 1505 1532 1545 ex
1566 1490 1735 1544 variis
1763 1489 2008 1544 auctori-

428 1589 530 1642 bus
547 1584 795 1640 rentonis
819 1584 993 1638 instar
1021 1583 1430 1645 concinnatum,
1453 1583 1754 1652 egregium,
1785 1596 1886 1635 nec
1918 1595 2006 1635 sa-

430 1679 498 1732 tis
542 1676 843 1730 laudatum.
891 1692 910 1725 »
980 1704 1040 1713 -—
1090 1692 1110 1724 ι
1154 1673 1454 1729 Fatendum
1485 1711 1501 1736 ,
1561 1673 1738 1742 inquit
1789 1671 2008 1727 Ducan-

427 1765 551 1834 gius
574 1762 708 1833 (28),
743 1763 903 1832 longe
951 1775 1076 1816 esse
1104 1762 1284 1831 plura,
1329 1778 1453 1832 quae
1499 1775 1599 1818 sua
1642 1762 1801 1817 laude
1837 1762 2082 1832 dignaB

429 1857 616 1912 haberi
645 1857 862 1910 debent.
889 1873 910 1906 ι
932 1886 1001 1896 -
1027 1873 1046 1905 ι
1078 1854 1280 1910 Auctor
1313 1857 1413 1910 iste
1441 1866 1588 1910 certe
1622 1870 1730 1910 non
1761 1865 1844 1910 est
1872 1872 1999 1911 con~

427 1949 776 2013 temnendus,
810 1947 1022 2017 judicat
1053 1946 1199 2002 Cave
1231 1947 1364 2016 (29),
1401 1947 1496 2016 qui
1532 1961 1641 2000 non
1684 1947 1847 2002 modo
1877 1963 2011 2001 con-

425 2041 636 2094 tinuam
684 2040 977 2094 consulum
1033 2039 1229 2093 seriem
1278 2037 1536 2103 exhibet,
1595 2038 1690 2093 sed
1736 2046 1790 2092 et
1825 2039 2012 2107 plures

426 2132 672 2187 melioris
698 2146 954 2200 purpurae
976 2146 1187 2200 pannos
1224 2131 1375 2199 operi
1403 2144 1506 2185 suo
1541 2128 1793 2193 intexuit,
1841 2144 2009 2182 vene-

426 2225 614 2280 randae
653 2223 996 2293 antiquitatis
1046 2230 1426 2286 monumenta,
1471 2236 1595 2291 quae
1642 2220 1846 2275 frustra
1879 2219 2010 2274 alibi

428 2315 790 2386 reperiantur.
830 2335 850 2368 ι
907 2314 1177 2371 Caeterum
1226 2314 1526 2369 Chronican
1573 2313 1707 2367 illud
1751 2311 2011 2366 Paschale

425 2409 591 2478 vulgo
617 2407 1045 2463 Alexandrinum
1085 2407 1161 2461 ab
1205 2421 1482 2477 anonymo
1529 2404 1769 2475 primum
1810 2405 2012 2461 saeculo

426 2509 584 2554 sexto
617 2506 715 2552 aut
741 2499 974 2567 septimo
1003 2495 1313 2553 confectum
1351 2495 1474 2550 fuit.

497 2587 761 2644 Socrates
807 2589 922 2659 (50)
979 2597 1035 2643 et
1065 2596 1191 2657 post
1225 2603 1351 2642 eum
1381 2585 1724 2655 Nicephorus
1775 2584 2013 2655 allegant

430 2680 800 2750 Apollinarem
820 2723 835 2747 ,
871 2689 1036 2750 atque
1064 2678 1422 2749 Serapionem
1451 2677 1856 2732 Antiochenum
1896 2677 2012 2746 epi-

428 2787 679 2843 scopum,
719 2772 787 2826 ad
824 2772 1334 2835 demonstrandum,
1361 2770 1507 2840 quod
1537 2769 1777 2824 Verbum
1811 2784 2012 2839 corpus

429 2865 613 2920 anima
645 2863 934 2934 praeditum
979 2863 1361 2931 assumpserit.
1407 2861 1616 2916 Dicitur
1661 2862 1826 2917 etiam
1863 2861 2011 2932 quod

429 2967 620 3011 contra
650 2955 960 3012 Encratitas
1019 2954 1319 3024 scripserit,
1349 2964 1515 3023 atque
1561 2953 1678 3009 suis
1711 2954 1765 3008 in
1788 2955 2012 3023 scriptis

430 3049 768 3120 exposuerit,
810 3064 878 3103 ex
917 3063 1027 3117 qua
1069 3047 1521 3118 philosophorum
1563 3056 1712 3103 secta
1753 3047 2012 3117 quaelibet

432 3141 660 3196 haeresis
707 3155 840 3196 suos
884 3155 1102 3196 errores
1147 3140 1413 3195 hauserit.
1462 3137 1666 3194 Verum
1691 3138 2010 3196 Theodore-

433 3241 522 3288 tus
548 3231 660 3304 (51)
695 3240 750 3286 et
789 3231 852 3286 D.
884 3229 1250 3302 Hieronymus
1291 3229 1406 3303 (52)
1443 3231 1539 3301 qui
1587 3231 1919 3285 mentionem
1946 3230 2014 3286 de

433 3327 586 3381 hisce
638 3325 857 3394 scriptis
909 3325 1299 3389 instituerunt,
1359 3339 1708 3394 nequaquam
1760 3334 2015 3380 asserunt

434 3413 494 3470 ὃ.
519 3415 890 3486 Apollinarem
936 3414 1038 3470 has
1072 3415 1334 3470 materias
1384 3415 1437 3468 in
1491 3415 1822 3484 specialibus
1875 3431 1906 3468 a
1956 3430 2015 3471 se

431 3507 770 3563 elucubratis
820 3507 1077 3578 operibus
1121 3517 1504 3577 pertractasse.
1575 3506 1841 3576 Superius
1897 3508 2012 3578 jam

433 3601 851 3654 observavimus
907 3614 976 3653 ex
1031 3599 1268 3654 Eusebio
1319 3598 1377 3652 S.
1407 3599 1779 3668 Apollinarem
1825 3610 2015 3653 contra

434 3692 796 3746 Montanistas
833 3706 928 3744 seu
963 3687 1337 3760 Cataphrygas
1377 3689 1518 3744 duos
1561 3690 1732 3745 libros
1770 3691 2016 3745 conscri-

438 3784 638 3854 psisse,
687 3797 923 3852 quorum
967 3792 1098 3837 tunc
1124 3782 1348 3837 hzeresis
1391 3797 1458 3837 ex
1500 3782 1846 3838 incunabulis
1883 3799 2014 3853 pro-

439 3876 680 3947 repebat.
713 3876 935 3940 Verum,
966 3876 1264 3930 adnotante
1293 3873 1355 3927 V.
1374 3875 1435 3930 C.
1462 3874 1710 3945 Remigio
1740 3875 2017 3930 Ceillierio

435 3979 628 4025 nostro
653 3970 789 4041 (55),
827 3969 1056 4024 multum
1087 3968 1455 4024 verosimilius
1488 3979 1736 4024 sanctum
1764 3980 2015 4025 nostrum

435 4079 548 4119 non
593 4072 704 4118 tam
745 4063 936 4127 libros,
973 4077 1137 4131 quam
1177 4062 1386 4115 litteras
1426 4061 1690 4116 adversus
1731 4060 2013 4131 praefatam

436 4157 688 4212 haeresim
719 4170 997 4210 exarasse.
1048 4154 1328 4223 Siquidem
1363 4153 1432 4220 ii,
1464 4153 1559 4223 qui
1586 4153 1653 4207 ad
1694 4152 2014 4208 refutandus

437 4245 795 4301 Montanistas
829 4245 992 4314 hujus
1024 4245 1200 4298 sancti
1230 4243 1333 4297 viri
1375 4243 1576 4313 scripta
1621 4243 2010 4309 adhibuerunt,

434 4358 542 4397 non
593 4341 869 4409 singulare
926 4338 1146 4408 aliquod
1203 4353 1341 4407 Opus
1397 4335 1460 4391 D.
1501 4336 1864 4406 Apollinaris,
1915 4339 2009 4391 sed

2115 487 2312 545 statur,
2349 478 2717 548 Apollinarem
2751 488 3002 536 nostrum
3035 481 3311 535 adversus
3345 476 3700 532 Montanium

2113 569 2420 640 SCripslsse,
2456 571 2510 625 in
2549 572 2785 641 quadam
2823 572 3053 642 epistola
3077 581 3276 627 contra
3301 586 3438 625 eam
3474 570 3698 624 haesi-

2112 671 2337 716 exarata
2369 662 2520 717 hisce
2549 670 2736 717 utatur
2760 663 2944 719 verbis
2970 681 2985 717 :
3037 682 3057 715 ι
3090 661 3163 716 Ut
3196 661 3401 718 sciatis
3432 701 3450 723 ,
3517 660 3698 730 iniit.

2113 759 2349 828 qualiter
2399 759 2686 825 universa,
2735 775 2857 830 quae
2913 760 2970 815 in
3012 762 3175 815 terris
3227 768 3324 815 est
3373 758 3700 820 fratemitas,

2113 850 2487 919 operationem
2553 848 2699 904 illam
2749 849 3023 905 simulata).
3065 849 3353 916 factionis,
3405 865 3550 920 quae
3588 866 3704 904 non

2113 942 2399 1012 prophetia
2445 941 2668 1008 dicitur,
2722 952 2974 998 aversata
3023 953 3190 1013 atque
3247 942 3592 997 abominata
3619 956 3702 1004 est.

2112 1033 2418 1089 beatissimi
2465 1035 2632 1102 patris
2679 1032 2893 1088 Claudii
2935 1034 3276 1104 Apollinaris
3311 1074 3331 1100 ,
3381 1034 3492 1104 qui
3537 1032 3705 1088 Bien-

2112 1126 2369 1196 politanae
2415 1126 2569 1181 urbis
2620 1125 2676 1179 in
2702 1125 2833 1181 Asia
2865 1126 3160 1197 episcOpus
3205 1124 3356 1191 fuit,
3387 1125 3616 1181 litteras
3653 1125 3704 1179 ad

2112 1233 2214 1272 VOS
2247 1234 2395 1272 IIIISI.
2429 1235 2446 1270 ι

2180 1331 2440 1388 Nonnulli
2465 1333 2567 1386 viri
2595 1331 2898 1388 doctissimi
2935 1339 3133 1402 praeter
3167 1331 3271 1386 has
3299 1330 3538 1386 litteras
3565 1329 3710 1386 Claa-

2111 1419 2204 1473 dio
2233 1419 2538 1490 Apollinari
2570 1421 2894 1476 aseribenda
2923 1420 3246 1475 existimant
3270 1420 3603 1491 fragmenta
3633 1422 3710 1475 illa

2112 1519 2297 1564 contra
2325 1511 2705 1579 Montanistas,
2739 1527 2860 1582 quin
2890 1513 3082 1566 recitat
3107 1511 3394 1568 Eusebius
3424 1528 3502 1568 ex
3536 1524 3709 1566 aucto-

2111 1601 2189 1656 ris
2217 1605 2476 1674 anonymi
2503 1604 2656 1658 libris
2678 1603 2896 1658 Avircio
2917 1603 3173 1659 Marcello
3202 1606 3563 1674 nuncupatis
3589 1606 3706 1675 (35}.

2112 1691 2193 1746 Ita
2237 1691 2456 1763 quidem
2491 1695 2764 1750 Baronius
2814 1697 2928 1764 (56)
2965 1695 3165 1749 Ruﬂini
3197 1695 3346 1766 (57),
3383 1704 3450 1749 ut
3487 1697 3707 1755 videtur.

2111 1793 2167 1839 et
2193 1783 2485 1856 Nicephori
2516 1787 2630 1856 (58)
2666 1787 2992 1841 auctoritate
3023 1788 3260 1852 ductus;
3301 1803 3565 1858 quorum
3597 1803 3707 1841 sen-

2112 1875 2283 1929 tentia
2318 1876 2571 1946 scriptori
2609 1892 2830 1947 quoque
2863 1877 3029 1931 libelli
3071 1876 3342 1946 Synodici
3392 1879 3555 1946 apud
3588 1878 3710 1932 Lab-

2113 1967 2275 2022 bcum
2321 1970 2578 2025 arrisisse
2613 1970 2931 2038 perhibetur
2977 1970 3112 2041 (59).
3156 1969 3356 2040 Neque
3389 1971 3565 2025 aliter
3595 1986 3710 2024 sane

2113 2060 2374 2118 Baluzius
2409 2062 2543 2133 (40),
2577 2062 2669 2132 qui
2701 2077 2766 2116 ex
2798 2061 3019 2116 Eusebii
3051 2061 3420 2131 potissimum
3464 2061 3706 2115 testimo-

2115 2147 2209 2201 nio
2236 2148 2408 2203 libros
2437 2149 2560 2204 illos
2584 2148 2814 2204 Claudio
2837 2149 3138 2218 Apollinari
3181 2149 3543 2204 asserendos
3586 2166 3704 2204 eon-

2114 2249 2199 2292 tra
2226 2237 2502 2294 Valesium
2548 2241 2852 2295 contendit.
2901 2240 3008 2294 Sed
3049 2239 3285 2303 frustra,
3323 2255 3462 2295 meo
3497 2241 3704 2310 quidem

2111 2330 2340 2399 judicio,
2359 2331 2538 2402 inquit
2553 2329 2618 2386 V.
2637 2332 2701 2387 C.
2722 2329 3161 2401 Gallandiusﬂl)
3182 2347 3406 2401 meque
3431 2334 3590 2387 enim
3611 2331 3704 2385 En.

2115 2424 2300 2478 sobius
2330 2423 2383 2478 id
2411 2425 2624 2494 uspiam
2656 2424 2937 2479 memoriae
2987 2424 3429 2478 commendavit.
3453 2424 3702 2479 Testatur

2113 2513 2334 2582 quidem
2391 2515 2558 2568 semel
2604 2515 2914 2583 iterumque
2965 2515 3260 2583 episc0pus
3304 2513 3699 2579 Caesariensis,

2114 2604 2376 2658 adversus
2397 2602 2868 2674 Cataphrygarum
2898 2604 3144 2658 haeresim
3178 2605 3392 2676 stylum
3419 2606 3702 2660 strinxisse

2112 2695 2515 2765 Apollinarem;
2557 2716 2576 2749 ι
2602 2698 2697 2752 sed
2727 2698 2866 2753 alios
2913 2712 3039 2752 cum
3087 2714 3153 2752 eo
3182 2714 3356 2767 quam
3387 2699 3586 2770 plures
3612 2701 3699 2754 da-

2113 2787 2287 2842 ctrina
2315 2795 2369 2842 et
2392 2789 2705 2858 eloquentia
2737 2796 3058 2859 praestantes
3085 2789 3258 2856 viros,
3286 2793 3702 2860 tanquamrali—

2112 2878 2244 2932 dum
2277 2886 2440 2948 atque
2483 2878 2747 2933 invictum
2781 2880 2974 2941 telum,
3021 2888 3152 2932 tunc
3183 2880 3473 2935 excitasse
3512 2895 3702 2950 propu-

2114 2979 2402 3042 gnatorem
2433 2971 2684 3025 veritatis
2719 2970 2888 3026 Deum
2934 2971 3098 3026 tradit
3126 2971 3263 3043 (12).
3295 2990 3318 3022 ι
3380 2971 3701 3041 Cujusmodi

2118 3077 2250 3117 sane
2302 3061 2456 3116 fuere
2499 3060 2792 3128 Miltiades,
2840 3061 3094 3128 Rhodon,
3141 3069 3197 3116 et
3225 3061 3592 3132 Apollonius,
3642 3064 3701 3117 de

2118 3155 2322 3225 quibus
2351 3155 2464 3226 agit
2492 3153 2748 3222 deinceps
2777 3153 2922 3208 idem
2958 3153 3278 3220 historicus,
3305 3154 3524 3223 quibus
3551 3170 3700 3209 enar-

2110 3230 2254 3302 ratis
2283 3247 2356 3301 ita
2388 3247 2599 3316 pergit:
2635 3264 2654 3297 ι
2682 3244 2838 3300 Unus
2874 3245 3038 3316 igitur
3067 3261 3134 3300 ex
3166 3246 3276 3300 illis
3303 3245 3364 3299 in
3400 3246 3528 3316 ipso
3555 3247 3698 3316 prin-

2118 3340 2263 3410 cipio
2314 3339 2526 3408 operis,
2574 3337 2720 3407 quod
2764 3338 3025 3392 adversus
3051 3336 3435 3408 Cataphrygas
3485 3353 3697 3407 compo-

2117 3431 2263 3497 suit,
2296 3430 2452 3500 prius
2490 3445 2614 3483 cum
2652 3429 2761 3483 illis
2799 3428 2945 3482 nuda
2971 3443 3102 3482 voce
3139 3428 3447 3483 dimicasse
3482 3430 3691 3490 asserit,

2116 3531 2419 3590 eurumque
2457 3533 2674 3573 errores
2703 3519 3038 3587 coarguisse.
3087 3517 3178 3572 Sic
3201 3518 3354 3572 enim
3390 3534 3690 3575 sermonem

2117 3629 2279 3667 suum
2309 3611 2522 3668 orditur
2563 3627 2576 3663 :
2625 3609 2763 3664 Cum
2791 3609 2904 3679 jam
2938 3611 3143 3664 dudum
3179 3609 3233 3664 id
3264 3612 3406 3666 mihi
3453 3615 3694 3668 muneris

2115 3703 2443 3775 iujunxeris,
2474 3703 2656 3757 Avirci
2684 3701 2936 3758 Marcelle
2969 3701 3318 3766 charissime,
3354 3722 3374 3754 ι
3404 3712 3517 3758 etc.
3567 3702 3692 3769 Quis

2115 3814 2282 3869 porro
2334 3814 2402 3854 ex
2460 3798 2545 3853 his
2574 3795 2793 3852 Eusebii
2842 3795 3028 3850 verbis
3075 3796 3177 3851 rite
3234 3796 3497 3868 colligat,
3535 3796 3692 3852 libros

2117 3889 2336 3944 Avircio
2370 3888 2626 3944 Marcello
2659 3895 3005 3957 nuncupatos
3051 3887 3120 3942 ab
3163 3887 3476 3957 Apollinari
3535 3889 3691 3945 fuisse

2115 3982 2489 4050 conscriptos,
2545 3995 2669 4035 cum
2715 3978 3072 4034 Caesariensis
3128 3980 3426 4049 episcopus
3483 3998 3504 4031 ι
3535 3996 3690 4051 quau

2116 4073 2366 4144 pluribus
2407 4091 2427 4125 ι
2488 4071 2805 4139 recensitis,
2859 4072 2954 4141 qui
3003 4073 3267 4127 adversus
3315 4069 3690 4143 Cataphrygas

2114 4167 2405 4236 scripsere,
2443 4183 2463 4216 ι
2493 4179 2662 4218 unum
2695 4180 2763 4219 ex
2807 4163 2916 4218 illis
2946 4181 2966 4215 ι
3001 4164 3167 4218 tacito
3195 4163 3317 4232 ejus
3349 4167 3586 4221 nomine
3606 4182 3689 4220 eo-

2113 4274 2235 4312 rum
2267 4258 2537 4312 librorum
2567 4264 2850 4312 auctorem
2880 4255 3054 4311 fuisse
3079 4255 3348 4311 testetur?
3382 4254 3484 4312 His
3517 4268 3687 4314 autem

2113 4349 2198 4404 vel
2230 4347 2362 4402 illud
2390 4345 2630 4402 maxime
2655 4345 2885 4412 accedit,
2916 4354 2977 4399 ut
3003 4354 3148 4400 recte
3182 4343 3456 4411 Valesius,
3483 4348 3685 4418 Apolli-

430 4433 642 4488 litteras
691 4431 837 4485 illius
881 4430 1147 4485 duntaxat
1197 4429 1518 4497 allegarunt.
1567 4425 1903 4494 Comprobat
1957 4428 2008 4482 id
2042 4453 2086 4509 ο
2117 4456 2305 4496 narem
2337 4439 2576 4494 Eusebio
2617 4447 2760 4494 teste
2801 4438 2917 4510 (45)
2951 4447 3083 4492 "me
3125 4438 3390 4508 ιεωροιίε
3417 4437 3686 4495 “omni-

431 4526 518 4578 vir
547 4523 1010 4580 eelehratissimus
1053 4536 1122 4576 ex
1155 4521 1273 4588 ipso
1312 4519 1548 4575 Eusebio
1593 4517 1863 4574 referente
1891 4520 2004 4590 (54)

503 4707 618 4778 (24)
662 4705 1243 4778 Qe_eniendat._lemp.,
1273 4717 1396 4778 pagZ
1420 4701 1528 4778 220
1563 4712 1618 4755 et
1643 4700 1770 4754 225.

507 4765 619 4851 (25)
661 4775 982 4851 Τίῌβιηοηξἰ
1008 4765 1290 4851 Epistola—
1329 4765 1396 4851 uid
1419 4771 1704 4842 Lamyum,
1760 4786 1882 4842 pag.
1913 4771 2006 4840 52,
2045 4765 2048 4770 ’

431 4843 560 4905 itein
580 4843 716 4902 tom.
741 4845 780 4898 ll
811 4847 901 4898 des
932 4843 1208 4897 Mémoires
1235 4845 1422 4898 ecclés.

501 4917 626 4989 (26)
641 4915 970 4989 Baill._Fab.
991 4916 1171 4968 critic.
1206 4915 1270 4969 is
1299 4912 1446 4968 Julii.
1482 4909 1626 4968 Idem
1657 4912 1726 4966 is
1747 4909 1922 4978 Julii,
1950 4913 2007 4966 in

439 4987 563 5044 Vita
598 4987 665 5040 72
688 4987 878 5055 a'iscip.

391 5076 400 5132 ι
499 5059 615 5132 (27)
649 5057 706 5132 l_n
738 5053 896 5132 Notis
921 5056 989 5109 ad
1021 5053 1373 5132 Nicephorum
1401 5069 1484 5132 ept

501 5061 593 5132 (27
649 5061 706 5109 In
738 5061 896 5109 Notis
921 5061 989 5109 ad
1021 5061 1373 5124 Nicephorum
1401 5069 1484 5123 ep.

501 5061 618 5201 (28)
655 5127 738 5180 Du
785 5125 971 5197 Cange
1023 5128 1082 5180 in
1127 5125 1358 5194 Prwfat.
1416 5125 1485 5178 ad
1550 5123 1750 5180 Chron.
1805 5122 2002 5180 Pasch.

419 5199 836 5348 Ρθῗέἓῗῖἓανςε.
860 5265 1109 5348 "ironia
1150 5266 1454 5348 ιειεξηξινίαν
1484 5279 1614 5348 res:
1635 5263 1768 5346 53L.

499 5335 614 5412 (50)
660 5338 993 5412 Apollinaris
1022 5335 1464 5412 Hierapolitanus
1497 5345 1553 5390 et
1573 5335 1846 5412 Serapion
1892 5336 2002 5412 A_n-

420 5406 697 5466 tiochénie
711 5406 880 5462 urbis
910 5406 1225 5479 episcopus,
1257 5406 1560 5479 Christum,
1589 5407 1682 5475 qui
1723 5406 1889 5460 homo
1919 5406 2003 5460 fa-

429 5491 551 5537 ctus
579 5491 683 5545 est,
737 5480 920 5536 anima
943 5475 1252 5549 'praeditum
1290 5475 1481 5541 fuisse,
1516 5479 1661 5549 velut
1709 5492 1824 5531 rem
1847 5492 2007 5549 geom-

431 5551 583 5604 muni
607 5549 854 5604 omnium
885 5548 1155 5604 consensu
1181 5556 1453 5617 receptam
1500 5548 1616 5603 suis
1651 5549 1704 5602 in
1735 5548 1889 5605 libris
1915 5563 2006 5602 as-

434 5627 744 5692 seruerunt.
799 5617 1052 5675 Socrates
1092 5619 1186 5673 lib.
1221 5634 1302 5682 ιιι,
1335 5633 1455 5686 cap.
1483 5617 1546 5682 7;
1581 5617 1872 5692 Nicephor.
1905 5619 2001 5676 lih.

308 5723 323 5733 .
434 5705 488 5748 ι,
515 5705 634 5756 cap.
665 5689 751 5741 M.

506 5759 616 5826 (5i)
652 5757 900 5813 Herciic.
928 5757 1098 5829 fabul.
1130 5756 1223 5812 lib.
1259 5772 1295 5827 ι,
1335 5772 1450 5824 cap.
1485 5757 1573 5812 21.

2113 4541 2325 4588 starum
2360 4531 2612 4586 haeresim
2664 4529 2884 4599 scriptis
2916 4529 3250 4600 exagitasse,
3298 4547 3429 4586 cum
3452 4533 3685 4604 primum

2184 4701 2298 4774 (δε)
2332 4701 2474 4768 Quid
2517 4702 2585 4774 de
2608 4701 2931 4760 Melitone...
2977 4701 3108 4774 quid
3163 4701 3229 4756 de
3269 4703 3674 4772 Αροιιίηπίο-ο-

2150 4776 2205 4829 ui
2253 4773 2495 4844 origines
2542 4773 2824 4844 hiereseon
2879 4773 3285 4844 singularum...
3321 4775 3675 4844 explicarunt.

2150 4790 2205 4829 ut
2253 4789 2495 4842 origines
2543 4789 2824 4827 niereseon
2879 4789 2993 4843 smg

2111 4789 2330 4899 ﬁieron.
2364 4843 2466 4912 Ep.
2510 4843 2578 4895 ad
2604 4841 2879 4912 Magnum,
2905 4843 2993 4896 85.

2161 4913 2300 4987 (55)
2331 4911 2882 4987 I_Ii$tqire_gén§r._des
2908 4923 3146 4987 auteurs,
3180 4923 3312 4968 tom.
3338 4911 3408 4982 ll,
3447 4931 3572 4987 pag.
3596 4918 3674 4973 85.

2183 4982 2298 5056 (54)
2328 4982 2640 5056 Euseb.i1.
2671 4982 2737 5036 E.
2765 4983 2891 5056 _l._'v,
2924 4999 2972 5038 c.
3000 4985 3088 5037 19.

2207 5053 2298 5124 55)
2325 5055 2430 5120 Id.,
2477 5053 2639 5121 ibid.,
2675 5070 2724 5108 c.
2756 5054 2823 5108 16
2854 5063 2907 5124 et
2932 5069 3048 5124 seq.

2179 5062 2298 5196 (55)
2325 5062 2430 5120 Id.,
2477 5062 2639 5121 tbid.,
2675 5062 2823 5138 c._‘li5
2854 5063 2907 5108 et
2932 5069 3048 5124 seq.

2205 5125 2271 5196 56
2329 5125 2410 5196 Ad
2445 5125 2705 5196 annum__i
2727 5125 2804 5190 t5,
2850 5123 2982 5196 §§79
3012 5135 3067 5179 et
3093 5139 3210 5195 seq.

2331 5195 2617 5276 ζειιείρπξει.
2651 5194 2978 5276 Eusebilib.
3008 5211 3060 5261 v,
3093 5211 3142 5249 c.
3171 5194 3261 5250 15.

2186 5264 2300 5337 (58)
2332 5265 2405 5319 Η.
2436 5264 2510 5337 Ε.
2534 5265 2570 5318 1.
2603 5281 2678 5332 iv,
2711 5281 2760 5337 c.
2786 5266 2876 5320 25.

2182 5333 2297 5408 (59)
2329 5335 2699 5408 ConcilLtom.
2718 5333 2766 5408 _l,
2795 5335 2938 5408 apud
2964 5334 3161 5404 Mansi,
3190 5337 3449 5392 columna
3478 5337 3588 5394 691.

2183 5405 2300 5476 (40)
2329 5406 2484 5476 Apud
2499 5405 2690 5476 _Mausi
2716 5406 2839 5476 loco
2863 5407 3047 5460 citato.

2205 5475 2296 5548 41)
2329 5475 2616 5549 ρίὺιηΡΙζ.
2648 5475 2848 5549 ιζιλὶη
2875 5476 3200 5549 p'rolegom.,
3227 5491 3352 5549 pag.
3382 5478 3504 5534 121.

2205 5545 2295 5614 42)
2327 5546 2526 5603 Euseb.
2565 5545 2636 5600 H.
2667 5545 2734 5600 Ε.
2767 5547 2805 5600 l.
2833 5545 2893 5611 νζ
2920 5563 2968 5601 c.
3002 5545 3089 5600 l6.

2183 5617 2298 5690 (45)
2334 5617 2401 5671 Et
2446 5618 2580 5690 alii,
2631 5624 2772 5688 qu‘os
2813 5618 3160 5690 postmodum
3223 5619 3445 5689 scripsit
3491 5627 3650 5674 eumn

2107 5688 2514 5758 Catap'hrygum
2540 5689 2811 5752 hieresim,
2846 5703 2969 5757 quae
2997 5688 3219 5756 quidem
3255 5688 3365 5742 non
3398 5695 3546 5760 longe
3571 5707 3649 5759 po-

2109 5769 2225 5819 stea
2244 5762 2510 5835 maximos
2536 5760 2801 5815 tumultus
2824 5759 3108 5825 excitavit;
3135 5768 3264 5815 tunc
3282 5759 3649 5832 temporisvem
