3872 6210
205 286 347 342 1293

1660 286 2108 347 FRAGMENTA.

3341 290 3480 348 1294

191 403 384 461 enasci
419 403 620 475 capit;
656 403 920 459 nimirum
973 403 1123 458 circa
1164 402 1376 459 Christi
1424 418 1633 459 annum
1656 405 1783 471 l7l,
1812 413 1864 472 Α
1891 414 2024 460 tunc
2053 405 2243 472 fuerit,
2277 405 2374 476 qui
2399 405 2662 476 episcopo
2696 420 2804 463 suo
2829 404 3180 477 praecipiente
3207 410 3477 466 sectarios

191 513 310 568 quo
344 497 513 567 igitur
545 506 789 567 tempore
817 497 1094 553 scribebat
1114 497 1468 567 Apollinaris,
1495 496 1787 554 Montanus

195 604 328 644 cum
366 587 523 644 falsis
549 589 770 644 vatibus
814 589 932 644 suis
968 588 1243 644 hareseos
1273 604 1390 644 sua
1433 587 1786 645 fundamenta

188 681 468 752 iaciebat;
504 696 629 751 qua
667 679 888 750 quidem
925 695 1032 735 non
1083 681 1243 750 longe
1283 692 1474 751 postea
1515 681 1786 739 maximos

197 774 472 830 tumultus
498 773 778 829 excitavit.
804 773 1031 840 Verum,
1063 782 1256 828 auctor
1281 774 1655 830 innominatus
1677 773 1788 830 Eu-

195 866 498 931 sebianus,
549 865 619 920 de
652 880 766 936 quo
799 865 1048 936 agimus,
1096 876 1222 937 post
1263 865 1506 922 Montani
1541 864 1785 935 demum,

195 963 514 1020 Maximillae
537 979 602 1020 ac
631 963 900 1020 Theodoti
929 974 1181 1029 mortem,
1215 965 1269 1019 id
1291 973 1376 1020 est
1402 981 1509 1019 non
1531 973 1656 1019 ante
1688 980 1788 1020 an-

196 1071 333 1111 num
352 1055 480 1120 212,
498 1057 671 1112 libros
693 1073 825 1114 suos
848 1056 1114 1124 exaravit,
1129 1067 1190 1111 ut
1211 1073 1278 1112 ex
1300 1071 1488 1112 eorum
1513 1055 1787 1125 fragmen-

197 1147 275 1201 tis
303 1148 373 1202 ab
403 1145 643 1203 Eusebio
672 1147 905 1204 servatis
935 1155 1278 1216 compertum
1309 1147 1388 1202 fit.
1441 1146 1786 1217 Quapropter

196 1242 430 1312 insuper
459 1239 708 1296 habenda
743 1255 868 1296 cum
899 1239 1175 1296 Dodwello
1206 1239 1321 1310 (44)
1348 1237 1549 1294 Bullini
1593 1250 1783 1295 aucto-

194 1330 338 1387 ritas
378 1330 721 1387 licentissimi
759 1330 1026 1385 nimirum
1067 1329 1417 1398 interpretis;
1463 1343 1638 1398 neque
1666 1343 1785 1383 ma-

195 1422 286 1494 gis
314 1422 561 1478 ducenda
595 1422 866 1492 sequioris
891 1423 989 1477 avi
1029 1422 1358 1492 scriptorum
1408 1421 1660 1488 assertio,
1689 1419 1785 1475 Ni-

192 1512 448 1583 cephori,
472 1512 718 1579 Callisti,
751 1513 1029 1582 libellique
1060 1510 1315 1583 Synodici
1343 1512 1610 1580 auctoris,
1644 1527 1783 1583 quo-

194 1619 327 1659 rum
369 1604 462 1660 hic
504 1605 707 1660 saculo
751 1621 830 1671 rx,
877 1605 969 1660 ille
994 1619 1126 1660 vero
1153 1621 1266 1670 xiv,
1295 1603 1546 1660 ﬂoruisse
1599 1604 1786 1676 perhi-

194 1697 394 1764 betur;
429 1696 487 1752 hi
515 1696 790 1768 siquidem
815 1695 1042 1754 Eusebii
1077 1707 1318 1754 mentem
1349 1698 1493 1753 haud
1519 1697 1782 1763 assecuti,

1895 497 2022 554 illos
2067 496 2394 553 confutavit.
2434 496 2714 554 Hactenus
2749 499 2860 554 ille.
2915 497 3120 555 Verum
3154 509 3214 554 ut
3246 515 3309 555 ea
3339 516 3480 571 pra-

1893 600 2192 658 tereamus,
2223 606 2348 661 qua
2373 591 2540 647 modo
2575 591 2998 656 edisseruimus,
3037 607 3204 662 quam
3228 591 3374 649 fluxa
3405 594 3478 650 sit

1892 681 2202 738 istiusmodi
2233 679 2372 736 Vita
2416 679 2476 735 S.
2503 681 2722 738 Abercii
2756 681 2913 746 ﬁdes,
2945 682 3036 738 cui
3073 682 3170 737 uni
3191 682 3478 753 Lequienii

1890 773 2202 843 conjectura
2247 772 2520 838 innititur,
2569 773 2818 842 pluribus
2861 783 2988 845 post
3017 772 3312 830 Baronium
3359 774 3476 847 (49)

1888 867 2133 922 ostendit
2153 862 2540 921 Tillemontius
2555 865 2691 936 (50).

1959 959 2171 1014 Auctor
2211 957 2382 1013 libelli
2410 955 2664 1027 Sgnodiea'
2700 966 2889 1013 narrat
2919 968 3165 1015 sanctam
3201 961 3475 1033 synodum

1889 1048 2166 1120 Hierapoli
2201 1051 2347 1105 Asia
2393 1049 2614 1105 civitate
2658 1049 2990 1105 celebratam
3030 1051 3104 1106 ab
3136 1052 3474 1123 Apollinario

1890 1143 2048 1198 urbis
2079 1142 2226 1199 illius
2251 1142 2534 1213 episcopo,
2574 1142 2809 1212 aliisque
2833 1143 3026 1214 viginti
3064 1158 3161 1199 sex
3198 1144 3474 1214 episcopis

1886 1235 2133 1306 ejusdem
2165 1233 2464 1305 provincia
2498 1232 2786 1290 abdicasse
2824 1244 2880 1290 et
2906 1235 3240 1306 exstirpasse
3259 1235 3474 1292 Monta-

1887 1343 2020 1383 num
2077 1337 2133 1382 et
2183 1326 2541 1382 Maximillam
2597 1326 3138 1399 pseudoprophetas,
3200 1328 3475 1398 simulque

1886 1434 2015 1474 cum
2067 1418 2178 1474 illis
2225 1417 2582 1475 damnavisse
2613 1415 2959 1475 Theodotum
2988 1417 3300 1498 Coriarium
3334 1418 3471 1491 (5i).

1887 1511 2206 1584 Opportune
2236 1513 2325 1568 hic
2357 1511 2592 1568 advertit
2635 1512 2720 1567 vir
2752 1512 3107 1570 doctissimus
3159 1511 3224 1567 Ι).
3249 1512 3470 1578 Antine,

1889 1605 1994 1659 hoc
2027 1603 2323 1659 concilium
2358 1604 2428 1658 ab
2456 1602 2688 1660 eruditis
2720 1603 2928 1674 passim
2971 1613 3033 1660 ut
3065 1603 3353 1660 indubium
3385 1618 3473 1657 re-

1889 1695 1996 1766 cipi
2019 1693 2155 1768 (52).

190 1787 322 1859 ejus
350 1788 722 1844 narrationem
748 1804 849 1858 pro
879 1790 1110 1844 arbitrio
1153 1789 1514 1860 interpolasse
1542 1806 1782 1847 noscun—
1811 1771 1862 1834 Β
1956 1787 2319 1844 Commendat
2340 1785 2574 1844 Photius
2595 1787 2969 1858 Apollinarem
2997 1797 3249 1843 nostrum
3275 1803 3306 1842 a
3331 1801 3472 1858 pra-

193 1889 312 1936 tur.
338 1878 478 1936 Huic
506 1881 728 1936 demum
756 1881 1041 1937 sententia
1065 1881 1133 1937 de
1163 1881 1486 1953 fragmentis
1515 1882 1585 1937 ab
1609 1881 1782 1938 Euse-

192 1972 294 2031 No
319 1972 582 2037 recitatis,
611 1971 842 2028 Claudio
867 1973 1172 2043 Apollinari
1222 1972 1564 2029 ascribendis
1609 1989 1782 2043 nuper

192 2081 366 2138 quam
414 2067 664 2136 proxime
713 2066 947 2121 accessit
993 2066 1074 2120 Cl.
1126 2065 1464 2136 Lequienius
1512 2064 1648 2136 (45).
1699 2063 1782 2120 Ex

191 2158 436 2228 quadam
465 2158 611 2213 enim
636 2155 759 2212 Vita
787 2156 846 2212 S.
874 2159 1091 2214 Abercii
1120 2158 1429 2228 llierapolis
1462 2158 1518 2212 in
1545 2155 1782 2230 Phrygia

191 2250 468 2322 episcopi,
490 2264 658 2321 quam
684 2265 752 2304 ex
777 2249 1143 2321 Metaphraste
1174 2250 1367 2305 Latine
1397 2251 1640 2320 primum
1661 2250 1784 2306 vul-

192 2351 396 2412 garunt
421 2340 756 2411 Lipomanus
787 2341 902 2414 (46)
949 2351 1006 2398 et
1031 2341 1228 2399 Surius
1260 2342 1405 2414 (47),
1434 2341 1624 2398 Grace
1648 2357 1780 2398 vero

194 2432 504 2488 Halloixius
555 2434 692 2506 (48),
747 2434 971 2505 conjicit
1000 2435 1084 2489 vir
1133 2435 1383 2492 eruditus
1428 2437 1575 2491 hunc
1606 2435 1786 2504 ipsum

191 2540 322 2580 esse
339 2525 657 2591 Abercium,
684 2525 774 2584 cui
803 2527 1138 2596 Apollinaris
1166 2525 1612 2597 Hierapolitanus
1643 2541 1784 2596 opus

190 2626 390 2673 contra
413 2617 791 2702 Cataphrygas
820 2619 1193 2688 nuncupavit;
1231 2627 1292 2673 ut
1321 2618 1550 2688 proinde
1575 2618 1782 2688 Apolli-

195 2707 352 2763 naris
381 2705 639 2764 Ecclesia
692 2706 1112 2780 Hicrapolitana
1170 2709 1456 2779 presbyter
1515 2708 1783 2764 duntaxat

1887 1880 2090 1938 stantia
2144 1880 2348 1949 ingenii
2384 1887 2548 1950 atque
2602 1881 2728 1952 styli
2774 1879 3044 1951 elegantia
3071 1880 3208 1952 (53).
3262 1879 3345 1935 Ad
3375 1893 3474 1936 su-

1886 1991 2050 2047 peros
2093 1976 2298 2032 abiisse
2364 1988 2494 2032 ante
2550 1993 2758 2032 annum
2809 1976 2935 2044 180,
2991 1976 3471 2033 verosimillimum

1884 2077 2041 2138 putat
2061 2067 2443 2124 Tillemontius
2465 2067 2603 2141 (54),
2624 2084 2691 2125 eo
2713 2069 2860 2139 quod
2889 2069 3012 2139 ejus
3030 2079 3222 2125 contra
3251 2077 3471 2125 enatam

1884 2175 2032 2214 anno
2062 2159 2160 2213 l7l
2189 2159 2648 2216 Montanistarum
2695 2160 2950 2216 haeresim
2996 2161 3200 2231 scripta
3235 2159 3348 2214 sint
3380 2159 3471 2215 ul-

1885 2251 2083 2308 timum
2131 2251 2305 2321 ipsius
2344 2267 2504 2322 opus.
2555 2251 2783 2308 Diversa
2833 2251 3224 2323 Martyrologia
3273 2250 3469 2306 Latina

1885 2343 2116 2412 septima
2139 2341 2424 2397 Februarii
2449 2342 2597 2398 illius
2623 2341 3206 2415 commemorationem
3236 2340 3468 2396 faciunt.

1885 2434 2157 2490 Baronius
2195 2450 2326 2490 vero
2359 2435 2415 2490 in
2441 2433 2833 2506 Martyrologi'o
2865 2433 3118 2489 Romano
3157 2442 3350 2488 octava
3377 2431 3472 2486 Ja-

1886 2527 2066 2582 nuarii
2093 2526 2327 2583 natalem
2352 2527 2472 2598 ejus
2500 2527 2788 2596 consignat
2804 2526 2942 2598 (55).
2960 2525 3018 2580 In
3043 2523 3248 2580 Graecis
3276 2540 3308 2578 e
3334 2539 3470 2578 cou-

1887 2629 1973 2674 tra
2002 2618 2222 2674 Maneis
2267 2620 2498 2675 omnino
2531 2618 2682 2673 nulla
2730 2619 2938 2674 mentio
2965 2617 3034 2674 de
3081 2615 3140 2671 S.
3167 2614 3470 2686 Apollinari

1891 2717 2028 2764 teste
2057 2707 2322 2763 Bollaudo
2355 2708 2616 2764 occurrit.

751 3219 754 3224 _
803 3099 932 3230 S.
1028 3095 1676 3228 CLAUDII
1754 3092 2810 3264 APOLLINARIS

1363 3351 2287 3474 FRAGMENTA.

1177 3587 1387 3651 (Roma,
1413 3583 1648 3652 Reliquiae
1668 3596 1844 3645 sacra,
1869 3583 2068 3642 Oxonii,
2093 3581 2231 3643 1814,
2266 3582 2306 3644 Ι,
2337 3583 2468 3646 149.)

1567 3731 1651 3784 Ea:
1687 3731 1824 3787 libro
1855 3730 2078 3785 incerto.

270 3897 450 3970 Atque
477 3911 538 3952 ea
574 3909 663 3952 res
689 3903 805 3950 tum
829 3910 860 3948 a
895 3891 1258 3962 scriptoribus
1281 3905 1312 3944 a
1337 3889 1443 3945 fide
1465 3899 1650 3947 nostra
1683 3903 1779 3960 pe-
1805 3889 1854 3953 ο
1957 3887 2092 3941 Ἥδε
2123 3885 2335 3958 ἱστορία
2359 3885 2560 3956 (inquit
2590 3883 2856 3939 Eusebius
2885 3882 2981 3936 lib.
3011 3897 3043 3937 v
3072 3880 3218 3936 Hist.
3261 3897 3384 3954 cap.
3413 3875 3470 3944 5)

197 3989 353 4045 uitus
413 3987 633 4051 alienis,
688 3986 889 4056 quibus
940 3999 1089 4039 cura
1146 3981 1250 4037 fuit
1283 3997 1370 4038 res
1420 3997 1488 4038 eo
1532 3991 1778 4051 tempore
1885 3980 2109 4052 φέρεται
2145 3979 2243 4050 μὲν
2269 3977 2520 4049 (historia
2546 3985 2650 4043 est,
2677 3975 2745 4030 de
2775 3974 3057 4029 illoimbre
3078 3974 3144 4028 ad
3175 3973 3472 4029 sedandam

199 4082 386 4153 gestas
417 4079 700 4135 memoria
729 4076 1011 4140 mandare,
1050 4084 1165 4130 tum
1201 4089 1232 4130 a
1267 4075 1474 4130 nostris
1490 4073 1654 4128 etiam
1679 4073 1782 4127 ho-
1886 4071 2124 4127 militum
2162 4069 2312 4125 sitim
2361 4067 2434 4122 Μ.
2477 4064 2740 4122 Antonini
2789 4064 2921 4134 imp.
2967 4063 3229 4118 exercitui
3263 4063 3470 4128 misso,

199 4174 447 4229 minibus
473 4172 727 4228 refertur.
761 4169 868 4226 Sed
894 4168 1179 4240 gentilium
1213 4167 1508 4237 scriptores
1533 4173 1718 4234 utpote
1745 4180 1778 4220 a
1887 4163 2020 4219 dum
2059 4162 2350 4222 fulminum
2375 4159 2527 4230 jactu
2554 4158 2895 4214 vexabantur
2935 4155 3141 4225 hostes)
3182 4155 3277 4208 καὶ
3319 4153 3474 4225 παρὰ

200 4267 470 4338 religione
499 4275 690 4320 nostra
713 4261 1067 4326 dissidentes,
1089 4259 1196 4314 hoc
1214 4258 1434 4328 quidem
1449 4258 1782 4312 miraculum

1893 4259 2000 4321 τοῖς
2033 4255 2221 4327 πόρῤω
2240 4251 2337 4307 τοῦ
2370 4251 2492 4306 καθ’
2525 4253 2675 4322 ἡμᾶς
2706 4248 2866 4318 λόγου
2917 4247 3322 4318 συγγραφεῦσιν
3341 4288 3356 4312 ,
3390 4242 3473 4310 οἷς

198 4366 747 4416 eommemorarunt:
780 4371 889 4410 non
913 4365 1098 4410 tamen
1116 4354 1168 4409 id
1194 4361 1506 4408 nostrorum
1527 4349 1780 4420 precibus

1894 4349 2054 4420 μέλον
2086 4347 2275 4416 γέγονε
2309 4345 2407 4416 τῆς
2447 4343 2590 4398 κατὰ
2615 4343 2742 4406 τοὺς
2785 4341 3146 4412 δηλουμένους
3191 4339 3300 4411 (56)
3334 4357 3471 4412 γρα-

198 4453 409 4510 factum
425 4467 548 4507 esse
562 4449 801 4506 confessi
817 4446 1158 4505 sunt.Nostri
1173 4463 1302 4502 vero
1319 4453 1510 4516 utpote
1525 4442 1772 4498 veritatis

1893 4441 2025 4511 φῆς·
2083 4437 2374 4510 δεδήλωται
2419 4436 2478 4489 δὲ
2525 4437 2622 4490 καὶ
2658 4433 2794 4506 πρὸς
2843 4431 2952 4484 τῶν
2998 4431 3285 4504 ἡμετέρων
3335 4432 3468 4503 (57).

1947 4573 2063 4644 (54)
2097 4572 2377 4644 ξζέηιοξνεξ
2401 4567 2809 4644 dehl’histoire,‘
2828 4575 2966 4644 t0m_._
2993 4561 3220 4644 μηθεὶς.
3244 4565 3381 4644 208.

1955 4632 2070 4715 (55)
2107 4642 2241 4697 Vide
2265 4641 2632 4697 Bollaudistas
2659 4637 2728 4692 ad
2758 4635 2904 4690 diem
2936 4634 2966 4686 7
2992 4632 3298 4701 Februarii,
3330 4652 3456 4707 pag.

1885 4717 1912 4771 1
1955 4724 2262 4854 ῗὲϐῗεῖξατὰ
2288 4781 2432 4854 tofm
2457 4776 2888 4854 δηλουμένους..
2921 4772 3284 4854 imperatores
3309 4772 3471 4854 I_’iun_t

1885 4845 2299 4922 Au‘reliuniquc.
2348 4845 2456 4906 Res
2509 4845 2984 4922 autem__contigi_t,
3029 4855 3088 4922 u_t
3123 4847 3178 4900 in
3224 4847 3376 4922 notis
3400 4845 3470 4922 ad

1889 4925 2092 4980 Euseb.
2124 4914 2375 4977 Valesius
2399 4921 2656 4982 ostendit,
2689 4915 2761 4971 Μ.
2792 4914 3015 4969 Aurelio
3036 4915 3316 4972 Antonino
3349 4917 3469 4970 solo

1889 5004 2193 5066 regnante,
2221 4994 2386 5066 vitam
2439 4993 2552 5066 jam
2572 4990 2800 5066 -fuucto
2834 4983 3145 5066 patre_Pio‘,
3191 4986 3304 5066 imo
3347 4993 3472 5064 post

1891 5055 2124 5120 mortem
2152 5063 2277 5119 Veri
2321 5055 2532 5118 fratris.
2563 5059 2833 5116 Caeterum
2893 5055 3058 5110 verba
3110 5055 3474 5126 Apollinaris.

243 4589 441 4644 rimum
475 4585 659 4641 enasci
686 4594 948 4655 coeperat,
977 4581 1260 4655 Montane
1287 4595 1414 4635 cum
1455 4577 1770 4655 falsisvati-
1800 4581 1846 4636 D

243 4676 312 4715 us
361 4660 478 4714 suis
523 4657 702 4711 adhuc
748 4650 955 4710 erroris
993 4655 1079 4710 sui
1129 4651 1488 4706 fundamenta
1513 4650 1768 4721 jaciente.

203 4729 408 4786 Euseb.
446 4727 518 4784 Η.
544 4725 612 4781 Ε.
637 4727 675 4780 l.
706 4742 780 4791 tv,
809 4741 859 4780 c.
884 4725 974 4780 27.

277 4789 800 4872 (44)ADissertat.‘£_
822 4796 983 4864 lren.,
1003 4793 1036 4872 §_
1052 4792 1145 4872 58,
1175 4806 1300 4862 pag.
1329 4789 1458 4857 569,
1487 4797 1542 4845 et
1568 4789 1778 4846 Disser-

201 4865 304 4928 tat'.
331 4865 677 4994 A'Cgprianq
716 4866 745 4936 §
776 4867 829 4930 4,
863 4881 986 4936 pag.
1011 4865 1100 4917 40.

276 4941 392 4994 (45)
479 4940 616 4992 riens
639 4937 1000 4994 Christianus,
1033 4944 1100 4989 t0]

276 4941 392 5013 (45)
427 4930 616 5013 ρὶξὶεηε
631 4930 1000 5013 (Ilii-aurigas,
1033 4944 1168 4989 tom.
1201 4934 1244 4999 1,
1275 4931 1383 4987 col.
1412 4930 1537 4986 855.

375 5069 391 5152 )
432 5079 556 5152 Vita
602 5069 1000 5152 sanctorum‘ad.
1027 5075 1170 5129 diem
1199 5073 1270 5152 22
1294 5069 1564 5152 Οίιιοιηῆεἶ

296 5138 390 5221 48)
431 5151 642 5205 “lustr.
670 5148 876 5203 Eccles.
903 5145 1110 5201 Orieut.
1141 5147 1351 5214 θοι-ἱρὴ,
1388 5153 1518 5197 ιοω.
1554 5138 1618 5208 ll,
1645 5155 1772 5210 pag.

204 5223 392 5364 12(ἒξὶ)
427 5291 628 5364 ῥοιζοη.
660 5288 959 5364 adannum
994 5283 1180 5364 163,ιῇ
1213 5285 1301 5339 l5.

279 5350 396 5434 (50)
425 5361 641 5416 Tillem.
700 5357 982 5412 Memoires
1021 5350 1178 5412 ecclf
1201 5365 1334 5410 tom.
1380 5350 1443 5419 ll,
1482 5367 1605 5423 pag.
1649 5352 1778 5419 299,

201 5434 405 5577 έεέἐιλ
421 5501 490 5577 ip
518 5469 954 5558 οόιιεεωοηοίι.
1005 5496 1146 5568 apud
1177 5493 1376 5561 Mansi,
1407 5502 1542 5549 tom.
1573 5489 1638 5557 ιι,
1685 5506 1780 5546 co-

203 5573 343 5632 lum.
379 5573 504 5628 692.

255 5645 392 5715 (52)
418 5643 663 5715 yartde
683 5641 890 5712 uériﬁer
909 5639 983 5695 les
1006 5640 1178 5702 dates,
1205 5651 1330 5715 pag.
1359 5634 1484 5689 l7l.
1549 5704 1578 5715 Α,

277 5645 371 5714 (52
418 5645 663 5697 L‘art.de
683 5645 890 5712 uériﬁer
909 5645 983 5695 les
1006 5645 1178 5702 dates,
1205 5651 1330 5706 pag.
1359 5645 1484 5689 HI.
1569 5704 1578 5715 .

277 5645 394 5786 (56;
426 5712 520 5786 Vir
555 5727 688 5786 sane
720 5721 1009 5785 prastans,
1043 5719 1098 5768 et
1133 5709 1274 5780 stylo
1304 5712 1582 5777 praestanti
1616 5719 1772 5762 usus.

203 5783 581 5845 PhOt.'codice
604 5783 691 5842 14.

181 5051 200 5114 )
299 5005 395 5152 2?}
432 5009 577 5133 33;”
602 5005 936 5132 .ifgzo‘;.‘.i.'t

204 5223 276 5277 η
296 5152 390 5274 48)
431 5151 642 5205 “lustr.
670 5148 876 5203 Eccles.
903 5145 936 5201 Ο

1888 5152 2010 5206 qua
2037 5141 2363 5204 sequuntur,
2397 5149 2464 5206 ex
2494 5131 2752 5206 Apologia
2785 5126 2906 5195 ejus
2945 5126 3013 5206 ad
3049 5123 3302 5206 cumdel]:
3328 5123 3472 5206 Illar-

1889 5194 2015 5260 cum
2045 5247 2059 5271 ,
2095 5194 2257 5275 cujus
2318 5194 2508 5275 scripti
2542 5194 2916 5275 mentionem“
2945 5194 3150 5251 fecerat
3194 5195 3471 5275 Eusebius

1888 5292 2010 5345 cap.
2048 5264 2136 5330 ’26
2163 5264 2236 5329 ὀι
2289 5275 2391 5340 27,
2433 5264 2616 5343 ejusd.
2661 5272 2756 5326 lib.
2792 5282 2866 5334 ιν,
2890 5264 3146 5325 1ὀι·ιτιεεθΔ
3177 5267 3471 5333 desumpta

1889 5355 2042 5402 sunt.

1958 5411 2435 5490 (57)A851j.10)t€}_t
2562 5411 2665 5490 ita}
2703 5411 2857 5490 ττίρὸς
2881 5411 3001 5466 τῶν
3028 5405 3366 5490 τἰμεςτέεων.Δ

1887 5482 2002 5558 hoc
2016 5482 2339 5558 miraculum
2353 5482 2882 5558 alluditoprianus,
2901 5496 3025 5537 cum
3041 5482 3186 5558 aitin
3209 5482 3470 5558 fractum

1885 5558 1956 5611 ad
1979 5555 2369 5610 Demetriadem
2385 5569 2405 5606 :
2435 5545 2806 5608 «Chrisiianos
2823 5545 2923 5622 pro
2937 5547 3188 5622 arcendis
3215 5545 3470 5622 hostibus

1882 5639 1939 5682 et
1967 5625 2235 5680 imbribus
2264 5615 2841 5697 impetratglisrogare
2863 5632 2916 5676 et
2947 5615 3408 5697 preces-fundere.
3443 5631 3464 5664 ι

1883 5697 1944 5752 Ρ.
1976 5697 2098 5758 195,
2130 5684 2464 5767 pedali-von.
2490 5684 2581 5767 7W.
2618 5684 2809 5767 Loxvth
2872 5684 3174 5767 “(Eusebii
3204 5689 3289 5741 ed.
3324 5684 3470 5767 Rea-.-

1884 5770 2032 5839 ding.
2063 5765 2217 5823 Adde
2243 5765 2502 5838 Cypriani
2533 5764 2858 5835 magistrum
2896 5761 3293 5819 Tertullianum
3318 5798 3334 5824 ,
3373 5761 3470 5826 qui
