3872 6210
442 406 2051 457 Η

2115 410 3682 472 =____.——-———-——_______=
3721 421 3728 472 ῖ

1330 597 1498 762 S.
1621 599 2802 762 HEGESIPPUS

1811 1025 2320 1119 NOTITIA

1393 1201 1680 1265 (Genuum,
1714 1202 1818 1253 γει.
1841 1203 2050 1256 Patrum
2070 1201 2321 1264 Biblioth”
2368 1204 2429 1266 ll,
2457 1205 2658 1270 Proleg.
2686 1221 2735 1270 p.
2761 1207 2866 1263 vn.)

507 1321 549 1407 ᾗ
581 1322 715 1407 Quis
751 1325 1071 1407 Hegesippus
1097 1339 1148 1407 et
1173 1341 1402 1400 quantus
1431 1334 1530 1388 vir.
1562 1331 1940 1407 Ejussolertia
1963 1336 2026 1407 in
2057 1336 2406 1390 monumentis
2436 1338 2702 1404 primaeva:
2739 1336 3075 1407 antiquitatis
3102 1336 3503 1407 conquirendis.

506 1392 570 1448 ll.
599 1392 1329 1476 Actuum'ece'lesiasticorum
1371 1392 1748 1458 commentaria
1773 1406 2100 1475 perscripsit.
2143 1407 2356 1470 Quanto
2385 1392 2447 1460 iri
2470 1410 2637 1476 pretio
2681 1392 2917 1460 habitu'in
2951 1392 3228 1476 ejusmodi.
3255 1423 3405 1476 opus.
3439 1406 3720 1472 Quem

431 1478 586 1535 exeo
614 1470 896 1535 supersint.

503 1532 590 1587 Ill.
625 1532 953 1617 Hegesippus
990 1539 1348 1617 Ecclesiarnm
1377 1544 1612 1617 omnium
1642 1545 1726 1617 Ade
1752 1543 1964 1617 Christi
1990 1547 2267 1602 divinitate
2306 1547 2665 1602 consensionis
2696 1547 3139 1616 locupletissimus
3189 1547 3358 1602 testis.
3417 1545 3618 1617 Ipsum
3653 1547 3720 1600 in

431 1619 559 1658 suas
579 1617 757 1674 partes
789 1611 996 1666 trahere
1025 1613 1232 1682 frustra
1260 1624 1520 1668 conantur
1548 1612 1804 1669 Unitarii.

499 1746 541 1801 l.
595 1745 960 1821 Hegesippus,
1011 1767 1079 1808 ex
1123 1753 1539 1810 circumcisione
1591 1755 1798 1812 Christi
1851 1757 2051 1820 ﬁdem,

2127 1760 2251 1814 ’Ἐπὶ
2287 1759 2477 1815 τούτου
2510 1760 2796 1833 (Κομόδου)
2835 1761 3176 1833 Ἡγήσιππος
3207 1757 3534 1823 τελειοῦται,
3574 1758 3714 1831 περὶ

429 1841 734 1911 amplexus,
766 1843 826 1908 ἐξ
867 1844 1132 1917 Ἐϐραίων
1168 1847 1568 1912 πεπιστευκώς,
1604 1858 1666 1904 ut
1698 1850 1876 1905 visum
1904 1850 2011 1905 Eu-

427 1932 582 1990 sebio
611 1935 711 2005 (l),
744 1953 764 1987 ¢
806 1936 1020 1993 vicinus
1060 1940 1483 2008 apostolicorum
1530 1949 1858 2012 temporum,
1893 1963 1910 1995 ι
1942 1961 2011 1999 ex

427 2024 534 2080 ﬁde
563 2023 875 2099 Hieronymi
907 2029 1006 2100 (2),
1054 2032 1254 2086 sarculo
1288 2049 1326 2086 ιι
1354 2033 1579 2089 ineunte
1619 2044 1780 2090 natus
1818 2037 2010 2090 existi-

426 2125 630 2172 matur.
652 2116 750 2173 llic
770 2129 949 2174 autem
974 2122 1054 2174 vir
1079 2125 1326 2192 antiquus
1347 2134 1396 2180 et
1423 2126 1765 2194 apostolicus,
1786 2129 2010 2199 ἀρχαῖός

426 2226 488 2263 τε
515 2211 655 2283 ἀνὴρ
686 2213 778 2266 καὶ
806 2215 1162 2281 ἀποπολικός
1193 2218 1292 2288 (5),
1324 2235 1391 2274 ex
1436 2219 1622 2277 Judara
1663 2221 1896 2280 fortasse
1923 2225 2008 2280 di-

426 2319 668 2373 gressus,
701 2307 917 2378 longum
964 2311 1066 2364 iter
1101 2310 1330 2367 Romam
1381 2330 1552 2385 usque
1591 2318 1898 2387 suscepisse
1943 2334 2010 2374 ex

425 2394 497 2450 iis
525 2410 646 2465 qua
670 2396 736 2453 de
769 2414 826 2454 se
851 2401 968 2470 ipso
1002 2404 1163 2458 tradit
1199 2407 1274 2475 (4)
1299 2409 1652 2476 comperitur.
1699 2409 2010 2482 Compluri-

425 2487 533 2544 bus
561 2489 744 2559 itaque
769 2493 1063 2561 provinciis
1094 2498 1413 2568 peragratis,
1444 2515 1567 2554 cum
1594 2501 1726 2557 viris
1761 2503 2009 2558 doctrina

423 2587 480 2633 et
511 2579 711 2650 pietate
733 2587 1118 2652 praestantibus
1156 2603 1443 2645 sermones
1483 2593 1676 2647 habuit
1710 2595 2008 2659 ;ecclesia-

424 2685 546 2726 rum
579 2673 799 2730 interim
839 2677 1079 2748 origines
1124 2688 1178 2735 et
1214 2683 1593 2753 episcoporum
1631 2687 2008 2744 successiones

422 2763 654 2820 solerter
682 2767 1032 2838 conquirens.
1072 2769 1317 2826 Corinthi
1357 2774 1485 2827 dum
1523 2785 1705 2844 ageret
1735 2777 1826 2831 ubi
1859 2777 2005 2832 haud

423 2869 626 2924 paucos
652 2858 770 2916 dies
789 2869 1157 2917 commoratus
1187 2872 1288 2930 est,
1318 2865 1383 2919 de
1407 2866 1554 2922 illius
1578 2867 1835 2923 Ecclesia:
1860 2878 2002 2924 statu

422 2947 757 3016 sciscitatus,
794 2951 1054 3008 intellexit
1095 2953 1406 3011 Corinthios
1463 2958 1517 3011 in
1558 2969 1704 3013 recta
1739 2961 1843 3014 ﬁde
1884 2977 2007 3030 per-

421 3042 693 3098 mansisse
721 3059 894 3114 usque
940 3045 1008 3099 ad
1045 3043 1286 3100 Primum
1313 3047 1432 3117 ejus
1467 3050 1620 3104 urbis
1661 3051 2002 3120 episcopum,

2111 1853 2220 1906 τῶν
2248 1853 2561 1907 ἀποστόλων
2599 1853 2849 1924 μεγάλως
2885 1853 3357 1925 συγγραψάμενος,
3387 1852 3465 1915 ὡς
3496 1853 3712 1924 ἱστορεῖ

2110 1944 2371 2009 Εὐσέϐιος
2405 1948 2434 1999 ὁ
2473 1945 2777 2017 Παμφίλου.
2833 1946 2946 2001 Hoc
2998 1949 3291 2016 imperante
3333 1943 3707 2018 (Commodo),

2109 2037 2331 2091 decessit
2367 2036 2708 2108 Hegesippns,
2737 2039 2828 2109 qui
2856 2039 2918 2092 de
2957 2037 3210 2107 apostolis
3235 2037 3424 2091 eximie
3455 2037 3708 2104 scripsit,

2110 2139 2168 2183 ut
2198 2139 2424 2183 testatur
2452 2130 2708 2184 Eusebius
2740 2129 3028 2199 Pamphili.
3053 2129 3295 2184 Meminit
3318 2129 3486 2184 etiam
3515 2126 3714 2196 Hege»

2111 2223 2251 2292 sippi
2294 2221 2631 2278 Sozomenus
2663 2224 2760 2293 (8),
2804 2239 3039 2293 eumque
3077 2243 3098 2275 ι
3128 2223 3307 2277 virum
3357 2221 3708 2290 sapientissi-

2110 2332 2261 2370 mum
2301 2335 2318 2368 ι
2353 2316 2607 2385 appellat,
2632 2319 2725 2386 qui
2747 2316 2815 2371 ad
2843 2333 2939 2372 sua
2966 2331 3143 2386 usque
3165 2324 3408 2386 tempora
3435 2313 3712 2369 Ecclesiae

2111 2407 2396 2462 historiam
2426 2409 2759 2478 perduxerit.

2184 2495 2383 2551 Verum
2437 2512 2635 2566 magno
2685 2496 3068 2552 ecclesiastica:
3109 2496 3450 2566 antiquitatis
3494 2496 3704 2549 tiatnno

2109 2587 2228 2658 ejus
2261 2590 2624 2660 ὑπημνήματα
2654 2590 3064 2653 interciderunt,
3109 2589 3156 2643 si
3204 2589 3413 2658 aliquot
3448 2588 3700 2656 przeclari

2110 2681 2292 2751 operis
2317 2681 2640 2751 fragmenta,
2671 2691 2722 2734 et
2745 2682 2961 2750 quidem
2991 2682 3245 2745 illustria,
3268 2681 3532 2749 excipias.
3557 2678 3701 2733 Sunt

2109 2781 2291 2828 autem
2340 2774 2606 2843 ejusmodi
2653 2793 2666 2828 :
2713 2773 2754 2829 Ι.
2795 2775 2867 2827 De
2913 2775 3134 2828 historia
3184 2775 3430 2843 martyrii
3478 2771 3700 2832 Jacobi,

2109 2865 2297 2934 fratris
2335 2865 2566 2919 Domini.
2611 2864 2674 2919 ll.
2709 2866 2784 2920 De
2820 2867 3127 2936 propinquis
3168 2865 3467 2920 Saluatoris
3502 2864 3696 2917 nostri.

2107 2956 2194 3011 lll.
2226 2957 2302 3011 De
2353 2956 2627 3026 Symeonis
2672 2956 2852 3027 Clopaa
2893 2959 3016 3027 ﬁlii,
3056 2957 3549 3027 Hierosolymorum
3580 2958 3696 3026 epi-

2107 3051 2274 3120 scopi,
2307 3051 2587 3119 martyrio.
2623 3049 2710 3103 IV.
2753 3051 2824 3104 De
2854 3059 3081 3120 tempore
3121 3067 3223 3119 quo
3263 3050 3446 3119 ﬂoruit
3480 3050 3698 3118 ipsemet

421 3150 660 3206 quocum
690 3143 745 3191 et
771 3134 1112 3193 faniiliariter
1140 3150 1390 3195 versatus
1418 3150 1519 3196 est.
1554 3141 1778 3198 Romam
1811 3146 2004 3201 deinde
2037 3123 2081 3183 Β
2111 3141 2456 3212 llegcsippus.
2499 3141 2562 3194 ν.
2611 3141 2682 3195 De
2731 3159 2828 3195 sua
2871 3143 3192 3210 profectione
3235 3143 3306 3195 ad
3355 3144 3539 3194 urbem
3589 3140 3689 3194 Ro-

421 3227 732 3294 contendit;
764 3243 874 3298 quo
925 3244 1048 3284 cum
1089 3232 1446 3299 pervenisset,
1496 3235 1716 3290 sedente
1756 3237 2002 3304 Aniceto,

422 3315 791 3375 successionis
813 3321 1048 3376 tabulam
1073 3338 1244 3392 usque
1265 3324 1328 3378 ad
1354 3325 1531 3394 ipsum
1567 3326 1851 3383 Anicetum
1875 3347 2008 3384 con-

421 3415 585 3484 fecit;
617 3431 782 3487 quam
807 3416 1060 3486 deinceps
1088 3418 1154 3472 ad
1183 3416 1533 3474 Eleutherum
1563 3437 1738 3492 usque
1781 3424 2006 3480 deduxit

423 3523 801 3564 successorem
831 3507 1059 3576 Soteris,
1090 3510 1182 3580 qui
1214 3510 1500 3566 Anicetum
1532 3513 1871 3569 decessorem
1901 3517 2004 3570 ha-

421 3599 635 3655 buerat.
665 3597 723 3654 ln
753 3600 982 3670 singulis
1013 3611 1189 3655 autem
1219 3601 1603 3673 episcoporum
1641 3609 2006 3663 successioni-

422 3691 550 3757 bus,
582 3702 636 3748 et
671 3708 768 3762 per
799 3693 1042 3763 singulas
1070 3695 1252 3760 urbes,
1283 3696 1528 3750 eamdem
1558 3698 1716 3752 ﬁdem
1743 3699 2002 3768 viguisse,

423 3785 725 3856 eademque
755 3785 1026 3842 mansisse
1063 3803 1184 3856 quae
1214 3803 1310 3856 per
1339 3787 1510 3857 legem
1545 3800 1598 3845 et
1626 3790 1918 3860 prophetas
1952 3802 2007 3846 et

423 3887 457 3928 ι
488 3872 722 3929 Domino
754 3875 876 3944 ipso
907 3875 1197 3946 praedicata
1232 3875 1466 3944 fuerant,
1501 3888 1740 3933 enarrat.

495 3964 561 4022 ll.
594 3965 694 4023 His
723 3967 906 4037 itaque
940 3968 1212 4038 primaevae
1241 3969 1583 4038 antiquitatis
1615 3971 1881 4039 praesidiis
1917 3972 2005 4024 in-

424 4066 667 4116 structus
694 4057 1051 4130 Hegesippus,
1081 4081 1100 4113 ι
1133 4062 1450 4132 multisque,
1494 4080 1513 4112 ι
1550 4070 1611 4116 ιιι
1647 4079 1771 4116 cum
1815 4061 2005 4116 Hiero-

422 4166 590 4224 nymo
621 4151 818 4222 loquar
848 4152 949 4224 (5),
981 4172 1000 4205 ι
1047 4153 1113 4208 ad
1164 4154 1450 4208 utilitatem
1505 4155 1795 4225 legentium
1845 4157 2008 4225 perti-

423 4244 684 4300 nentibus
723 4244 853 4299 hinc
897 4245 1026 4300 inde
1071 4247 1435 4317 congregatis,
1465 4261 1657 4301 omnes
1695 4263 1724 4300 a
1751 4248 2006 4316 passione

424 4331 642 4388 Domini
685 4348 860 4403 usque
905 4335 972 4389 ad
1025 4351 1180 4391 suam
1231 4346 1465 4403 aetatem,
1508 4338 2002 4393 ecclesiasticarum

423 4433 644 4480 actuum
674 4433 865 4481 texens
896 4427 1172 4495 historias,
1209 4429 1450 4498 quinque
1498 4430 1666 4484 libros
1699 4433 2002 4501 composuit

414 4529 679 4594 sermone
707 4515 960 4586 simplici,
992 4527 1053 4572 ut
1085 4533 1321 4588 quorum
1365 4517 1531 4572 vitam
1560 4525 1891 4585 sectabatur,
1923 4523 2008 4575 di-

423 4606 582 4662 cendi
630 4625 850 4679 quoque
891 4611 1218 4679 exprimeret
1271 4611 1662 4667 characterem.
1717 4631 1734 4664 »
1776 4642 1849 4652 -
1894 4633 1912 4663 ι
1949 4613 2005 4667 In

426 4701 626 4770 quibus
654 4702 896 4772 quidem,
941 4721 960 4754 ι
995 4702 1174 4773 inquit
1203 4701 1470 4758 Eusebius
1500 4704 1599 4775 (6),
1637 4723 1655 4754 ι
1695 4705 2008 4774 apostolica:

423 4795 832 4864 pradicationis
888 4795 1256 4849 narrationem
1310 4797 1645 4864 complexus.
1689 4797 2005 4851 luculentis-

425 4890 566 4944 sima
607 4889 731 4944 ﬁdei
782 4905 895 4945 suae
932 4890 1241 4944 testimonia
1285 4888 1443 4943 nobis
1478 4891 1716 4958 reliquit.
1757 4910 1774 4941 ι
1805 4890 2008 4960 Supre-

424 4999 577 5037 mum
612 4982 756 5037 diem
789 4983 924 5038 obiit
969 4981 1326 5053 Hegesippus,
1360 4983 1405 5037 si
1438 4983 1570 5036 ﬁdes
1600 4982 1857 5036 Chronici
1905 4982 2006 5036 Pa-

415 5047 631 5136 !schalis
689 5075 935 5140 auctori,
996 5088 1106 5143 quo
1160 5081 1403 5143 tempore
1467 5088 1648 5128 rerum
1701 5073 2006 5142 potiebatur

414 5143 783 5233 :Commodus,
807 5165 1124 5238 Olympiade
1159 5183 1410 5222 ccxxnx.
1439 5164 1530 5219 Sic
1558 5165 1704 5220 enim
1755 5165 1844 5220 ille
1874 5165 1953 5237 (7)
1987 5181 1999 5217 :

414 4968 420 5006 Ι

525 5320 577 5390 l)
603 5321 803 5378 Euseb.
840 5321 985 5376 Hist.
1013 5323 1138 5376 eccl.
1177 5323 1270 5376 lib.
1305 5337 1377 5384 iv,
1409 5336 1531 5390 cap.
1564 5320 1654 5375 22.

485 5391 576 5461 .(2)
607 5391 829 5446 Hieron.
863 5393 935 5445 De
965 5395 1062 5446 vir.
1090 5394 1313 5457 illustr.,
1347 5408 1502 5461 capp.
1531 5392 1566 5444 2
1604 5400 1657 5446 et
1683 5393 1776 5449 22.

519 5461 574 5530 5)
613 5461 800 5532 Steph.
831 5461 1033 5518 Gobar.
1067 5465 1209 5532 apud
1240 5463 1396 5518 Phot.
1434 5462 1561 5517 cod.
1592 5462 1718 5517 252.

521 5533 578 5602 4)
611 5531 806 5602 Reges.
846 5535 988 5602 apud
1023 5531 1220 5589 Euseb.
1260 5534 1296 5587 l.
1328 5549 1378 5588 c.

521 5601 577 5658 5)
608 5601 830 5657 Hieron.
854 5601 892 5656 l.
920 5621 970 5658 c.

606 5668 804 5743 Euseb.
825 5672 969 5743 Hist.
1000 5673 1127 5728 eccl.
1155 5673 1246 5728 lib.
1273 5689 1345 5737 tv,
1373 5690 1528 5743 capp.
1554 5674 1588 5728 8
1611 5684 1664 5730 et.
1695 5674 1785 5733 22.

501 5738 585 5800 (Ἰ)
614 5741 813 5796 Chron.
835 5742 1030 5798 Pasch.
1069 5760 1191 5813 pag.
1223 5745 1348 5811 262,
1380 5738 1455 5799 al:
1478 5738 1606 5800 210.

2105 3249 2268 3297 mam,
2305 3243 2354 3287 et
2379 3235 2442 3287 de
2475 3235 2629 3287 sectis
2657 3233 2927 3287 Judaicis.
2958 3233 3032 3287 Ea
3059 3249 3186 3288 vero
3214 3234 3454 3303 primum
3479 3232 3696 3303 collegit

2105 3323 2408 3382 llalloixius
2452 3327 2552 3397 (9),
2601 3327 2799 3382 deinde
2845 3326 3084 3382 Grabius
3117 3325 3231 3395 (10)
3274 3344 3289 3380 :
3332 3339 3474 3395 quos
3505 3335 3558 3378 et
3595 3340 3694 3379 nos

2105 3419 2298 3485 secuti,
2330 3435 2396 3473 ex
2431 3418 2690 3482 Eusebio,
2729 3419 2925 3474 Photio
2961 3428 3015 3474 et
3051 3417 3304 3490 Syncello
3336 3418 3691 3488 protulimus,

2104 3510 2302 3565 additis
2327 3511 2672 3579 potissimum
2689 3507 2977 3566 Valesii-V.
3003 3509 3065 3564 C.
3096 3508 3693 3572 animadversionibus,

2104 3602 2305 3671 quibus
2330 3602 2494 3656 etiam
2537 3602 2796 3656 nonnulla
2830 3617 2894 3655 ex
2931 3601 3053 3656 aliis
3086 3600 3442 3670 subjecimus.
3487 3598 3594 3654 Sed
3624 3599 3687 3653 ad

2105 3693 2468 3763 fragmentum
2522 3694 2547 3747 1
2599 3694 2744 3762 quod
2796 3695 3006 3757 attinet,
3061 3693 3208 3747 haud
3261 3695 3485 3746 omittas
3529 3692 3687 3745 velim

2105 3785 2560 3841 Dissertationem
2591 3785 2927 3840 celeberrimi
2951 3785 3174 3839 Antonii
3199 3784 3418 3837 Arualdi
3441 3799 3570 3837 cum
3595 3799 3682 3836 uo-

2105 3879 2176 3932 tis
2209 3876 2511 3932 doctissimi
2551 3875 2884 3930 Tillemontii
2919 3876 3150 3946 margini
3201 3875 3492 3944 appositis,
3524 3889 3688 3944 quam

2105 3970 2172 4023 ad
2221 3969 2424 4022 calcem
2475 3969 2604 4022 tomi
2649 3970 2668 4020 ι
2709 3967 3169 4021 Monumentorum
3209 3967 3686 4020 ecclesiasticarum

2105 4061 2350 4131 ejusdem
2391 4059 2722 4113 Tillemontii
2764 4061 2940 4128 legere
2971 4070 3074 4114 est.

2177 4149 2263 4202 ΙΙΙ.
2294 4148 2465 4203 Porro
2502 4149 2633 4202 illud
2674 4151 2970 4203 observare
3018 4157 3238 4218 praestat
3286 4163 3410 4201 cum
3460 4147 3532 4201 cl.
3576 4145 3691 4201 bla-

2107 4258 2245 4296 rano
2285 4243 2418 4311 (ll),
2467 4241 2830 4311 llegesippum
2881 4244 3144 4311 aequalem
3194 4243 3402 4294 Irenaeo
3439 4240 3692 4310 (uterque

2105 4334 2252 4388 enim
2287 4334 2388 4387 sub
2419 4331 2712 4386 Eleuthero
2747 4331 3040 4400 scribebat)
3068 4331 3420 4385 ecclesiarum
3445 4331 3690 4384 omnium

2109 4423 2176 4479 de
2198 4425 2399 4479 Christi
2431 4424 2714 4479 divinitate
2754 4424 3136 4479 consensionis
3160 4432 3350 4477 testem
3380 4422 3693 4492 locupletis-

2111 4517 2310 4570 simum
2343 4518 2638 4572 exstitisse.
2669 4517 2792 4586 lpse
2822 4532 3059 4586 namque
3082 4516 3222 4585 apud
3252 4513 3549 4568 Eusebium
3579 4514 3690 4584 (l2)

2108 4617 2339 4663 testatur
2368 4629 2385 4660 σ
2423 4625 2501 4674 se,
2530 4625 2654 4663 cum
2684 4609 2914 4664 Romam
2946 4609 3405 4680 proﬁcisceretur,
3428 4607 3690 4677 plurimos

2108 4701 2396 4770 episcopos
2422 4701 2641 4767 adiisse,
2673 4709 2727 4757 et
2757 4701 2826 4755 ab
2855 4701 3114 4755 omnibus
3137 4715 3303 4753 unam
3333 4698 3692 4768 eamdemque

2109 4795 2382 4849 audivisse
2415 4795 2744 4848 doctrinam.
2793 4813 2810 4844 ι
2851 4793 3153 4862 Paucisque
3192 4791 3512 4860 iuterjectis,
3557 4793 3688 4845 sub-

2108 4887 2226 4940 dit:
2277 4887 2364 4939 Ἐν
2408 4887 2610 4956 ἑκάστῃ
2660 4884 2717 4936 δὲ
2763 4884 3000 4954 διαδοχῇ,
3036 4884 3129 4937 καὶ
3179 4885 3235 4935 ὲν
3281 4883 3489 4955 ἑκάστῃ
3538 4883 3690 4935 πόλει

2106 4977 2279 5040 οὕτως
2319 4975 2449 5045 ἔχει,
2484 4976 2559 5039 ὡς
2592 4977 2620 5027 ὁ
2653 4975 2814 5045 νόμος
2855 4974 3122 5046 κηρύττει
3170 4973 3265 5026 καὶ
3316 4974 3364 5025 οἱ
3417 4973 3688 5044 προφῆται

2108 5068 2202 5120 καὶ
2229 5071 2256 5120 ὁ
2281 5067 2502 5138 Κύριος.
2541 5065 2606 5120 In
2631 5066 2855 5135 singulis
2888 5077 3062 5119 autem
3093 5065 3451 5135 episcoporum
3492 5081 3691 5117 succes-

2106 5158 2364 5223 sionibus,
2410 5169 2459 5212 et
2508 5175 2598 5228 per
2641 5159 2879 5228 singulas
2907 5161 3059 5213 urbes
3099 5144 3279 5211 eadem
3317 5166 3554 5223 manent,
3577 5171 3688 5225 quc

2291 5318 2514 5400 .S_o_z_orn.
2539 5319 2859 5400 yist.ecicl.'
2888 5317 3055 5400 lih._l,
3088 5331 3209 5400 cap.
3245 5317 3296 5371 l.

2202 5373 2256 5459 9)
2291 5387 2726 5459 Halleix.§cript.
2765 5373 3121 5459 Orient.to'in.
3158 5373 3222 5454 ll,
3249 5403 3409 5459 pagg.
3435 5373 3678 5459 ποδ-ηξ.

2179 5457 2480 5528 (l0)Grab.
2534 5458 2724 5528 Spicil.
2761 5457 2861 5513 SS.
2894 5457 3013 5512 PP.
3072 5468 3204 5513 tom.
3250 5457 3511 5530 ll,‘pagg.
3551 5457 3676 5513 205-

2107 5532 2235 5712 ἶῗί
2248 5600 2295 5670 ι)
2326 5600 2536 5712 Maggp.
2571 5601 2796 5656 Dieinit.
2839 5600 2902 5656 ι).
2944 5598 3017 5654 Ν.
3047 5598 3106 5652 1.
3144 5599 3207 5656 c.
3243 5599 3336 5654 lib.
3375 5618 3435 5667 ιι,
3461 5616 3580 5673 cap.
3622 5599 3676 5667 5,

2108 5674 2215 5746 g3,
2246 5688 2369 5741 pag.
2403 5673 2530 5726 23L

2178 5744 2288 5810 (l2)
2325 5741 2524 5798 Euseb.
2563 5741 2705 5796 Hist.
2742 5741 2869 5797 eccl.
2894 5741 2988 5796 lib.
3025 5758 3097 5802 ιγ.
3130 5756 3248 5812 cap.
3275 5741 3366 5796 22.
