3872 6210
252 372 400 431 1305

1358 353 1433 430 ἐ.
1475 370 1922 430 Ηεςεειρρυε.
1953 402 2024 414 -
2053 371 2363 430 NOTITIA.
2896 368 2924 394 '

3383 373 3521 427 1506

245 503 344 556 per
373 489 536 560 legem
577 503 642 542 ac
667 488 978 558 prophetas,
1001 494 1050 542 et
1079 504 1112 542 a
1141 485 1366 542 Domino
1405 489 1519 558 ipso
1547 489 1840 559 pradicata
1868 493 1914 549 Α
1940 487 1985 544 si
2019 485 2299 543 Unitarius
2329 486 2432 542 fuit
2459 486 2794 558 Hegesippus
2821 483 2988 556 (quod
3017 455 3105 541 me
3133 482 3396 554 probasse
3425 503 3520 542 ar-

249 591 400 638 suut.
451 577 586 646 (piae
627 581 846 651 quidem
898 595 966 636 ex
1016 579 1206 636 eodem
1261 579 1496 636 Eusebio
1553 591 1830 652 excerpta,

248 677 420 748 paulo
448 673 702 744 superius
733 688 835 729 nos
860 673 1154 743 protulisse
1183 673 1555 729 meminimus.

321 770 461 826 Cum
483 769 667 838 itaque
687 782 775 824 res
810 768 890 823 sic
911 782 969 822 se
991 767 1211 833 habeat,
1247 785 1267 818 ς
1298 767 1419 821 luce
1438 766 1640 821 clarius
1669 773 1772 830 est,
1805 785 1824 818 ι

243 866 328 922 ait
368 863 622 920 laudatus
667 861 944 927 Maranus,
975 879 994 912 α
1030 858 1391 930 llegesippum
1431 858 1620 914 eodem
1657 873 1724 914 ac
1766 855 1824 913 S.

243 958 512 1014 Irenaeum
541 964 788 1026 tempore
830 955 1181 1020 scribentem,
1211 953 1541 1021 eosdemque
1575 949 1826 1006 refellen-

245 1059 357 1105 tem
388 1047 700 1114 haereticos,
725 1046 866 1101 hanc
889 1043 1244 1100 ecclesiarum
1269 1041 1685 1098 consensionem
1714 1055 1826 1095 non

244 1143 360 1198 alio
391 1158 556 1213 quam
588 1139 851 1195 Irenaeum
885 1137 1136 1199 consilio,
1162 1151 1263 1192 nec
1285 1135 1420 1191 alios
1449 1135 1504 1189 in
1532 1149 1664 1190 usus
1689 1147 1827 1202 prae-

242 1236 452 1290 dicare.
506 1231 791 1302 Repugnat
838 1230 984 1285 enim
1037 1236 1096 1283 ut
1145 1225 1204 1282 S.
1260 1225 1494 1282 irenazus
1547 1225 1707 1280 ﬁdem
1766 1225 1824 1279 in

243 1326 421 1381 Deum
454 1325 798 1380 incarnatum
828 1329 942 1376 toto
976 1319 1109 1374 orbe
1142 1317 1345 1387 vigere,
1378 1317 1479 1372 iste
1509 1331 1640 1370 vero
1663 1315 1821 1369 Chri—

241 1428 394 1475 stum
437 1417 507 1471 ab
534 1415 792 1470 omnibus
842 1411 1143 1480 simplicem
1191 1407 1464 1461 hominem
1519 1405 1821 1460 existimari

241 1517 491 1566 testetur.
541 1504 659 1561 Non
701 1515 883 1563 tamen
923 1501 1092 1573 pudet
1137 1498 1411 1554 Unitarios
1455 1496 1819 1567 Hcgesippum

241 1614 348 1656 suo
382 1599 529 1670 gregi
565 1596 857 1661 ascribere,
885 1602 940 1649 et
982 1607 1312 1649 consensum
1359 1589 1618 1644 Ecclesia:
1655 1604 1818 1658 quem

239 1689 516 1745 haereticis
551 1688 719 1744 Deum
754 1689 1095 1740 incarnatum
1138 1682 1460 1753 negantibus
1495 1681 1700 1751 objicit,
1739 1681 1820 1736 sic

1933 578 2127 650 bitror)
2157 579 2293 632 nihil
2345 579 2492 633 aliud
2543 579 2853 649 significare
2892 585 3092 647 potest,
3138 591 3301 646 quam
3341 578 3521 633 credi-

1929 670 2077 726 disse
2106 668 2378 725 Ecclesias
2405 669 2526 725 illas
2554 685 2680 725 cum
2717 666 3328 733 Iudaico-Christianis,
3357 666 3520 722 Chri—

1929 771 2075 816 stum
2102 760 2395 815 Dominum
2413 761 2690 814 hominem
2712 775 2834 814 esse
2855 758 3174 830 prophetam
3198 767 3252 812 et
3281 758 3516 829 legatum

1927 852 2046 920 Dei,
2076 868 2239 922 super
2283 868 2446 924 quem
2498 851 2680 924 Logos
2717 851 2834 907 sive
2879 850 3122 906 divinum
3148 847 3386 904 Verbum
3418 864 3514 905 ac-

1925 945 2150 1016 quievit.
2195 963 2214 997 ι

2001 1055 2020 1088 ε
2060 1034 2158 1090 llic
2205 1050 2386 1105 operte
2434 1034 2669 1104 pretium
2719 1041 2805 1089 est
2851 1031 3285 1088 animadvertere
3345 1043 3519 1101 quam

1923 1137 2107 1196 aperte
2149 1142 2335 1182 secum
2383 1135 2627 1197 pugnent
2673 1123 2977 1192 Sociniani,
3031 1139 3197 1194 quam
3243 1123 3408 1194 impie
3455 1124 3517 1180 in.

1923 1215 2088 1272 rebus
2119 1216 2356 1271 maxime
2395 1216 2556 1271 seriis
2580 1215 2883 1282 ludiﬁcem,
2910 1215 3039 1270 dum
3066 1213 3430 1284 Hegesippum
3456 1223 3516 1270 et

1924 1307 2202 1362 laudatum
2251 1309 2320 1364 ab
2360 1323 2424 1363 eo
2472 1306 2842 1362 Ecclesiarum
2893 1322 3223 1362 consensum
3265 1307 3334 1362 ad
3375 1322 3517 1363 usus

1921 1413 2054 1454 suos
2101 1399 2424 1470 adjungunt.
2459 1399 2562 1466 Qui
2595 1399 2740 1454 enim
2774 1398 2827 1454 id
2860 1399 3130 1470 quadrare
3172 1399 3346 1468 possit
3381 1414 3508 1454 cum

1919 1506 2110 1548 eorum
2141 1493 2461 1564 principiis?
2492 1491 2774 1547 Scribebat
2817 1490 3154 1561 Hegesippus
3205 1491 3310 1547 sub
3348 1490 3512 1549 Eleu-

1920 1585 2096 1650 thero,
2134 1584 2298 1656 quem
2329 1595 2665 1655 postremum
2701 1599 2768 1638 ex
2801 1582 3066 1638 Romanis
3115 1583 3387 1652 episcopis
3417 1597 3508 1636 re-

1917 1683 2133 1742 censet,
2182 1674 2235 1730 id
2279 1683 2364 1730 est
2407 1674 2571 1729 annis
2618 1672 2731 1728 fere
2776 1672 3172 1742 quadraginta,
3215 1681 3505 1741 postquam

237 1781 612 1853 interpretari,
642 1780 800 1850 quasi
829 1779 1083 1834 universa
1117 1775 1354 1831 Ecclesia
1377 1764 1651 1830 Christum
1683 1772 1817 1828 sim-
1916 1763 2168 1821 Justinus
2195 1781 2226 1820 a
2255 1781 2365 1836 quo
2400 1764 2801 1820 Platonismum
2833 1764 3115 1819 inductum
3150 1763 3360 1853 volunt,
3385 1764 3508 1817 ani-

237 1874 439 1947 pliccm
478 1871 756 1927 hominem
794 1869 1186 1925 consensisset.
1233 1886 1254 1919 ι

315 1963 423 2020 Sed
453 1965 814 2020 orthodoxam
847 1963 979 2017 tanti
1010 1962 1187 2017 Patris
1212 1960 1515 2016 doctrinam
1556 1960 1624 2014 de
1660 1956 1822 2013 Chri-

237 2058 313 2114 sti
346 2058 644 2120 divinitate,
677 2065 864 2111 contra
898 2055 1094 2126 impios
1121 2062 1352 2108 conatus
1384 2060 1607 2106 strenue
1638 2058 1822 2104 tuetur

235 2150 326 2204 vir
353 2149 727 2213 doctissimus,
761 2149 853 2202 ubi
880 2149 943 2201 de
973 2163 1227 2201 consensu
1269 2154 1529 2198 sectarum
1577 2159 1694 2196 cum
1729 2158 1818 2195 ec-

238 2237 416 2292 clesiis
447 2238 744 2304 catholicis,
777 2254 839 2290 ac
874 2237 1044 2306 primo
1076 2237 1141 2289 de
1187 2233 1470 2288 Nazaraeis
1509 2247 1816 2287 sermonem

239 2329 406 2384 habet
442 2347 456 2384 :
489 2329 646 2400 cujus
693 2329 920 2400 proinde
975 2327 1137 2382 verba
1188 2326 1245 2380 in
1291 2326 1528 2380 medium
1579 2321 1818 2392 proferre

236 2430 484 2495 praestat.

317 2531 336 2566 ι
380 2510 439 2567 In
487 2510 870 2566 Nazaraeorum
915 2519 1082 2573 secta,
1125 2509 1300 2580 inquit
1343 2508 1479 2579 (15),
1540 2506 1816 2562 Sociniani

233 2602 550 2674 praesidium
587 2617 766 2658 causae
807 2617 920 2656 sua:
964 2601 1322 2664 constituunt,
1357 2609 1411 2654 et
1452 2597 1814 2669 Hegesippum

232 2710 402 2766 quem
447 2693 712 2749 Eusebius
755 2709 820 2748 ex
873 2692 1212 2748 circumcisis
1264 2691 1593 2746 Christianis
1649 2689 1818 2744 fuisse

236 2787 513 2856 Opinatur,
540 2796 832 2857 patronum
857 2786 958 2841 sibi
991 2785 1286 2840 asciscunt.
1314 2783 1512 2838 Praeter
1537 2792 1814 2837 auctorem

234 2876 435 2933 Irenici
465 2875 814 2942 Irenicorum,
846 2877 939 2946 qui
971 2892 1029 2932 se
1056 2876 1124 2931 de
1160 2874 1433 2930 Nazaraais
1463 2883 1516 2928 et
1548 2874 1614 2928 de
1645 2871 1818 2943 Hege-

235 2969 394 3040 sippo
424 2969 627 3040 passim
657 2969 900 3024 venditat
934 2968 1068 3038 (M),
1101 2968 1210 3022 duo
1237 2967 1478 3035 ejusdem
1511 2975 1654 3019 notae
1681 2963 1818 3019 scri-

233 3069 419 3133 ptores
449 3045 592 3132 apud
619 3060 833 3116 Bullum
862 3063 1102 3116 citantur
1126 3059 1262 3130 (15),
1291 3059 1384 3130 qui
1416 3073 1524 3112 non
1558 3055 1817 3127 Hegesip—

231 3168 364 3223 pum
398 3153 598 3220 solum,
625 3152 720 3208 sed
749 3167 940 3207 onmes
971 3152 1134 3207 etiam
1164 3150 1402 3206 Orientis
1427 3158 1482 3205 et
1509 3148 1816 3205 Occidentis

1851 1860 1893 1914 B
1923 1873 2070 1912 mum
2102 1857 2168 1912 ad
2205 1857 2482 1928 religionis
2526 1855 2898 1911 defensionem
2940 1855 3239 1924 appulerat.
3272 1851 3508 1908 Necesse

1919 1960 2002 2006 est
2030 1964 2162 2019 ergo
2193 1956 2418 2004 sanctus
2453 1956 2661 2019 martyr
2696 1960 2917 2017 operam
2954 1944 3147 2000 luserit
3180 1945 3236 1999 in
3261 1945 3508 2010 docendo

1919 2041 2256 2098 Platonismo
2296 2040 2567 2111 :jamque
2619 2038 2711 2093 alii
2759 2037 3018 2093 novitatis
3067 2041 3506 2108 auctores‘quae-

1917 2133 2094 2199 rendi,
2138 2131 2184 2188 si
2233 2132 2437 2188 veritas
2479 2139 2632 2186 tanto
2671 2140 2799 2200 post
2850 2129 2904 2184 in
2946 2129 3202 2184 omnibus
3244 2127 3510 2198 Ecclesiis

1917 2240 2134 2282 summo
2161 2239 2434 2279 consensu
2461 2222 2694 2293 vigebat.
2745 2220 2946 2276 Deinde
2971 2236 3101 2274 vero
3146 2235 3391 2276 errorem
3417 2219 3506 2275 1a—

1917 2325 2101 2372 tentur
2127 2331 2236 2370 non
2285 2315 2467 2370 subito
2503 2314 2559 2367 in
2586 2311 2886 2367 Ecclesiam
2929 2311 3214 2381 irrupisse,
3254 2311 3349 2366 scd
3382 2311 3508 2382 qui-

1915 2405 2143 2461 busdam
2168 2403 2334 2458 veluti
2357 2403 2618 2474 gradibus
2641 2402 3014 2471 obrepentem,
3038 2401 3142 2456 sub
3164 2399 3384 2456 Victore
3405 2401 3489 2456 do-

1917 2497 2112 2551 minari
2146 2496 2456 2566 inccepisse.
2490 2495 2595 2551 Sed
2630 2495 2676 2550 si
2706 2495 2808 2550 sub
2840 2493 3132 2550 Eleuthern
3157 2509 3225 2548 ne
3249 2493 3509 2564 cognitus

1916 2588 2158 2658 quidem,
2182 2589 2284 2642 sub
2315 2588 2434 2658 ejus
2465 2603 2783 2643 successore
2813 2587 3018 2657 ubique
3064 2586 3350 2657 regnavit;
3390 2600 3502 2641 non

1913 2678 2026 2749 jam
2061 2679 2250 2733 leviter
2285 2680 2599 2734 insinuatus
2631 2689 2737 2745 est,
2787 2681 2879 2733 sed
2916 2679 3096 2749 potius
3131 2679 3272 2735 intra
3305 2693 3504 2734 novem

1845 2764 1860 2778 ’
1917 2785 2093 2825 annos
2141 2770 2397 2841 (amplius
2429 2771 2577 2826 enim
2617 2769 2804 2825 Victor
2839 2787 2948 2824 non
2998 2769 3159 2841 sedit)
3194 2779 3370 2824 totum
3405 2785 3502 2825 or-

1915 2863 2042 2918 bem
2078 2872 2348 2917 terrarum
2383 2863 2576 2933 rapido
2609 2862 2848 2933 quodam
2887 2862 3139 2916 incendio
3170 2863 3428 2932 pervasit.

1993 2973 2013 3005 ι
2058 2953 2163 3009 Sed
2193 2955 2240 3010 si
2282 2954 2396 3009 haec
2427 2955 2495 3009 de
2528 2952 2814 3024 llcgesippi
2849 2963 2903 3008 ct
2935 2953 3181 3008 omnium
3230 2951 3503 3009 Ecclesia-

1917 3061 2040 3100 rum
2068 3044 2387 3102 Ebionismo
2418 3056 2750 3114 commenta,
2780 3060 2850 3101 ne
2879 3061 3004 3102 cum
3041 3044 3352 3102 Socinianis
3377 3046 3502 3117 qui-

1917 3137 2041 3192 dem
2063 3139 2385 3194 commentis
2407 3121 2744 3208 cong'ruunt;
2772 3137 2943 3192 multo
2968 3138 3150 3193 minus
3173 3151 3296 3192 cum
3326 3138 3503 3208 ipsius

232 3210 530 3309 Ecclesias,
561 3210 795 3314 quarum
841 3258 1170 3298 consensum
1225 3241 1411 3296 laudat
1455 3239 1811 3311 Ilegesippus,
1842 3210 1888 3272 (ἶ
1917 3230 2207 3302 Hegesippi
2256 3230 2568 3301 testimonio
2601 3239 2920 3302 congruent.
2957 3229 3007 3286 ls
3050 3231 3217 3299 enim,
3243 3239 3304 3286 ut
3334 3233 3503 3286 modo

231 3331 428 3387 haeresi
455 3347 568 3386 suae
594 3330 894 3386 ascribunt.
939 3329 1052 3386 Hos
1098 3346 1250 3386 more
1287 3346 1389 3386 suo
1430 3330 1687 3400 compilat
1717 3345 1816 3383 au-

230 3430 351 3479 ctor
383 3418 708 3474 Platonismi
736 3419 925 3474 detecti
951 3419 1085 3491 (16).
1135 3419 1227 3475 Sic
1282 3429 1462 3475 autem
1499 3420 1640 3489 apud
1690 3419 1816 3474 Bul-

231 3513 348 3568 lum
375 3512 490 3583 (17)
523 3521 716 3569 auctor
761 3513 886 3568 libri
932 3513 1076 3568 illius
1125 3513 1221 3583 qui
1275 3511 1552 3566 Iudicium
1583 3512 1813 3566 Patrum

229 3603 572 3673 inscribitur,
605 3620 762 3661 suam
789 3613 844 3661 et
871 3605 1169 3678 gregalium
1211 3605 1536 3661 sententiam
1568 3605 1811 3675 exponit.

233 3715 257 3750 ο
291 3695 498 3766 Primo,
536 3715 556 3749 ι
591 3697 787 3768 inquit,
839 3716 860 3750 ι
903 3696 1242 3768 Hegesippus
1271 3695 1375 3752 fuit
1411 3698 1527 3767 ipse
1555 3695 1811 3752 Iudaico-

228 3788 599 3852 Christianus,
628 3797 690 3844 ut
728 3787 994 3844 Eusebius
1022 3796 1254 3844 testatur
1281 3787 1394 3859 (18)
1419 3806 1434 3855 ;
1466 3803 1657 3844 omnes
1685 3803 1814 3844 vero

227 3877 813 3945 Judaico-Christiani,
855 3887 996 3935 teste
1039 3879 1292 3951 Origene,
1335 3877 1602 3934 Ebionita:
1640 3877 1808 3935 fuere.

227 3971 297 4027 ll.
316 3971 462 4027 Idem
478 3970 747 4027 Eusebius
771 3973 811 4026 l.
834 3987 884 4027 c.
907 3971 1042 4026 dicit
1062 3969 1426 4042 Hegesippum
1451 3986 1610 4026 usum
1643 3969 1812 4027 fuisse

231 4064 291 4120 S.
327 4063 562 4118 Matthaei
593 4062 861 4117 Hchraico
909 4061 1222 4131 Evangelia,
1269 4076 1378 4131 quo
1416 4061 1534 4116 solo
1565 4061 1648 4115 usi
1682 4068 1812 4115 sunt

228 4157 499 4214 Ebionita:
515 4166 568 4212 et
592 4155 820 4212 Unitarii
849 4154 1164 4210 Christiani.
1198 4153 1284 4208 111,
1310 4152 1644 4224 Hegesippus
1667 4154 1810 4222 apud

230 4248 524 4306 Eusebium
554 4248 753 4304 ibidem
784 4246 1086 4317 catalogum
1134 4245 1398 4300 exhibens
1428 4244 1808 4300 haereticorum

228 4341 326 4412 qui
368 4341 452 4395 vel
498 4356 564 4395 ex
609 4338 807 4394 ludais
857 4345 1032 4402 erant,
1061 4335 1146 4391 vel
1189 4335 1330 4390 inter
1370 4335 1600 4406 gentiles
1632 4337 1808 4391 exorti

226 4442 379 4498 sunt,
417 4434 470 4488 in
499 4449 564 4488 eo
586 4433 836 4504 catalogo
878 4432 1102 4486 minime
1148 4436 1392 4484 recenset
1424 4428 1806 4485 Cerinthianos

1917 3322 2350 3387 observavimus,
2387 3323 2678 3391 objiciebat
2715 3321 3074 3390 Marcionitis,
3100 3321 3500 3379 Valentinianis

1915 3423 1971 3469 et
2003 3415 2126 3470 aliis
2172 3414 2489 3486 hujusmodi
2541 3415 2811 3472 haereticis
2866 3431 3196 3472 consensum
3249 3417 3496 3472 omnium

1915 3507 2303 3564 Ecclesiarum.
2338 3507 2395 3563 ln
2422 3524 2533 3580 quo
2556 3517 2714 3564 antea
2739 3510 2915 3580 posita
2945 3519 3062 3566 erat
3087 3509 3346 3568 Ecclesiae
3371 3526 3496 3567 cum

1915 3600 2003 3657 his
2047 3599 2348 3656 haeresibus
2381 3600 2793 3656 controversia?
2835 3601 2894 3656 In
2937 3616 3005 3656 eo
3037 3602 3182 3672 quod
3228 3602 3496 3657 mundum

1914 3693 2153 3748 haeretici
2187 3708 2217 3746 a
2252 3691 2390 3748 Filio
2422 3693 2515 3748 Dei
2551 3701 2793 3748 creatum
2844 3702 3126 3764 negarent,
3170 3709 3406 3764 eumque
3439 3693 3495 3749 in

1913 3794 2127 3840 uterum
2165 3783 2398 3855 Virginis
2447 3785 2796 3842 descendisse
2831 3796 2885 3841 et
2920 3802 3101 3840 veram
3137 3802 3357 3842 carnem
3404 3802 3497 3842 as~

1912 3876 2235 3946 sumpsisse.
2268 3874 2422 3930 Hunc
2451 3876 2614 3947 igitur
2645 3891 2889 3932 errorem
2917 3877 3286 3933 detestabatur
3315 3876 3490 3949 Hege-

1912 3967 2103 4038 sippus
2134 3983 2259 4022 cum
2293 3968 2548 4025 omnibus
2579 3968 2898 4036 catholicis;
2927 3979 2982 4024 et
3001 3970 3264 4025 mundum
3287 3986 3319 4026 a
3345 3970 3488 4026 Filio

1911 4056 2006 4112 Dei
2051 4067 2317 4126 creatum,
2353 4076 2649 4131 veramque
2681 4076 2900 4116 carnem
2936 4061 3005 4116 ab
3037 4061 3226 4117 eodem
3275 4077 3496 4118 assum-

1909 4158 2057 4220 ptam
2083 4150 2336 4206 credebat
2359 4170 2373 4218 ;
2396 4169 2518 4223 quae
2545 4153 2811 4208 sententia
2832 4162 3039 4224 pugnat
3064 4154 3291 4210 adversa
3317 4152 3497 4211 fronte
3531 4213 3534 4215 Α

1909 4265 2034 4305 cum
2069 4250 2444 4307 Ebionitarum
2478 4244 2778 4308 erroribus.

1983 4362 2003 4395 ς
2039 4343 2196 4410 Quod
2219 4352 2400 4399 autem
2423 4343 2775 4415 Evangelium
2801 4347 3100 4401 secundum
3134 4343 3394 4402 Hebraeos
3422 4345 3496 4400 ab

1911 4432 2214 4506 Hegesippo
2258 4436 2507 4502 citatum,
2548 4445 2604 4490 et
2655 4435 2936 4492 Ebionitas
2977 4437 3046 4490 ab
3082 4437 3274 4492 eodem
3306 4436 3363 4492 in
3405 4452 3494 4492 re—

227 4525 312 4581 vel
339 4525 649 4590 Ebionitas;
684 4525 827 4594 quod
854 4524 1042 4594 procul
1077 4522 1240 4579 dubio
1272 4519 1510 4588 fecisset,
1538 4522 1585 4577 si
1610 4521 1807 4577 Serva-
1839 4542 1884 4597 ι)
1911 4527 2199 4583 censendis
2251 4527 2522 4582 haereticis
2574 4528 2810 4584 omissos
2855 4529 3163 4598 objiciunt;
3225 4529 3361 4586 satis
3407 4539 3494 4585 est

227 4617 365 4672 toris
412 4617 585 4672 nostri
635 4615 1124 4686 praeexsistentiam
1187 4631 1251 4672 ac
1302 4614 1640 4671 divinitatem
1691 4615 1809 4685 ipse

221 4707 568 4764 credidisset.
609 4728 628 4762 ι
663 4707 754 4763 His
790 4709 1108 4778 praemissis,
1143 4710 1223 4766 sic
1251 4709 1317 4765 de
1348 4707 1604 4762 omnibus
1624 4706 1810 4762 Eccle-

223 4800 326 4857 siis
357 4800 642 4856 arbitrium
692 4800 858 4856 facit:
894 4819 914 4853 ι
953 4802 1046 4857 Ait
1085 4800 1423 4873 Hegesippus
1455 4801 1599 4871 apud
1634 4799 1807 4856 Euse-

225 4893 379 4948 bium
406 4893 542 4963 (19),
582 4909 642 4949 se
680 4891 910 4948 Romam
953 4893 1259 4964 profectum
1300 4893 1494 4960 fuisse,
1525 4902 1689 4964 atque
1733 4893 1806 4948 ibi

221 4984 429 5040 vixisse
452 4985 556 5041 sub
587 4985 743 5055 papis
768 4986 1020 5052 Aniceto,
1051 4983 1241 5041 Sotere
1277 4993 1331 5040 et
1357 4984 1678 5050 Eleuthero,
1707 4983 1809 5038 ibi-

221 5091 333 5146 que
360 5085 415 5132 et
458 5076 515 5131 in
546 5076 668 5130 aliis
714 5077 972 5132 omnibus
1007 5077 1429 5148 episcopalibus,
1471 5077 1749 5132 doctrinas
1775 5089 1806 5128 a

219 5168 346 5241 lege
371 5176 428 5223 et
453 5168 734 5239 prophetis
766 5179 932 5239 atque
967 5183 997 5223 a
1025 5170 1311 5226 Servatore
1337 5177 1527 5224 nostro
1556 5169 1804 5236 traditas,

219 5272 573 5316 conservatas
620 5259 810 5316 fuisse.
838 5260 1036 5329 Verbo,
1069 5261 1269 5317 fatetur
1301 5277 1360 5319 se
1400 5263 1673 5317 invenisse
1703 5261 1807 5317 Ec-

220 5353 422 5410 clesias
448 5352 651 5423 ubique
677 5353 1009 5410 orthodoxas
1032 5362 1085 5410 et
1111 5353 1431 5411 uniformes.
1457 5353 1572 5412 Hoc
1600 5364 1804 5423 autem,

441 5544 650 5627 gara-Ii.
757 5563 808 5602 c.
843 5562 964 5627 cap.
986 5548 1049 5627 _7,
1076 5565 1200 5620 pag.
1230 5550 1358 5627 24_6_,
1395 5566 1512 5627 seq.

321 5567 406 5610 'IO)
443 5567 650 5600 Μαι-3η.
683 5567 720 5601 ι.
757 5567 808 5602 c.
843 5567 964 5619 cap.
1006 5567 1049 5617 Ι,
1076 5567 1200 5620 pag.
1230 5567 1358 5613 240,
1395 5567 1454 5606 se
1497 5591 1512 5606 .

441 5614 831 5704 Eriphnlrens‘
850 5617 1072 5704 Initia,
1099 5635 1255 5704 pagg.
1292 5621 1360 5704 15
1381 5631 1440 5704 et
1451 5567 1588 5704 .111.

293 5684 590 5765 (lS'LBull.
635 5685 854 5742 Primit.
904 5699 954 5744 et
1017 5684 1242 5760 αρόδιόἷ.
1297 5691 1505 5747 Tradit.
1574 5709 1694 5765 cap.
1748 5694 1802 5762 5,

213 5756 412 5836 1³³ῧ;
421 5758 621 5836 θεηδθίῐο

289 5825 409 5899 ξ16)
444 5825 656 5882 Platon.
695 5827 886 5884 dévoil.
923 5842 1057 5894 part.
1095 5847 1153 5895 ιι,
1186 5848 1303 5896 cap.
1334 5834 1421 5888 22.

1909 4634 2035 4673 cum
2064 4618 2280 4674 erudito
2318 4619 2474 4674 Bullo
2507 4620 2858 4690 respondere,
2889 4621 3031 4676 idem
3069 4621 3424 4692 Evangelium
3455 4635 3492 4678 ι

1910 4710 2207 4777 Clemente,
2248 4708 2481 4782 Origene
2523 4720 2577 4766 et
2613 4711 2946 4784 Hieronymo
2997 4712 3222 4766 citatum
3281 4711 3491 4780 fuisse;

1911 4798 2192 4856 Ebionitas
2213 4801 2414 4870 pariter
2440 4817 2470 4854 a
2499 4799 2713 4858 Justino
2743 4803 2978 4858 haereses
3005 4810 3324 4858 recensente
3355 4818 3493 4873 prae-

1909 4893 2226 4960 termissos;
2260 4894 2345 4948 vel
2391 4894 2578 4964 potius
2608 4902 2663 4949 et
2691 4910 2722 4950 a
2759 4893 2974 4951 Justino
3006 4895 3302 4966 generatim
3337 4907 3492 4952 com-

1907 4983 2231 5053 prehensos,
2265 4992 2318 5039 et
2366 4984 2436 5038 ab
2470 4983 2793 5056 Hegesippo,
2839 4985 2969 5039 dum
3021 4984 3492 5055 pseudochristos,

1908 5075 2430 5145 pseudoprophetas,
2443 5076 2935 5146 pseudoapostolos
2948 5083 3341 5132 commemorat
3352 5075 3489 5146 (20).

1909 5167 2008 5223 llis
2038 5168 2194 5236 adde,
2232 5169 2373 5224 hanc
2404 5169 2654 5224 haeresim
2687 5169 2981 5224 obscuram
3017 5169 3310 5224 admodum
3341 5177 3396 5224 et
3420 5168 3491 5224 ad

1907 5262 2271 5332 paucissimos
2294 5263 2568 5318 redactam
2600 5260 2789 5330 fuisse,
2815 5271 2877 5317 ut
2903 5263 3102 5318 mirum
3133 5277 3242 5316 non
3271 5261 3344 5316 sit
3367 5275 3488 5315 eam

1908 5355 2265 5424 praetermitti.
2322 5354 2492 5410 Erant
2541 5357 2689 5412 enim
2751 5356 2838 5412 his
2893 5355 3107 5412 saeculis
3155 5355 3224 5411 de
3280 5353 3490 5410 Christi

2008 5623 2096 5696 18)
2126 5623 2327 5696 Euseb.
2361 5623 2504 5696 Hist.
2539 5623 2666 5681 ἔδει.
2701 5623 2794 5680 lib.
2825 5641 2896 5691 tv,
2927 5623 3050 5696 cap.
3077 5623 3172 5678 22.

2009 5693 2096 5751 19)
2128 5693 2327 5751 Euseb.
2367 5695 2499 5750 ibid.

2009 5555 2071 5609 17
2125 5553 2266 5609 Bull.
2297 5555 2336 5608 1.
2373 5571 2448 5620 c.,
2480 5570 2605 5626 pag.
2635 5555 2722 5622 12,
2746 5553 2774 5625 §
2801 5555 2858 5622 2,
2886 5569 3038 5625 seqq.

2009 5555 2096 5766 18%
2126 5623 2327 5680 Euseb.
2361 5625 2504 5706 ῌξει.
2539 5627 2666 5681 ccci.
2701 5626 2794 5680 lib.
2825 5641 2896 5691 tv,
2927 5640 3038 5696 cap.

2009 5696 2074 5766 19
2127 5693 2327 5766 Euseb.
2367 5698 2499 5750 Ibid.
2804 5763 2815 5766 Α

2003 5763 2095 5838 20)
2126 5764 2318 5837 Heges.
2352 5767 2494 5836 apud
2523 5765 2721 5823 Euseb.
2769 5763 2911 5822 Hist.
2959 5764 3083 5821 ecct.
3112 5764 3208 5823 lib.
3258 5780 3334 5834 tv,
3361 5779 3482 5837 cap.

1982 5555 2001 5837 ἓ

1908 5837 1998 5892 ⁸22.
