3872 6210
226 403 373 461 1509

1387 398 1447 454 S.
1481 394 1838 453 HEGESIPPI
1878 391 2326 450 FRAGMENTA.

3356 389 3498 448 15ΐο

227 525 362 578 ναόν
380 539 394 552 ·
429 517 721 593 ηὑρίσκετό
742 534 802 571 τε
827 516 1076 588 κείμενος
1109 515 1201 570 ἐπὶ
1224 519 1338 581 τοῖς
1360 519 1572 587 γόνασι,
1600 519 1693 572 καὶ
1723 517 1806 571 αι-

1914 513 2019 583 ius,
2054 503 2498 577 facultatemque'
2529 503 2787 561 habebat.
2832 499 3021 574 Neque
3073 499 3219 560 enim
3263 503 3493 573 lanicio,

226 612 494 683 τοΰμενος
538 609 679 680 ὑπὲρ
720 607 814 661 τοῦ
847 607 977 660 λαοῦ
1013 607 1237 676 ἄφεσινο
1290 609 1366 670 ὡς
1407 608 1813 680 ἀπεσκληκέναι

226 699 300 754 τά
330 699 535 768 γόνατα
565 695 729 751 αὐτοῦ
749 695 904 766 δίκην
936 696 1204 767 καμήλου,
1224 696 1311 750 διὰ
1341 698 1400 750 τὸ
1431 698 1518 750 ἀεὶ
1543 698 1814 768 κάμπτειν

227 787 330 841 ἐπὶ
352 787 484 856 γόνυ
518 784 630 857 (29)
664 784 1075 856 προσκυνοῦντα
1115 784 1194 856 τῷ
1223 784 1373 856 Θεῷ,
1406 787 1502 840 καὶ
1548 787 1814 841 αἰτεῖσθαι

227 879 433 948 ἄφεσιν
453 877 533 949 τῷ
565 877 698 948 λαῷ.
732 877 833 929 Διά
862 877 925 944 γέ
945 894 1025 930 τοι
1044 878 1149 948 τὴν
1165 878 1472 949 ὑπερϐολὴν
1484 878 1584 948 τῆς
1612 879 1816 933 δικαιο-

230 970 404 1040 σύνης
447 968 612 1023 αὑτοῦ
657 969 903 1023 ἐκαλεῖτο
954 970 1173 1033 Δίκαιος
1220 972 1314 1024 καὶ
1356 970 1567 1033 Ὧϐλίας
1615 971 1759 1042 (50)·
1786 972 1814 1024 ὃ

228 1063 386 1115 ἐστιν
409 1060 681 1132 ἑλληνιστὶ
706 1061 938 1132 περιοχὴ
969 1061 1063 1115 τοῦ
1096 1061 1225 1116 λαοῦ
1252 1063 1346 1116 καὶ
1374 1061 1707 1132 δικαιοσύνη,
1740 1063 1816 1126 ὼς

227 1153 282 1206 οἱ
312 1151 589 1223 προφῆται
618 1149 836 1220 δηλοῦσι
867 1151 995 1222 περὶ
1020 1150 1202 1204 αὐτοῦ.
1237 1152 1392 1214 Τινὲς
1420 1148 1515 1204 οὖν
1527 1150 1636 1204 τῶν
1678 1151 1816 1204 ἑπτὰ

229 1244 497 1315 αἱρέσεων
509 1242 618 1296 τῶν
635 1244 695 1296 ὲν
707 1241 784 1313 τῷ
800 1242 934 1314 λαῷ,
950 1243 1058 1296 τῶν
1072 1245 1582 1315 προγεγραμμένων
1600 1261 1689 1314 μοι
1703 1243 1814 1314 (5-1)

229 1335 292 1386 ὲν
314 1335 428 1396 τοῖς
452 1332 1241 1404 ὑπομνήμασιν,ὲπυνθάνοντο
1271 1334 1456 1397 αὐτοῦ,
1494 1335 1577 1398 τίς
1607 1337 1639 1404 ἡ
1676 1333 1818 1406 θύρα

227 1422 329 1477 τοῦ
374 1423 548 1493 Ἰησοῦ
585 1423 717 1493 (52).
751 1423 862 1478 Καὶ
891 1423 1044 1492 ἔλεγε
1073 1423 1262 1476 τοῦτον
1278 1421 1417 1478 εῖναι
1439 1424 1531 1476 τὸν
1561 1425 1813 1496 Σωτῆρα.

243 1515 337 1581 Ἐξ
355 1509 430 1569 ὧν
445 1533 592 1580 τινες
615 1517 964 1581 ἐπίστευσαν,
999 1517 1081 1569 δτι
1117 1516 1326 1587 Ἰησοῦς
1351 1518 1497 1569 ἐστιν
1511 1519 1539 1570 ὁ
1559 1517 1814 1588 Χριστός.

227 1612 298 1664 Αἱ
328 1611 384 1664 δὲ
416 1610 658 1682 αἱρέσεις
688 1612 748 1664 αἱ
778 1610 1200 1682 προειρημέναι,
1226 1611 1328 1664 οὐκ
1360 1611 1645 1664 ἐπίστευον
1693 1609 1817 1662 οὗτε

226 1701 528 1757 ἀνάστασιν
575 1705 721 1777 (55),
771 1703 896 1756 οὔτε
933 1706 1226 1776 ἐρχόμενον
1268 1703 1560 1758 ἀποδοῦναι
1603 1704 1817 1774 ἑκάστῳ

227 1793 373 1846 κατὰ
400 1794 468 1846 τὰ
501 1793 639 1865 ἔργα
668 1794 854 1846 αὐτοῦ.
907 1795 1065 1847 Ὅσοι
1091 1794 1147 1846 δὲ
1173 1793 1266 1847 καὶ
1312 1794 1641 1847 ἐπίστευσαν
1666 1833 1680 1857 ,
1731 1793 1817 1848 διὰ

1914 605 2008 660 sed
2035 603 2182 657 linea
2215 608 2425 654 tantmn
2464 607 2614 653 veste
2645 599 2922 653 utebatur.
2957 596 3014 649 In
3044 596 3306 665 templum
3341 599 3497 654 solus

1916 695 2143 760 intrare,
2171 704 2338 763 atque
2367 691 2438 746 ibi
2463 691 2694 763 genibus
2725 690 2879 746 ﬂexis
2911 707 3009 760 pro
3036 691 3278 761 peccatis
3306 693 3495 763 populi

1915 787 2140 857 supplex
2175 786 2341 839 Deum
2395 798 2555 839 orare
2591 792 2985 849 consueverat;
3039 783 3176 837 adeo
3226 791 3288 837 ut
3318 797 3497 853 genua

1916 879 2088 950 ipsius
2119 878 2292 932 instar
2309 875 2506 931 cameli
2534 875 2912 942 occalluerint,
2931 875 3061 929 dum
3079 874 3300 929 assidue
3321 874 3498 929 Deum

1913 985 2211 1034 venerans,
2251 977 2305 1024 et
2344 983 2444 1037 pro
2485 967 2661 1023 salute
2707 965 2892 1036 populi
2940 974 3064 1020 vota
3100 966 3306 1020 faciens
3339 966 3495 1019 humi

1915 1070 2272 1118 sterneretur.
2305 1059 2405 1115 Hic
2445 1074 2578 1130 ergo
2614 1060 2686 1113 ob
2725 1058 3060 1128 singularem
3091 1057 3362 1128 justitiam
3400 1073 3496 1115 cov-

1915 1153 2270 1223 gnominatus
2298 1158 2384 1206 est
2415 1148 2629 1211 Justus,
2659 1156 2713 1202 et
2739 1147 2954 1213 Oblias;
2987 1147 3134 1218 quod
3153 1147 3344 1202 Latine
3371 1164 3497 1202 mu-

1915 1245 2223 1298 nimentum
2253 1241 2463 1312 populi,
2491 1249 2545 1295 et
2570 1239 2841 1310 justitiam
2885 1239 3186 1309 signiﬁcat,
3229 1240 3497 1314 quemad-

1917 1335 2138 1390 modum
2166 1334 2330 1388 etiam
2357 1333 2635 1403 propheta:
2665 1332 2732 1386 de
2752 1347 2816 1386 eo
2841 1333 3230 1402 praedixerunt.
3257 1332 3495 1399 Quidam

1915 1437 2096 1482 autem
2139 1442 2206 1480 ex
2245 1434 2452 1496 septem
2507 1425 2708 1488 sectis,
2741 1440 2864 1494 qua:
2888 1425 3032 1494 apud
3067 1423 3286 1480 Judatos
3313 1433 3495 1492 erant,

1915 1521 1983 1576 de
2012 1521 2214 1592 quibus
2253 1521 2308 1575 in
2340 1520 2722 1592 superioribus
2760 1521 2918 1576 libris
2963 1522 3254 1592 scripsisse
3301 1527 3500 1578 memi-

1915 1615 2130 1680 nimus,
2176 1614 2583 1684 interrugarunt
2608 1630 2770 1682 eum,
2807 1615 3086 1684 quodnam
3121 1623 3265 1670 esset
3294 1615 3496 1670 ostium

1914 1704 2064 1760 Jesu.
2100 1705 2311 1770 Quibus
2337 1706 2427 1760 ille
2449 1704 2637 1761 Iesum
2662 1721 2786 1761 esse
2808 1705 3154 1762 Servatorem
3191 1707 3495 1777 respondit.

1917 1796 2013 1852 I-lis
2043 1797 2268 1862 auditis,
2304 1800 2552 1852 nonnulli
2577 1816 2766 1854 eorum
2787 1799 2977 1856 Jesum
3006 1815 3194 1855 revera
3213 1801 3498 1856 Christum

239 1884 494 1938 Ἰάκωϐον
517 1885 650 1954 (54).
668 1885 886 1939 Πολλῶν
916 1883 1010 1940 οὖν
1043 1886 1137 1939 καὶ
1159 1886 1266 1938 τῶν
1286 1887 1563 1957 ἀρχόντων
1595 1879 1806 1940 πιστευ-

1915 1906 2038 1946 esse
2068 1891 2444 1946 crediderunt.
2483 1891 2884 1964 Suprascriptae
2933 1909 3060 1948 vero
3087 1902 3250 1948 secta:
3282 1909 3384 1949 nec
3410 1908 3500 1948 re-

224 1974 430 2041 όντων,
475 1971 545 2047 ἦν
582 1976 808 2048 θόρυϐος
855 1977 964 2032 τῶν
999 1978 1266 2032 Ἰουδαίων
1308 1980 1402 2032 καὶ
1432 1979 1806 2050 Γραμματέων

225 2067 326 2121 καὶ
347 2068 654 2139 Φαρισαίων
694 2068 959 2138 λεγόντων
981 2111 997 2135 ,
1032 2072 1114 2123 ὅτι
1153 2071 1450 2125 κινδυνεύει
1488 2073 1597 2134 πᾶς
1631 2073 1660 2124 ό
1681 2071 1809 2135 λαὸς

239 2161 448 2232 Ἰησοῦν
475 2162 566 2214 τὸν
598 2163 834 2234 Χριστὸν
875 2164 1200 2234 προσδοκᾷν.
1237 2163 1460 2231 Ἔλεγον
1499 2159 1592 2217 οὖν
1625 2165 1810 2217 συνελ-

225 2251 414 2318 θόντες
439 2254 517 2326 τῷ
532 2255 794 2326 Ἰακώϐῳ⁵
830 2256 1296 2327 «Παρακαλοῦμεν
1322 2273 1381 2309 σε
1401 2273 1415 2287 ο
1460 2257 1680 2328 ἐπίσχες
1716 2257 1808 2310 τὸν

222 2341 375 2409 λαὸν,
407 2343 530 2396 ἐπεὶ
560 2345 836 2418 ἐπλανήθη
866 2348 946 2409 εἰς
989 2346 1217 2416 Ἰησοῦν,
1243 2346 1318 2410 ὡς
1347 2347 1508 2400 αὑτοῦ
1532 2348 1682 2410 ὄντος
1713 2345 1806 2399 τοῦ

222 2433 490 2505 Χριστοῦ.
526 2434 961 2507 Παρακαλοῦμεν
990 2454 1048 2489 σε
1083 2440 1271 2491 πεῖσαι
1313 2439 1522 2502 πάντας
1551 2441 1678 2502 τοὺς
1722 2438 1808 2492 ὲλ-

225 2525 423 2589 θόντας
447 2528 527 2590 εἰς
548 2527 648 2598 τὴν
675 2528 890 2599 ἡμέραν
925 2528 1020 2581 τοῦ
1059 2529 1254 2600 Πάσχα
1295 2531 1422 2602 περὶ
1483 2531 1678 2602 Ἰησοῦ.
1716 2532 1807 2584 Σοὶ

225 2616 338 2688 γὰρ
370 2617 573 2682 πάντες
604 2619 934 2690 πειθόμεθα·
967 2622 1129 2691 ἡμεῖς
1152 2621 1273 2694 ⁴γὰρ
1305 2623 1688 2694 μαρτυροῦμεν
1724 2641 1806 2677 σοι

227 2709 326 2764 καὶ
359 2712 466 2772 πᾶς
496 2712 525 2762 ὁ
554 2711 700 2775 λαὸς,
734 2713 816 2765 ὅτι
847 2713 1054 2778 δίκαιος
1077 2709 1147 2778 εἴ,
1175 2715 1268 2767 καὶ
1300 2716 1381 2768 ὅτι
1415 2716 1705 2786 πρόσωπον
1744 2718 1804 2770 οὐ

225 2799 544 2872 λαμϐάνεις.
587 2805 780 2856 Πεῖσον
825 2799 917 2857 οὖν
943 2806 1008 2858 σὺ
1051 2805 1143 2858 τὸν
1173 2806 1327 2875 ὄχλον
1363 2806 1491 2877 περὶ
1529 2807 1701 2877 Ἰησοῦ
1732 2807 1807 2878 μὴ

225 2893 569 2948 πλανᾶσθαι·
600 2896 692 2947 καὶ
725 2895 833 2967 γὰρ
870 2898 978 2960 πᾶς
1012 2898 1040 2948 ὁ
1073 2896 1198 2961 λαὸς
1245 2901 1338 2951 καὶ
1382 2900 1582 2962 πάντες
1626 2901 1807 2953 πειθό-

228 2986 374 3058 μεθά
407 3004 508 3040 σοι.
543 2987 708 3058 Στῆθι
737 2985 832 3042 οὖν
853 2991 946 3042 ἐπὶ
979 2989 1039 3057 τὸ
1074 2990 1364 3061 πτερύγιον
1396 2991 1490 3044 τοῦ
1525 2991 1690 3064 ἱεροῦ,
1721 2993 1808 3046 ἵνα

222 3081 434 3136 ἀνωθεν
457 3077 524 3153 ᾖς
547 3082 836 3153 ἐπιφανὴς,
859 3083 952 3137 καὶ
1024 3083 1330 3138 εὐάκουστά
1352 3101 1444 3137 σου
1477 3084 1546 3137 τὰ
1584 3087 1807 3156 ῥήματα

222 3173 393 3227 παντὶ
413 3172 492 3243 τῷ
523 3173 637 3244 λαῷ
660 3191 673 3203 ·
715 3174 803 3227 διὰ
827 3175 933 3246 γὰρ
957 3175 1018 3227 τὸ
1051 3176 1243 3245 Πάσχα
1272 3176 1658 3246 συνεληλύθασι
1698 3181 1804 3233 πᾶ-

1913 1984 2308 2038 surrectionem
2333 2027 2348 2050 ,
2390 1999 2492 2039 nec
2549 1983 2796 2038 futurum
2830 1983 3033 2039 Christi
3070 1984 3386 2053 adventum,
3439 1991 3502 2041 ut

1912 2076 2210 2146 unicuique
2233 2092 2334 2146 pro
2358 2076 2570 2131 meritis
2602 2077 2908 2130 mercedem
2930 2077 3156 2143 tribuat,
3176 2077 3494 2132 credebant.

1914 2168 2198 2238 Quotquot
2228 2182 2361 2222 vero
2397 2183 2464 2222 ex
2495 2168 2563 2224 iis
2596 2168 2986 2234 crediderunt,
3014 2165 3205 2223 Jacobi
3241 2183 3405 2238 opera
3435 2184 3499 2225 ac

1913 2257 2224 2315 ministerio
2257 2260 2447 2329 utique
2483 2259 2857 2313 crediderunt.
2892 2258 3030 2312 Cum
3062 2274 3192 2328 ergo
3234 2259 3388 2314 multi
3429 2273 3498 2314 ex

1913 2351 2049 2421 ipsis
2079 2351 2241 2404 etiam
2267 2350 2604 2419 primoribus
2625 2349 2934 2417 crederent,
2965 2349 3288 2404 tumultuari
3316 2365 3502 2420 cmpe-

1913 2449 2043 2496 runt
2073 2439 2267 2506 Judaei,
2295 2449 2350 2494 et
2375 2439 2582 2495 Scribze
2604 2455 2670 2494 ac
2698 2439 2996 2506 Pharisaei;
3023 2454 3090 2495 eo
3116 2440 3229 2510 jam
3271 2448 3498 2495 ventum

1911 2550 2032 2589 esse
2059 2535 2421 2599 clamantes,
2456 2541 2519 2588 ut
2570 2546 2740 2602 prope
2792 2533 2978 2588 omnis
3031 2533 3265 2603 populus
3309 2530 3497 2592 Jesum

1911 2627 2191 2682 Christum
2226 2633 2593 2693 exspectaret.
2639 2622 2877 2678 Proinde
2906 2624 2960 2678 in
2987 2640 3156 2678 unum
3181 2623 3499 2694 congregati

1911 2715 2177 2771 Jacobum
2225 2715 2470 2780 adeunt,
2504 2713 2700 2782 hisque
2733 2728 2858 2767 eum
2902 2714 3086 2769 verbis
3129 2714 3495 2783 compellant:

1921 2810 2252 2866 «Hortamur
2284 2819 2356 2872 te,
2378 2809 2658 2878 inquiunt,
2691 2816 2750 2863 ut
2771 2809 2956 2879 populi
2982 2825 3226 2863 errorem
3256 2808 3498 2878 compri-

1913 2916 2056 2966 mas,
2079 2901 2176 2970 qui
2202 2899 2398 2954 falsam
2423 2899 2490 2954 de
2515 2897 2644 2952 Jesu
2672 2899 2992 2968 opinionem
3017 2897 3252 2963 imbibit,
3275 2898 3500 2967 perinde

1911 2992 2072 3061 quasi
2104 2989 2359 3045 Christus
2392 2997 2557 3044 esset.
2583 2989 2862 3044 Persuade
2891 2988 3060 3059 igitur
3088 2989 3368 3055 omnibus,
3400 2989 3498 3060 qui

1913 3080 2054 3135 festo
2095 3079 2322 3135 Pascha:
2352 3080 2442 3135 die
2481 3079 2588 3134 huc
2618 3079 2977 3146 conveniunt,
3003 3088 3064 3134 ut
3092 3079 3160 3134 de
3186 3078 3316 3135 Jesu
3347 3087 3498 3137 recte

1914 3173 2173 3228 sentiant.
2211 3171 2332 3227 Tibi
2359 3174 2507 3228 enim
2539 3189 2732 3228 omnes
2758 3174 2917 3228 ﬁdem
2948 3174 3248 3243 habemus;
3291 3181 3494 3229 etcum

224 3279 320 3315 σαι
347 3265 402 3315 αἱ
435 3263 599 3331 φυλαὶ
623 3263 733 3332 (55)
771 3261 909 3332 μετὰ
941 3264 1033 3315 καὶ
1065 3263 1173 3316 τῶν
1205 3263 1375 3316 ἐθνῶν
1411 3264 1576 3333 (56).»
1613 3265 1806 3335 Ἔστη-

1917 3264 2172 3320 universo
2192 3263 2397 3334 populo
2437 3264 2543 3318 hoc
2570 3264 2665 3318 tibi
2694 3263 3074 3318 testimonium
3114 3263 3494 3334 perhibemus,

223 3371 328 3408 σαν
351 3351 443 3407 οὖν
489 3357 539 3407 οἱ
571 3355 959 3427 προειρημένοι
1005 3355 1357 3426 Γραμματεῖς
1397 3357 1491 3409 καὶ
1521 3357 1805 3428 Φαρισαῖοι

218 3446 317 3502 τὸν
357 3447 610 3502 Ἰάκωϐον
642 3449 736 3501 ἐπὶ
765 3447 825 3501 τὸ
856 3447 1146 3518 πτερύγιον
1172 3446 1267 3499 τοῦ
1300 3445 1461 3512 ναοῦ,
1510 3449 1604 3500 καὶ
1638 3447 1804 3520 ἐκρα-

287 3605 411 3678 ’(29)
458 3605 560 3660 Διὰ
589 3603 657 3658 τὸ
698 3605 791 3678 dei
832 3603 1124 3678 κάμπτειν
1156 3605 1266 3678 ἐπὶ
1326 3607 1494 3675 γόνυ.
1524 3603 1798 3678 Duaampo-

223 3674 449 3733 strem'a:
475 3691 638 3730 voces
665 3676 864 3730 absunt
887 3692 917 3729 a
944 3676 1130 3745 codice
1155 3674 1289 3730 Fuk.
1309 3674 1341 3740 ,ν
1370 3684 1425 3745 et
1463 3678 1608 3745 apud
1642 3676 1801 3730 Nice-

269 3751 484 3801 Iiorum.
514 3745 716 3800 Verum
746 3746 800 3798 in
832 3745 1022 3800 codice
1060 3743 1198 3798 Maz.
1245 3763 1308 3802 ac
1348 3743 1511 3800 Medf
1535 3756 1681 3800 totus
1717 3747 1807 3800 hic

269 3765 484 3801 norum.
521 3765 716 3800 verum
746 3765 800 3798 ιιι
832 3765 1022 3800 couice
1060 3765 1198 3798 maz.
1245 3765 1308 3802 ac
1348 3765 1488 3800 meo.
1535 3765 1681 3800 t0tus
1719 3765 1807 3800 ntc

223 3765 476 3872 rocusita
504 3815 732 3887 legitur:
766 3817 864 3869 Διὰ
880 3815 936 3868 τὸ
972 3815 1060 3869 ἀεὶ
1090 3817 1366 3887 κάμπτειν
1400 3815 1808 3887 προσκυνοῦντα

221 3886 306 3958 τῷ
339 3887 459 3958 (θεῷ
489 3885 556 3938 τὰ
589 3886 813 3958 γόνατα,

301 3954 441 4028 (50)
477 3956 773 4028 Ἐκαλεῖτο
815 3955 1052 4028 diiunge
1093 3957 1191 4009 καὶ
1239 3957 1493 4023 Ὠϐλίας.
1549 3954 1810 4028 Nicolaus

225 4026 483 4082 Fuilerus
507 4029 561 4080 in
594 4027 690 4080 lib.
729 4042 789 4080 tu
822 4026 1574 4080 Miscellaneorumsacrorum
1599 4068 1612 4086 .
1663 4027 1811 4081 hunc

226 4098 410 4152 locum
440 4097 519 4151 sic
546 4097 828 4151 emendat:
875 4095 1148 4149 Ἐκαλεῖτο
1185 4096 1379 4150 Σαδδὶκ
1410 4099 1506 4150 καὶ
1545 4095 1771 4166 Ὠζλιὰμ
1795 4137 1812 4163 ,

225 4169 258 4222 δ
291 4171 438 4239 ἐστιν
464 4167 822 4239 δίκαιοςηκαὶ
854 4168 1080 4239 περιοχὴ
1103 4166 1193 4219 τοῦ
1221 4167 1388 4239 λαοῦ.
1405 4168 1578 4234 Quam
1595 4169 1804 4239 doctis-

228 4240 359 4295 simi
386 4237 488 4291 viri
522 4235 959 4292 emendationem
993 4235 1223 4292 libenter
1251 4238 1568 4306 amplector.
1595 4235 1802 4291 Tamen

227 4325 366 4366 cum
385 4307 724 4377 Epiphanius
757 4307 812 4377 in
834 4308 1029 4362 literesi
1046 4307 1136 4370 78,
1175 4316 1228 4360 et
1252 4306 1441 4377 Jovius
1473 4307 1799 4377 monachus,

271 4394 394 4434 uem
426 4376 587 4446 vulgo
611 4377 753 4431 male
784 4376 1004 4432 Jobium
1037 4387 1256 4440 vocant,
1287 4376 1552 4434 Jacobum
1584 4376 1801 4431 Obliam

271 4397 394 4434 uem
426 4397 587 4446 VUISO
611 4397 753 4431 mate
784 4397 1004 4432 domum
1037 4397 1256 4440 νοειιιιι,
1287 4397 1552 4434 Jacouum
1584 4397 1799 4431 υυιιιιιιι

225 4397 438 4505 air-tum
467 4462 588 4502 esse
624 4457 915 4518 testentur,
932 4448 1220 4518 retinenda
1249 4459 1332 4503 est
1357 4449 1596 4518 vulgaris
1619 4448 1799 4510 lectio;

225 4519 471 4589 maxime
492 4533 615 4589 cum
645 4517 870 4589 Qphlias
901 4516 1378 4589 Hebraice__arcem
1409 4516 1592 4589 populi
1631 4518 1804 4587 signi-

1905 3356 2277 3427 justissimum
2307 3367 2358 3412 te
2386 3357 2565 3411 virum
2597 3372 2741 3424 esse,
2765 3371 2866 3410 nec
2903 3357 3073 3410 ullum
3106 3356 3248 3426 apud
3283 3367 3335 3412 te
3362 3373 3491 3426 per—

1910 3463 2171 3504 sonarum
2200 3449 2498 3504 discrimen
2529 3449 2733 3503 valere.
2762 3447 3000 3502 Proinde
3023 3447 3164 3518 plebi
3193 3446 3494 3528 persuade,

1903 3604 2100 3660 melius
2139 3603 2422 3660 Musculus
2468 3604 2651 3666 vertit,
2699 3619 2801 3657 non
2836 3604 3075 3658 credunt.
3121 3601 3259 3658 Nam
3294 3602 3492 3658 Graeca

1909 3691 2016 3729 vox
2048 3676 2190 3732 hanc
2220 3675 2384 3729 habet
2413 3674 2890 3745 signiﬁcationem.
2923 3674 3141 3728 Falsum
3171 3682 3491 3745 tamen_est,

1907 3760 2000 3800 eas
2085 3755 2268 3800 sectas
2315 3761 2423 3800 non
2469 3741 2772 3800 credidisse
2820 3745 3299 3800 resurrectionem.
3327 3741 3492 3808 _Nam

1909 3814 2177 3870 Pharisaei
2207 3830 2327 3871 eam
2354 3814 2672 3870 credebant.

1983 3885 2097 3957 (54)
2140 3887 2304 3957 Ὅσοι
2345 3884 2428 3957 δὲγ
2456 3885 2554 3937 καὶ
2603 3884 3004 3948 ἐπίστευσαν,
3049 3883 3148 3937 διὰ
3201 3883 3492 3957 Ἰάκωϐον.

1909 3955 2031 4010 νσχ
2064 3955 2390 4009 ἐπίστευσαν
2419 3956 2615 4009 iterum
2647 3957 2935 4024 repetenda
2959 3964 3076 4019 est;
3105 3957 3250 4023 quod
3279 3955 3491 4024 virgula

1912 4028 2028 4090 illa,
2061 4042 2184 4096 quae
2221 4027 2276 4078 in
2321 4025 2713 4096 manuscriptis
2757 4027 2924 4096 etiam
2959 4025 3490 4096 codicibnsappieta
3539 4038 3542 4041 '

1911 4106 2018 4160 est,
2052 4093 2189 4152 satis
2217 4095 2481 4150 declarat.
2508 4096 2563 4148 In
2590 4095 2962 4150 vetustissimo
2991 4096 3178 4149 codice
3211 4093 3491 4149 Mazarine

1909 4178 2036 4238 post
2081 4167 2409 4238 ἐπίστευσαν
2453 4175 2717 4238 punctum
2751 4167 3058 4238 ascriptum
3098 4173 3184 4220 est
3231 4166 3296 4218 ad
3312 4166 3489 4238 pedes

1909 4236 2126 4301 littera,
2151 4237 2298 4307 quod
2331 4237 2560 4300 virgulae
2590 4245 2791 4291 nostrae
2828 4236 3149 4307 respondet;
3196 4243 3252 4288 et
3301 4236 3490 4307 Graece

1909 4309 2127 4378 quidem
2160 4304 2384 4363 vocatur
2420 4307 2754 4377 ὑποστιγμή,
2788 4321 2818 4360 a
2840 4304 3048 4361 Latinis
3082 4315 3264 4360 autem
3294 4304 3486 4360 subdi-

1909 4379 2150 4434 stinrtio.

1983 4449 2096 4518 (55)
2129 4447 2325 4502 Πᾶσαι
2345 4449 2406 4501 αἱ
2439 4447 2646 4518 φυλαί.
2675 4444 2802 4500 Haec
2838 4446 2966 4502 item
2997 4445 3274 4518 immerito
3295 4443 3488 4518 carpit

1915 4513 2179 4589 Scaliger,
2208 4513 2455 4589 scribens
2481 4538 2499 4570 ι
2524 4518 2662 4589 duas
2685 4525 2894 4571 tantum
2928 4526 3057 4571 tunc
3083 4517 3262 4589 tribus
3288 4513 3486 4589 fuisSe,

227 4590 375 4644 licet.
419 4586 525 4642 Sed
567 4595 622 4641 et
662 4584 894 4644 Ruﬁnus
941 4599 1106 4658 atque
1154 4584 1501 4660 NiCephoi‘us
1536 4584 1810 4659 vulgatam
1842 4584 1886 4640 D
1913 4584 2197 4660 Benja'min
2225 4587 2465 4660 et__Juda.
2497 4609 2516 4640 ι
2554 4587 2688 4655 Sed,
2730 4595 2790 4640 ut
2818 4597 2977 4660 recte
3001 4595 3186 4660 monet
3223 4585 3482 4660 Grabius,

225 4660 519 4714 lectionem
555 4666 795 4712 tuentur.

300 4727 422 4851 (5ίέ
458 4727 581 4782 Τῶν
593 4726 742 4783 ἑπτὰ
755 4725 1064 4810 αἱρέσεων.
1073 4768 1088 4782 .
1097 4767 1111 4781 .
1128 4726 1248 4785 τῶν
1280 4727 1813 4811 προγεγραμμένον

300 4818 346 4851 ιι.
426 4811 561 4851 ocus
591 4797 902 4851 HBQ’BSIDDI.
929 4815 984 4851 tn
1009 4813 1119 4851 auo
1147 4800 1214 4851 de
1243 4810 1449 4851 sentem
1474 4801 1685 4851 Judatcn
1713 4815 1811 4851 uo-

216 4797 346 4870 μοὶ.
379 4797 561 4870 Locus
591 4797 902 4870 Hegesippi,
929 4799 984 4852 in
1009 4813 1119 4867 quo
1147 4800 1214 4852 de
1243 4797 1449 4868 septem
1474 4797 1685 4854 Iudaici
1713 4815 1811 4870 po-

269 4871 343 4924 uli
379 4867 542 4924 sectis
564 4882 622 4921 se
647 4867 939 4936 scripsisse
973 4877 1237 4933 testatur,
1272 4867 1452 4924 eistat
1493 4873 1550 4925 in
1582 4867 1726 4924 libro
1756 4887 1809 4924 tv

1916 4655 2039 4730 quo'
2057 4659 2221 4713 modo
2264 4658 2622 4730 Hegesippus,
2655 4673 2720 4712 eo
2761 4660 2889 4711 item
2949 4656 3149 4730 Paulus
3200 4655 3486 4730 apostolus

1910 4725 2154 4799 loquitur
2179 4731 2298 4784 Act.
2330 4725 2515 4793 ituri",—
2543 4729 2596 4795 7,
2635 4741 2949 4782 memorans
2991 4727 3268 4799 duodecim
3314 4725 3486 4799 tribus

1908 4793 2059 4853 nocte
2095 4816 2157 4853 ac
2187 4799 2270 4852 die
2301 4793 2646 4853 deservieittes
2682 4799 2736 4851 in
2762 4813 2905 4868 spem
2946 4797 3368 4867 repromissionis
3386 4793 3486 4868 [α-

1908 4878 2046 4923 ctam
2071 4887 2104 4923 a
2127 4869 2252 4923 Deo.
2276 4869 2512 4926 Sanctus
2541 4885 2760 4938 quoque
2775 4865 3014 4923 Iacobus
3043 4883 3201 4922 suam
3234 4865 3484 4938 inscribit

278 4938 454 4995 usebii
475 4939 682 5011 nostri,
715 4954 837 5011 cap.
871 4937 960 4991 Q2.
987 4939 1067 4992 Ad
1085 4955 1262 5011 quem
1310 4941 1491 4995 locum
1520 4982 1534 5006 ,
1580 4939 1690 4993 Deo
1712 4941 1807 5011 ju-
1898 4942 2195 5011 Epistulam
2219 4940 2495 4994 duodecim
2523 4937 2759 4992 tribubus
2789 4955 2906 5009 qua:
2925 4940 3119 5011 su‘ntin
3137 4937 3481 5011 dispersione,

225 5021 414 5073 vante,
439 5008 594 5076 plura
619 5009 816 5062 dicturi
842 5025 1035 5064 sumus
1065 5010 1132 5062 de
1161 5021 1368 5076 septem
1402 5013 1508 5065 illis
1548 5008 1733 5064 sectis.

300 5079 414 5150 ('52)
455 5079 549 5143 Τίς
582 5080 620 5146 ἠ
654 5080 802 5147 θύρα
835 5077 940 5132 τοῦ
977 5077 1404 5150 ἸησοῦΩδιὶιιιιι
1438 5082 1541 5136 hoc
1567 5082 1688 5135 loco
1725 5089 1810 5136 est

226 5149 599 5210 introductio.
635 5164 731 5204 seu
760 5149 1040 5204 institutio
1086 5159 1249 5218 atque
1287 5151 1540 5205 initiatio.
1589 5150 1804 5205 Ostium

228 5223 400 5291 igitur
430 5219 635 5274 Christi
664 5219 812 5291 nihil
838 5229 924 5274 est
953 5219 1134 5291 aliud.
1174 5235 1338 5288 quam
1370 5222 1504 5277 ﬁdes
1543 5222 1596 5275 in
1632 5220 1803 5275 Deum

225 5288 469 5354 Patrem,
499 5299 552 5343 et
584 5291 639 5343 in
663 5288 884 5355 Filium,
912 5307 978 5344 ac
1003 5289 1264 5355 Spiritum
1296 5301 1565 5346 sanctum.
1596 5291 1672 5344 De
1699 5292 1806 5347 hoc

223 5362 373 5417 ostio
395 5360 595 5414 dicitur
618 5361 674 5413 in
706 5359 975 5417 Psalmis:
1008 5359 1138 5415 Haec
1169 5369 1246 5414 est
1279 5371 1436 5430 porta
1466 5362 1716 5428 Domini,
1753 5372 1804 5416 et

216 5432 361 5503 justi
390 5431 666 5503 intrabunt
691 5447 940 5503 peream,
970 5442 1026 5486 ut
1049 5431 1286 5503 explicat
1305 5432 1640 5503 Clemensin
1661 5433 1804 5486 libro

223 5499 281 5558 τι
313 5499 724 5572 Στμυματέῳν.
758 5499 823 5572 Et
845 5503 1045 5556 ostium
1062 5499 1280 5572 quidem
1299 5500 1524 5555 Joannis
1549 5502 1805 5572 Baptista

223 5581 346 5628 erat
369 5571 720 5641 prenitentia;
759 5570 966 5642 Christi
1007 5570 1136 5627 vero
1167 5572 1388 5642 ostium,
1421 5581 1505 5627 est
1548 5570 1803 5629 remissio

224 5650 753 5714 peccatorum,_quze
783 5641 842 5696 [it
887 5641 1387 5714 peribaptismum.

299 5713 415 5783 (55)
446 5713 568 5765 Οὐκ
596 5712 921 5766 ἐπίστευον
945 5710 1472 5783 οὔτε-ἀνάστασιν.
1505 5710 1643 5768 Male
1683 5712 1800 5769 Ru-

228 5782 401 5847 ﬁnus,
431 5798 670 5851 eumque
695 5793 919 5837 secutus
942 5782 1480 5849 Christophorsonus
1494 5785 1676 5850 vertit,
1697 5801 1801 5838 non

226 5853 590 5918 crediderunt,
615 5855 771 5920 quasi
799 5854 1085 5922 legeretur,
1113 5854 1212 5907 οὐκ
1238 5853 1584 5911 ἐπίστευσαν.
1614 5854 1798 5926 Longe

1909 5007 1959 5074 t,
1984 5012 2035 5064 1.
2070 5009 2283 5063 Videsis
2308 5012 2361 5063 in
2392 5012 2533 5064 hanc
2562 5007 2909 5073 sententiam,
2965 5007 3195 5062 Calmeti
3220 5007 3484 5060 disserta-

1913 5083 2114 5136 tionem
2143 5081 2208 5133 ad
2230 5079 2589 5144 Ezechielem,
2624 5079 2696 5133 De
2725 5079 2899 5133 reditu
2931 5080 3105 5131 decem
3150 5078 3404 5130 tribuum.

1980 5151 2092 5220 (56)
2120 5151 2283 5204 Μετὰ
2327 5151 2425 5203 καὶ
2470 5148 2589 5203 τῶν
2631 5148 2837 5220 ἐθνῶν.
2894 5148 3088 5202 Merito
3139 5147 3479 5220 Scaligerum

1907 5221 1998 5276 hic
2028 5219 2374 5290 reprehendit
2402 5220 2692 5291 Dionysius
2727 5219 3176 5291 Petavius,7quod
3203 5228 3479 5291 negasset,

1905 5287 2130 5346 licuisse
2153 5291 2248 5344 ulli
2267 5291 2450 5359 gentili
2480 5287 2742 5344 inieresse
2755 5289 2907 5344 festis
2928 5287 3120 5343 diebus
3141 5287 3473 5344 Judzeurum.

1905 5361 2042 5416 Nam
2067 5370 2262 5431 praeter
2292 5361 2473 5416 locum
2515 5361 2666 5414 illum
2691 5401 2708 5425 ,
2742 5375 2912 5431 quem,
2944 5360 3077 5413 citat
3116 5359 3372 5412 Petavius
3390 5372 3478 5431 _ex

1908 5425 2203 5500 Evangelia
2234 5429 2464 5485 Joannis
2491 5447 2611 5500 cap.
2647 5425 3012 5500 tun—plurima
3050 5435 3345 5500 suppetunt
3381 5425 3478 5481 Jo-

1905 5498 2429 5572 sepliftestimonia,
2456 5517 2486 5554 e
2522 5498 2724 5572 quibus
2752 5498 3054 5572 discimus,
3087 5498 3475 5572 gelttiles__azx-

1907 5565 2120 5627 morum
2153 5571 2486 5626 solemnitati
2517 5565 2717 5640 slepius
2748 5565 3272 5624 interfuissefCerte
3308 5565 3476 5640 Vitel-

1904 5643 2014 5699 lius
2047 5644 2256 5711 legatus
2291 5639 2463 5712 Syfria:
2502 5635 2639 5696 festo
2676 5640 2897 5712 Pascha:
2927 5640 3210 5710 ingressus
3233 5645 3317 5712 est
3347 5635 3475 5712 [lie-

1903 5707 2204 5783 rosolyfna,
2227 5719 2282 5766 et
2297 5707 2548 5783 a'Judaeis
2568 5711 2864 5783 honoriﬁce
2887 5707 3170 5783 exceptus,
3193 5707 3477 5783 u_t_legitur

1903 5783 1963 5838 in
1985 5776 2079 5837 lib'.
2111 5798 2246 5836 xvm
2280 5781 2559 5853 Originum
2580 5781 2952 5843 Iudaicarum,
2985 5776 3105 5853 cap.
3131 5777 3180 5833 6.
3225 5776 3372 5835 Idem
3404 5776 3480 5835 de

1905 5853 2185 5922 Quadrato
2211 5850 2394 5924 legato
2409 5854 2580 5928 Syria:
2609 5854 2661 5909 in
2690 5853 2787 5910 llb.
2815 5868 2884 5908 xx
2909 5850 3119 5909 scribit.
