3872 6210
119 289 270 344 1515

1277 281 1341 337 S.
1391 275 1753 338 HEGESIPPI
1794 274 2242 335 FRAGMENTA.

3271 279 3412 337 l3”

118 405 250 460 υιοῦ
295 399 603 474 Ῥαχαϐεὶμ
632 399 744 473 (ιδ)
772 397 880 453 τῶν
917 397 1380 469 μαρτυρουμένων
1413 395 1520 450 ὑπὸ
1560 395 1724 468 Ἱερε-

1835 394 2063 464 fructum
2079 407 2294 462 operum
2317 407 2536 447 suorum
2556 390 2972 450 manducabunt.
2993 391 3117 450 Mox
3133 409 3263 468 ergo
3280 412 3414 452 con-

122 499 258 569 μίου
281 494 379 550 τοῦ
401 493 703 566 προφήτου,
727 490 926 564 ἐκραζε
939 489 1138 558 λέγων’
1163 487 1509 553 ιΠαύσασθε,
1530 488 1585 542 τί
1607 505 1727 541 ποι-

118 592 240 641 εῖτε
261 585 413 658 (44);
446 583 681 656 Εὖχεται
712 581 852 653 ὑπὲρ
875 579 1034 652 ἡμῶν
1053 581 1082 633 ὁ
1102 578 1339 643 Δίκαιος.
1356 595 1375 630 ι
1409 579 1522 632 Καὶ
1542 577 1722 632 λαϐὼν

101 658 216 740 ριιςις
241 677 340 732 ἀπ’
379 675 559 728 αὐτῶν
587 669 669 736 εἷς
701 671 808 726 τῶν
847 672 1100 741 γναφέων
1147 670 1209 723 τὸ
1251 669 1408 738 ξύλον
1447 670 1557 742 (45)
1593 671 1651 723 ὲν
1679 663 1724 738 ᾧ

123 769 400 834 ἀπεπίεζε
434 767 503 821 τὰ
531 765 723 839 ἱμάτια
767 764 900 838 (46),
935 765 1134 836 ἤνεγκε
1176 763 1318 818 κατὰ
1343 764 1442 836 τῆς
1484 763 1726 835 κεφαλῆς

121 859 226 914 τοῦ
258 859 507 913 Δικαίου.
557 859 670 913 Καὶ
697 855 871 920 οὕτως
923 854 1306 928 ἐμαρτύρησεν
1330 870 1344 884 ·
1381 853 1476 907 καὶ
1518 852 1724 923 ἔθαψαν

123 952 298 1006 αὑτὸν
330 953 390 1004 ὲν
413 951 491 1022 τῷ
517 949 669 1021 τόπῳ
699 949 830 1020 (47),
859 949 953 1004 καὶ
978 948 1058 1001 ἔτι
1089 945 1255 1001 αὐτοῦ
1300 947 1334 1018 ἡ
1374 946 1542 1018 στήλη
1571 949 1726 1018 μένει

124 1045 288 1116 παρὰ
312 1045 391 1116 τῷ
406 1044 520 1116 ναῷ
533 1044 663 1116 (48).
689 1043 920 1114 Μάρτυς
939 1035 1094 1106 οὗτος
1125 1042 1334 1115 ἀληθὴς
1367 1042 1642 1107 Ἰουδαίοις
1668 1060 1730 1097 τε

128 1140 232 1194 καὶ
265 1138 498 1210 Ἕλλησι
527 1137 842 1208 γεγένηται,
869 1138 952 1190 ὃτι
1007 1136 1215 1208 Ἰησοῦς
1244 1137 1274 1189 ὁ
1301 1136 1540 1209 Χριστός
1559 1141 1727 1192 ἐστιν.

126 1233 250 1286 Καὶ
275 1231 440 1293 εὐθὺς
460 1229 866 1292 Οὐεσπασιανὸς
889 1229 1168 1301 πολιορκεῖ
1191 1230 1290 1302 τὴν
1329 1230 1609 1296 Ἰουδαίαν,
1644 1234 1732 1284 αἰ-

128 1323 494 1394 χμαλωτίσας
512 1320 708 1384 αὐτούς
734 1319 864 1390 (49).

1829 488 2178 552 scendentes,
2207 500 2333 540 eum
2358 485 2692 555 praecipitem
2719 495 2972 556 egerunt,
2994 498 3046 543 et
3079 488 3222 544 inter
3248 505 3308 546 se
3329 490 3416 544 di-

1830 590 2028 634 xerunt
2043 598 2056 634 :
2069 578 2430 649 «Lapidemus
2443 577 2710 634 Jacobum
2725 577 2958 649 justum.
2972 580 3298 650 »Οωρεινωη
3314 581 3417 652 igi-

1831 681 1919 726 tur
1945 671 2221 742 lapidibus
2248 686 2375 726 eum
2410 671 2709 740 impetere;
2743 671 3006 741 quoniam
3042 673 3418 743 praecipitatus

1830 779 1940 819 non
1977 765 2162 820 statim
2203 772 2436 818 mortem
2481 765 2723 829 obierat,
2767 764 2861 819 sed
2909 779 3211 821 conversus
3259 765 3418 821 ﬂexis

1830 857 2062 929 genibus
2083 856 2276 911 orabat
2296 857 2517 912 dicens:
2551 875 2570 907 ι
2584 854 2813 912 Domine
2837 865 2892 912 et
2911 856 3056 913 Deus
3077 857 3260 923 Pater,
3279 875 3414 928 rogo

1832 956 1895 1003 ut
1921 949 2178 1019 ignoscas
2212 948 2487 1019 illis,quia
2521 949 2776 1006 nesciunt
2797 951 2928 1019 quid
2961 948 3222 1006 faciunt.»
3248 950 3418 1005 Cum.

1833 1061 1942 1116 que
1971 1045 2247 1100 hominem
2270 1046 2420 1102 saxis
2437 1045 2768 1109 obruerent,
2792 1060 2937 1098 unus
2973 1059 3004 1098 e
3034 1042 3420 1099 sacerdotibus

1835 1153 1902 1193 ex
1934 1139 2062 1193 ﬁliis
2088 1138 2315 1194 Rechab
2344 1139 2440 1194 ﬁlii
2474 1137 2794 1202 Rechabim,
2823 1135 3184 1207 quiJeremite
3208 1135 3414 1190 suifra-

1839 1233 1928 1302 gio
1956 1233 2322 1288 commendati
2351 1240 2498 1298 sunt,
2517 1239 2772 1286 contenta
2805 1244 2939 1283 voce
2973 1248 2986 1283 :
3023 1248 3041 1280 ε
3064 1227 3300 1294 Parcite,
3330 1227 3418 1280 in-

1839 1327 1979 1396 quit,
2017 1325 2148 1394 quid
2178 1323 2613 1381 facitis?Justus
2645 1332 2769 1379 orat
2805 1337 2905 1392 pro
2940 1321 3151 1375 nobis.»
3192 1319 3419 1374 Interim

133 1431 286 1469 unus
316 1430 380 1468 ex
413 1414 501 1476 iis,
540 1411 695 1477 fullo,
729 1423 949 1481 arrepto
973 1411 1139 1481 fuste,
1176 1429 1289 1484 quo
1323 1423 1508 1470 vestes
1555 1415 1864 1484 exprimere
1908 1418 2141 1482 solebat,
2171 1425 2337 1488 caput
2390 1415 2535 1472 Justi
2591 1417 2884 1486 percussit.
2918 1413 3096 1483 Atque
3140 1413 3217 1468 ita
3274 1409 3419 1467 felici

129 1510 407 1581 martyrio
433 1510 599 1564 vitam
624 1509 796 1576 ﬁniit;
850 1509 1097 1579 sepultus
1139 1517 1225 1565 est
1265 1509 1458 1565 eodem
1494 1509 1551 1564 in
1616 1511 1758 1578 loco,
1796 1521 2090 1583 manetque
2142 1513 2324 1569 adhuc
2351 1512 2546 1584 cippus
2579 1511 2728 1566 illius
2781 1523 2950 1581 prope
2990 1507 3276 1578 templum.
3318 1504 3420 1561 llic

128 1603 402 1671 Jacobus,
440 1615 555 1660 tum
618 1603 844 1670 Judaais,
893 1611 1013 1660 tum
1059 1604 1263 1662 Graecis
1303 1605 1549 1678 locuples
1587 1606 1693 1663 fuit
1727 1608 1907 1676 testis",
1944 1608 2136 1666 Jesum
2184 1625 2312 1666 vere
2352 1609 2633 1666 Christum
2676 1607 2871 1663 fuisse.
2919 1603 3032 1662 Nec
3060 1604 3234 1660 multo
3294 1609 3421 1674 post

131 1699 356 1756 obsidio
379 1699 724 1771 Vespasiani,
754 1708 811 1756 et
835 1699 1150 1756 Judaaorum
1187 1700 1480 1772 captivitas
1523 1703 1820 1780 subsecuta
1859 1714 1964 1760 est.

427 1914 508 1971 De
527 1914 836 1988 propinquis
871 1913 1171 1971 Saluatoris
1195 1917 1382 1971 nostri.
1401 1947 1471 1957 —-
1491 1914 1650 1987 Apud
1673 1917 1913 1972 eumdem
1937 1916 2247 1980 Eusebium.
2281 1917 2422 1975 Hist.
2455 1920 2592 1975 ecci.
2633 1917 2730 1973 lib.
2768 1933 2852 1988 tu,
2886 1937 3008 1991 cap.
3032 1919 3126 1975 20.

182 2069 184 2072 μ
209 2029 335 2084 Ἔτι
366 2028 424 2082 δὲ
455 2028 729 2102 περιῆσαν
750 2029 798 2083 οἱ
823 2029 932 2084 ἀπὸ
952 2031 1146 2099 γένους
1177 2030 1272 2085 τοῦ
1306 2029 1516 2103 Κυρίου
1549 2031 1736 2086 υἱωνοὶ

1915 2029 2012 2090 His
2040 2035 2381 2104 temporibus
2409 2034 2587 2090 adhuc
2614 2044 2939 2106 supererant
2961 2035 3185 2108 quidem
3220 2051 3288 2092 ex
3331 2052 3431 2095 co-

212 2186 330 2259 (l3)
372 2185 511 2242 Υιοῦ
548 2167 1440 2259 Panas-[abierimNicephorus
1458 2186 1586 2259 haec
1611 2187 1722 2243 duo

1835 2203 1959 2242 num
1991 2186 2251 2259 cilicium.
2283 2185 2422 2243 Nam
2445 2197 2500 2243 et
2529 2187 2777 2244 maculas
2797 2187 3056 2243 eluebant
3085 2202 3118 2243 e
3146 2186 3416 2259 vestibus;

131 2255 410 2314 vocabula
441 2255 728 2326 expunxit,
767 2255 828 2312 ut
851 2257 1176 2327 jampridem
1207 2255 1411 2312 notavit
1452 2255 1720 2326 Scaliger,

133 2339 260 2386 tum
288 2329 343 2382 in
369 2328 934 2382 Animadversionibus
969 2327 1306 2394 Eusebianis,
1333 2338 1448 2382 tum
1473 2328 1526 2382 in
1561 2328 1724 2382 Eleu-

136 2401 239 2456 cho
273 2397 600 2466 Trihazresii,
641 2413 764 2467 cap.
800 2398 892 2452 25.
927 2396 1034 2451 Sed
1062 2408 1242 2454 tamen
1275 2415 1400 2454 cum
1431 2399 1574 2468 apud
1613 2398 1724 2452 Ru-

138 2472 316 2525 ﬁnum
346 2469 618 2538 legantur,
643 2475 696 2522 et
725 2468 779 2522 in
809 2468 1064 2524 omnibus
1085 2470 1287 2524 nostris
1317 2469 1723 2537 exemplaribus

137 2548 391 2602 exstent,
434 2539 565 2592 ferri
602 2540 892 2594 commode
922 2547 1173 2607 possunt.
1203 2539 1282 2593 Ac
1320 2541 1363 2594 si
1400 2554 1514 2594 rem
1543 2549 1722 2594 atten-

139 2612 256 2692 tiu_s
292 2609 710 2692 expendamus,
747 2623 855 2692 non
883 2617 1164 2692 sunt'taur
1201 2611 1383 2692 inepta
1431 2618 1596 2692 atque
1630 2611 1724 2692 in-

141 2681 320 2744 sulsa,
347 2674 408 2751 tit
441 2680 650 2751 putavit
676 2678 940 2751 Scaliger,
961 2674 1064 2751 Εἷς
1098 2679 1205 2732 τῶν
1232 2674 1428 2751 ἱερέων
1449 2674 1558 2733 τῶν
1593 2680 1725 2733 υἱῶν

154 2749 365 2822 Ῥηχὰὸ
409 2747 526 2802 υἱοῦ
572 2751 668 2804 Ῥα
706 2747 850 2804 αϐεΓ
879 2789 892 2810 ,
957 2747 1104 2802 Unus
1150 2765 1215 2802 ea:
1246 2747 1608 2804 sacerdotibus
1662 2751 1726 2804 de

154 2821 279 2872 ﬁliis
309 2819 514 2872 Rechab
530 2820 629 2872 lilii
652 2767 952 2872 licchab’im.
967 2819 1113 2872 Idem
1141 2821 1286 2872 enim
1315 2821 1554 2872 est.acsi
1579 2821 1726 2872 dice-

143 2819 292 2890 ﬁliis'
309 2819 514 2890 Rechab
527 2820 629 2889 ﬁlii
652 2819 1113 2875 Rechabideem
1141 2821 1286 2890 enim
1315 2833 1418 2878 est.
1435 2821 1554 2875 acsi
1579 2821 1728 2876 dice-

145 2888 270 2946 ret:
307 2888 459 2944 Unus
488 2888 554 2945 ex
589 2891 985 2954 sacerdotibus,
1012 2891 1157 2945 ﬁlius
1189 2889 1410 2945 Rechab
1439 2891 1506 2945 de
1529 2907 1727 2961 genere

144 2961 576 3032 Rechabitarum
601 2977 615 3014 :
638 2977 759 3032 qua:
784 2967 1054 3032 postrema
1081 2961 1242 3014 verba
1263 2961 1514 3032 consulte
1542 2961 1728 3032 addita

141 3041 300 3098 sunt,
328 3041 390 3087 ut
423 3029 996 3101 Rechab'paterjllius
1021 3032 1347 3092 sacerdotis.
1371 3032 1440 3084 ab
1469 3030 1592 3086 aliis
1621 3029 1729 3085 Re-

142 3102 291 3157 chab
321 3099 770 3171 distingueretur.
824 3099 1015 3155 Plures
1063 3102 1210 3155 enim
1256 3101 1448 3156 eodem
1504 3103 1729 3156 nomine

143 3172 569 3242 appellabantur
606 3171 856 3235 Rechab;
889 3187 1074 3242 verum
1111 3171 1212 3242 hic!
1241 3172 1306 3225 de
1341 3187 1450 3240 quo
1486 3171 1730 3240 loquitur

142 3241 520 3313 [legesippusi,
551 3253 671 3297 erat
713 3257 779 3295 ex
803 3242 973 3313 stirpe
1012 3241 1449 3313 Rechabitarum
1486 3242 1727 3310 illorum,

141 3313 214 3369 de
234 3310 454 3383 quibus
483 3312 699 3367 locutus
723 3319 810 3366 est
834 3310 1100 3367 Jeremias
1127 3314 1267 3381 (cap.
1295 3311 1482 3385 xxxv).

211 3403 345 3474 (44),
363 3404 720 3468 Παύσασθε,
767 3403 822 3456 tl
849 3403 1105 3466 ποιεῖτε;
1151 3402 1488 3472 Epiphanius
1526 3402 1582 3457 in
1622 3403 1734 3457 ha:-

139 3473 254 3530 resi
289 3473 381 3539 78,
414 3489 526 3528 non
559 3490 590 3528 a
625 3474 917 3528 Rechabita
955 3474 1238 3528 sacerdote
1272 3474 1389 3527 haec
1421 3475 1568 3528 dicta
1606 3488 1730 3527 esse

141 3544 360 3616 scribit,
393 3545 490 3600 sed
512 3560 542 3599 a
569 3545 843 3616 Symeone
873 3543 1054 3614 Clopae
1077 3544 1208 3612 tilio,
1235 3546 1329 3614 qui
1355 3541 1546 3599 Jacobi
1582 3542 1727 3598 Justi

142 3614 321 3670 frater
353 3614 624 3684 patruelis
648 3622 788 3669 erat.

211 3707 330 3776 (45)
359 3705 572 3776 Λαϐὼν
601 3723 695 3773 τις
727 3706 829 3761 ἀπ’
859 3704 1058 3760 αὐτῶν
1087 3701 1175 3772 εἷς
1207 3705 1326 3759 τῶν
1354 3705 1630 3775 τναφέων
1661 3705 1728 3759 τὸ

138 3775 355 3844 ξύλον.
395 3775 521 3832 Haec
549 3778 717 3832 verba
743 3777 962 3846 duobus
989 3778 1167 3830 modis
1199 3777 1455 3846 construi
1473 3785 1726 3846 possunt:

138 3841 338 3916 nempe
372 3849 475 3902 hoc
503 3849 703 3902 modo:
740 3841 834 3911 Εἷς
855 3865 937 3912 τις
963 3847 1056 3899 ἀπ’
1091 3847 1292 3910 αὐτῶν,
1331 3841 1511 3900 λαὸὥν
1543 3845 1600 3899 τὸ
1620 3845 1730 3899 τῶν

136 3917 395 4000 γναφέων
422 3917 618 4000 ξύλονι,
655 3919 710 3972 id
748 3928 868 4000 est,_
887 3933 1031 3972 unus
1033 3934 1117 4000 _e_x
1142 3917 1489 4000 illisar‘repto
1506 3917 1730 4000 fullonis

135 3983 314 4044 vecte.
351 3983 538 4043 Autin
576 3989 720 4042 hunc
743 3983 998 4042 modum:
1033 3988 1130 4051 Τὶς
1162 3989 1257 4041 ἀπ’
1287 3983 1487 4053 αὐτῶν,
1522 3983 1602 4052 εἷς
1619 3986 1728 4041 τῶν

137 4058 415 4128 γναφέων,
437 4057 617 4113 λαϐὼν
645 4058 704 4111 τὸ
728 4057 904 4124 ξύλον.
928 4057 1103 4125 Quam
1131 4058 1542 4128 distinctionem
1571 4075 1731 4113 secu-

139 4127 244 4199 ωε
266 4127 364 4183 est
396 4129 646 4192 Ruﬁnus,
679 4129 752 4183 ita
794 4131 942 4182 enim
980 4129 1167 4182 vertit:
1223 4127 1291 4182 Et
1324 4145 1464 4182 unus
1500 4145 1566 4182 ex
1590 4129 1722 4199 ipsis

137 4198 303 4323 gillo,
350 4210 564 4269 arrepto
595 4201 738 4269 Iuste
779 4199 834 4252 in
859 4215 960 4269 quo
991 4208 1152 4253 vestes
1194 4201 1487 4268 exprimere
1533 4198 1724 4254 solent.

188 4284 330 4323 eane
360 4269 519 4323 aliter
545 4271 725 4323 caeteri
747 4269 1096 4323 interpretes.
1114 4271 1294 4323 Atuue
1328 4271 1476 4323 hunc
1504 4284 1724 4323 sensum

188 4284 330 4338 eque
360 4269 519 4325 aliter
545 4271 725 4324 ceteri
747 4269 1096 4340 interpretes.
1114 4271 1309 4340 Atque
1328 4271 1476 4325 hunc
1504 4284 1728 4340 sensum

137 4340 433 4394 conﬁrmat
459 4340 714 4395 Clemens
758 4339 1165 4394 Alexandrinus
1204 4338 1260 4393 in
1301 4339 1397 4394 lib.
1431 4355 1508 4394 vn
1546 4338 1729 4408 Hypo-

137 4421 425 4480 typoseon,
449 4411 542 4464 ubi
567 4407 834 4480 Jacobum
868 4426 897 4463 a
933 4408 1143 4464 fullone
1193 4410 1580 4480 interemptum
1605 4407 1728 4464 esse

138 4478 355 4550 scribit.
382 4478 560 4534 Verba
597 4478 897 4550 Clementis
937 4479 1212 4550 habentur
1246 4496 1411 4550 supra
1430 4478 1502 4535 in
1543 4495 1664 4548 cap.
1697 4482 1720 4533 l

139 4550 308 4619 hujus
331 4549 476 4604 libri.
510 4550 834 4619 Apollonius
867 4549 1133 4604 Collatius
1159 4549 1329 4606 inlib.
1363 4566 1380 4604 ι
1411 4550 1489 4604 De
1517 4551 1726 4604 excidio

139 4619 415 4674 Hieresol.
448 4619 718 4674 Jacobum
770 4636 878 4674 non
918 4619 1146 4675 fullonis
1173 4629 1345 4689 vecte,
1402 4622 1498 4676 sed
1544 4622 1725 4675 securi

138 4705 466 4760 percussum
498 4691 772 4745 interiisse
805 4690 1017 4746 scribit.

211 4779 327 4854 (46)
362 4780 432 4854 Τὸ
457 4780 759 4854 ξύλον-ἐν
787 4774 836 4847 ᾧ
860 4779 1143 4854 ,ἀπεπίεζξς
1175 4783 1247 4837 τὰ
1278 4781 1724 4852 ἱμάτια.Ἠὶθτο-

136 4851 342 4922 ηγῐηυε
372 4852 424 4904 in
455 4853 595 4908 libro
651 4851 725 4906 De
762 4853 1108 4921 scriptoribus
1155 4851 1528 4908 ecclesiasticis
1570 4855 1718 4908 hunc

137 4922 323 4976 locum
357 4922 430 4975 ita
460 4923 756 4993 expressit:
794 4922 1040 4978 Fullonis
1082 4923 1242 4992 fuste,
1273 4940 1375 4993 quo
1406 4924 1514 4978 uda
1561 4926 1718 4978 vesti-

136 5003 320 5064 menta
343 4991 639 5064 extorqueri
665 4991 853 5064 solent,
879 4994 931 5046 in
951 4991 1158 5048 cerebro
1181 4991 1459 5064 percussus
1489 4996 1714 5049 interiit.

136 5061 474 5136 Hieronymi
494 5061 658 5136 verba
681 5063 893 5136 “Graece
920 5064 994 5136 ita
1020 5061 1188 5136 vertit
1217 5063 1594 5136 Sophronius;
1629 5064 1720 5136 Τῷ

135 5150 196 5215 εξ
231 5128 486 5215 γναξρικῷ
533 5128 786 5215 μοχλῷκῷ
943 5128 1439 5215 ίμάτιαῠξκπιὲςςίν
1471 5128 1716 5215 ξςώθασί.

135 5202 421 5258 Musculus
452 5202 673 5272 quidem
687 5202 920 5260 Eusebii
943 5202 1124 5258 locum
1153 5205 1225 5259 ita
1248 5205 1445 5260 vertit:
1477 5204 1623 5261 Unus
1655 5221 1720 5260 ea:

137 5273 436 5342 fullonibus
462 5283 673 5342 arrepto
696 5277 1068 5344 instrumento,
1090 5291 1192 5344 quo
1216 5275 1526 5330 vestimenta
1558 5293 1720 5330 excu-

138 5344 282 5397 tiunt
306 5360 370 5415 ac
388 5354 638 5415 purgant.
688 5343 906 5415 Langus
937 5360 1064 5400 vero
1105 5343 1399 5415 Nicephori
1448 5347 1718 5415 interpres

138 5416 220 5468 sic
246 5414 517 5486 reddidit:
547 5414 617 5469 Et
641 5414 904 5486 fullonum
930 5415 1145 5486 quidam
1193 5414 1358 5485 ligno,
1407 5433 1510 5486 quo
1557 5414 1719 5472 vestes

137 5483 535 5568 contplangbat,
554 5483 789 5568 arrepto.
814 5483 950 5566 Mihi
963 5487 1181 5568 quidem
1210 5483 1385 5568 magis
1407 5483 1584 5568 placet
1605 5486 1720 5545 Ru-

141 5554 234 5607 tini
271 5563 328 5608 et
384 5554 872 5626 Christopnorsoni
899 5554 1204 5625 expositio,
1235 5554 1330 5626 qui
1367 5554 1552 5627 vestes
1590 5572 1715 5627 pre-a

139 5639 310 5698 mere,
340 5639 437 5679 seu
467 5629 771 5698 exprimere
797 5627 1133 5698 interpretati
1177 5636 1326 5682 sunt.
1365 5626 1421 5682 id
1461 5626 1609 5698 enim
1643 5628 1716 5682 si-

175 5693 364 5769 niﬁcat
395 5710 498 5748 vox
525 5693 750 5762 πιέζειν,
784 5713 849 5752 ex
881 5693 1070 5769 quatit
1095 5699 1432 5769 πιςστήριον,
1463 5697 1612 5769 (ιιιοά
1634 5705 1720 5769 est

220 5767 334 5821 tine
363 5770 724 5840 pressorium,
758 5783 852 5825 seu
886 5767 1118 5836 prelum.
1161 5766 1365 5835 Duplex
1410 5766 1515 5824 fuit
1537 5766 1714 5826 Iullo-

1825 2267 1880 2314 et
1903 2273 1997 2313 eas
2028 2258 2382 2322 dealbabant,
2413 2274 2477 2313 ac
2508 2259 2857 2327 splendorem
2906 2259 2974 2313 iis
3009 2258 3418 2326 conciliabant;

1829 2329 2124 2383 utebantur
2149 2338 2331 2383 autem
2362 2331 2429 2384 ad
2467 2329 2518 2382 id
2551 2329 2848 2398 pressoriis
2879 2345 2975 2384 seu
3008 2329 3198 2398 prelis.
3225 2337 3287 2382 ut
3321 2345 3422 2382 no-

1828 2399 1938 2454 tavi
1969 2401 2037 2454 ad
2064 2400 2158 2454 lib.
2189 2415 2359 2454 xxvm
2390 2399 2573 2456 Amm.
2609 2398 2906 2469 Marcellini
2940 2398 3216 2469 pag375766.
3246 2398 3421 2454 Porro

1827 2471 1881 2523 in
1907 2469 2306 2538 manuscriptis
2335 2469 2539 2525 nostris
2567 2469 2732 2538 Maz.,
2760 2468 2929 2536 Med.,
2949 2468 3021 2525 ac
3042 2468 3259 2524 Fuketii
3281 2470 3422 2524 scri-

1828 2549 1980 2610 ptum
2014 2549 2096 2594 est
2117 2536 2406 2602 ἀποπίεζε.

1899 2609 2009 2680 (47)
2048 2611 2320 2678 Ἕθαψαν
2342 2609 2532 2664 αὐτὸν·
2556 2609 2626 2663 ἐν
2659 2607 2739 2675 τῷ
2758 2609 2940 2680 τόςτῳ.
2976 2608 3054 2663 Ita
3082 2608 3300 2680 quidem
3325 2623 3422 2664 co.

1829 2678 1934 2752 dex
1964 2678 2190 2752 Regius,
2223 2695 2386 2752 quem
2429 2689 2785 2752 secutus_est_
2821 2678 3160 2752 Stephanus.
3214 2679 3421 2752 verum

1829 2751 2028 2821 reliqui
2054 2749 2196 2816 'tres,
2229 2749 2370 2804 Maz.
2404 2751 2637 2817 scilicet,
2667 2749 2811 2804 Med.
2843 2765 2906 2804 ac
2931 2749 3142 2821 Fuketii
3165 2749 3424 2821 ,_aliquot

1827 2819 2043 2875 voculis
2087 2821 2365 2884 auctiores
2398 2831 2528 2875 sunt
2560 2821 2667 2876 hoc
2697 2822 2890 2889 modo:
2927 2819 3037 2873 Καὶ
3070 2819 3279 2889 ἔθαψαν
3312 2819 3422 2874 αὐ-

1827 2889 1934 2945 τὸν.
1951 2891 2044 2944 ἐπὶ
2071 2890 2148 2961 τῷ
2169 2891 2489 2962 τόταρςπαρὰ
2511 2889 2590 2960 τῷ
2605 2889 2739 2960 ναῷ.
2772 2888 3196 2962 Quamquidem
3227 2890 3422 2947 lectio-

1831 2977 1955 3016 nem
1989 2959 2677 3029 contirmat'Nicephorus,
2694 2959 2774 3015 ac
2807 2959 3062 3013 Ruﬁnus.

1903 3031 2016 3102 (48)
2052 3032 2175 3102 "Est
2212 3031 2400 3085 αὐτοῦ
2517 3029 2720 3098 στήλη
2749 3029 2922 3099 μένει
2948 3027 3237 3102 Δ,τζῖζιρὰέτῷ
3268 3030 3416 3102 ναῷ.

1832 3099 2123 3168 Quomodo
2150 3101 2265 3156 ﬁeri
2290 3099 2494 3171 potest,
2515 3110 2576 3156 ut
2605 3102 2693 3155 hic
2713 3103 2906 3169 cippus
2935 3099 2954 3168 (
2986 3100 3038 3171 id
3068 3101 3212 3171 enim
3257 3100 3422 3169 signi-

1833 3167 1959 3227 ﬁcat
1989 3172 2182 3242 στήλη,
2215 3167 2478 3241 υῐέυρη
2520 3167 2869 3240 notavimus)
2906 3167 2960 3242 et
3001 3167 3191 3242 Jacobi
3236 3167 3420 3238 sepul-

1833 3258 1988 3298 crum
2025 3237 2207 3296 adhuc
2252 3237 2618 3311 permanserit
2670 3249 2794 3309 post
2844 3237 3034 3294 urbem
3085 3254 3116 3311 a
3150 3237 3418 3311 Romanis

1829 3313 2122 3381 excisam?
2145 3308 2458 3381 Sed—neque
2489 3308 2791 3367 verisimile
2820 3320 2926 3375 est,
2952 3309 3098 3379 quod
3123 3310 3201 3364 ait
3233 3308 3418 3381 Rege—

1834 3382 2052 3452 sippus,
2094 3379 2550 3452 Jacobum_juxta
2587 3383 2846 3451 templum
2898 3381 3171 3452 sepultum
3223 3379 3414 3434 luisse.

1834 3451 1970 3506 Nam
1992 3451 2164 3506 Judaei
2187 3461 2340 3507 extra
2368 3451 2561 3506 urbem
2591 3467 2822 3521 corpora
2849 3451 3179 3514 condebant,
3217 3459 3278 3504 ut
3311 3453 3421 3521 cul-

1757 3527 1802 3587 C
1834 3523 2000 3602 ligere
2026 3530 2126 3602 _es_t
2153 3531 2283 3602 _tum
2313 3537 2380 3577 ex
2412 3520 2733 3602 Evangelia,
2765 3535 2882 3576 tum
2903 3537 2971 3574 ex
3018 3521 3271 3602 sepulcro
3311 3520 3420 3602 Ile.-

1833 3591 1970 3647 lenae
2010 3592 2421 3646 Adiabenorum
2456 3591 2677 3662 reginae,
2703 3595 2771 3646 de
2797 3607 2909 3662 quo
2946 3593 3200 3659 superius
3241 3591 3414 3645 locuti

1833 3678 2053 3734 sumus.
2074 3661 2267 3718 Merito
2291 3663 2460 3734 igitur
2492 3661 2725 3717 Ruﬁnus
2750 3661 2920 3734 totam
2956 3662 3095 3715 hanc
3120 3663 3414 3734 pericupen

1834 3733 1887 3786 in
1919 3733 2170 3788 versione
2216 3732 2332 3788 sua'
2362 3734 2728 3802 pratermisit.
2780 3732 3146 3802 Hieronymus
3199 3747 3323 3786 vero
3360 3732 3415 3785 in

1833 3803 1973 3857 libro
2028 3803 2104 3856 De
2153 3804 2500 3872 scriptoribus
2540 3803 2936 3866 ecclesiasticis,
2967 3802 3414 3872 cujusimaxima

1831 3889 1961 3943 pars
1994 3889 2062 3927 ex
2090 3871 2334 3943 Historia
2355 3873 2713 3927 ecclesiastica
2739 3873 2958 3927 Eusebii
2984 3871 3160 3926 nostri
3189 3873 3416 3926 desum-

1832 3942 1923 4014 pta
1947 3952 2053 4014 est_.
2080 3943 2195 3998 haec
2228 3942 2707 4014 Hegesippiverba
2741 3945 3105 4014 interpgatans
3137 3943 3221 4014 ita
3245 3944 3416 4014 emol-

1832 4011 1984 4068 livit:
2013 4012 2251 4067 Titulum
2283 4011 2447 4084 usque
2471 4011 2538 4084 ad
2566 4014 2894 4084 obsidionem
2929 4011 3056 4074 Titi,
3087 4011 3414 4084 etultimam

1832 4085 2084 4148 Adriani,
2109 4081 2450 4138 notissimum
2493 4082 2703 4138 habuit.
2736 4082 2840 4138 Ubi
2885 4092 3069 4137 tamen
3101 4081 3232 4137 illud
3286 4096 3415 4150 pro-

1833 4155 1963 4210 bare
1993 4170 2101 4223 non
2129 4154 2541 4223 possum,quod
2573 4155 2639 4208 de
2657 4155 2846 4207 ultima
2867 4152 3095 4223 Adriani
3126 4151 3414 4206 obsidione

1830 4226 1982 4280 dicit.
2016 4222 2150 4278 Nam
2173 4225 2227 4278 in
2257 4239 2324 4279 eo
2350 4233 2574 4278 secutus
2601 4233 2685 4278 est
2713 4238 2959 4278 errorem
2991 4222 3412 4290 Eusebii,quent

1827 4295 2154 4365 jampridem
2181 4364 2184 4365 ν
2215 4294 2306 4348 alii
2369 4293 2750 4350 confutarunt.
2773 4362 2792 4365 Α
2815 4292 2991 4348 Porro
3045 4290 3414 4365 Hieronymus

1833 4361 2051 4419 titulum
2079 4364 2236 4427 dixit,
2264 4379 2364 4434 pro
2393 4379 2460 4419 eo
2491 4365 2635 4432 quod
2667 4366 2721 4418 in
2759 4362 2952 4434 Graeco
2969 4372 3053 4416 est
3076 4361 3268 4434 στήλη,
3306 4361 3415 4417 Eo-

1829 4436 1954 4490 dem
1985 4451 2148 4489 sensu
2169 4432 2338 4505 στήλη
2357 4433 2643 4505 diciturin
2670 4435 2764 4488 lib.
2794 4433 2832 4485 ll
2855 4432 3084 4505 Regum,
3110 4432 3411 4502 capixvm,

1831 4507 1924 4560 ubi
1964 4515 2120 4560 vetus
2150 4503 2420 4572 interpres
2449 4503 2668 4558 titulum
2697 4506 2876 4558 vertit.
2910 4504 2992 4556 Ad
3023 4519 3188 4572 quam
3223 4518 3410 4557 vocem

1829 4575 1886 4630 in
1919 4575 2297 4630 vetustissimo
2318 4574 2510 4629 codice
2537 4573 2815 4628 Mazarino
2858 4575 2961 4628 hoc
2984 4575 3228 4627 Scholion
3272 4589 3360 4627 Scr
3387 4601 3412 4612 α

1830 4655 1981 4714 ptum
2023 4646 2239 4700 inveni:
2298 4644 2493 4716 ’ἰστέον
2536 4644 2618 4697 ὅτι
2665 4647 2697 4714 ή
2742 4643 2917 4716 ,στήλη
2973 4643 3111 4716 aii-:1)
3137 4642 3311 4716 ⁸λίθοςΔ
3341 4638 3412 4714 ἦν

1826 4713 2096 4787 ἄμορφος,
2128 4714 2442 4787 ἐπιγραφὴν
2462 4713 2608 4787 ,ἔχων
2737 4713 2915 4787 ὄνομα
2939 4713 3032 4766 τοῦ
3066 4713 3410 4787 τεφαμμένου

1841 4778 2118 4839 ’Ϊαδὶῶὅοω
2154 4778 2247 4850 ἘΞ
2264 4778 2359 4838 ὀὗ
2389 4778 2601 4838 statim
2631 4785 2724 4838 νῦν
2757 4786 2808 4837 οἱ
2832 4778 3167 4853 ’Χριστιανοὶ
3200 4778 3258 4837 ἐν
3298 4787 3411 4845 τοῖς

1753 4866 1796 4921 1)
1830 4857 2105 4934 μνήμασιν
2126 4855 2308 4934 αὐτῶν
2338 4855 2522 4934 λίρους
2553 4856 2784 4934 ἱστᾶσξν,
2821 4855 2919 4934 καλζ
2944 4853 2978 4925 ἢ
3007 4855 3311 4934 γράμιέαςεα
3349 4857 3410 4905 ὲν

1822 4925 2004 4990 αὐτοῖς
2036 4927 2360 4996 γράφουσιν,
2398 4925 2517 4997 ἢτὸ
2565 4928 2789 4997 σημεῖον
2829 4925 2924 4977 τοῦ
2951 4925 3409 4997 Δσοιςαυρούέ.γχα-τ

1827 4993 2462 5068 ρὰττουσίνζδᾳὶεηᾴιιὶη
2485 5005 2565 5068 est
2605 4993 2906 5068 columnam
2941 4994 3077 5048 hanc
3100 4993 3407 5068 nihil_aliud_

1827 5064 2012 5135 fuisse,
2033 5083 2191 5136 quam
2215 5065 2448 5135 lapidem
2476 5065 2779 5136 informem,
2801 5066 2855 5119 in
2885 5081 2988 5135 quo
3010 5081 3197 5118 nomen
3217 5064 3406 5118 Jacobi

1826 5134 1939 5190 illic
1967 5134 2160 5204 sepulti
2185 5134 2299 5190 erat
2325 5137 2575 5189 incisum.
2613 5134 2760 5189 Unde
2803 5147 2853 5190 et
2885 5134 3183 5190 Christiani
3226 5137 3282 5188 in
3325 5152 3409 5187 sc—

1826 5207 2026 5277 pulcris
2055 5208 2168 5260 suis
2193 5208 2488 5260 etiamnum
2533 5205 2735 5275 lapides
2778 5214 3062 5277 statuunt:
3112 5206 3170 5277 in
3216 5207 3406 5277 quibus

1828 5274 1923 5331 aut
1953 5277 2161 5331 litteras
2192 5277 2500 5343 inscribere,
2527 5274 2620 5332 aut
2648 5276 2820 5330 crucis
2843 5277 3075 5346 ﬁguram
3113 5274 3409 5343 insculpere

1823 5364 1947 5402 οοηε
1953 5357 2199 5401 uenerunt
2205 5385 2218 5399 .

1898 5417 2008 5489 (49)
2055 5415 2378 5489 Πρλιορκεῖ
2421 5415 2560 5489 τὴν⁸
2613 5415 3409 5489 Ἰουδαίαν--ωχμωιωτισᾳς

1822 5485 2066 5554 αὐτούς.
2103 5486 2179 5542 lta
2210 5489 2432 5558 quidem
2458 5486 2634 5558 codex
2664 5486 2887 5558 Regius.
2913 5485 3112 5558 Verum
3140 5497 3252 5558 tres
3275 5486 3405 5558 reli-

1824 5561 1920 5628 qui
1944 5627 1947 5628 ν
1967 5558 2102 5612 Maz.
2130 5599 2144 5624 ,
2173 5555 2340 5623 Med.,
2375 5557 2513 5611 Fuk.
2544 5573 2709 5612 voces
2745 5555 2867 5612 illas
2887 5558 2986 5628 τὴν
3029 5555 3409 5628 ΪΙουδαίανΑα-ί-

1825 5625 2176 5699 χμαλωτίσας
2193 5643 2302 5699 non
2336 5637 2661 5698 agnoscunt.
2689 5628 2770 5683 Ac
2797 5642 2918 5699 meo
2944 5625 3166 5699 quidem
3191 5625 3402 5699 judicio

1825 5694 2055 5768 prorsus
2094 5694 2396 5768 superﬁuaf
2437 5705 2587 5768 sunt,
2641 5706 2696 5752 et
2728 5694 2987 5768 insulsae;
3023 5694 3212 5768 Neque
3255 5696 3402 5768 enim

1823 5762 2012 5826 Graece
2028 5769 2136 5826 dici
2163 5762 2346 5833 botest
2381 5767 2690 5832 πολιορκεῖν
2721 5769 2820 5831 τὴν
2863 5762 3146 5833 Ἰουδαίαν]
3192 5781 3321 5824 cum
3350 5762 3414 5822 id.
