3872 6210
181 267 327 331 1517
1338 266 1400 323 S.
1439 265 1799 323 HEGESIPPI
1838 267 2286 327 FRAGMENTA.
3319 276 3462 334 l3l8

180 386 245 439 δὲ
277 383 369 438 διὰ
395 378 821 451 προστάγματος
841 377 935 432 τὸν
966 376 1108 432 κατὰ
1135 377 1237 447 τῆς
1280 377 1606 449 Ἑκκλησίας
1649 377 1766 431 διω-

1881 392 2005 431 rum
2029 393 2258 434 suorum
2285 378 2592 436 mercedem
2636 380 2859 438 tribuet.
2888 379 2988 440 His
3003 382 3229 452 auditis,
3274 385 3462 444 Domi-

183 477 350 550 γμόν.
387 475 528 538 Τοὺς
553 475 611 527 δὲ
633 471 1033 536 ἀπολυθέντας,
1069 469 1380 542 ἡγήσασθαι
1415 469 1524 524 τῶν
1566 470 1766 541 έκκλη-

1883 469 2070 525 tianus
2097 471 2235 525 nihil
2260 471 2536 529 adversus
2563 473 2687 531 illos
2733 475 2984 545 asperius
3043 477 3318 547 decrevit;
3365 483 3466 537 sed

183 564 345 630 σιῶν,
378 563 455 627 ὡς
485 562 553 616 ἂν
579 562 643 634 δὴ
678 562 962 634 μάρτυρας
991 560 1127 631 ὁμοῦ
1157 561 1254 613 καὶ
1275 558 1385 613 ἀπὸ
1405 560 1598 627 γένους
1616 557 1766 620 ὄντας

1879 563 2146 620 vilitatem
2170 565 2456 622 hominum
2481 578 2830 637 aspernatus,
2862 569 3068 626 liberos
3099 571 3253 628 abire
3271 573 3460 642 jussit;

182 655 284 708 τοῦ
319 655 528 727 Κυρίου
553 670 567 682 ·
603 653 905 724 γενομένης
936 669 996 704 τε
1028 653 1272 724 εἰρήνης,
1307 650 1471 722 μέχρι
1502 647 1766 722 Τραϊανοῦ

1881 649 2164 720 missoque
2184 651 2384 718 edicto,
2404 653 2843 722 persecutionem
2875 655 3142 712 adversus
3159 656 3463 714 Ecclesiam

184 747 528 818 παραμεῖναι
559 744 759 806 αὐτοὺς
779 742 854 812 τῷ
887 741 1007 813 βίῳ.

1878 749 2213 795 commotam
2241 745 2600 812 compescuit.
2638 743 2761 800 lllos
2784 760 2913 800 vero
2944 746 3014 800 ad
3049 746 3198 802 hunc
3237 747 3464 804 modum

185 839 456 894 dimissos
484 838 732 894 ecclesiis
753 838 984 908 posthac
1001 834 1286 906 praefuisse
1312 833 1774 904 narrantfutpote
1809 831 2013 888 Christi
2044 845 2312 908 martyres
2366 839 2532 894 simul
2573 854 2638 896 ac
2687 841 3061 912 propinquos;
3103 854 3160 898 et
3207 859 3342 914 pace
3363 845 3462 900 de-

185 952 346 992 mum
373 934 635 992 Ecclesia:
675 935 908 1001 reddita,
941 934 1010 989 ad
1060 933 1284 1005 Trajani
1328 949 1506 1002 usque
1552 940 1802 1002 tempora
1837 931 2004 986 vitam
2030 934 2374 1003 perduxisse.

1783 1063 1874 1120 Ill.

184 1193 268 1249 De
303 1192 581 1266 Symeonis
615 1193 795 1266 Clopae
821 1194 951 1264 ﬁlii,
985 1193 1481 1266 Hierosolymorum
1513 1189 1766 1314 eplizsgopfl,

1878 1194 2112 1329 ξρνιέἑίο.
2159 1224 2232 1236 -
2271 1196 2425 1268 Apud
2465 1198 2708 1254 eumdem
2753 1196 3082 1267 Eusebium,
3125 1199 3267 1259 Hist.
3307 1200 3458 1259 Eccl.

271 1379 408 1432 Ἀπὸ
448 1377 654 1431 τούτων
679 1376 881 1449 δηλαδὴ
909 1375 1017 1430 τῶν
1053 1375 1366 1448 αἰρετικῶν,
1402 1371 1772 1446 κατηγοροῦσί

181 1488 338 1534 τινες
369 1469 656 1540 Συμεῶνος
697 1469 789 1523 τοῦ
823 1468 1034 1522 Κλωπᾶ
1065 1469 1200 1540 (55),
1241 1469 1314 1533 ὼς
1347 1468 1500 1531 ὄντος
1528 1467 1637 1521 ἀπὸ
1664 1469 1772 1519 Δα-

182 1562 279 1616 σίδ
324 1561 420 1614 καί
463 1560 816 1630 Χριστιανοῦ.
848 1561 962 1613 Καὶ
998 1560 1171 1623 οὑτως
1206 1561 1474 1630 μαρτυρεῖ
1519 1557 1657 1611 ὲτῶν
1697 1556 1772 1611 ὢν

184 1653 386 1708 ἑκατὸν
414 1651 639 1716 εἴκοσιν,
663 1652 756 1705 ἐπὶ
782 1651 1052 1724 Τραϊανοῦ
1085 1651 1364 1721 Καίσαρος
1389 1648 1484 1702 καί
1505 1647 1771 1701 ὑπατικοῦ

190 1745 742 1817 ’Δττικοῦ(56).Φησὶ
756 1745 824 1798 δὲ
845 1748 877 1798 ό
899 1744 1105 1815 αὐτὸς(
1120 1740 1541 1811 Ἡγήσιππος),
1570 1742 1776 1812 ὠςᾶρα

192 1839 294 1892 κα)⁵
316 1839 440 1902 τοὺς
463 1838 804 1910 κατηγόρους
821 1837 1007 1901 αὑτοῦ,
1031 1835 1379 1908 ζητουμένων
1399 1835 1520 1888 τότε
1540 1834 1648 1887 τῶν
1669 1834 1776 1886 ἀπὸ

187 1931 290 2001 τῆς
316 1928 603 2001 βασιλικῆς
632 1929 900 1983 Ἰουδαίων
916 1927 1110 1998 φυλῆς,
1134 1927 1284 1981 ὼσὰν
1313 1925 1372 1992 ἐξ
1403 1925 1574 1995 αὐτῆς
1596 1924 1776 1989 ὄντας,

191 2021 402 2076 ἁλῶναι
433 2021 654 2094 συνέϐη.
685 2019 947 2091 Λογισμῷ
977 2020 1020 2073 δ’
1054 2019 1121 2074 ἂν
1147 2018 1241 2074 καὶ
1270 2018 1360 2072 τὸν
1389 2019 1650 2089 Συμεῶνα
1670 2017 1778 2070 τῶν

186 2112 478 2167 αὐτοπτῶν
509 2113 606 2166 καὶ
638 2111 920 2183 αὑτηκόων
951 2112 1093 2165 εἴποι
1122 2111 1188 2165 ἄν
1219 2127 1301 2174 τις
1355 2109 1638 2177 γεγονέναι
1683 2105 1775 2160 τοῦ

191 2203 426 2275 Κυρίου,
469 2204 755 2275 τεκμηρίῳ
778 2202 854 2272 τῷ
898 2204 1061 2274 μήκει
1095 2202 1186 2256 τοῦ
1230 2202 1422 2273 χρόνου
1466 2202 1566 2271 τῆς
1612 2200 1775 2255 αὑτοῦ

189 2292 339 2365 ζωῆς
365 2293 668 2366 χρώμενος,
697 2294 793 2347 καὶ
822 2293 900 2364 τῷ
935 2293 1296 2365 μνημονεύειν
1323 2293 1423 2364 τὴν
1456 2293 1564 2345 τῶν
1596 2294 1778 2361 Εὐαγ-

183 2387 386 2456 γελίων
409 2385 631 2458 Γραφὴν
657 2385 879 2457 Μαρίας
895 2385 995 2455 τῆς
1026 2383 1119 2437 τοῦ
1144 2384 1354 2437 Κλωπᾶ
1375 2401 1386 2414 ·
1409 2376 1470 2436 οῦ
1495 2383 1773 2452 γεγονέναι

184 2481 353 2538 αὑτὸν
385 2479 519 2552 (57),
545 2479 642 2533 καὶ
669 2479 935 2551 πρότερον
963 2479 990 2530 6
1014 2477 1170 2546 λόγος
1199 2476 1488 2546 ἐδήλωσεν.
1527 2477 1584 2530 Ὀ
1605 2476 1650 2528 δ’
1679 2477 1778 2530 αὑ-

184 2575 279 2639 τὸς
319 2573 670 2645 συγγραφεὺς
716 2571 811 2625 καὶ
853 2570 1075 2643 ἐτέρους
1120 2570 1228 2624 ἀπὸ
1268 2570 1461 2638 γένους
1506 2570 1624 2633 ένὸς
1667 2568 1776 2623 τῶν

185 2666 506 2739 φερομένων
536 2664 780 2732 ἀδελφῶν
811 2661 903 2717 τοῦ
950 2662 1224 2734 Σωτῆρος,
1249 2654 1294 2729 ᾧ
1327 2661 1496 2733 όνομα
1539 2661 1772 2728 Ἰούδας,

186 2757 358 2827 φησὶν
391 2757 472 2820 εἰς
501 2757 604 2827 τὴν
635 2753 806 2826 αὑτὴν
835 2747 1122 2807 ἐπιϐιῶναι
1163 2752 1462 2823 βασιλείαν,
1502 2753 1639 2824 μετὰ
1675 2753 1774 2825 τὴν

185 2849 292 2920 ῆδη
317 2848 584 2920 πρότερον
617 2844 998 2917 ἱστορηθεῖσαν
1040 2844 1222 2899 αὐτῶν
1251 2845 1391 2916 ὑπὲρ
1432 2844 1534 2914 τῆς
1563 2847 1643 2907 εἰς
1681 2845 1774 2898 τὸν

185 2940 424 3010 Χριστὸν
457 2939 694 3002 πίστεως
725 2938 818 2991 ἐπὶ
843 2937 1170 3009 Δομετιανοῦ
1197 2937 1522 3009 μαρτυρίαν.
1566 2937 1772 3009 Γράφει

182 3030 243 3084 δὲ
269 3030 444 3094 οὑτως
461 3047 475 3060 ·
504 3030 794 3102 Ἔρχονται
811 3024 904 3083 οὖν
929 3029 1025 3083 κα)⁸
1049 3027 1416 3102 προηγοῦνται
1445 3029 1626 3101 πάσης
1659 3030 1775 3082 Ἐκ-

1943 1373 2026 1429 Ex
2055 1391 2244 1433 eorum
2269 1379 2651 1438 haereticorum
2678 1399 2929 1450 numero,
2961 1384 3188 1455 quidam
3232 1386 3464 1459 Symeo-

1875 1481 2000 1520 nem
2029 1468 2214 1538 Clopaa
2243 1471 2410 1525 ﬁlium
2441 1474 2776 1542 detulerunt,
2809 1477 2955 1546 quod
2997 1493 3061 1532 ex
3094 1478 3264 1548 stirpe
3291 1479 3460 1535 Davi-

1877 1554 1962 1608 dts
2007 1557 2295 1624 oriundus,
2329 1570 2384 1614 et
2427 1561 2774 1620 Christianus
2811 1574 2976 1620 esset.
3025 1569 3200 1637 Atque
3243 1569 3314 1624 ita
3355 1569 3460 1644 Sy-

1877 1659 2036 1699 meon
2081 1661 2207 1702 cum
2263 1662 2438 1706 annos
2485 1662 2704 1708 centum
2746 1671 2811 1710 ac
2851 1657 3042 1726 viginti
3085 1669 3249 1716 natus
3275 1676 3456 1728 esset,

1878 1738 2196 1809 martyrium
2229 1743 2414 1810 subiit,
2461 1745 2767 1814 principatu
2807 1745 3025 1817 Trajani
3061 1749 3317 1820 Augusti,
3352 1755 3459 1807 At-

1811 1811 1850 1865 Β
1880 1829 1989 1884 tico
2021 1833 2298 1888 consulari
2353 1811 2532 1906 legato
2565 1811 2776 1908 Syriam
2827 1811 3266 1897 administrante.
3302 1811 3454 1898 idem

1874 1933 2129 1990 prceterea
2159 1926 2365 1992 scribit,
2419 1942 2515 1983 eos
2555 1929 2702 2000 ipsos
2733 1928 3020 2002 Symeonis
3053 1943 3409 1990 accusatores
3433 1975 3452 2000 ,

1878 2025 2003 2066 cum
2034 2020 2166 2070 tunc
2196 2017 2458 2086 temporis
2483 2035 2677 2075 omnes
2700 2036 2766 2075 ex
2791 2023 2940 2093 regia
2971 2022 3286 2080 Judworum
3311 2027 3458 2082 tribu

1879 2103 2098 2156 oriundi
2139 2105 2370 2161 sollicite
2423 2107 2908 2180 investigarentur,
2974 2115 3255 2170 convictos
3294 2130 3456 2185 esse,

1878 2192 2026 2259 quod
2059 2209 2125 2248 ex
2173 2210 2236 2249 ea
2270 2198 2442 2266 stirpe
2485 2198 2753 2269 originem
2785 2203 3066 2258 ducerent.
3100 2203 3274 2260 Porro
3307 2207 3457 2278 hunc

1881 2283 2208 2356 Symeoncm
2233 2306 2340 2343 non
2369 2293 2601 2346 absurde
2622 2294 2748 2362 quis
2767 2295 2968 2350 dixerit
2987 2305 3042 2351 et
3069 2307 3456 2370 spectatorem,

1877 2389 1932 2435 et
1951 2381 2251 2437 auditorem
2276 2383 2493 2439 Domini
2524 2385 2720 2452 fuisse;
2750 2402 2874 2442 cum
2897 2397 2952 2444 et
2975 2389 3308 2448 diuturnitas
3330 2395 3455 2448 vitae

1877 2473 2070 2544 ipsius,
2103 2485 2157 2530 et
2190 2475 2610 2549 Evangeliorum
2655 2480 2788 2536 ﬁdes
2814 2482 2868 2538 id
2897 2492 3146 2540 astruere
3181 2485 3455 2554 videatur,

1878 2567 1932 2620 in
1963 2567 2162 2637 quibus
2196 2567 2365 2626 Maria
2397 2573 2644 2641 quaedam
2674 2586 3140 2632 commemoratur
3169 2575 3351 2649 Clopas
3389 2578 3456 2633 ﬁ-

1874 2657 1971 2726 lia,
2013 2659 2173 2730 cujus
2218 2661 2545 2733 Symeonem
2581 2666 2752 2721 ﬁlium
2799 2664 2994 2736 fuisse,
3046 2683 3215 2738 supra
3260 2670 3457 2726 docui-

1873 2767 2020 2808 mus.
2069 2753 2222 2808 Alios
2255 2767 2517 2823 praeterea
2554 2769 2780 2827 nepotes
2807 2761 2971 2817 unius
2996 2777 3063 2817 ex
3101 2763 3313 2818 Domini
3342 2764 3456 2820 fra-

1874 2842 2073 2908 tribus,
2101 2846 2192 2898 cui
2218 2859 2419 2900 nomen
2451 2855 2573 2902 erat
2602 2847 2775 2914 Iudae,
2802 2851 2868 2905 ad
2894 2851 2998 2906 hoc
3029 2867 3202 2922 usque
3229 2852 3454 2924 Trajani

1875 2935 2166 3004 imperium
2198 2938 2365 2992 vitam
2401 2941 2753 3009 produxisse,
2798 2929 2940 2998 idem
2973 2944 3210 3013 scriptor
3250 2945 3450 3012 refert,

1874 3042 2000 3082 cum
2026 3028 2141 3098 jam
2173 3039 2335 3085 antea
2365 3032 2469 3086 sub
2499 3031 2838 3102 Domitiano,
2869 3044 2932 3090 ut
2955 3035 3221 3103 diximus,
3244 3037 3451 3095 Christi

184 3121 420 3191 κλησίας
460 3120 535 3184 ὡς
579 3121 875 3192 μάρτυρες,
913 3121 1010 3174 καί
1050 3121 1158 3174 ἀπὸ
1187 3121 1377 3188 γένους
1410 3119 1500 3173 τοῦ
1537 3121 1766 3192 Κυρίου.

1878 3119 2036 3175 ﬁdem
2070 3129 2386 3178 constanter
2416 3124 2650 3194 professi
2680 3125 2934 3183 fuissent.
2974 3128 3065 3184 Sic
3093 3139 3276 3187 autem
3321 3135 3455 3186 scri-

185 3213 303 3266 Καὶ
334 3213 634 3284 γενομένης
659 3214 882 3285 εἰρήνης
915 3211 1138 3282 βαθείας
1170 3215 1228 3267 έν
1256 3213 1406 3284 πάσῃ
1453 3212 1768 3284 Ἐκκλησία,

188 3303 414 3376 μένουσι
453 3304 614 3375 μέχρι
645 3302 916 3376 Τραϊανοῦ
950 3303 1262 3374 Καίσαρος·
1317 3304 1508 3374 μέχρις
1547 3297 1609 3357 οὗ
1641 3307 1670 3358 6
1708 3307 1772 3358 ὲκ

184 3395 336 3450 θείου
367 3395 462 3449 τοῦ
499 3397 708 3468 Κυρίου
750 3396 863 3468 (58)
903 3398 933 3449 6
961 3395 1359 3468 προειρημένος
1404 3394 1625 3466 Συμεὼν
1656 3397 1772 3460 υἱὸς

184 3489 424 3555 Κλωπᾶ,
462 3488 893 3560 συκοφαντηθείς
927 3488 1031 3542 ὑπὸ
1061 3488 1169 3541 τῶν
1202 3487 1468 3559 αἱρέσεων
1503 3486 1637 3558 (59),
1659 3486 1770 3539 ὡσ-

184 3583 371 3646 αύτως
393 3581 747 3654 κατηγορήθη
773 3581 868 3635 καὶ
900 3580 1062 3644 αὑτὸς
1093 3579 1186 3632 ἐ.πί
1210 3579 1288 3650 τῷ
1313 3578 1462 3649 αὑτῷ
1493 3577 1638 3649 λόγῳ
1657 3578 1769 3649 (60)

184 3676 283 3729 ἐπὶ
323 3673 566 3728 Ἀττικοῦ
599 3673 694 3728 τοῦ
727 3671 992 3727 ὑπατικοῦ
1011 3690 1026 3704 ο
1068 3672 1165 3726 καὶ
1196 3672 1290 3725 ἐπὶ
1317 3671 1516 3735 πολλὰς
1554 3671 1770 3744 ἡμέρας

182 3765 554 3836 αἰκιζόμενος,
623 3763 1037 3837 ἐμαρτύρησενο
1104 3765 1180 3827 ὡς
1238 3762 1445 3826 πάντας
1495 3761 1772 3834 ὑπερθαυ-

258 3919 376 3990 (55)
407 3917 723 3990 Συμεῶνος
757 3919 868 3974 τοῦ
909 3917 1149 3974 Κλωπᾶ.
1182 3918 1240 3990 In
1278 3919 1464 3974 codice
1489 3918 1659 3990 Regio
1691 3921 1768 3977 le-
1813 3884 1817 3888 4

183 3989 633 4062 εἰιιιτφξίμωνος,
666 4000 728 4045 ut
750 3991 960 4062 notavit
1003 3990 1177 4062 etiam
1209 3989 1485 4062 Bobertus
1532 3989 1766 4062 stepha-

185 4059 329 4132 nus.
353 4059 722 4132 Hieronymus
753 4061 808 4114 in
851 4060 1132 4132 Chronico
1165 4060 1329 4127 hujus
1360 4061 1598 4132 episcOpi
1638 4059 1768 4117 Hie-

185 4129 577 4202 rosolymitani'
612 4146 811 4202 nomen
853 4129 1058 4202 duplici
1108 4132 1279 4202 modo
1304 4131 1486 4202 scribi
1508 4137 1763 4202 testatur,

184 4199 532 4272 Symepnemi
548 4199 784 4272 scilicet,
815 4211 868 4254 et
899 4201 1200 4272 Simonem.
1230 4199 1375 4272 idem
1401 4200 1563 4272 habet
1591 4199 1765 4256 Geor-
1830 4223 1837 4228 ·

183 4269 310 4342 gius
334 4269 650 4342 iSyncellus,
683 4280 738 4325 et
768 4279 960 4342 auctor
989 4269 1241 4342 Chronigi
1266 4270 1638 4324 Alexandrini.

256 4333 515 4409 (56)'Kal
539 4341 834 4394 ὑπατικοῦ
871 4340 1157 4394 Ἀττικοῦ.
1191 4339 1245 4394 ld
1268 4348 1373 4406 est,
1397 4355 1525 4409 cum
1554 4341 1766 4397 Atticus
1791 4333 1796 4339 ’

180 4408 594 4491 δεδοι.ί.1εεοιυε
640 4411 830 4491 Syriae.
883 4409 1146 4491 Solebant
1190 4411 1334 4464 enim
1387 4408 1511 4491 Syri
1565 4411 1762 4491 horum

1879 3211 2000 3266 bit:
2061 3205 2299 3281 Adsunt,
2365 3215 2565 3287 inquit,
2618 3218 2717 3283 illi,
2769 3227 2823 3274 et
2872 3220 3141 3276 universas
3195 3222 3452 3280 Ecclesiae

1873 3302 2186 3370 praesident,
2218 3313 2406 3373 utpote
2436 3315 2720 3378 martyres,
2747 3315 2802 3362 et
2826 3311 3007 3380 agnati
3037 3309 3266 3368 Christi.
3305 3311 3452 3367 Tan-

1872 3395 2105 3464 demque
2135 3397 2406 3464 prol‘unda
2439 3414 2570 3468 pace
2609 3400 2866 3456 Ecclesiae
2892 3403 3176 3470 ’restituta,
3211 3405 3278 3461 ad
3315 3405 3453 3461 Tra-

1870 3482 1981 3553 jani
2015 3503 2194 3558 usque
2223 3498 2466 3560 tempora
2501 3494 2824 3562 superstites
2860 3493 3116 3564 luerunt;
3139 3497 3313 3554 donec
3342 3496 3448 3571 Sy-

1871 3595 2035 3637 meon
2073 3582 2420 3657 supradictus
2452 3583 2635 3654 Clopaa
2686 3584 2833 3640 ﬁlius
2874 3585 3028 3655 ejus,
3070 3587 3166 3657 qui
3195 3596 3316 3644 erat
3351 3605 3450 3658 pa-

1871 3679 2030 3726 truus
2057 3673 2309 3739 Domini,
2342 3689 2632 3732 accusatus
2665 3676 2921 3732 similiter
2949 3677 3019 3732 ab
3061 3678 3359 3749 haereticis,
3391 3690 3450 3736 et

1871 3762 1941 3818 ob
1970 3761 2218 3818 eamdem
2245 3778 2467 3820 causam
2494 3763 2548 3818 in
2575 3765 2667 3836 jus
2696 3774 2920 3822 vocatus
2949 3775 3034 3823 est
3054 3783 3239 3824 coram
3263 3769 3447 3826 Attico

1871 3914 2097 3992 Trajan_i
2126 3925 2372 3992 tempora
2402 3918 2820 3992 est_institutus.
2853 3919 3122 3992 Caeterum
3166 3938 3332 3992 supra
3359 3922 3446 3980 ci-

1870 3996 2015 4042 tatus
2065 3988 2245 4042 Ruﬁni
2293 3989 2447 4044 locus
2492 3989 2548 4043 in
2596 3990 2972 4048 manuscriuto
3023 3988 3446 4048 codice—biblio-

1868 4057 2042 4112 theca:
2071 4059 2252 4128 Hegias
2299 4058 2372 4112 ita
2402 4060 2759 4128 perscribitur
2785 4079 2798 4113 :
2833 4057 3044 4132 Martyr
3078 4063 3293 4132 eiectus
3322 4075 3442 4133 est,

1868 4144 1986 4180 cum
2011 4137 2142 4180 esset
2165 4145 2422 4182 annorum
2445 4139 2651 4182 centum
2681 4146 2808 4183 xxv.

1941 4198 2053 4270 (57)
2091 4194 2172 4270 οὗ
2202 4198 2512 4270 γεγονέναι
2541 4199 2745 4270 αὐτόν.
2781 4199 2964 4255 Nostri
3012 4201 3230 4270 codices
3275 4201 3442 4269 Maz.,

1867 4265 2007 4342 Med.
2033 4265 2086 4323 et
2115 4265 2249 4342 Fuit.
2283 4265 2469 4342 vocem
2495 4269 2705 4342 addunt
2735 4270 2841 4342 hoc
2866 4271 3033 4342 modo
3051 4289 3076 4342 4:
3109 4265 3183 4324 Οῦ
3216 4272 3313 4325 καί
3343 4265 3441 4342 γεὲ

1865 4337 2081 4412 γονέναι
2114 4340 2275 4412 αὑτὸν
2301 4340 2394 4412 καί
2419 4339 2684 4412 πρότερον
2717 4342 2745 4393 ὁ
2775 4340 2931 4412 λόγος
2956 4339 3241 4412 ἐδήλωσεν.

1939 4409 2046 4479 (58)
2076 4412 2153 4483 _'0
2175 4410 2244 4463 ἐκ
2275 4411 2434 4483 θείου
2467 4409 3447 4483 ’τοῦΚυρίου.Μαι-οϐἰπῐειορίιοτο

181 4482 481 4560 praesidum
527 4479 766 4560 nomine
791 4496 968 4560 annos
1016 4479 1763 4560 designarent"constatcx
1795 4481 1841 4538 D
1867 4494 2038 4535 sonus
2072 4481 2187 4535 haec
2218 4481 2399 4560 _verba
2447 4480 2676 4560 accepit,
2720 4482 2878 4560 quasi
2903 4479 3064 4560 Delon
3104 4479 3438 4560 adjectivnm

177 4549 411 4621 Josephi
441 4551 883 4621 Antiquitatibus.
937 4549 1041 4604 Sed
1071 4549 1230 4605 et'in
1266 4551 1493 4619 reliquis
1534 4552 1759 4619 provin-

181 4623 311 4688 ciis,
345 4630 620 4690 rectorum
652 4622 877 4674 nomine
910 4629 1156 4690 tempora
1204 4621 1480 4690 designari
1524 4636 1761 4676 consue-

180 4699 400 4746 verant.
439 4689 611 4744 Porro
641 4707 706 4744 ex
753 4691 943 4759 legatis
971 4689 1205 4745 Caesaris
1247 4689 1345 4744 alii
1371 4699 1529 4744 erant
1555 4706 1762 4745 consu-

181 4762 351 4823 lares,
389 4761 484 4814 alii
515 4761 777 4830 praetorii.
822 4761 1091 4826 Quocirca
1127 4760 1340 4830 Atticus
1380 4762 1470 4814 hic
1495 4761 1762 4824 ὑπατικός

180 4829 602 4900 appellatur,’ut
629 4846 752 4885 eum
780 4831 1143 4900 consularem
1191 4829 1363 4886 fuisse
1404 4838 1636 4886 constet.
1679 4830 1759 4885 Ex

180 4899 272 4956 his
328 4909 554 4970 apparet
590 4901 733 4955 male
778 4899 1035 4954 Ruﬁnum
1083 4902 1352 4956 vertisse:
1393 4900 1601 4970 Martyr
1629 4901 1756 4969 e/fe-

176 4981 298 5026 ctus
329 4982 428 5037 est,
455 4988 575 5024 cum
607 4979 738 5025 esset
768 4987 1028 5024 annorum
1050 4979 1252 5024 centum
1284 4988 1376 5038 xx,
1401 4971 1495 5024 sub
1527 4971 1761 5040 Trojano

178 5041 417 5108 Caesare,
448 5043 590 5110 apud
614 5041 851 5111 Atticum
873 5042 1225 5096 consularem.
1249 5040 1438 5096 Grzcca
1469 5040 1758 5111 Hegesippi

178 5113 266 5167 sic
301 5109 498 5166 habent
534 5128 548 5165 :
593 5111 761 5165 Ἐτῶν
791 5109 868 5165 ὣν
906 5112 1100 5166 ἑκατὸν
1133 5111 1306 5182 εἴκοσι
1349 5111 1442 5164 ἐπὶ
1487 5109 1758 5182 Τραϊανοῦ

179 5182 486 5252 Καίσαρος,
512 5182 608 5235 καὶ
623 5182 888 5236 ὑπατικοῦ
921 5182 1184 5236 Ἀττικοῦ.
1215 5181 1319 5238 Sed
1345 5183 1523 5252 primo
1537 5181 1759 5252 quidem

177 5253 504 5322 praepositio
533 5253 623 5307 illa
655 5253 769 5316 ἐπί,
807 5267 915 5306 non
947 5253 1219 5322 signiﬁcat
1251 5253 1392 5322 apud
1417 5267 1434 5305 :
1479 5268 1668 5306 verum
1704 5252 1758 5306 id

179 5332 397 5394 tantum
426 5323 696 5394 designat,
743 5322 1065 5394 §ymeonem
1096 5323 1380 5394 martyrio,
1409 5322 1756 5394 perfunctum

174 5391 357 5448 fuisse
398 5386 709 5464 principatu
745 5386 995 5464 Traiani,
1044 5386 1758 5464 Atticof'Syriaml-admini-

175 5462 424 5530 strante;
478 5462 676 5520 deinde
706 5481 814 5519 vox
855 5463 946 5518 illa
976 5463 1265 5529 ὑπατικοῦ,
1301 5462 1406 5516 non
1439 5462 1760 5532 simpliciter
1796 5465 1847 5524 2'.-

1809 5538 1814 5544 ’
1858 5530 2200 5607 ρτὰξιίἱοοτοι,
2231 5545 2290 5590 ut
2319 5530 2691 5607 supradiiit;
2723 5542 2778 5588 et
2812 5530 3148 5607 inylibron,
3182 5545 3304 5607 cap.
3338 5530 3434 5607 ἓξ,

173 5535 527 5590 consularem
559 5535 802 5601 denotat,
851 5535 946 5590 sed
983 5535 1222 5601 legatum
1269 5535 1654 5600 consularem,
1697 5543 1759 5588 ut

173 5603 318 5675 dixi.
366 5603 537 5659 Erant
573 5605 794 5675 quidem
840 5612 998 5660 aetate
1049 5603 1614 5675 Buliniucgnsulares,
1661 5604 1756 5673 qui

172 5672 526 5746 Palaestinam
553 5671 834 5746 regebant,
851 5687 918 5729 ut
946 5689 1012 5746 ex
1055 5672 1264 5746 imperii
1289 5671 1514 5726 Romani
1552 5671 1756 5728 Notitia
1789 5703 1812 5743 _.-

174 5745 535 5802 no'tissitnum
584 5743 686 5804 erit.
730 5743 933 5802 Verum
977 5745 1066 5802 hic
1097 5745 1448 5815 magistratus
1494 5745 1590 5805 diu
1632 5752 1758 5816 post

1864 4559 2032 4616 esset,
2066 4561 2118 4606 et
2149 4551 2537 4622 subaudiretur
2562 4550 2770 4618 γένους.
2814 4550 2920 4605 Sed
2954 4549 3187 4622 Langus'
3207 4555 3301 4622 qui
3342 4552 3440 4607 Ni-

1865 4622 2162 4689 cephorum
2186 4619 2377 4674 Latine
2401 4620 2788 4691 interpretatus
2819 4628 2922 4688 est,
2954 4619 3161 4691 optime
3186 4619 3438 4691 patruum

1863 4692 2048 4745 vertit.
2089 4691 2290 4760 Clopas
2324 4691 2469 4761 enim
2512 4707 2702 4761 revera
2729 4689 2903 4761 frater
2934 4689 3052 4746 erat
3075 4689 3330 4761 Josephi,
3375 4709 3442 4748 ac

1861 4761 2092 4885 proinde
2135 4759 2362 4830 patruus
2407 4759 2632 4842 Christi.
2669 4760 2851 4842 Quare
2881 4759 3122 4844 $ymeqn
3151 4759 3332 4844 Clopa:
3371 4765 3439 4816 li-

1887 4847 1971 4885 tus
2017 4841 2283 4885 coenatus
2315 4839 2432 4885 erat
2466 4829 2681 4884 Domini
2703 4871 2718 4885 .
2752 4840 2813 4885 ut
2841 4831 3040 4885 dieitur
3068 4848 3124 4885 In
3161 4845 3336 4885 camte
3371 4833 3432 4885 ll

1887 4832 1971 4885 ius
2017 4829 2283 4902 cognatus
2315 4839 2432 4902 erat
2466 4829 2681 4902 Domini
2703 4871 2718 4897 ,
2752 4840 2813 4885 ut
2841 4829 3124 4902 dicituriin
3161 4829 3336 4902 capite
3371 4833 3432 4887 ll

1864 4916 2060 4970 supra;
2092 4900 2198 4956 ‘ubi
2235 4901 2377 4956 male
2422 4900 2793 4956 consobrinum
2836 4903 2999 4956 vertit
3038 4900 3352 4971 Musculus,
3381 4913 3438 4959 et

1861 4971 2416 5042 ChriSIOpborsonus.

1933 5042 2046 5113 (59)
2076 5039 2557 5113 Συκοφᾳντηθεὶς
2586 5040 2705 5113 ὑπὸ
2737 5039 2857 5113 τῶν·
2897 5040 3222 5113 αἱρέσεων.Δ
3240 5040 3439 5113 rCerinf

1861 5111 2084 5168 thianOS
2159 5120 2213 5167 et
2270 5111 2567 5167 Nicolaitas
2622 5111 2876 5182 intelligit
2931 5119 3122 5166 auctor
3183 5111 3435 5182 Chronici

1860 5182 2234 5263 Alegcandrini,
2265 5183 2495 5263 cuiunon
2526 5180 2831 5263 assentior._
2851 5181 3284 5263 lntelligitfnim
3324 5180 3434 5263 lle-

1861 5253 2121 5323 gesippus
2150 5263 2330 5323 sectas
2359 5253 2483 5308 illas
2513 5267 2636 5323 qua:
2658 5261 2790 5308 tunc
2819 5251 3083 5323 temporis
3110 5251 3436 5323 llierosoly-

1859 5321 2692 5396 misy—vigebant,Pharisaeorum
2720 5321 2952 5390 scilicet,
2980 5321 3434 5396 Sqdducmorum,

1859 5403 1915 5449 ct
1945 5391 2101 5460 alias,
2129 5395 2196 5450 de
2224 5393 2424 5464 quibus
2446 5392 2598 5464 inira
2624 5393 2721 5464 lib.
2760 5409 2835 5458 iv,
2874 5391 3122 5464 cap.‘2_2_.

1930 5464 2043 5538 (69)
2069 5457 2201 5520 Ἐπὶ
2218 5457 2299 5530 τῷ
2313 5462 2475 5530 αὐτῷ
2500 5464 2679 5538 λόγῳ.
2699 5462 2756 5519 ld
2776 5457 2860 5538 est
2877 5457 3024 5538 quod
3049 5457 3252 5516 Christi
3271 5457 3433 5538 ﬁdem

1858 5599 1927 5691 ex
1959 5599 2282 5691 Hegesip'po‘
2303 5623 2336 5691 ε⁹
2362 5599 2517 5691 garb
2539 5599 2987 5691 rbqigprypﬁ‘ca}
3019 5599 3298 5691 ﬁdissimi;
3341 5599 3435 5655 τὸν

1850 5671 2068 5734 Δίκαιον
2090 5671 2173 5741 ὡς
2194 5671 2292 5730 καὶ
2315 5678 2343 5730 6
2374 5674 2577 5748 Κύριος
2606 5671 2702 5729 ὲπί
2722 5671 2990 5746 ’τῷἀὑτῷ
3019 5671 3181 5742 λόγῳ.
