3922 6258
1754 518 1757 519 ,
2474 518 3640 532 n,,n__________________

1152 695 2711 853 PROLEGOMENA

323 1112 963 1211 VETERUM
1031 1117 1814 1216 T-ESTIMONIA
1894 1123 2057 1217 DE
2152 1125 2240 1219 S-
2319 1125 2811 1223 IGNATII
2895 1129 3544 1229 EPISTOLIS

729 1473 1051 1547 (Galland.,
1089 1478 1343 1533 Veterum
1364 1483 1596 1549 patrum
1623 1480 1916 1553 Biblioth.,
1950 1486 1990 1538 t.
2023 1484 2069 1553 Ι,
2114 1484 2377 1541 Venetiis
2410 1488 2567 1554 i765,
2596 1486 2658 1544 in
2690 1487 2792 1545 fol.
2825 1505 2957 1564 pag.
2989 1492 3139 1564 245.)

1914 1617 1960 1675 Ι.

418 1786 453 1816 ,
772 1839 796 1868 .
1225 1757 1588 1813 Poucnrus
1616 1759 1791 1829 Epist.
1824 1758 1900 1816 ad
1929 1760 2368 1834 Philippenses,
2400 1779 2521 1835 cap.
2548 1764 2635 1821 13.

533 1896 739 1952 Vsasro
778 1898 1000 1953 RUFINI.
1392 1902 1486 1957 Ea:
1513 1902 1734 1959 Eussan
1758 1904 2085 2031 Histhgccl.
2111 1906 2206 1963 lib.
2231 1922 2311 1978 ιιι,
2342 1921 2467 1978 cap.
2797 1909 2993 1966 Vsasxo
3033 1909 3100 1965 H.
3145 1910 3388 1969 VALESII.

299 2073 524 2131 Mittam
553 2075 717 2132 vobis
749 2082 807 2133 et
835 2077 1045 2150 Ignatii
1086 2076 1307 2149 episto-
1461 2078 1571 2141 Τὰς
1603 2078 1848 2138 ἐπιστολὲ

2083 2081 2191 2139 πεου
2212 2083 2308 2146 τὰς
2328 2104 2469 2156 πεμ-
2629 2086 2926 2158 Epistolas
2944 2104 3152 2144 omnes
3164 2089 3376 2161 Ignatii
3397 2106 3544 2161 quas
3559 2091 3632 2148 ad

208 2164 337 2232 las,
371 2170 428 2219 et
458 2164 606 2221 alias
637 2165 685 2220 si
713 2184 844 2237 quas
877 2170 1036 2235 sunt,
1068 2183 1197 2238 qum
1229 2166 1305 2222 ad
1389 2169 1611 2246 φθείσας
1641 2172 1757 2245 ἠμῖς

2081 2177 2118 2243 3,
2150 2175 2241 2229 καὶ
2291 2172 2468 2236 ἄλλας
2560 2177 3630 2251 mescripsit,etquascunquedemurn

209 2269 336 2311 nos
369 2255 733 2310 transmissae
764 2262 939 2324 sunt;
975 2273 1045 2312 ex
1091 2256 1306 2327 quibus
1389 2256 1518 2321 ὅσας
1550 2256 1758 2334 εἷ’χομεπ

2090 2284 2120 2330 ν,
2152 2260 2468 2336 ἐπέμψαμεν
2556 2269 2717 2340 apud
2736 2284 2844 2323 nos
2859 2270 3120 2340 reperire
3134 2271 3639 2341 potuimus,quem-

207 2342 1307 2417 utilitatemmaximamcapiatiszcon-
1388 2349 1541 2421 ὑμῖν,
1600 2349 1747 2405 καῦὼ

2092 2363 2185 2415 ιθε·
2219 2349 2275 2406 αἵ
2330 2373 2474 2417 τινες
2558 2357 2884 2415 admodum
2908 2357 3080 2414 nobis
3098 2359 3524 2428 mandastis,ad
3543 2376 3641 2415 vos

208 2433 428 2489 tinent
448 2434 606 2489 enim
634 2433 705 2489 de
755 2433 871 2489 ﬁde
916 2439 973 2489 et
1019 2433 1308 2505 patientia
1392 2441 1757 2517 ὑποτεταγμὲν

2087 2445 2139 2515 τῇ
2201 2442 2468 2516 ἐπιστολῇ
2562 2444 2834 2500 misimus
2862 2463 2875 2511 ;
2908 2461 3057 2515 quas
3089 2444 3330 2517 quidem
3356 2445 3494 2500 huic
3511 2447 3636 2517 epi-

210 2522 687 2578 instructiouem
721 2522 1063 2595 perfectam,
1099 2539 1306 2578 secun-
1386 2528 1573 2604 ταύτῃ·
1611 2530 1697 2601 Ἐξ
1755 2556 1759 2578 ‹

2113 2529 2469 2608 ὠφεληθῆναι
2561 2533 2729 2588 stolas
2752 2532 2878 2605 subj
2891 2533 3137 2589 ecimus.
3161 2536 3243 2588 Ex
3265 2534 3338 2589 iis
3360 2549 3635 2606 magnam

206 2611 367 2667 dum
400 2611 634 2666 Domini
662 2616 1049 2684 praeceptum.
1389 2615 1699 2689 δυνήσεσθε·

2136 2620 2241 2694 γὰρ
2285 2619 2467 2675 πίστιν
2555 2623 2871 2678 utilitatem
2899 2622 3204 2695 percipere
3229 2621 3391 2678 vobis
3412 2623 3637 2691 licebit;

1386 2711 1477 2764 καὶ
1523 2709 1837 2783 ὑπομονὴν,
1894 2708 1987 2762 καὶ
2033 2712 2208 2763 πᾶσαν
2246 2706 2472 2765 οἰκοδο·
2556 2710 2869 2767 continent
2889 2725 2935 2766 e1

2088 2712 2208 2763 Ξσαν
2246 2706 2472 2765 οἶκοδο-
2556 2710 2869 2767 continent
2889 2711 3050 2766 enim
3070 2711 3637 2784 fidem,patientiam

1392 2799 1525 2871 μὴν,
1554 2798 1655 2867 τὴν
1687 2795 1764 2861 εἷς
1791 2797 1884 2852 τὸν
1918 2795 2110 2874 Κύριον
2139 2799 2300 2871 ἡμῶν
2333 2797 2469 2868 ἄνή-
2556 2805 2617 2856 et
2686 2804 2902 2856 cmtera

2092 2799 2300 2871 νὴμῶν
2333 2797 2469 2868 ἄνή-
2556 2805 2617 2856 et
2686 2804 2902 2856 caetera
2984 2817 3115 2871 quae
3173 2799 3246 2857 ad
3304 2802 3641 2873 augendum

1390 2907 1611 2945 κοοσαν.
2558 2888 2798 2943 Domini
2818 2895 2939 2943 nost

2558 2888 2798 2943 Domini
2818 2888 3007 2943 nostri
3039 2889 3267 2944 cultum
3316 2889 3639 2959 pertinent.

1896 2985 1967 3040 ΙΙ.

1288 3092 1544 3147 Ιιιιςιυευε
1574 3090 1672 3145 lib.
1705 3107 1737 3145 ν
1767 3091 1983 3147 Contra
2012 3090 2293 3163 haereses,
2325 3107 2450 3161 cap.
2485 3092 2574 3145 28.

500 3210 675 3265 Varus
712 3225 1027 3265 mrsarnss.
1390 3210 1477 3263 Ea:
1506 3204 1729 3263 Eusnau
1760 3207 2049 3335 Histégcc.

1847 3208 2085 3335 stégccl.
2115 3207 2213 3265 lib.
2238 3225 2321 3278 ιιι,
2345 3224 2472 3279 cap.
2797 3208 2997 3264 Vsasxo
3045 3208 3113 3264 Η.
3159 3209 3396 3265 νλιεειι.

295 3385 815 3453 Quemadmodum
838 3386 1082 3458 quidam
1100 3386 1173 3442 de
1189 3403 1266 3442 no
1285 3417 1305 3429 ο
1467 3385 1556 3446 Ὠς
1597 3383 1719 3440 εἷπέ
1766 3403 1844 3446 τις

2089 3382 2351 3457 ῇμετέρων
2385 3381 2475 3439 διὰ
2632 3385 3146 3451 Quemadmodum
3189 3386 3408 3442 dixisse
3450 3387 3638 3445 fertur

217 3478 372 3534 stris
404 3477 574 3544 dixit,
600 3482 844 3548 propter
863 3477 1214 3548 martyrium
1246 3477 1307 3532 in
1392 3475 1491 3543 τήν
1523 3473 1660 3550 πρὸς
1711 3479 1766 3528 Θε

2088 3473 2190 3528 >ίαν
2224 3493 2477 3548 κατακρι-
2560 3474 2804 3544 quidam
2824 3491 2854 3530 e
2871 3476 3113 3544 nostris,
3128 3475 3200 3530 ob
3220 3476 3437 3531 Christi
3457 3476 3637 3533 ﬁdem

215 3569 420 3623 Deum
479 3564 853 3637 adjudicatus
910 3564 983 3619 ad
1043 3563 1305 3619 bestias:
1394 3562 1502 3626 θεὶς
1561 3563 1699 3637 πρὸς
1749 3563 1764 3616 ε

2091 3585 2103 3616 ι
2162 3563 2311 3626 σῖτός
2358 3562 2471 3635 εἶμι
2559 3563 2874 3618 damnatus
2905 3565 2978 3619 ad
3001 3564 3640 3623 bestias:Frumentum

217 3659 503 3724 Quoniam
532 3658 871 3725 frumentum
917 3670 1033 3710 sum
1084 3655 1304 3721 Christi,
1392 3656 1548 3721 Θεοῦ,
1573 3652 1663 3708 καὶ
1697 3649 1765 3707 δι’

2087 3651 2294 3726 θηρίων
2324 3652 2469 3723 ἀλή-
2557 3668 2654 3721 ego
2683 3668 2803 3707 sum
2832 3654 2952 3721 Dei,
2998 3659 3049 3707 et
3100 3656 3350 3721 ferarum
3382 3655 3635 3711 dentibus

216 3755 277 3804 et
302 3763 415 3818 per
443 3746 628 3802 dentes
658 3746 952 3800 bestiarum
992 3744 1189 3812 motor,
1244 3751 1309 3799 ut
1392 3743 1578 3815 θομαι,
1645 3739 1741 3796 τίνα

2138 3740 2299 3816 ἄρτος
2381 3741 2473 3798 εὑ·
2554 3742 2732 3797 motor
2761 3746 2925 3812 atque
2956 3744 3322 3812 comminuor,
3355 3750 3417 3799 ut
3459 3748 3627 3815 panis

224 3837 474 3894 mundus
496 3837 664 3907 panis
692 3836 791 3891 Dei
820 3837 1093 3892 inveniar.
1397 3833 1553 3906 ρεθῶ.
2551 3831 2787 3888 mundus
2819 3834 3051 3902 efﬁciar.
3080 3833 3264 3904 Epist.
3311 3833 3386 3888 ad
3434 3836 3629 3905 Rom.,

2551 3938 2680 3993 cap.
2705 3923 2757 3975 4.

1881 4029 1973 4084 IlI.

209 4147 574 4201 Tuaornmus
602 4144 1011 4208 Aerocusnus,
1043 4145 1103 4195 ut
1129 4142 1330 4209 fertur,
1362 4139 1692 4195 Comment.
1744 4137 1808 4192 in
1855 4153 2005 4210 sacr.
2056 4142 2218 4208 quat.
2270 4136 2542 4210 Evangel.
2593 4139 2678 4194 Ea:
2725 4139 2859 4195 edit.
2898 4140 3158 4197 Biblioth.
3190 4141 3419 4197 Patrum
3448 4143 3631 4198 Paris.

1220 4282 1234 4293 '
1511 4211 1671 4279 1644,
1704 4214 1834 4263 tom.
1872 4209 1917 4276 Ι,
1944 4224 2080 4279 pag.
2124 4211 2250 4277 450,
2282 4212 2346 4265 Α.

284 4324 429 4382 Cum
456 4327 589 4377 esset
618 4320 943 4390 desponsata
969 4324 1145 4374 mater
1172 4319 1290 4389 ejus
1320 4318 1519 4373 Maria.
1552 4317 1741 4381 Quare
1798 4331 1922 4370 non
1981 4330 2054 4370 ex
2112 4313 2367 4387 simplici
2399 4315 2644 4388 virgine,
2678 4316 2782 4373 sed
2813 4334 2884 4371 ex
2908 4317 3270 4390 desponsata
3299 4320 3640 4392 concipitur

216 4414 495 4470 Christus
516 4410 544 4465 ?
572 4409 792 4477 Primo,
823 4413 890 4463 ut
916 4424 1022 4480 per
1050 4406 1496 4480 generationem
1526 4403 1743 4475 Joseph
1791 4403 1953 4475 origo
2008 4404 2201 4459 Mariae
2255 4406 2690 4460 monstraretur
2718 4421 2732 4471 ;
2789 4407 3075 4476 secundo,
3107 4424 3183 4462 ne
3213 4407 3580 4480 lapidaretur
3605 4429 3639 4468 ει

206 4503 439 4560 Judaeis
471 4506 538 4556 ut
565 4499 872 4565 adultera;
902 4498 1097 4566 tertio,
1131 4501 1195 4552 ut
1225 4497 1287 4552 in
1319 4497 1628 4568 Egyptum
1658 4493 1889 4566 fugiens
1918 4494 2167 4548 haberet
2196 4495 2470 4549 solatium
2497 4495 2604 4548 viri
2630 4513 2644 4562 ;
2672 4502 2902 4566 quarto,
2925 4503 2992 4553 ut
3016 4503 3220 4570 partus
3242 4500 3370 4571 ejus
3401 4499 3636 4557 falleret

213 4588 552 4656 diabolum,
584 4593 891 4660 putantem
920 4588 1119 4642 Jesum
1151 4585 1223 4642 de
1251 4588 1519 4652 uxorata,
1553 4600 1675 4639 non
1705 4583 1778 4639 de
1811 4583 2042 4656 Virgine
2074 4587 2302 4639 natum.
2335 4585 2509 4655 Epist.
2542 4584 2617 4639 ad
2643 4585 2841 4656 Ephes.
2884 4603 3006 4658 cap.
3040 4591 3123 4643 19.
3160 4589 3287 4645 Vide
3314 4591 3471 4659 infra
3496 4592 3632 4645 Hie.

217 4679 451 4749 ronymi
482 4680 867 4734 testimonium.

1883 4763 1973 4820 IV.

476 4857 770 4924 ORIGENES,
803 4856 1031 4929 Prolog.
1064 4854 1127 4910 in
1157 4855 1380 4910 Cantic.
1413 4853 1695 4911 canticor.
1728 4855 1813 4909 Ea:
1831 4853 2032 4909 noviss.
2066 4855 2172 4909 ΒΒ.
2205 4855 2386 4923 Paris,
2418 4855 2545 4910 edit.
2587 4858 2748 4925 1740,
2780 4860 2909 4911 tom.
2943 4856 3038 4923 ΙΙΙ,
3067 4873 3200 4927 pag.
3233 4858 3320 4928 30,
3356 4858 3422 4914 D.

288 4956 531 5011 Memini
588 4954 850 5026 aliquem
912 4960 1252 5011 sanctorum
1302 4952 1542 5020 dixisse,
1592 4952 1886 5025 Ignatium
1915 4953 2161 5008 nomine
2204 4952 2277 5009 de
2326 4952 2600 5009 Christo:
2632 4956 2780 5010 Meus
2813 4960 2993 5009 autem
3024 4970 3180 5010 amor
3207 4958 3509 5027 crucifixus
3539 4968 3636 5027 est,

219 5061 333 5100 nec
366 5044 723 5117 reprehendi
755 5060 888 5101 eum
921 5061 1027 5117 pro
1058 5045 1171 5100 hoc
1202 5044 1447 5116 dignum
1469 5043 1697 5116 judico.
1727 5044 1905 5114 Epist.
1938 5043 2012 5098 ad
2042 5045 2221 5111 Rom.,
2245 5060 2367 5114 cap.
2394 5046 2446 5100 7.

560 5214 565 5220 ,
652 5153 809 5217 lusu,
843 5151 1035 5208 homil.
1069 5169 1123 5207 γι
1154 5152 1218 5207 in
1248 5151 1485 5218 Lucam,
1517 5150 1677 5217 ibid,
1700 5167 1837 5221 pag.
1870 5151 1997 5220 938,
2023 5151 2092 5207 A.
2126 5152 2314 5209 Graeca
2345 5168 2414 5207 ea:
2441 5152 2655 5208 schedis
2685 5151 2880 5207 Garum
2906 5152 3207 5226 descripta.

295 5267 499 5330 Καλῶς
529 5265 581 5323 ἐν
614 5272 712 5342 μιᾷ
750 5273 862 5324 τῶν
915 5266 1186 5343 μάρτυρός
1242 5288 1390 5330 τινος
1441 5264 1747 5322 ἐπιστολῶν
1779 5265 1841 5340 γὲ

2089 5270 2376 5343 Eleganter
2398 5271 2461 5325 in
2482 5256 2604 5326 una
2623 5270 3008 5342 epistolarum
3030 5273 3340 5345 cujusdam
3362 5275 3638 5347 martyris

221 5376 457 5430 γραπται
490 5358 609 5432 [τὸν
637 5356 907 5432 Ἰγνάτιον
959 5356 1129 5433 λέγω,
1182 5358 1273 5412 τὸν
1329 5357 1463 5432 μετὰ
1490 5356 1582 5412 τὸν
1616 5355 1770 5430 μάκάι

2091 5360 2303 5415 latium
2326 5358 2481 5428 dico,
2505 5359 2835 5415 sxcundum
2858 5367 2993 5432 post
3009 5360 3249 5418 beatum
3271 5364 3513 5418 Petrum
3529 5366 3640 5419 An-

222 5445 429 5520 Πὲτρον
465 5453 568 5517 τῆς
599 5446 941 5522 Ἀντιοχείας
968 5443 1217 5521 δεύτερον
1249 5443 1569 5510 ἐπίσκοπον,
1598 5444 1690 5501 τὸν
1717 5446 1769 5500 ὲν

2091 5447 2225 5503 :hiaa
2257 5449 2626 5519 episcopum,
2647 5449 2749 5519 qui
2773 5449 2836 5504 in
2864 5452 3278 5522 persecutione
3301 5453 3498 5509 Romae
3527 5468 3640 5524 pu-

225 5528 457 5612 διωγμῖρ
507 5536 567 5591 ἐν
607 5537 797 5613 Ῥώμῃ
827 5535 1044 5609 Θηρίοις
1097 5536 1543 5611 μαχηοάμενον]ο
1578 5535 1675 5590 Καὶ
1722 5533 1774 5591 ἔ)

2094 5539 2191 5594 ινὶι
2220 5536 2295 5593 ad
2324 5536 2600 5608 bestias):
2636 5538 2922 5610 scriptum
2954 5546 3079 5596 est:
3115 5540 3425 5614 Principem
3456 5542 3643 5601 saeculi

224 5622 317 5677 τὸν
368 5622 615 5706 ἄρχοντα
670 5629 766 5681 τοῦ
807 5624 1028 5687 ἀἰῶνος
1101 5622 1297 5680 τούτου
1353 5627 1389 5695 ἡ
1446 5623 1702 5702 παρθινία
1759 5626 1773 5682 Ι

2092 5630 2158 5683 'us
2218 5625 2383 5681 latuit
2440 5628 2630 5683 Mariae
2680 5627 2999 5698 virginitas.
3046 5629 3229 5703 Epist.
3279 5630 3354 5687 ad
3403 5632 3641 5704 Ephes.,

228 5729 373 5786 ριας,

1992 5734 2120 5790 cap.
2158 5717 2243 5772 19.

552 5836 816 5900 Panos.
865 5835 976 5896 Gn.
1028 5833 1101 5897 ν.

3285 5842 3313 5898 1
