3974 6134
332 275 405 340 11

632 496 836 551 Vsasro
875 493 1094 549 RUFINI.

398 675 511 732 Sed
541 680 601 731 et
643 674 706 729 in
749 677 956 728 nostra
985 686 1219 743 quoque
1251 675 1401 726 tem-

334 782 479 839 pora
526 766 699 820 fama
746 761 1086 818 celebritate
1138 759 1403 831 vulgatus

322 856 608 929 Ignatius,
643 852 801 925 apud
849 849 1224 906 Antiochiam
1272 853 1405 920 post

327 950 568 1000 Petrum
601 941 865 999 secunda
884 940 1262 996 successione
1288 937 1405 1009 epi-

331 1039 639 1106 scopatum
671 1031 914 1087 sortitus
938 1035 1045 1084 est.
1070 1030 1251 1094 Quem
1277 1044 1405 1083 ser-

327 1140 427 1179 mo
456 1121 722 1191 tradidit,
774 1121 846 1176 de
900 1119 1081 1192 Syrias
1138 1117 1405 1189 partibus

334 1212 407 1268 ad
437 1211 647 1267 urbem
678 1212 926 1266 Romam
956 1207 1401 1274 transmissum,

334 1306 394 1358 et
412 1318 518 1374 pro
540 1299 823 1372 martyrio
847 1298 1063 1354 Christi
1089 1296 1162 1352 ad
1186 1295 1404 1350 bestias

331 1391 561 1447 datum.
591 1389 821 1460 Quique
871 1404 1007 1443 cum
1053 1404 1160 1458 per
1205 1385 1406 1440 Asiam

329 1479 440 1536 sub
474 1477 744 1535 custodia
789 1477 1108 1550 navigaret,
1144 1473 1407 1547 singulas

332 1584 597 1642 quasque
630 1566 972 1639 digrediens
1001 1564 1406 1631 civitates,Ec-

281 1676 284 1680 λ
330 1658 526 1713 clesiaa
551 1656 802 1729 populos
824 1653 1176 1728 evangelicis
1203 1653 1408 1729 cohor-

330 1745 656 1803 tationibus
689 1744 973 1801 edocebat
1018 1742 1080 1798 in
1130 1741 1244 1797 ﬁde
1274 1758 1405 1813 per-

334 1838 566 1906 sistere,
590 1840 650 1890 et
668 1835 979 1890 observare
1001 1849 1063 1888 se
1084 1832 1157 1887 ab
1178 1830 1409 1887 haereti-

334 1944 541 1985 corum
562 1924 974 1997 contagiis,qui
994 1928 1133 1977 tunc
1150 1921 1408 1993 primum

335 2016 635 2089 copiosius
664 2018 969 2085 cmperant
1004 2010 1318 2083 pullulare,
1352 2014 1412 2063 et

335 2112 402 2161 ut
429 2105 774 2178 diligentius
795 2120 864 2159 ac
884 2101 1151 2158 tenacius
1181 2103 1409 2171 aposto-

339 2195 534 2250 lorum
563 2192 980 2249 traditionibus
1012 2190 1405 2255 inha’rerent;

343 2299 490 2355 quas
505 2282 873 2351 traditiones,
883 2278 1124 2335 cautelae
1138 2278 1412 2350 gratia,et

336 2388 410 2427 ne
429 2370 573 2441 quid
596 2370 750 2441 apud
782 2376 1049 2440 posteros
1076 2370 1411 2421 remaneret

335 2461 568 2526 incerti,
600 2460 778 2515 etiam
808 2459 1056 2529 scriptas
1104 2473 1166 2511 se
1198 2455 1412 2510 asserit

334 2548 943 2620 reliquisse.Denique
958 2547 1409 2616 cumSmyrnam

339 2640 597 2695 venisset
608 2639 708 2693 ubi
723 2638 1079 2709 Polycarpus
1093 2641 1238 2696 erat.
1260 2635 1375 2689 scri
1391 2665 1407 2674 -

334 2729 423 2784 bit
444 2729 583 2785 inde
600 2744 783 2783 unam
797 2726 1108 2799 epistolam
1126 2724 1201 2781 ad
1224 2724 1409 2796 Ephe-

335 2819 454 2873 sios
489 2833 812 2887 eorumque
844 2821 1164 2886 pastorem,
1197 2814 1259 2867 in
1292 2828 1410 2882 qua

336 2907 613 2962 meminit
648 2912 711 2973 et
766 2905 1067 2960 Onesimi:
1126 2908 1185 2958 et
1230 2902 1407 2958 aliam

342 2995 651 3068 Magnesia:
684 2994 903 3050 civitati
927 3010 1058 3064 quae
1082 3008 1261 3064 supra
1284 2993 1410 3046 Mae-

339 3085 591 3140 andrum
608 3085 788 3157 jacet,
822 3083 883 3138 in
912 3099 1029 3155 qua
1059 3088 1118 3137 et
1147 3081 1407 3154 episcopi

340 3177 607 3232 Dammei
639 3174 1006 3231 mentionem
1026 3174 1186 3228 facit.
1211 3172 1323 3228 Sed
1350 3176 1408 3227 et

340 3265 605 3321 ecclesiae
628 3282 759 3336 quas
774 3264 936 3320 estin
951 3264 1161 3319 Trallis
1178 3262 1405 3329 scribit,

336 3358 505 3429 cujus
524 3356 856 3429 principem
882 3362 1022 3411 tunc
1062 3372 1189 3410 esse
1230 3354 1407 3424 Poly—

333 3446 500 3502 bium
523 3445 867 3519 designavit.
892 3448 958 3502 ln
984 3461 1052 3501 ea
1070 3461 1205 3500 vero
1228 3461 1407 3515 quam

337 3536 413 3592 ad
452 3538 777 3592 Romanam
815 3534 1141 3591 Ecclesiam
1181 3533 1405 3596 scribit,

339 3626 689 3698 deprecatur
734 3641 835 3681 eos
873 3641 949 3680 ne
997 3640 1081 3692 se,
1126 3630 1409 3695 tanquam

340 3716 646 3788 suppliciis
694 3715 817 3771 suis
865 3719 1196 3787 parcentes,
1230 3713 1413 3769 velint

343 3821 446 3876 spe
477 3804 690 3875 privari
722 3804 1028 3875 martyrii;
1075 3809 1134 3857 et
1159 3802 1249 3856 his
1278 3805 1412 3872 post

340 3891 648 3963 aliquanta
674 3893 862 3948 utitur
890 3891 1117 3947 verbis:
1143 3893 1192 3946 Α
1224 3889 1407 3960 Syria,

340 3981 555 4053 inquit,
588 3984 792 4037 Roman
831 3997 1002 4052 usque
1051 3997 1174 4035 cum
1229 3979 1410 4034 bestiis

338 4078 490 4127 terra
509 4074 759 4142 marique
778 4073 1056 4142 depugno,
1080 4069 1332 4125 etc.Haec
1354 4073 1412 4122 et

337 4161 527 4216 multa
555 4161 673 4217 alia
692 4161 784 4215 his
809 4160 1027 4214 similia
1049 4158 1120 4213 ad
1148 4158 1409 4213 diversas

332 4249 614 4305 ecclesias
646 4249 872 4304 scribit.
904 4248 1016 4303 Sed
1046 4254 1103 4303 et
1132 4247 1206 4302 ad
1236 4246 1406 4319 Poly-

331 4355 599 4411 carpum,
615 4340 770 4394 velut
793 4337 1183 4410 apostolicum
1214 4336 1405 4391 virum

335 4428 489 4484 datis
522 4428 757 4496 litteris,
780 4428 1208 4482 Antiochenam
1233 4427 1286 4481 ei
1309 4428 1407 4481 Ec-

329 4517 573 4573 clesiam
595 4516 890 4589 praecipue
910 4515 1405 4571 commendat.Ad

329 4606 663 4680 Smyrnaaos
725 4623 865 4662 sane
898 4605 1184 4674 scribens,
1216 4606 1405 4659 utitur

326 4694 520 4751 verbis
534 4693 888 4766 quibusdam
906 4693 1065 4749 unde
1080 4694 1399 4765 assumptis

328 4785 648 4851 nescimus,
675 4785 890 4855 quibus
943 4785 1069 4840 haec
1100 4784 1170 4839 de
1200 4784 1400 4841 Salva-

1434 263 1497 325 Β.
1544 260 1944 324 IGNATIUS.
1989 291 2066 307 —
2110 258 2724 324 PROLEGOMENA.

1991 396 2040 452 γ

1491 489 1788 556 Eussmus,
1820 487 1965 543 Hist.
1993 438 2155 613 gi;ch
2191 487 2286 544 lib.
2319 503 2407 555 III,
2446 504 2572 559 cap.

1556 673 1622 726 ’Ὀ
1652 688 1710 722 τε
1758 666 1905 741 παρᾶ
1953 662 2231 726 πλείστοις
2284 664 2445 719 εἷσὲτι
2475 667 2567 718 νῦν

1488 752 1786 827 διαϐόητος
1818 755 2106 833 Ἰγνάτιος,
2138 761 2235 823 τῆς
2288 755 2406 809 κατ’
2443 755 2569 809 Ἀνο

1484 846 1735 921 τιόχειαν
1766 846 1970 919 Πέτρου
2022 841 2291 918 διαδοχῆς
2323 841 2570 919 δεύτερος

1484 934 1584 1002 τὴν
1605 930 1908 1003 ἐπισκοπὴν
1924 929 2371 1006 κεκληρωμένος.
2394 929 2571 1006 Λόγος

1488 1019 1535 1077 δ’
1564 1016 1680 1096 ἔχει
1710 1027 1902 1077 τοῦτον
1947 1022 2051 1076 ἀπὸ
2104 1021 2301 1095 Συρίας
2350 1019 2438 1075 ἐπὶ
2468 1022 2567 1091 τὴν

1486 1110 1777 1184 Ῥωμαίων
1806 1109 1970 1165 πόλιν
1999 1110 2433 1191 ἀναπεμφθέντα,
2466 1120 2568 1181 θη-

1488 1202 1617 1276 ρίων
1650 1204 1890 1277 γενέσθαι
1938 1202 2127 1279 βορὰν,
2176 1209 2277 1271 τῆς
2329 1202 2406 1264 εἰς
2435 1202 2565 1275 Χρι-

1490 1291 1615 1347 στὸν
1648 1292 1949 1367 μαρτυρίας
1979 1289 2175 1349 ἕνεκεν.
2210 1289 2314 1348 Καὶ
2364 1288 2431 1360 δὴ
2462 1293 2562 1361 τήν

1490 1379 1559 1436 δι’
1605 1381 1793 1445 Ἀσίας
1832 1380 2173 1456 ἀνακομιδὴν
2227 1384 2341 1457 μετ’
2374 1382 2568 1456 ἐπιμε-

1490 1471 1756 1544 λεστάτης
1788 1479 2040 1552 φρουρῶν
2087 1474 2337 1553 φυλακῆς
2380 1472 2567 1529 ποιού-

1495 1581 1677 1634 μενος,
1710 1564 1805 1625 τὰς
1831 1564 1968 1619 κατά
1988 1563 2152 1619 πόλιν
2183 1564 2269 1627 αἷς
2299 1560 2566 1635 ἐπεδήμει

1490 1652 1800 1730 παροικίας,
1828 1659 1948 1718 ταῖς
1982 1652 2071 1710 διὰ
2102 1653 2284 1732 λόγων
2318 1652 2567 1728 ὁμιλίαις

1489 1764 1547 1798 τε
1588 1743 1679 1798 καὶ
1736 1748 2076 1820 προτροπαῖς
2131 1742 2484 1821 ἐπιρῥωννὺς,
2517 1741 2569 1798 ἐν

1491 1830 1732 1903 πρώτοις
1801 1829 2039 1903 μάλιστα
2097 1830 2568 1908 προφυλάττεσθαι

1492 1912 1725 1992 αἱρέσεις
1756 1916 1876 1993 όίρτι
1906 1917 2031 1973 τότε
2061 1923 2276 1993 πρῶτον
2314 1917 2570 1995 ἄναφυεί-

1494 2026 1587 2068 σας
1643 2006 1733 2061 καὶ
1818 2006 2260 2076 ἐπιπολαζοῦσας
2315 2008 2564 2083 παρῄνει·

1490 2093 1797 2171 προῦτρεπε
1853 2118 1910 2152 τε
1982 2097 2144 2173 ἀπρὶξ
2198 2091 2416 2173 ἔχεσθαι
2468 2105 2567 2166 τῆς

1490 2191 1599 2240 τῶν
1668 2184 1991 2242 ἀποστόλων
2064 2185 2439 2261 παραδόσεως,
2498 2188 2565 2256 ἣν

1496 2276 1624 2350 ὑπὲρ
1656 2274 1975 2353 ἀσφαλείας,
2008 2276 2099 2330 καὶ
2132 2276 2430 2352 ἐγγράφως,
2457 2273 2567 2348 ἤδη

1497 2364 1907 2439 μαρτυρόμενος
1967 2361 2353 2421 διατυποῦσθαι
2406 2367 2571 2442 ἀναγ-

1491 2460 1643 2509 καῖον
1669 2456 1880 2528 ἡγεῖτο.
1914 2452 2072 2512 Οὕτω
2105 2452 2241 2522 δῆτα
2266 2454 2317 2510 ἐν
2348 2455 2568 2532 Σμύρνῃ

1493 2545 1804 2621 γενόμενος,
1837 2539 1962 2608 ἔνθα
2008 2546 2036 2598 ὁ
2086 2544 2446 2619 Πολῦκαρπος
2480 2547 2570 2616 ἦν,

1497 2634 1621 2706 μίαν
1658 2633 1753 2705 μὲν
1799 2631 2098 2702 ἐπιστολὴν
2156 2639 2224 2709 τῇ
2281 2635 2420 2691 κατᾶ
2468 2636 2571 2705 τὴν

1491 2725 1720 2796 Ἔφεσον
1756 2721 2061 2794 Ἐκκλησία
2108 2724 2324 2801 γράφει,
2370 2726 2569 2797 ποιμε-

1490 2833 1580 2873 νος
1611 2813 1780 2882 αὐτῆς
1830 2814 2188 2886 μνημονεύων
2242 2814 2565 2886 Ὀνησίμου’

1489 2904 1674 2977 ἑτέραν
1704 2901 1762 2959 δὲ
1790 2909 1858 2978 τῇ
1891 2903 1944 2959 ὲν
1975 2905 2264 2979 Μαγνησίᾳ
2309 2908 2377 2977 τῇ
2429 2905 2568 2979 πρὸς

1492 2989 1805 3068 Μαιάνδρῳ,
1864 2989 1988 3058 ἔνθα
2045 2992 2212 3049 πάλιν
2266 2991 2565 3048 ἐπισκόπου

1492 3085 1646 3156 Δάμα
1679 3085 1904 3155 μνήμην
1942 3082 2261 3152 πεποίηται’
2293 3082 2383 3137 καὶ
2413 3086 2481 3156 τῇ
2513 3080 2565 3137 ἐν

1491 3171 1770 3246 Τράλλεσι
1793 3170 1849 3227 δὲ
1879 3171 2085 3242 ἄλΛην,
2116 3171 2184 3240 ἧς
2216 3169 2457 3246 ἄρχοντα
2483 3168 2568 3227 τό.

1488 3284 1545 3318 τε
1576 3259 1701 3317 ὄντα
1725 3257 1999 3317 Πολύϐιον
2020 3263 2247 3336 ἱστορεῖ.
2271 3262 2415 3336 Πρὸς
2446 3263 2571 3317 ταύ·

1488 3373 1607 3414 ταις
1665 3351 1753 3407 καὶ
1810 3354 1879 3425 τῇ
1935 3350 2226 3424 Ῥωμαίων
2266 3350 2569 3423 Ἐκκλησία

1489 3442 1706 3519 γράφει·
1824 3440 1915 3495 καὶ
1971 3438 2316 3515 παράκλησιν
2347 3441 2566 3515 προτεί-

1489 3552 1590 3600 νει,
1660 3531 1736 3593 ὡς
1795 3532 1870 3603 μή
1930 3530 2395 3604 παραιτησάμενοι
2469 3535 2567 3586 τοῦ

1497 3619 1816 3696 μαρτυρίου,
1870 3625 1971 3689 τῆς
2031 3618 2374 3692 ποθουμένης
2406 3616 2565 3674 αὺτὸν

1491 3713 1916 3785 ἀποστερήσαιεν
1973 3705 2219 3769 ἐλπίδος’
2280 3706 2329 3778 ἐξ
2363 3709 2435 3763 ὧν
2478 3725 2567 3780 καὶ

1497 3802 1815 3881 βραχύτατα
1862 3800 1937 3862 εἷς
1991 3796 2245 3869 ἐπίδειξιν
2280 3803 2388 3854 τῶν
2417 3798 2571 3874 εἰρη-

1497 3892 1670 3965 μένων
1700 3888 2030 3965 παραθὲσθαι
2070 3886 2232 3960 ἄξιονο
2267 3888 2464 3963 Γράφει
2499 3885 2565 3958 δὴ

1494 3982 1748 4035 οὖνκατὰ
1796 3978 1967 4051 λέξιν·
2039 3979 2178 4034 Ἀπὸ
2237 3977 2432 4051 Συρίας
2466 3980 2565 4050 μὲ-

1492 4089 1593 4145 χρι
1648 4069 1871 4140 Ῥώμης
1931 4071 2264 4142 θηριομαχῶ
2318 4064 2408 4120 διὰ
2462 4074 2565 4140 γῆς

1489 4161 1582 4213 καὶ
1634 4157 1933 4228 θαλάσσης,
1960 4158 2152 4219 νυκτός
2191 4156 2281 4210 καὶ
2330 4157 2563 4230 ἡμέρας,

1488 4268 1541 4305 κ.
1585 4269 1634 4307 τ.
1688 4245 1742 4304 λ.
1800 4247 1897 4301 Καὶ
1952 4250 2120 4301 ταῦτα
2181 4245 2273 4319 μὶν
2319 4245 2427 4300 ἀπὸ
2467 4251 2567 4314 τῆς

1490 4333 1833 4407 δηλωθείσης
1859 4335 2074 4397 πόλεως
2086 4340 2204 4397 ταῖς
2215 4331 2564 4413 καταλεχθεί-

1489 4448 1608 4489 σαις
1640 4425 1955 4498 ἐκκλησίαις
1998 4424 2390 4481 διετυπώσατω
2421 4425 2561 4497 Ἤδη

1488 4516 1536 4573 δ’
1566 4517 1812 4573 ἐπέκεινα
1832 4525 1931 4588 τῆς
1966 4518 2223 4590 Σμύρνης
2252 4518 2562 4603 γενόμενος,

1485 4610 1589 4664 ἀπὸ
1616 4606 1873 4684 Τρωάδος
1897 4614 2011 4671 τοῖς
2040 4620 2096 4662 τε
2120 4606 2170 4662 ἐν
2193 4604 2565 4686 ψιλαδελφείᾳ

1482 4697 1635 4763 αὖθις
1691 4697 1779 4753 διὰ
1833 4704 2045 4777 γραφῆς
2103 4696 2314 4769 ὁμιλεῖ,
2371 4697 2462 4750 καὶ
2491 4700 2559 4771 τῇ

1483 4787 1806 4861 Σμυρναίων
1860 4784 2180 4855 Ἐκκλησία,
2215 4782 2368 4848 ἰδίως
2394 4804 2452 4839 τε
2482 4789 2563 4858 τῷ

329 4879 456 4929 tore
477 4874 879 4947 proloquitur:
916 4876 1034 4944 Ego
1063 4881 1245 4930 autem
1271 4882 1396 4942 post
1478 4876 1681 4945 ταῦτης
1705 4895 1898 4951 προηγι

987 4890 1034 4936 ro
1063 4881 1245 4930 autem
1271 4882 1396 4942 post
1478 4876 1681 4945 ταῦτης
1705 4871 2556 4951 προηγουμένῳΗολυκάρπψὸν

322 4968 767 5021 resurrectionem
790 4982 1005 5036 quoque
1024 4969 1081 5020 in
1094 4982 1258 5021 carne
1273 4982 1393 5020 eum

1479 4967 1567 5020 οἷα
1600 4962 1665 5033 δὴ
1707 4961 2076 5019 ἀποστολικὸν
2118 4959 2287 5035 ἄνδρα
2317 4960 2374 5016 εὖ
2408 4960 2557 5035 μάλα

323 5057 435 5109 scio
471 5057 661 5123 fuisse,
708 5061 760 5110 et
809 5056 989 5110 credo.
1024 5057 1158 5110 Nam
1189 5062 1393 5110 etcum
1477 5057 1785 5130 γνωρίζων,
1816 5054 1892 5120 τὴ

988 5100 989 5107 η
1024 5057 1158 5110 Nam
1189 5062 1241 5110 et
1269 5071 1393 5109 cum
1477 5057 1785 5130 γνωρίζων,
1816 5054 1915 5120 τήν
1938 5053 2057 5108 κατ’
2091 5052 2432 5130 Ἀντιόχειαν
2467 5051 2557 5108 αὐ-

320 5143 554 5199 venisset
581 5145 655 5199 ad
683 5146 904 5199 Petrum
932 5152 1277 5215 caterosque.
1312 5147 1393 5199 ait

320 5234 431 5288 eis:
463 5235 739 5300 Accedite,
791 5240 843 5288 et
888 5235 1085 5301 videte,
1117 5237 1251 5304 quia
1279 5249 1389 5287 non

315 5337 433 5376 sum
461 5323 795 5379 daemonium
838 5322 1242 5394 incorporeum.
1284 5324 1390 5387 Qui

315 5417 366 5466 et
395 5414 766 5483 contingentes
815 5430 959 5479 eum,
1009 5412 1385 5468 crediderunt.

1472 5148 1552 5216 τῷ
1583 5164 1848 5214 ποιμνην,
1874 5144 1947 5204 ὡς
1971 5143 2030 5197 ἅν
2053 5144 2277 5217 γνήσιος
2298 5144 2389 5198 καὶ
2423 5143 2557 5217 ἀγα-

1472 5234 1564 5297 θὸς
1620 5235 1830 5307 ποιμὴν
1892 5234 2265 5308 παρατίθεται,
2298 5233 2397 5300 τὴν
2432 5232 2554 5304 περὶ

1472 5321 1639 5391 αὐτῆς
1671 5321 1933 5402 φροντίδα
1992 5320 2080 5377 διὰ
2113 5319 2354 5391 σπουδῆς
2407 5314 2554 5397 ἔχειν

1470 5413 1633 5467 αὐτὸν
1656 5412 1838 5485 ἀξιῶν.
1862 5412 1928 5467 Ἡ
1951 5408 2010 5466 δὲ
2029 5411 2191 5475 αὐτὸς
2217 5411 2553 5487 Σμυρναίοις

3658 268 3732 327 12

2898 489 3101 545 νειιειο
3139 488 3205 543 Η.
3251 489 3491 545 νιιεειῐ.

2692 667 2955 739 Ignatius
2967 671 3256 740 prasterea
3268 666 3592 722 multorum
3611 684 3729 723 ser-

2656 758 2934 811 monibus
2957 763 3161 813 nostra
3182 757 3359 813 etiam
3384 762 3554 813 aetate
3578 758 3733 813 cele-

2653 845 3186 914 bratus,secundus
3209 853 3340 918 post
3357 849 3598 902 Petrum
3619 849 3733 901 An-

2653 936 3349 993 tiochensemEcclesiam
3366 936 3508 992 sorti
3519 943 3610 992 tus
3624 941 3731 993 est.

2652 1027 2755 1081 Hic
2769 1025 2843 1081 ob
2857 1025 3035 1081 ﬁdem
3049 1027 3263 1083 Christi
3281 1044 3312 1082 e
3338 1027 3509 1098 Syria
3536 1026 3611 1082 ad
3636 1042 3728 1081 ur-

2650 1116 3038 1172 bemRomam
3053 1117 3395 1188 perductus,
3411 1116 3622 1172 bestiis
3635 1115 3731 1171 ob-

2643 1205 2841 1277 jectus
2871 1221 2999 1260 esse
3023 1205 3258 1262 dicitur.
3277 1208 3348 1260 Et
3367 1223 3500 1262 cum
3527 1222 3634 1278 per
3656 1208 3728 1260 A-

2652 1295 2801 1351 siam
2818 1295 2927 1351 sub
2941 1295 3391 1353 accuratissima
3405 1296 3733 1351 satellitum

2650 1384 2921 1441 custodia
2958 1384 3325 1454 ductaretur,
3360 1385 3730 1457 singularum

2653 1472 3048 1531 nihilominus
3070 1475 3364 1531 civitatum
3377 1491 3525 1547 quas
3537 1474 3728 1547 ingre-

2649 1563 2887 1621 deretur
2898 1565 3179 1621 ecclesias
3193 1564 3559 1629 sermonibus
3574 1569 3635 1620 et
3646 1580 3739 1619 co-

2649 1655 3088 1711 hortationibus
3102 1651 3225 1711 suis
3237 1656 3591 1711 conﬁrmans
3601 1669 3735 1718 ,mo-

2655 1745 2837 1802 nebat
2851 1746 2912 1800 in
2926 1744 3138 1816 primis
3152 1744 3339 1800 utsibi
3358 1744 3596 1817 apravis
3613 1744 3737 1797 hae—

2656 1835 2980 1890 reticorum
3024 1833 3407 1906 opinionibus
3436 1836 3736 1900 caverent,

2657 1942 2790 1996 quas
2807 1930 2948 1980 tunc
2966 1924 3227 1995 primum
3244 1924 3305 1978 in
3326 1923 3521 1978 lucem
3542 1939 3743 1978 emer-

2652 2030 2788 2087 gere
2804 2031 2938 2069 cum
2955 2013 3594 2084 cmpissent,cOpiosius
3607 2010 3741 2083 pul-

2653 2102 3316 2171 lulabantHortatusque
3329 2105 3419 2154 est
3431 2106 3494 2155 ut
3506 2105 3744 2171 aposto-

2652 2192 2839 2249 lorum
2858 2192 3275 2248 traditionibus
3291 2192 3571 2247 tenaciter
3584 2191 3759 2245 inhae-

2656 2290 2885 2349 rerent;
2906 2299 3053 2353 quas
3068 2282 3307 2352 quidem
3323 2280 3397 2336 ad
3419 2280 3744 2335 certiorem

2656 2373 3022 2445 posteritatis
3071 2372 3348 2426 notitiam
3401 2370 3752 2425 testimonio

2661 2479 2768 2517 suo
2792 2462 3175 2517 conﬁrmatas
3198 2460 3432 2532 scriptis
3454 2459 3752 2514 mandare

2658 2553 3061 2609 necessarium
3106 2552 3291 2607 duxit.
3338 2554 3553 2621 Itaque.
3599 2566 3749 2605 cum

2657 2643 2968 2714 Smyrnam
2982 2641 3243 2696 venisset
3261 2640 3319 2694 in
3340 2655 3456 2710 qua
3470 2644 3593 2693 tum
3612 2642 3751 2694 erat

2657 2732 3031 2804 Polycarpus,
3048 2748 3230 2786 unam
3255 2730 3494 2801 quidem
3513 2729 3749 2800 episto-

2656 2820 2775 2875 lam
2790 2818 3717 2892 scripsitadEcclesiamEphesio
3728 2847 3750 2857 -

2653 2911 2879 2975 rum,in
2902 2926 3020 2980 qua
3048 2909 3312 2965 Onesimi
3336 2909 3602 2980 ipsorum
3636 2924 3756 2979 pa-

2658 2999 2832 3054 storis
2881 2999 3243 3055 mentionem
3271 2998 3429 3053 i‘acit.
3464 2996 3746 3052 Alteram

2654 3106 2888 3160 quoque
2903 3088 3063 3144 dedit
3075 3088 3149 3143 ad
3160 3088 3480 3142 Ecclesiam
3497 3089 3749 3158 Magne-

2654 3179 2756 3234 siae
2778 3178 3029 3234 civitatis
3042 3194 3172 3249 quas
3195 3176 3639 3232 adeandi-um
3663 3176 3750 3230 si-

2655 3274 2715 3325 ta
2735 3275 2844 3335 est,
2876 3270 2937 3324 in
2962 3285 3081 3339 qua
3096 3268 3274 3323 etiam
3298 3268 3543 3323 Damam
3567 3267 3706 3337 epis
3728 3297 3747 3311 -

2654 3375 2867 3431 copum
2896 3359 3186 3415 nominat.
3219 3357 3413 3412 Aliam
3462 3357 3607 3411 item
3665 3356 3753 3413 ad

2652 3448 2977 3503 Ecclesiam
2988 3448 3515 3513 Trallianorum,cu
3516 3446 3622 3517 jus
3636 3462 3754 3501 an-

2652 3538 2898 3593 tistitem
2912 3544 3055 3593 tunc
3071 3537 3250 3593 fuisse
3270 3535 3753 3607 memoratPoly-

2652 3627 2839 3683 bium.
2863 3629 3086 3683 Praeter
3118 3627 3225 3682 has
3255 3632 3345 3681 est
3373 3630 3433 3681 et
3460 3624 3579 3680 alia
3600 3626 3660 3698 ej
3675 3642 3750 3680 us

2654 3716 2903 3789 epistola
2914 3717 2988 3772 ad
2999 3715 3323 3772 Ecclesiam
3334 3714 3750 3782 urbisBomaa,

2654 3808 2715 3862 in
2738 3823 2855 3878 qua
2874 3812 3006 3862 orat
3024 3811 3200 3877 atque
3223 3805 3493 3860 hortatur
3512 3806 3751 3861 Roma-

2652 3915 2782 3965 nos,
2807 3914 2881 3953 ne
2902 3897 3252 3969 martyrium
3275 3913 3309 3951 a
3334 3913 3394 3951 se
3418 3895 3751 3967 depellen-

2652 3994 2741 4045 tes
2771 4006 2838 4043 ac
2860 3989 3269 4060 deprecantes,
3294 4003 3395 4059 spe
3417 4003 3484 4042 ac
3504 3992 3644 4042 voto
3676 4006 3752 4045 se

2650 4077 2926 4132 fraudare
2968 4077 3168 4133 velint.
3202 4076 3313 4131 Sed
3344 4092 3539 4146 operae
3583 4093 3752 4148 pre-

2650 4166 2799 4220 tium
2814 4165 3077 4220 fueritad
3095 4164 3609 4220 confirmationem
3635 4183 3721 4222 eo
3738 4196 3758 4211 -

2651 4272 2781 4311 rum
2798 4272 2929 4327 qua;
2953 4256 3236 4323 diximus,
3258 4253 3547 4309 nonnulla
3568 4272 3643 4310 ex
3676 4258 3767 4315 iis

2651 4344 2865 4399 litteris
2879 4345 2974 4400 hic
2991 4344 3532 4400 ascribere.Scribit
3554 4344 3767 4417 igitur

2652 4434 2713 4489 in
2738 4435 2896 4489 hunc
2920 4435 3192 4489 modum:
3227 4437 3272 4490 Α
3306 4435 3471 4503 Syria
3500 4436 3763 4494 Romam

2650 4541 2822 4594 usque
2831 4541 2952 4579 cum
2968 4524 3153 4579 bestiis
3170 4525 3599 4595 depugno,terra
3614 4541 3759 4583 ma-

2648 4615 2998 4683 rique,noctu
3020 4620 3073 4667 et
3099 4613 3364 4681 interdiu,
3389 4614 3578 4668 etc.Et
3599 4613 3762 4673 haec

2650 4701 2893 4773 quidem
2925 4701 3025 4757 ille
3060 4718 3129 4757 ex
3169 4702 3307 4757 Asia
3335 4701 3407 4757 ad
3439 4701 3763 4764 ecclesias

2647 4791 2920 4861 superius
2950 4796 3308 4847 memoratas
3349 4791 3753 4862 perscripsit.

2646 4881 2857 4935 Postea
2869 4896 3003 4934 vero
3017 4881 3313 4951 aSmyrna
3324 4880 3574 4935 ulterius
3592 4898 3760 4952 pro-

2643 4983 2900 5040 gressus,
2933 4985 3067 5023 cum
3117 4969 3405 5024 Troadem
3435 4969 3751 5043 venisset,

2643 5056 2783 5111 inde
2822 5057 2894 5111 ad
2925 5058 3456 5129 Philadelphenses
3487 5058 3755 5120 litteras

2642 5146 2807 5202 dedit
2837 5153 2895 5201 et
2924 5147 2998 5202 ad
3029 5148 3468 5220 Smyrnmorum
3517 5149 3752 5207 Eccle-

2641 5234 3215 5308 siam,privatimque
3236 5236 3309 5292 ad
3325 5237 3759 5308 Polycarpurn

2640 5342 2848 5381 eorum
2915 5326 3523 5399 episcopum..Quem
3584 5345 3758 5390 cum

2638 5415 3031 5486 apostolicum
3055 5416 3246 5472 virum
3269 5432 3398 5472 esse
3421 5417 3598 5488 plane
3621 5436 3759 5478 co-

314 5500 433 5556 Scit
452 5508 649 5559 autem
672 5509 730 5559 et
750 5504 1009 5559 Irenaaus
1031 5501 1384 5572 martyrium
1466 5500 1710 5579 γράφων,
1769 5500 1870 5556 οὐκ

2188 5501 2297 5557 ὅθεν
2358 5501 2548 5575 ῥητοῖς
2635 5508 2968 5571 gnosceret,
2992 5505 3105 5575 ipsi
3129 5509 3414 5576 tanquam
3436 5505 3629 5561 bonus
3659 5526 3757 5569 ac

316 5589 465 5662 ejus,
500 5608 606 5648 nec
637 5609 758 5649 non
780 5594 1223 5648 etmentionem
1244 5590 1386 5645 facit
1468 5592 1860 5669 συγκέχρηται,

2194 5614 2267 5647 ηνα
2297 5591 2419 5667 περὶ
2449 5595 2547 5647 τοῦ
2637 5593 3763 5668 fidelispastor,gregemAntiochense

308 5683 1382 5759 scriptorumejus.SedetPolycarpus
1466 5686 1702 5759 Χριστοῦ
1748 5680 1877 5755 διεξι

2200 5679 2259 5739 δὲ
2286 5682 2374 5739 καὶ
2412 5680 2545 5758 μετὰ
2633 5684 2913 5742 Ecclesiae
2928 5684 3388 5757 commendavit,
3403 5698 3760 5759 rogans,ut
