3974 6134
240 299 299 358 13

507 429 705 483 νεειειο
738 429 961 483 Rurm.

228 519 415 575 horum
440 517 791 574 memoriam
820 516 963 572 facit
1004 516 1066 571 in
1096 516 1272 587 Epis-

224 608 327 663 tola
356 623 525 678 quam
564 607 638 662 ad
665 606 1090 679 Philippenses
1122 605 1270 662 scri-

220 698 296 753 bit
320 714 426 769 per
459 698 612 754 haec:
654 716 678 746 ι
709 698 1038 768 Deprecor,
1058 695 1275 767 inquit,

218 803 403 842 omnes
452 802 549 841 vos
606 784 972 842 obedientias
1027 798 1275 855 operam

221 876 361 945 dare,
440 881 497 930 et
544 874 830 930 meditari
918 873 1271 945 patientiam

226 981 379 1035 quam
406 964 630 1019 vidistis
660 964 724 1018 in
761 964 1077 1036 Ignatio,et
1100 962 1273 1031 Rufo,

226 1060 275 1109 et
296 1054 511 1109 Zosimo
541 1053 735 1109 beatis
767 1053 933 1117 viris,
973 1052 1276 1125 praecipue

222 1150 391 1200 autem
418 1145 478 1198 in
500 1143 686 1199 Paulo
722 1147 785 1198 et
837 1143 1068 1199 cat-teris
1097 1158 1276 1214 apos-

225 1233 364 1298 tolis,
378 1233 474 1304 qui
492 1232 738 1287 fuerunt
768 1236 907 1287 ante
930 1248 1032 1287 vos
1052 1247 1066 1297 ;
1083 1231 1274 1286 scien-

230 1329 307 1378 tes
333 1321 480 1394 quod
491 1322 551 1376 hi
563 1337 776 1377 omnes
788 1321 984 1376 nonin
1002 1336 1274 1388 vacuum,

228 1410 317 1467 sed
341 1428 441 1483 per
468 1410 645 1466 ﬁdem
677 1416 739 1466 et
745 1410 1041 1482 justitiam
1065 1404 1278 1466 icucur-

223 1506 426 1567 rerum,
452 1516 766 1573 usquequo
790 1500 1179 1572 pervenirent
1202 1498 1277 1554 ad

229 1589 402 1645 locum
430 1588 537 1644 sibi
590 1606 626 1644 a
674 1590 928 1645 Domino
974 1603 1273 1660 praspara-

228 1684 337 1735 tum
368 1697 382 1745 ;
413 1679 691 1750 quoniam
750 1677 994 1749 quidem
1048 1678 1272 1748 passio-

221 1785 350 1823 num
380 1770 501 1841 ejus
536 1769 862 1841 participes
892 1768 1270 1836 exstiterunt,

222 1875 320 1913 nec
347 1858 675 1915 dilexerunt
688 1877 722 1931 p
733 1876 955 1914 raesens
968 1858 1245 1914 saeculum
1255 1900 1269 1925 ,

220 1947 310 2002 sed
339 1964 466 2003 eum
494 1947 685 2004 solum
719 1949 822 2019 qui
852 1965 959 2019 pro
1016 1948 1161 2020 ipsis
1214 1953 1274 2002 et

221 2053 313 2107 pro
334 2036 497 2092 nobis
528 2044 801 2093 mortuus
832 2042 922 2092 est
965 2040 1024 2091 et
1074 2054 1274 2093 resur-

219 2126 370 2181 rexit.
394 2149 422 2177 »
450 2128 517 2181 Et
543 2133 679 2198 post
714 2143 902 2197 pauca
939 2126 1270 2198 subjungit:

218 2238 239 2263 η
272 2215 589 2287 Scripsistis
621 2216 770 2271 mihi
799 2220 857 2270 et
883 2232 985 2271 vos
1016 2220 1076 2270 et
1104 2216 1268 2289 lgna-

216 2305 341 2371 tius,
373 2311 437 2361 ut
464 2307 513 2361 si
544 2307 681 2378 quis
734 2305 898 2362 vadit
942 2305 1016 2362 ad
1072 2311 1271 2378 partes

221 2394 384 2465 Syriae
430 2394 659 2450 deferat
718 2395 945 2451 litteras
1000 2394 1074 2450 ad
1121 2412 1268 2464 vos;

216 2483 359 2554 quod
393 2484 631 2553 faciam,
663 2502 802 2541 cum
835 2491 1068 2557 tempus
1099 2486 1264 2541 inve-

210 2588 359 2629 nero.
402 2596 430 2625 ››
479 2577 620 2645 Lege
677 2578 955 2646 Haymon.
1018 2576 1112 2632 lib.
1191 2592 1267 2642 ιν,

206 2679 313 2734 cap.
334 2669 389 2720 6.

1468 291 1847 355 VETERUM
1891 290 2400 353 TESTIMONIA.

1359 514 1460 581 τήν
1525 512 1807 569 ἀνάστασιν
1894 514 1946 568 ἐν
2031 514 2187 590 σαρκὶ
2270 516 2434 572 αὐτον

1360 598 1500 672 οἶδα,
1548 603 1637 657 καὶ
1681 601 1918 659 πιστεύω
1974 599 2122 661 ὄντα.
2183 604 2281 661 Καὶ
2347 603 2435 659 ὅτε

1358 692 1496 766 πρὸς
1521 690 1650 754 τοὺς
1690 692 1814 767 περὶ
1869 688 2076 767 Πέτρον
2136 691 2427 765 ἐλήλυθεν,

1357 775 1458 860 ἔφη
1511 782 1716 859 αὐτοῖς·
1782 777 2011 855 Λάϐετε,
2069 783 2434 860 ψηλαφήσατέ

1362 891 1449 943 με,
1480 873 1567 927 καὶ
1603 868 1745 927 ἴδετε
1776 872 1861 929 ὅτι
1923 870 2024 928 οὔκ
2070 874 2187 948 εἶμι
2240 873 2433 948 δαιμό-

1358 981 1473 1015 νιον
1524 961 1839 1034 ἀσώματον.
1892 962 1992 1018 Καὶ
2058 964 2212 1027 εὐθὺς
2261 964 2429 1020 αὐτοῦ

1362 1049 1594 1123 ἥψαντο,
1677 1052 1768 1107 καὶ
1843 1051 2181 1110 ἐπίστευσαν.
2296 1051 2431 1112 Οἵδε

1360 1138 1418 1195 δὲ
1449 1142 1616 1197 αὐτοῦ
1645 1142 1708 1198 τὸ
1742 1143 2037 1218 μαρτύριον
2070 1144 2161 1199 καὶ
2196 1145 2224 1199 ὁ
2253 1144 2428 1222 Εἰρη-

1356 1235 1527 1300 ναῖος,
1584 1230 1674 1285 καὶ
1732 1235 1839 1286 τῶν
1900 1231 2204 1289 ἐπιστολῶν
2265 1235 2428 1290 αὑτοῦ

1363 1321 1709 1393 μνημονεύει.
1758 1322 1860 1378 Καὶ
1891 1323 1919 1378 ὁ
1950 1322 2312 1399 Πολύκαρπος
2372 1320 2429 1379 δὲ

1357 1408 1565 1464 τούτων
1591 1409 1768 1466 αὐτῶν
1821 1414 2094 1486 μέμνηται
2124 1412 2175 1469 ἐν
2204 1417 2272 1488 τῇ
2334 1435 2429 1491 φε-

1360 1500 1563 1575 ρομένῃ
1596 1501 1761 1555 αὐτοῦ
1820 1502 1957 1576 πρὸς
2013 1501 2426 1573 Φιλιππησῖους

1359 1588 1650 1663 ἐπιστολῇ,
1682 1592 1900 1667 φάσκων
1954 1592 2143 1654 αὐτοῖς
2194 1591 2423 1666 ῥήμασι·

1358 1704 1386 1732 «
1422 1682 1729 1756 Παρακαλῶ
1773 1682 1865 1737 οὖν
1895 1682 2100 1743 πάντας
2134 1682 2273 1755 ὑμᾶς
2304 1702 2425 1738 πει-

1356 1770 1578 1845 θαρχεῖν
1611 1771 1701 1826 καὶ
1741 1772 1921 1826 ἀσκεῖν
1974 1778 2144 1827 πᾶσαν
2209 1773 2424 1845 ὑπομο-

1356 1861 1761 1918 viv’r’ve’ia“
1931 1864 2173 1920 ’ὁθλ
2261 1863 2272 1881 “
2403 1862 2416 1883 ’

1412 1904 1473 1932 δ,
1520 1900 1529 1932 ι
1630 1910 1638 1915 -
1681 1883 1763 1918 ετξ.
1827 1885 1928 1919 κατ
2032 1887 2064 1939 φ
2104 1886 2136 1919 α
2184 1884 2318 1938 μους
2358 1885 2423 1919 Ου

1359 1950 1522 2024 μόνον
1539 1955 1588 2006 ἐν
1622 1958 1737 2015 τοῖς
1770 1951 2422 2030 μακαρίοιςἸγνατίῳκαὶ

1358 2041 1550 2116 Ροόφῳ
1575 2043 1663 2097 καὶ
1709 2044 1964 2117 Ζωσίμῳ,
2014 2041 2160 2100 ἀλλὰ
2216 2042 2307 2100 καὶ
2351 2047 2424 2105 ἐν’

1355 2128 1551 2193 ἄλλοις
1581 2138 1698 2195 τοῖς
1728 2132 1775 2203 ἐξ
1811 2133 1981 2205 ὑμῶν·
2023 2135 2109 2189 καὶ
2171 2133 2222 2189 ἐν
2280 2137 2424 2209 αὐτῷ

1356 2220 1560 2294 Παύλῳ
1588 2222 1808 2286 καὶτοῖς
1830 2222 2049 2288 λοιποῖς
2069 2222 2421 2288 ἀποστόλοις·

1353 2314 1742 2386 πεπεισμένους
1796 2314 1879 2368 ὅτι
1919 2316 2070 2369 οὗτοι
2101 2313 2291 2378 πάντες
2325 2316 2424 2371 οὐκ

1355 2403 1432 2467 εἷς
1462 2404 1615 2458 κενὸν
1648 2400 1907 2477 ἔδραμον,
1960 2403 2084 2459 ἀλλ’
2143 2403 2193 2460 ἐν
2246 2405 2423 2461 πίστει

1359 2491 1449 2547 καὶ
1482 2489 1919 2567 δικαιοσύνῃ-καὶ
1951 2492 2033 2549 ὄτι
2059 2494 2134 2557 εἷς
2164 2495 2257 2550 τὸν
2282 2495 2424 2575 ὀφει-

1355 2583 1589 2656 λόμενον
1640 2584 1825 2647 αὐτοῖς
1909 2585 2076 2641 τόπον
2134 2586 2236 2641 εἰσὶ
2276 2587 2423 2663 παρᾶ

1355 2675 1563 2746 Κυρίῳ,
1597 2674 1642 2747 ᾧ
1679 2674 1769 2729 καὶ
1827 2675 2137 2733 συνέπαθον.
2197 2675 2269 2731 Ob
2316 2676 2421 2752 γὰρ

1354 2764 1448 2819 τὸν
1476 2767 1565 2817 νῦν
1597 2766 1883 2841 ἠγάπησαν
1930 2765 2121 2838 αἰῶνα,
2155 2765 2300 2821 ἀλλὰ
2328 2769 2420 2821 τὸν

1358 2854 1490 2928 ὑπὲρ
1545 2856 1704 2927 ἡμῶν
1763 2854 2116 2926 ἀποθανόντα,
2205 2856 2294 2911 καὶ
2352 2854 2424 2911 δι’

1356 2947 1505 3017 ἡμᾶς
1536 2945 1639 2999 ὑπὸ
1669 2949 1767 3001 τοῦ
1799 2950 1931 3001 Θεοῦ
1953 2945 2421 3005 ἀναστάντα.››Καὶ

1354 3034 1477 3104 ἑξῆς
1507 3034 1768 3113 ἐπιφέρειο
1801 3059 1829 3087 ι‹
1871 3037 2174 3113 Ἐγράψατέ
2214 3037 2420 3111 μοικαὶ

1357 3125 1511 3199 ὑμεῖς
1550 3126 1643 3183 καὶ
1701 3127 1990 3202 Ἰγνάτιος,
2043 3125 2135 3184 τίνα
2194 3128 2281 3185 ἐάν
2338 3151 2422 3194 τις

1356 3210 1670 3292 ἀπέρχηται
1703 3216 1779 3278 εἷς
1811 3216 2034 3290 Κυρίαν,
2062 3218 2152 3271 καὶ
2199 3220 2266 3273 τὰ
2294 3223 2424 3295 παρ’

1353 3307 1506 3379 ὑμῶν
1535 3306 1850 3381 ἀποκομίσῃ
1886 3307 2206 3380 γράμματα.
2246 3311 2422 3386 ’Όπερ

1350 3401 1593 3469 ποιήσω,
1619 3396 1705 3452 ἐὰν
1755 3391 1911 3451 λάϐω
1962 3397 2152 3468 καιρὸν
2185 3399 2421 3468 εὔθετον,

1352 3488 1460 3545 εἴτε
1489 3487 1622 3562 ἐγὼ,
1655 3483 1764 3542 εἶ’τε
1812 3481 1870 3540 ὅν
1920 3486 2126 3560 πέμψω
2157 3483 2421 3562 πρεσϐεύ-

1355 3600 1513 3637 σοντα
1542 3578 1634 3633 καὶ
1664 3577 1787 3652 περὶ
1823 3576 1999 3650 ὑμῶν.
2034 3600 2063 3629 ››
2092 3581 2232 3651 Lege
2264 3582 2423 3637 Νιεε.

1353 3691 1578 3734 rnonuu
1608 3673 1704 3727 lib.
1741 3676 1827 3739 ni,
1857 3687 1981 3741 cap.
2023 3674 2103 3725 19.

3528 292 3601 353 14

2770 424 2972 480 Vansxo
3005 426 3071 480 Η.
3097 427 3344 482 VALESH.

2522 512 2677 569 omni
2708 529 2850 569 cura
2879 530 2947 570 ac
2979 514 3283 587 diligentia
3313 515 3483 572 illum
3508 517 3599 572 fo-

2519 620 2653 659 vere
2682 603 2871 659 vellet.
2909 604 3068 660 Idem
3103 605 3163 660 in
3209 607 3458 677 epistola
3518 607 3594 663 ad

2521 694 2855 766 Smyrnaeos
2915 694 2985 750 de
3028 695 3330 752 Servatore
3391 702 3591 753 nostro

2519 781 2772 854 loquens
2797 783 3067 854 quaedam
3090 786 3220 857 ejus
3251 785 3426 841 verba
3447 787 3595 842 reci-

2520 877 2622 942 tat,
2657 888 2789 943 quas
2824 872 2979 929 unde
3010 875 3309 948 acceperit
3357 875 3589 948 ignoro.

2513 964 2630 1032 Ego
2659 979 2805 1031 vero,
2839 962 3055 1035 inquit,
3080 972 3205 1036 post
3234 969 3584 1022 resurrectio-

2514 1067 2637 1108 nem
2669 1052 2961 1109 Dominum
2991 1056 3173 1125 ipsum
3202 1056 3261 1109 in
3293 1072 3459 1111 carne
3489 1073 3589 1127 ap-

2507 1142 2762 1212 paruisse
2791 1145 2898 1199 scio
2930 1149 2981 1198 et
3013 1146 3193 1200 credo.
3229 1146 3476 1210 Quicum
3513 1145 3586 1200 ad

2514 1233 2739 1287 Petrum
2787 1239 2839 1287 et
2894 1240 3120 1289 caeteros
3191 1236 3307 1304 ejus
3362 1237 3586 1290 comites

2513 1322 2836 1389 accessisset,
2870 1323 3017 1378 dixit
3068 1324 3184 1379 illis
3214 1341 3232 1378 :
3263 1325 3588 1395 Apprehen-

2513 1411 2647 1480 dite,
2681 1410 3011 1468 contrectate
3035 1430 3138 1482 me,
3163 1416 3212 1468 et
3233 1413 3411 1469 videte
3441 1414 3588 1484 quod

2511 1517 2623 1555 non
2652 1517 2769 1556 sum
2800 1504 3154 1572 incorporeus
3183 1503 3433 1573 spiritus.
3456 1504 3583 1559 Sta-

2514 1598 2724 1671 timque
2754 1617 2875 1655 eum
2904 1606 3299 1657 contrectantes
3328 1603 3581 1658 credide-

2507 1697 2657 1745 runt.
2690 1691 2876 1761 Hujus
2896 1709 3073 1763 porro
3105 1693 3313 1764 lgnatii
3345 1698 3404 1749 et
3427 1710 3585 1750 mar-

2508 1779 2728 1850 tyrium
2761 1785 2819 1835 et
2845 1781 3128 1852 epistolas
3154 1787 3585 1841 commemorat

2506 1870 2907 1925 Irenaeus.Sed
2938 1877 2996 1926 et
3017 1872 3377 1944 Polycarpus
3402 1872 3582 1928 insue.

2506 1957 2580 2012 ad
2618 1959 3032 2031 Philippenses
3073 1961 3574 2032 epistolaearum-

2506 2047 2636 2103 dem
2653 2049 3342 2121 meminitepistolarum:
3364 2050 3578 2107 «Obse-

2505 2140 2847 2211 cro,inquit,
2879 2157 2977 2195 vos
2991 2157 3218 2211 omnes,
3240 2148 3305 2197 ut
3322 2142 3579 2214 pareatis

2505 2231 2840 2302 praepositis
2855 2231 3450 2303 vestris,omnemque
3472 2249 3576 2303 pa-

2508 2325 2777 2380 tientiam
2793 2326 3582 2399 exerceatis,quamspectas-

2506 2415 2715 2470 tisnon
2736 2416 2929 2470 solum
2966 2416 3026 2470 in
3049 2417 3299 2488 Ignatio,
3323 2415 3474 2472 Rufo
3511 2434 3580 2471 ac

2506 2505 2733 2560 Zosimo
2749 2505 2889 2559 viris
2903 2505 3139 2560 beatissi
3150 2505 3393 2574 mis,sed
3405 2505 3584 2560 etiam

2506 2593 2567 2647 in
2599 2592 2732 2648 aliis
2764 2592 2990 2648 civibus
3037 2599 3214 2665 atque
3270 2593 3580 2664 inquilinis

2508 2681 2738 2748 vestris,
2758 2682 2899 2736 etin
2928 2683 3054 2753 ipso
3082 2683 3371 2753 praecipue
3394 2682 3577 2736 Paulo

2506 2778 2856 2848 cmterisque
2872 2778 3290 2851 apostoliszpro
3305 2782 3465 2833 certo
3480 2779 3580 2834 ha-

2504 2867 2734 2937 bentes,
2763 2868 2922 2938 quod
2939 2868 3000 2923 hi
3015 2885 3220 2923 omnes
3234 2885 3347 2923 non
3361 2868 3582 2924 frustra

2506 2962 2921 3023 cucurrerunt,
2947 2957 3047 3014 sed
3063 2958 3121 3012 in
3139 2957 3254 3014 ﬁde
3269 2974 3335 3013 ac
3339 2957 3363 3029 j
3374 2958 3578 3013 ustitia

2505 3046 2859 3119 ingressi,ad
2882 3047 3079 3104 locum
3094 3048 3206 3103 sibi
3225 3065 3259 3104 a
3276 3049 3393 3103 Deo
3406 3048 3577 3103 debi-

2505 3142 2633 3192 tum
2654 3144 3068 3209 pervenerunt,
3087 3137 3572 3210 quandoquidem

2506 3228 2923 3299 etpassionum
2937 3228 3066 3298 ejus
3088 3228 3406 3299 participes
3447 3243 3579 3282 exs-

2508 3317 2983 3388 titerunt.Neque
2999 3317 3160 3372 enim
3181 3333 3444 3389 prmsens
3460 3334 3579 3371 sae-

2511 3406 2732 3474 culum,
2767 3405 2873 3461 sed
2904 3422 3039 3460 eum
3098 3406 3200 3476 qui
3248 3424 3354 3478 pro
3413 3404 3584 3460 nobis

2512 3512 2723 3568 passus
2747 3500 2804 3549 et
2825 3511 2858 3549 a
2875 3495 2992 3549 Deo
3010 3495 3331 3550 suscitatus
3348 3500 3455 3562 est,
3480 3494 3588 3550 ad-

2513 3590 2811 3641 amarunt.
2849 3606 2876 3633 »
2900 3585 2971 3638 Et
2994 3582 3170 3656 paulo
3197 3590 3332 3656 post
3369 3583 3536 3639 addit
3568 3602 3582 3639 :

2518 3700 2541 3727 (ι
2576 3676 2905 3747 Scripsistis
2922 3675 2994 3730 ad
3016 3692 3109 3731 me
3134 3680 3193 3730 et
3212 3691 3313 3730 vos
3336 3680 3393 3730 et
3410 3676 3589 3748 Igna-

198 3765 319 3834 tius,
341 3770 406 3822 ut
431 3766 480 3822 si
513 3767 649 3839 quis
686 3766 841 3822 forte
882 3766 944 3821 in
977 3766 1208 3839 Syriam
1238 3767 1736 3841 proficisceretur,
1768 3764 1992 3815 vestras
2024 3759 2254 3818 litteras
2285 3779 2352 3819 eo
2392 3764 2674 3821 deferret.
2707 3765 2872 3830 Quod
2904 3763 3143 3835 quidem
3167 3763 3493 3835 perﬁciam,
3546 3765 3594 3819 si

199 3860 412 3928 tempus
434 3863 841 3930 opportunum
853 3863 1062 3913 nactus
1082 3857 1366 3925 fuero;vel
1382 3873 1486 3930 ego
1508 3854 1636 3926 ipse
1656 3851 1865 3922 velper
1877 3850 2059 3907 alium
2076 3854 2541 3925 quempiam,cui
2554 3855 2615 3909 id
2630 3872 2844 3911 munus
2858 3859 3050 3910 vestra
3062 3870 3239 3910 causa
3251 3853 3591 3927 delegabo.»

198 3948 653 4020 Episthnati-iad
674 3951 931 4016 Romam,
961 3965 1122 4019 capp.
1157 3952 1191 4004 4
1221 3956 1275 4005 et
1295 3953 1326 4004 5
1353 3964 1367 4015 ;
1398 3949 1576 4017 Epist.
1608 3943 1680 3998 ad
1699 3942 1946 4012 Smyrn.,
1978 3958 2099 4012 cap.
2131 3945 2162 3997 3
2189 3960 2202 4010 ;
2236 3946 2412 4015 Epist.
2446 3946 2741 4017 Polycarpi
2761 3946 2833 4001 ad
2862 3944 3134 4015 Ρὴιιίρρ.,
3160 3961 3321 4016 capp.
3352 3947 3384 4000 9
3415 3952 3467 4000 et
3502 3948 3588 4002 l3.

256 4146 488 4213 Verum,
550 4147 838 4218 quoniam
888 4146 1264 4219 impossibile

206 4233 358 4289 nobis
379 4240 469 4301 est
490 4236 766 4307 singulos
783 4234 1262 4306 enumerare,qui

200 4329 321 4389 post
344 4324 760 4394 apostolorum
782 4325 1007 4396 primas
1030 4340 1268 4379 succes—

201 4411 455 4469 sionesin
487 4414 763 4469 ecclesiis
785 4431 917 4485 quae
939 4430 1046 4485 per
1058 4412 1266 4469 orbem

208 4504 358 4556 terrai
372 4503 632 4571 sunt,vel
667 4502 1087 4575 principes,vel
1103 4519 1270 4559 evan—

208 4588 406 4659 gelista:
427 4592 699 4660 fuerunt,
714 4592 804 4646 vel
823 4598 1118 4663 pastores;
1137 4591 1272 4646 illos

211 4681 603 4736 tantummodo
639 4696 1142 4737 commemorasse
1157 4681 1272 4736 suf-

214 4765 637 4840 ﬁciat,quorum
649 4769 821 4825 libris
835 4771 1059 4826 inserta
1074 4770 1149 4825 ad
1165 4787 1274 4825 nos

221 4869 383 4926 usque
412 4858 552 4915 lldei
588 4864 652 4915 et
680 4859 1123 4930 praedicationis
1151 4876 1276 4915 mo-

218 4942 457 5003 nimenta
484 4964 704 5004 venere
732 4965 747 5017 ;
782 4954 849 5003 ut
868 4948 1193 5004 Clementis
1217 4953 1277 5003 et

223 5031 407 5103 lgnatii
455 5043 957 5109 ceterorumque,
1017 5053 1273 5110 quorum

213 5125 468 5194 superius
505 5126 765 5184 fecimus
810 5127 1201 5184 mentionem.

279 5388 477 5449 Justini
534 5410 775 5467 quoque
851 5393 1154 5467 martyris,
1213 5399 1273 5452 et

228 5476 791 5548 lgnatiimentionem
803 5484 1273 5558 faciulrenwus),
1361 5504 1452 5561 ρος
1475 5484 1565 5538 καὶ
1594 5481 1791 5560 Ἰγνατῑ

864 5485 1273 5558 cit(Irenaaus),
1361 5504 1452 5561 ρος
1475 5484 1565 5538 καὶ
1594 5481 1860 5560 Ἰγνατῐου
1877 5484 2100 5558 μνήμην
2118 5481 2433 5553 πεποίηται,

1494 4054 1648 4119 IDEM,
1680 4049 1815 4104 ibid.
1850 4064 2006 4118 capp.
2053 4050 2141 4117 37,
2184 4052 2272 4105 38.

1429 4138 1733 4196 Ἀδυνάτου
1763 4136 1809 4193 δ’
1838 4136 1991 4198 ὄντος
2021 4140 2158 4210 ἡμῖν
2196 4140 2430 4202 ἅπαντας

1354 4231 1405 4302 ἐξ
1464 4229 1737 4302 ὀνόματος
1798 4229 2244 4303 ἀπαριθμεῖσθαι,
2307 4228 2426 4282 ’ὀσοι

1354 4320 1488 4375 ποτὶ
1514 4319 1649 4374 κατὰ
1676 4319 1776 4385 τὴν
1804 4317 2029 4390 πρώτην
2055 4321 2164 4370 τῶν
2187 4316 2432 4371 ἀποστό-

1357 4409 1473 4466 λων
1518 4406 1792 4487 διαδοχήν
1853 4405 1907 4460 ἐν
1962 4410 2082 4469 ταῖς
2139 4406 2274 4461 κατὰ
2329 4407 2430 4476 τὴν

1357 4499 1683 4573 οἰκουμένην
1696 4492 2012 4566 ἐκκλησίαις
2036 4494 2290 4569 γεγόνασι
2315 4515 2435 4549 ποι-

1360 4589 1515 4661 μὲνες
1546 4585 1581 4655 ἦ
1613 4586 1705 4640 καὶ
1764 4582 2163 4660 εὖαγγελιστιὶ,
2222 4583 2429 4640 τούτων

1358 4678 1586 4738 εῗκὸτως
1618 4673 1668 4748 ἐξ
1701 4673 1967 4746 ὀνόματος
2019 4676 2204 4749 γραφῇ
2249 4673 2430 4746 μόνων

1355 4768 1454 4834 τήν
1484 4767 1709 4839 μνήμην
1753 4762 2196 4835 κατατεθείμεθα,
2229 4764 2301 4818 ὧν
2353 4762 2433 4820 ἔτι

1356 4854 1448 4909 καὶ
1478 4858 1570 4909 νῦν
1604 4852 1680 4916 εἷς
1711 4854 1862 4924 ἡμᾶς
1893 4846 1963 4905 δι’
2017 4850 2429 4924 ὑπομνημάτων

1356 4952 1455 5015 τῆς
1484 4942 1856 5006 ἀποπολικῆς
1888 4938 2241 5005 διδασκαλίας
2266 4944 2300 5013 ἡ
2324 4963 2429 4997 πα-

1362 5030 1581 5111 ράδοσις
1612 5031 1849 5110 φέρεται·
1886 5028 2066 5105 ὥσπερ
2110 5029 2205 5085 οὖν
2236 5029 2433 5105 ἀμέλει

1360 5129 1455 5182 τοῦ
1489 5122 1751 5200 Ἰγνατίοο
1809 5121 1864 5178 ἂν
1926 5123 2011 5185 αἷς
2068 5120 2433 5198 κατελέξαμεν

1361 5213 1702 5277 ἱπιστολαῖς.

1513 5307 1668 5375 Ionii,
1700 5304 1865 5374 ibid.,
1895 5303 1992 5361 lib.
2015 5320 2070 5377 ν,
2097 5320 2219 5376 cap.
2253 5304 2306 5360 8.

1424 5397 1548 5449 Ἔτι
1576 5392 1668 5449 καὶ
1708 5391 2003 5450 Ἰουστίνου
2058 5395 2156 5447 τοῦ
2222 5392 2431 5465 μάρτυ-

2590 4145 2883 4199 Caeterum
2900 4159 3034 4198 cum
3064 4141 3191 4196 ﬁeri
3223 4141 3387 4198 nullo
3411 4142 3587 4197 modo

2515 4233 2796 4303 possit,ut
2825 4230 3096 4302 singulos
3120 4230 3475 4286 nominatim
3498 4249 3594 4286 re-

2521 4336 2896 4385 censeamus,
2917 4326 3210 4391 quotquot
3240 4321 3448 4392 primis
3473 4321 3595 4377 illis

2516 4409 2860 4480 apostolicus
2892 4409 3288 4465 successionis
3310 4411 3592 4482 tempori-

2519 4499 2628 4555 bus
2661 4517 2769 4572 per
2821 4515 3028 4555 omnes
3086 4500 3247 4556 orbis
3298 4506 3593 4556 terrarum
3648 4486 3653 4489 ⁷

2520 4589 2800 4645 ecclesias
2833 4590 3130 4645 antistites
3148 4595 3248 4645 aut
3270 4590 3594 4661 evangelis-

2518 4684 2591 4733 ιω
2620 4680 2863 4734 fuerunt
2894 4695 2907 4733 :
2935 4695 3140 4734 eorum
3173 4679 3460 4735 duntaxat
3482 4696 3592 4735 no-

2520 4769 2682 4824 mina
2712 4768 2807 4823 hic
2867 4784 3336 4824 commemorare
3377 4768 3592 4824 statui-

2519 4874 2674 4927 mus,
2707 4874 2961 4928 quorum
2992 4863 3384 4915 monumenta
3414 4873 3590 4929 apos-

2521 4946 2763 5003 tolicam
2795 4947 3033 5002 illorum
3067 4946 3396 5003 doctrinam
3446 4963 3588 5002 con-

2522 5036 2777 5092 tinentia
2808 5036 3001 5091 adhuc
3035 5040 3375 5108 supersunt,
3429 5036 3592 5091 verbi

2519 5126 2726 5199 gratia,
2757 5126 2988 5199 Ignatii,
3014 5141 3161 5197 quas
3182 5125 3593 5182 recensuimus

2525 5214 2818 5287 epistola).

2590 5394 2885 5449 Praeterea
2921 5392 3138 5449 Justini
3197 5395 3475 5467 martyris
3534 5380 3600 5451 et

2520 5482 2730 5557 Ignatii
2744 5482 3112 5540 mentionem
3134 5483 3372 5547 facit,ex
3385 5500 3594 5541 eorum

238 5572 288 5621 et
312 5584 525 5644 eaquae
581 5576 951 5649 scripserunt
1006 5574 1282 5647 producit
1368 5575 1689 5653 μαρτυρίαις
1720 5572 1807 5640 αὖε

1922 5575 1987 5632 ιαὶ
2020 5575 2126 5630 ἀπὸ
2169 5575 2277 5630 τῶν
2311 5572 2442 5630 τού-
2534 5572 2772 5645 scriptis
2804 5573 3147 5630 testimonia
3169 5574 3491 5647 proferens.

233 5653 291 5714 in
313 5661 584 5725 medium.

1368 5685 1484 5732 τοις
1514 5664 1828 5745 γραφέντων
1857 5661 2221 5741 κεχρημένος.
