3974 6134
345 288 419 348 ili
1408 286 1473 346 S.
1522 281 1916 348 IGNATIUS.
1967 313 2044 329 —
2085 282 2717 346 PROLEGOMENA.
3684 280 3758 341 16

414 511 789 578 ΑτΗΑΝΑειυε,
816 506 995 580 Epist.
1029 506 1100 564 de
1133 507 1383 582 Synodis
1407 508 1656 564 Arimini
1690 513 1750 564 et
1778 507 1983 563 Seleuc

1944 597 1982 633 υ

2287 507 2375 562 47.
2408 508 2494 578 Ey
2524 505 2654 562 edit.
2680 506 2793 563 BB.
2828 506 3006 562 Paris.
3043 505 3200 573 1698,
3234 510 3363 561 tom.
3386 506 3430 573 Ι,
3453 507 3600 578 part.
3629 521 3687 573 ιι,

1944 597 2076 651 pag.
2111 597 2233 633 τοι.

412 680 675 753 Ignatius
706 670 863 735 certe
895 677 994 751 qui
1022 684 1156 752 post
1183 679 1479 751 apostolos
1511 679 1840 736 Antiochia;
1863 678 1957 750 epi

2187 677 2438 751 Ἰγνάτιος
2489 675 2603 744 οῦν,
2653 678 2681 732 ὁ
2743 675 2880 750 μετὰ
2925 673 3053 737 τοὺς
3113 673 3459 736 ἀποστόλους
3530 671 3581 728 ἐν
3635 673 3756 731 Ἀν-

342 788 560 844 scopus
590 770 950 827 constitutus
974 772 1336 843 est.ipseque
1369 779 1592 843 martyr
1626 771 1839 826 Christi
1864 771 1911 825 ft

2190 765 2325 840 ι’χεῖᾳ
2352 768 2702 830 κατασταθεὶς
2735 766 3034 828 ἐπίσκοπος
3074 764 3165 820 καὶ
3230 765 3436 840 μάρτυς
3491 768 3588 819 τοῦ
3626 764 3759 840 Χρι-

341 862 414 918 de
448 862 696 917 Domino
712 862 977 916 scribens
1010 860 1156 915 dixit
1181 879 1193 916 :
1214 863 1361 918 Unus
1386 862 1625 917 medicus
1649 868 1727 917 est
1749 877 1910 916 carna

2184 860 2238 909 οῦ
2267 857 2580 931 γενόμενος,
2626 858 2848 938 γράφων
2906 855 3027 931 περὶ
3083 858 3181 910 τοῦ
3238 853 3464 929 Κυρίου⁷
3519 852 3753 929 εἴρηκεν·

340 959 394 1008 et
419 951 750 1023 spiritualis,
782 954 966 1020 factus
995 958 1046 1006 et
1097 968 1207 1006 non
1251 954 1456 1020 factus,
1490 954 1548 1006 in
1580 951 1800 1006 homine
1832 953 1909 1005 De

2186 965 2206 1005 ς
2265 945 2450 1020 ἱατρός
2507 944 2621 1001 ἐστι
2678 946 2933 1022 σαρκικὸς
2984 945 3076 1000 καὶ
3149 945 3536 1018 πνευματικὸς,
3594 965 3755 1019 γενη-

340 1044 401 1097 in
432 1048 601 1096 morte
630 1043 746 1095 vita
774 1057 919 1095 vera.
958 1049 1011 1095 et
1040 1058 1110 1096 ea;
1141 1043 1321 1097 Maria
1343 1048 1394 1095 et
1426 1057 1495 1095 ea:
1528 1042 1722 1096 Deo....
1750 1040 1909 1104 Quod

2186 1055 2198 1096 ;
2255 1034 2347 1088 καὶ
2426 1036 2707 1111 ἀγένητος,
2764 1035 2816 1090 ἐν
2875 1035 3147 1110 ἀνθρώπῳ
3203 1036 3355 1098 Θεὸς,
3431 1031 3485 1088 ἐν
3544 1034 3755 1108 Θανάτῳ

334 1132 498 1203 gnari
535 1148 737 1187 eorum
771 1131 832 1185 in
863 1131 1094 1186 Christo
1126 1130 1284 1198 fidei,
1317 1146 1664 1203 persuasum
1700 1129 1903 1185 habem

2189 1123 2516 1194 ἡᾶληθινή,
2557 1125 2735 1180 καὶἐκ
2764 1126 2977 1200 Μαρίας
3033 1125 3125 1180 καὶ
3181 1122 3241 1179 ἒκ
3301 1128 3527 1181 θεοῦ....
3579 1123 3639 1179 [si
3700 1122 3755 1180 δὲ

336 1220 576 1276 beatum
608 1221 789 1275 etiam
819 1220 1113 1293 lgnatium
1142 1226 1301 1276 recte
1329 1220 1799 1292 scripsisse,cum
1825 1218 1905 1273 illi

2183 1236 2205 1268 ν
2236 1213 2288 1269 ἐν
2320 1216 2546 1290 Χριστῷ
2576 1215 2757 1271 πίστιν
2791 1215 2964 1271 αὐτῶν
2997 1215 3373 1292 γινώσκοντες,
3394 1215 3752 1288 πεπείσμεθα,

336 1309 535 1366 carnis
564 1325 743 1365 causa
760 1308 980 1364 factum
994 1309 1144 1365 dixit
1160 1308 1456 1378 (Christus
1473 1309 1634 1364 enim
1656 1323 1792 1364 caro
1806 1306 1905 1362 facl

2183 1303 2308 1359 ικαὶ
2367 1305 2396 1359 ὁ
2453 1306 2717 1381 μακάριος
2771 1305 3030 1381 Ἰγνάτιος
3089 1305 3267 1381 ὀρθῶς
3314 1298 3535 1380 ἔγραψε,
3591 1324 3752 1381 γενη-

333 1396 470 1471 est),
504 1402 564 1454 et
593 1414 714 1454 non
743 1396 1133 1469 factum,quia
1163 1414 1283 1453 non
1315 1414 1388 1452 ex
1441 1397 1697 1469 opificiis
1728 1400 1786 1451 et
1813 1394 1902 1451 rel

2182 1414 2194 1448 ι
2223 1392 2382 1450 αὐτὸν
2401 1393 2579 1470 λέγων
2613 1392 2703 1450 διὰ
2727 1395 2827 1465 τὴν
2859 1396 3049 1472 σάρκα·
3110 1395 3139 1450 ὁ
3195 1395 3298 1471 γὰρ
3354 1395 3584 1471 Χριστὸς
3624 1392 3751 1470 σὰρξ

330 1486 544 1557 factus,
579 1486 684 1544 sed
714 1485 895 1544 Filius
927 1503 998 1543 ex
1027 1488 1221 1556 Patre,
1255 1492 1366 1544 etc.
1416 1488 1593 1558 Epist.
1650 1487 1725 1543 ad
1765 1485 1899 1557 Ephi

2187 1503 2331 1539 νετο·
2364 1483 2628 1563 ἀγένητον
2656 1481 2736 1545 δὲ.
2767 1483 2853 1541 ὅτι
2886 1485 2963 1559 μή
3019 1489 3130 1541 τῶν
3182 1482 3509 1559 ποιημάτων
3538 1485 3631 1540 καὶ
3659 1504 3756 1563 γε·

331 1592 453 1650 cap.
486 1581 539 1634 7.
2099 1578 2277 1647 νητῶν
2311 1572 2473 1647 ἐστιν,
2507 1574 2631 1632 ἀλλ’
2660 1576 2801 1639 ’Υἱὸς
2827 1574 2887 1632 ἐκ
2910 1572 3145 1651 Πατρὸς,
3170 1596 3223 1633 κ.
3253 1596 3306 1633 τ.
3339 1573 3396 1634 λ.

1982 1703 2101 1758 VII.

828 1813 1212 1882 Hisnomnms,
1239 1812 1335 1869 lib.
1358 1813 1441 1869 De
1470 1811 1610 1868 viris
1649 1810 1959 1879 illustrib.,
1991 1826 2115 1883 cap.
2150 1810 2238 1880 16,
2266 1826 2388 1867 cum
2429 1816 2607 1869 vetere
2635 1812 2976 1870 INTEBPRBTE
3006 1810 3241 1872 Gnaeo.

400 1953 1059 2028 IgnatiusAntiochenaa
1072 1955 1349 2013 Ecclesiaa
1374 1956 1582 2011 tertius
1603 1956 1969 2028 postPetrun

2184 1950 2419 2027 Ιγνάτιος
2447 1959 2548 2024 τῆς
2569 1952 2622 2008 ἐν
2683 1954 3001 2035 Ἀντιοχείᾳ
3046 1951 3376 2025 Ἐκκλησίας
3402 1953 3587 2028 τρίτος
3648 1975 3753 2028 με·

330 2044 664 2117 apostolum
700 2045 1036 2118 episcopus,
1068 2051 1476 2102 commovente
1509 2046 1899 2118 persecutiom

2195 2042 2398 2117 Πὲτρον
2428 2042 2520 2097 τὸν
2549 2042 2861 2099 ἀπόστολον
2910 2042 3229 2111 ἐπίσκοπος,
3279 2041 3526 2119 διωγμὸν
3580 2043 3752 2114 κινή-

331 2135 606 2207 Trajano,
632 2134 948 2192 damnatus
978 2135 1053 2191 ad
1069 2135 1316 2201 bestias,
1337 2138 1582 2192 Romam
1614 2135 1900 2191 vinctusn

2186 2150 2291 2193 ντος
2333 2134 2622 2205 Τραϊανοῦ,
2655 2136 3075 2209 θηριομαχῆσαι
3103 2132 3432 2204 κελευσθεὶς,
3490 2132 3567 2195 είς
3608 2131 3755 2187 Ῥώ-

327 2224 763 2297 titur.Cumque
787 2226 1068 2299 navigans
1101 2227 1415 2298 Smyrnam
1448 2226 1724 2287 venisset.
1741 2224 1839 2280 ubi
1873 2226 1896 2278 Ι

2182 2218 2518 2276 νστέλλεται
2571 2219 2816 2295 δέσμιος.
2875 2222 3064 2279 ῐΙλέων
3117 2220 3194 2291 δὲ,
3251 2223 3341 2277 καὶ
3401 2219 3622 2285 ἐπιστὰς
3674 2227 3751 2298 τῇ

331 2313 610 2385 lycarpus
641 2315 876 2370 auditor
913 2316 1157 2371 Joannis
1188 2316 1500 2387 episcopus
1541 2321 1689 2377 erat.
1753 2314 1900 2384 scrip

2185 2308 2340 2384 ύρνῃ,
2373 2308 2424 2364 ἐν
2482 2309 2520 2384 ᾔ
2564 2309 2924 2386 Πολύχαρπος
2992 2312 3263 2387 ἀκροατὴς
3318 2311 3564 2367 Ἰωάννου
3623 2310 3754 2366 ἐπί-

330 2419 517 2458 unam
550 2404 863 2476 epistolam
906 2405 979 2459 ad
1009 2404 1312 2476 Ephesios.
1346 2406 1594 2462 alteram
1653 2404 1725 2459 ad
1759 2406 1899 2476 Magi

2183 2418 2298 2460 ιπος
2336 2399 2427 2468 ἧν,
2469 2396 2671 2475 ἔγραψε
2702 2400 2838 2477 πρὸς
2891 2400 3176 2477 Ἐφεσίους
3233 2399 3529 2470 ἐπιστολὴν
3588 2400 3752 2473 μίαν,

331 2493 555 2562 sianos,
590 2494 828 2549 tertiam
859 2494 934 2549 ad
964 2495 1318 2557 Trallenses,
1354 2501 1625 2565 quartam
1666 2494 1738 2549 ad
1770 2497 1900 2548 [ton

2184 2488 2275 2555 Ᾰην
2308 2487 2444 2562 πρὸς
2471 2490 2914 2565 Μαγνησιανοὺς,
2945 2491 3135 2567 τρίτην
3165 2491 3302 2566 πρὸς
3335 2488 3753 2566 Τραλλιανοὺς,

326 2597 472 2637 nos:
505 2587 565 2637 et
592 2582 732 2638 inde
763 2583 1072 2655 egrediens
1095 2584 1334 2655 scripsit
1361 2584 1435 2639 ad
1454 2583 1895 2654 Philadelpheos

2187 2574 2354 2649 ἀρτην
2411 2576 2550 2648 πρὸς
2606 2577 2936 2650 Ῥωμαίους·
2997 2580 3241 2634 κάκεῖθεν
3326 2578 3479 2650 ἐξιὼν
3537 2576 3756 2653 ἔγραψε

326 2670 401 2725 ad
430 2671 855 2744 Smyrnazos,et
890 2675 1127 2745 proprie
1158 2674 1230 2728 ad
1264 2673 1895 2745 Polycarpum,comm¢

2184 2662 2520 2743 ίαδελφεῦσι,
2541 2667 2631 2723 καὶ
2664 2669 3018 2745 Σμυρναίοις,
3049 2671 3136 2725 καὶ
3173 2668 3360 2733 ίδικῶς
3392 2669 3525 2745 πρὸς
3557 2668 3753 2727 Πολύ-

325 2760 475 2815 dans
518 2760 606 2814 illi
645 2762 1109 2817 Antiochensem
1158 2761 1523 2817 Ecclesiam:
1565 2764 1628 2817 in
1678 2779 1795 2833 qua
1824 2767 1880 2817 et

2186 2756 2769 2830 ιπον,παρατιθὲμενος
2798 2759 3072 2831 αὐτῷτὴν
3132 2759 3183 2815 ἐν
3243 2757 3559 2838 Ἀντιοχείᾳ
3616 2761 3755 2816 Ἑκ-

321 2847 636 2922 Evangelia
669 2849 827 2919 quod
857 2866 1048 2920 nuper
1076 2866 1111 2904 a
1152 2866 1248 2905 me
1278 2850 1625 2905 translatum
1659 2856 1768 2919 est,
1801 2868 1890 2922 su}

2185 2841 2342 2911 λσίαν·
2377 2841 2428 2896 ἐν
2526 2844 2617 2898 καὶ
2670 2843 2793 2918 περὶ
2841 2849 2937 2900 τοῦ
3004 2844 3342 2923 Εὐαγγελίου
3382 2851 3485 2901 τοῦ
3542 2847 3754 2921 πρώην

320 2952 578 3007 persona
622 2936 841 2992 Christi
897 2937 1066 3008 ponit
1126 2938 1556 3007 testimonium,
1617 2939 1819 2995 dicens
1877 2940 1889 3011 (

2191 2931 2555 3006 αφρασθὲντος
2591 2934 2779 3003 (deest
2805 2935 2895 2989 ὑπ’
2922 2934 3101 3009 ἐμοῦ),
3134 2934 3193 2990 ἐκ
3220 2936 3517 3011 προσώπου
3553 2940 3758 3004 Ἰησοῦ

318 3025 551 3096 Smyrn.
586 3041 715 3097 cap.
749 3027 801 3097 3)
830 3042 843 3080 :
869 3028 1031 3099 «Ego
1063 3042 1197 3081 vero
1227 3032 1286 3081 et
1314 3033 1450 3100 post
1476 3029 1887 3084 resurrectione

2189 3024 2324 3074 ,crtoﬁ
2359 3022 2582 3094 μνήμην
2610 3029 2870 3093 ποιεῖται,
2904 3022 3105 3100 λέγων’
3142 3047 3165 3077 ι
3197 3027 3342 3101 Ἐγὼ
3383 3024 3440 3081 δὲ
3476 3025 3564 3080 καὶ
3602 3028 3758 3100 μετᾶ

317 3113 384 3168 in
407 3130 585 3169 carne
618 3130 753 3169 eum
784 3114 923 3181 vidi,
958 3121 1016 3170 et
1077 3115 1252 3171 credo
1284 3116 1424 3187 quia
1481 3117 1574 3173 sit.
1607 3119 1678 3172 Et
1732 3134 1886 3189 quan

2213 3107 2500 3164 ἀνάστασιν
2523 3108 2577 3164 ἐν
2604 3112 2817 3186 σώματι
2850 3114 3015 3170 αὐτὸν
3054 3113 3217 3185 εἶδον,
3257 3116 3344 3170 καὶ
3387 3113 3627 3171 πιστεύω
3651 3117 3754 3173 ὅτι

315 3206 475 3261 venit
495 3206 569 3261 ad
589 3209 852 3278 Petrum,
885 3213 944 3263 et
972 3207 1047 3264 ad
1104 3225 1206 3265 eos
1237 3210 1340 3281 qui
1399 3226 1532 3265 cum
1577 3214 1746 3265 Petro
1779 3227 1879 3266 era

2183 3196 2217 3252 ί.
2252 3197 2350 3253 Καὶ
2378 3198 2469 3255 ὅτε
2496 3198 2665 3269 ἦλθεν
2698 3203 2833 3277 πρὸς
2862 3203 3086 3279 Πέτρον,
3137 3203 3227 3260 καὶ
3282 3203 3412 3271 τοὺς
3441 3204 3535 3261 σὺν
3582 3207 3752 3282 αὐτῷ

316 3294 469 3349 dixit
499 3294 603 3350 eis.
638 3299 784 3351 Ecce
814 3296 1051 3368 palpate
1086 3313 1178 3352 me
1210 3279 1272 3352 et
1298 3297 1512 3369 videte,
1536 3299 1676 3369 quia
1693 3316 1812 3354 non
1837 3316 1885 3354 SI

2181 3306 2264 3355 ας,
2295 3287 2677 3383 είπενᾳαῦτοῖς·
2713 3291 3093 3370 Ψηλαφήσατὲ
3127 3315 3193 3368 με
3216 3296 3406 3367 (deest
3430 3296 3520 3350 καὶ
3544 3279 3750 3370 {dare},

322 3383 682 3439 daemonium
697 3385 1167 3457 incorporale.Et
1195 3385 1392 3441 statim
1412 3387 1733 3459 tetigerunt
1752 3403 1886 3442 eum

2185 3376 2284 3431 οὕκ
2303 3375 2420 3451 εἶμι
2432 3374 2713 3463 δαιμόνιον
2731 3382 3228 3455 σωματικόν(ωεὶιθ
3241 3385 3382 3458 legit
3403 3390 3754 3463 corporale).

317 3471 727 3531 crediderunt.
762 3497 790 3526 »
840 3475 1092 3545 Dignum
1122 3480 1321 3530 autem
1349 3475 1599 3541 videtur,
1635 3475 1776 3547 quia
1826 3482 1882 3532 ta

2187 3463 2416 3528 ὶεύθέως
2467 3462 2697 3542 ἅψαντες
2754 3469 2939 3540 αὐτοῦ,
2997 3469 3317 3529 ἐπίστευσαν
3370 3476 3469 3544 (al.
3526 3476 3756 3550 ἥψαντο

322 3561 432 3615 viri
460 3562 709 3619 fecimus
732 3564 1125 3632 mentionem,
1158 3568 1215 3618 et
1245 3564 1317 3620 de
1348 3564 1600 3636 epistola
1631 3567 1760 3637 ejus
1794 3583 1891 3637 qui

2190 3557 2270 3628 οῦ,
2300 3558 2435 3634 καί).
2479 3583 2508 3613 ››
2543 3561 2722 3632 Ἀξιον
2762 3560 2819 3619 δὲ
2877 3564 3144 3644 φαίνεται,
3204 3563 3425 3640 ἐπείπερ
3478 3566 3759 3623 τοιούτου

315 3650 392 3706 ad
424 3653 723 3708 Romanos
752 3658 904 3725 (cap.
940 3652 994 3725 5)
1019 3652 1226 3707 scribit
1254 3653 1351 3724 (at.
1388 3654 1647 3726 scripsit)
1663 3672 1884 3728 pauca]

2189 3647 2277 3720 ρὸς
2304 3650 2658 3722 πεποιήμεθα
2709 3641 2952 3724 μνήπην,
2985 3650 3045 3708 ἐκ
3104 3660 3204 3723 τῆς
3235 3651 3535 3724 ἐπιστολῆς
3566 3654 3758 3713 αὐτοῦ

314 3756 459 3795 nere
485 3757 498 3796 :
532 3743 608 3795 De
635 3742 800 3811 Syria
828 3758 999 3814 usque
1030 3741 1101 3797 ad
1133 3744 1361 3797 Romam
1383 3758 1574 3813 pugno
1631 3744 1704 3798 ad
1754 3746 1883 3800 besti

2206 3736 2346 3811 πρὸς
2376 3738 2683 3811 Ῥωμαίους
2737 3743 3034 3817 γραφείσης
3089 3741 3253 3819 ὀλίγα
3290 3741 3555 3807 ἐκθέσθαι.
3591 3745 3759 3803 Ἀπὸ

310 3828 374 3883 in
402 3832 547 3885 mari
577 3828 707 3884 etin
732 3836 901 3895 terra,
918 3836 1031 3886 etc.
1048 3829 1311 3901 Cumque
1322 3832 1453 3904 jam
1475 3831 1789 3888 damnatus
1812 3850 1875 3890 es

2188 3824 2280 3887 ›ίας
2332 3824 2465 3901 ἄχρι
2528 3828 2752 3901 Ῥώμης
2805 3832 3142 3906 θηριομαχῶ
3193 3832 3246 3887 ἐν
3336 3830 3581 3907 θαλάσσῃ
3641 3836 3757 3891 καὶ

310 3916 385 3972 ad
414 3916 657 3988 bestias,
690 3917 900 3974 ardore
928 3919 1216 3990 patiendi,
1249 3935 1383 3975 cum
1402 3920 1705 3992 rugientes
1736 3922 1872 3978 audi

2190 3916 2258 3987 ᾗ,
2290 3935 2343 3971 κ.
2386 3936 2444 3974 τ.
2521 3915 2576 3976 λ.
2636 3920 2993 3993 Κατακριθεὶς
3047 3920 3229 3976 τοίνυν
3286 3929 3759 3998 θηριομαχῆσαι,

311 4006 540 4076 leones,
574 4008 692 4064 ait:
728 4010 1084 4063 Frumentum
1125 4008 1331 4064 Christi
1384 4026 1523 4075 sum,
1574 4011 1826 4068 dentibus

2195 4004 2350 4077 πόθῳ
2377 4010 2476 4061 τοῦ
2507 4009 2720 4079 παθεῖν,
2753 4009 2988 4075 ἀκούσας
3015 4017 3112 4066 τοῦ
3148 4013 3395 4088 βρυγμοῦ
3424 4017 3529 4067 τῶν
3569 4011 3764 4069 λεόν-

308 4099 540 4153 uiarum
570 4098 769 4165 molar,
799 4104 863 4153 ut
883 4100 1051 4169 panis
1065 4098 1298 4155 mundus
1332 4101 1603 4157 inveniar.
1639 4100 1851 4158 Passus
1875 4132 1877 4146 ι

2193 4136 2203 4162 ,
2240 4090 2367 4170 ἔφη’
2396 4100 2556 4159 Σῖτος
2586 4098 2768 4170 Ἰησοῦ
2797 4101 3034 4174 Χριστοῦ
3055 4100 3191 4175 εἰμι,
3213 4101 3304 4155 καὶ
3334 4101 3574 4180 εὔχομαι
3607 4110 3762 4169 τοῖς

312 4202 473 4242 anno
503 4186 817 4243 undecimo
858 4185 1116 4258 Trajani.

2193 4187 2263 4238 ἱσι
2318 4190 2426 4240 τῶν
2486 4185 2688 4261 Θηρίων
2742 4186 3072 4262 ἀλησθῆναι,
3145 4187 3238 4245 ’ίνα
3296 4179 3454 4265 ἄρτος
3482 4191 3762 4269 καθαρὸς

2076 4271 2300 4349 εὖρεθῶ.
2334 4274 2538 4331 Ἐπαθε
2569 4274 2776 4350 δεκάτῳ
2796 4271 2902 4333 ἔτει
2934 4281 3220 4353 Τραϊανοῦ.

518 4397 658 4467 Lege
686 4396 1053 4453 FnECULruun
1084 4403 1212 4454 tom.
1240 4399 1311 4465 ΙΙ,
1344 4399 1435 4456 lib.
1471 4416 1534 4469 ιι,
1565 4417 1687 4473 cap.
1725 4401 1810 4470 ll,
1843 4410 1893 4459 et
1923 4406 2087 4534 Bona

1887 4493 2007 4534 can.

1935 4406 2219 4534 Ηοηρὲιυιι
2251 4411 2822 4479 Ancusronunnnsnn,
2848 4415 2929 4471 De
2959 4415 3237 4471 luminar.
3271 4416 3504 4474 Eccles.

1935 4494 2007 4534 m.
2116 4518 2128 4532 .

1916 4494 2007 4548 ap.
2043 4494 2128 4534 w.

766 4614 918 4682 IDEM,
940 4612 1035 4668 lib.
1070 4611 1360 4671 Adversus
1392 4614 1744 4684 Helvidium,
1776 4636 1929 4678 num.
1964 4625 2050 4679 17.
2082 4624 2167 4680 E1:
2195 4626 2331 4682 edit.
2376 4628 2579 4684 Veron.
2610 4636 2740 4688 tom.
2770 4632 2842 4699 II,
2870 4649 3003 4705 pag.
3035 4636 3161 4705 225,
3190 4634 3251 4691 C.

379 4749 658 4846 Nunquid
684 4765 807 4846 non
835 4765 1078 4821 possum
1110 4749 1214 4805 tibi
1248 4755 1432 4846 totam
1460 4757 1724 4810 veterum
1755 4757 2112 4830 scriptorum
2142 4762 2359 4819 seriem
2390 4781 2763 4823 commovere
2790 4784 2804 4823 :
2836 4769 3760 4846 Ignatium,Polycarpum,Ire-

303 4855 521 4933 nasum,
551 4842 842 4896 Iustinum
874 4847 1229 4933 martyrem,
1247 4842 1582 4916 multosque
1609 4846 1758 4903 alios
1787 4851 2144 4921 apostolicos
2174 4858 2233 4908 et
2260 4854 2609 4925 eloquentes
2638 4859 2818 4929 viros,
2852 4863 2952 4933 qui
3000 4842 3279 4921 adversus
3315 4842 3605 4924 Ebionem
3685 4881 3767 4932 et

302 4929 667 4987 Theodotum
693 4932 1032 5004 Byzantium
1059 4938 1116 4988 et
1138 4932 1524 5003 Valentinum,
1559 4936 1683 4993 haec
1714 4937 1921 4995 eadem
1955 4942 2278 4999 sentientes
2308 4943 2487 5015 plena
2516 4947 2823 5019 sapientiai
2852 4929 3153 5010 volumina
3182 4929 3769 5029 conscripserunt‘t

1369 5081 1521 5149 Ion,
1555 5081 1651 5139 lib.
1677 5085 2110 5143 ICommentar.
2144 5086 2207 5143 in
2246 5089 2447 5144 Matth.
2483 5106 2522 5157 ι,
2556 5092 2640 5148 18.

306 5221 596 5328 g‘ttartyr
624 5220 889 5328 ignauus
917 5222 1091 5328 etiam
1126 5229 1393 5328 quartam
1422 5226 1651 5328 addidit
1680 5244 1945 5328 causam,
1971 5247 2076 5287 cur
2104 5247 2140 5286 a
2167 5230 2526 5328 desponsata
2551 5244 2873 5328 conceptus
2905 5242 2982 5296 sit
3010 5244 3317 5316 (Christus)
3342 5264 3355 5301 :
3388 5253 3454 5303 ut
3483 5257 3767 5328 partus,

296 5311 606 5453 Exquiens,
641 5311 770 5455 θ]ρέ
802 5311 1097 5368 celaretur
1125 5311 1397 5382 diabolo;
1431 5315 1573 5371 dum
1606 5334 1741 5372 eum
1785 5325 1974 5390 putat,
2023 5337 2144 5377 non
2192 5320 2263 5378 de
2294 5323 2540 5395 virgine,
2574 5326 2678 5383 sed
2709 5328 2780 5385 de
2812 5347 2995 5387 uxore
3017 5311 3393 5406 (generatum.
3428 5311 3628 5407 Epist.

344 5416 383 5470 p
405 5415 499 5455 tes.
535 5416 655 5471 cap.
768 5443 781 5455 .

329 5486 514 5592 “Vide
545 5489 1187 5592 ejusdem-Pieronymi
1218 5493 1624 5592 testimonium
1647 5495 1729 5592 de
1761 5494 2044 5592 Barnabas
2089 5499 2355 5592 epistola.
2393 5504 2620 5562 Videsis
2651 5526 2889 5586 quoque
2950 5514 3343 5590 Freculphum
3392 5516 3455 5572 in
3504 5517 3772 5587 Chron,

298 5575 404 5633 lib.
429 5593 489 5650 ιι,
524 5596 651 5652 cap.
678 5583 766 5650 ll,
803 5580 1145 5654 Hieronymi
1174 5582 1370 5652 verba,
1395 5584 1574 5641 tacito
1607 5586 1737 5657 ejus
1768 5586 2033 5661 nomine,
2066 5590 2501 5649 exscribentem
