3974 6134
241 284 303 345 1Ἱ
1540 292 1928 357 VETERUM
1970 293 2472 357 TESTIMONIA.
3641 301 3720 362 18

453 512 521 567 S.
553 514 893 572 DIONYSIUS
923 519 1204 585 Aasorac,
1239 517 1334 573 lib.
1363 517 1445 572 De
1469 515 1647 574 divin.
1681 427 2119 590 nominilxltlap.
2153 519 2206 584 4,
2238 521 2266 589 §
2298 518 2381 574 12.
2414 521 2502 573 Ex
2535 519 2666 574 edit.
2702 518 2973 592 Antuerp.
3014 521 3175 590 l633,
3203 535 3330 593 pag.
3365 522 3492 580 565.

309 619 522 674 Καίτοι
556 619 719 691 ἔδοξέ
753 645 877 678 τισι
937 627 1042 676 τῶν
1095 624 1211 678 καθ’
1268 625 1416 696 ἡμᾶς
1476 621 1792 700 ἱερολὸγων,
1854 645 1895 678 κι

2131 627 2306 697 Atqui
2339 627 2528 682 visum
2561 627 3014 698 estquibusdam
3033 645 3061 682 e
3080 627 3297 683 nostris
3321 629 3708 702 scriptoribus

256 706 530 782 θειότερον
566 710 715 765 εἶναι
741 713 811 767 τὸ
846 717 949 768 τοῦ
981 711 1178 787 ἔρωτος
1208 709 1403 786 ὄνομα,
1436 717 1533 768 τοῦ
1573 721 1674 784 τῆς
1703 714 1945 788 ἀγάπης,

262 798 458 874 Γράφει
490 796 557 854 δὲ
595 801 696 855 καὶ
731 803 763 856 ὁ
807 802 959 865 θείος
992 804 1248 878 Ιγνάτιος·
1279 804 1342 860 Ὀ
1373 802 1503 877 ἐμὸς
1563 800 1700 880 ἔρως
1758 803 1947 859 ἐσταυ-

275 907 455 964 ρωται.
485 891 640 948 Vide
674 895 1044 966 Paraphras.
1074 895 1474 967 Pachymeraa.

1941 987 2033 1041 IX.

2058 717 2262 784 sacris,
2300 733 2518 770 nomen
2550 717 2768 771 amoris
2798 717 3056 772 divinius
3087 734 3215 773 esse
3234 719 3475 773 nomine
3507 719 3705 774 chari-

2057 808 2211 863 tatis.
2236 808 2467 862 Etenim
2493 807 2728 862 divinus
2773 808 3028 879 lgnatius
3070 809 3275 864 scribit
3307 825 3319 863 :
3361 811 3510 865 Meus
3548 826 3705 865 amor

2055 898 2348 980 cruciﬁxus
2373 903 2468 952 est.
2493 896 2674 967 Epist.
2701 897 2774 951 ad
2795 899 2985 964 Rom.,
3007 913 3133 968 cap.
3153 900 3207 952 7.

285 1073 552 1140 Βιειωυε,
585 1073 682 1130 vel
707 1074 989 1146 quisquis
1020 1073 1097 1130 sit
1124 1078 1349 1142 auctor,
1383 1075 1974 1203 homil.ii7g2sapctarp
2005 1075 2718 1203 Chrisstg8gegerationem,
2753 1092 2903 1131 num.
2937 1078 2990 1131 3.
3043 1078 3129 1133 Ea:
3184 1077 3315 1134 edit.
3348 1078 3457 1133 BB.
3517 1079 3703 1135 Paris.

1722 1189 1735 1203 .
1797 1164 1902 1203 om.
1968 1189 1980 1203 .
2010 1164 2141 1203 paa.
2281 1195 2290 1203 .
2373 1189 2387 1203 .

1721 1189 1735 1215 ,
1772 1164 1902 1204 tom.
1936 1164 1980 1214 1,
2009 1164 2141 1219 pag.
2167 1164 2290 1216 ονδ,
2327 1164 2387 1204 u.

352 1251 576 1326 Εἳρηται
609 1247 670 1306 δὲ
699 1257 812 1306 τῶν
838 1251 1087 1308 παλαιῶν
1130 1273 1239 1308 τινι
1295 1250 1386 1306 καὶ
1416 1251 1599 1329 ’ἔτερος
1628 1250 1818 1328 λόγος,
1847 1253 1932 1308 ’ὁτι

291 1342 414 1414 ὑπὲρ
440 1345 536 1395 τοῦ
567 1338 762 1396 λαθεῖν
792 1342 886 1396 τὸν
921 1340 1167 1416 ἄρχοντα
1215 1344 1314 1396 τοῦ
1344 1343 1542 1404 αἰῶνος
1605 1341 1803 1397 τούτου
1833 1343 1934 1412 τὴν

285 1431 561 1506 παρθενίαν
592 1437 697 1501 τῆς
728 1432 950 1507 Μαρίας
979 1433 1014 1501 ἡ
1073 1435 1168 1486 τοῦ
1231 1431 1430 1510 Ἰωσήφ
1488 1430 1756 1503 ἐπενοήθη
1791 1453 1936 1506 μνη-

281 1539 448 1579 στεια.

1951 1620 2018 1677 Χ.

2116 1255 2306 1310 Allata
2329 1259 2418 1310 est
2451 1259 2511 1309 et
2573 1254 2689 1310 alia
2739 1254 2890 1310 ratio
2919 1271 2954 1311 a
2996 1254 3256 1326 quodam
3299 1271 3370 1312 ex
3411 1255 3700 1326 antiquis,

2046 1344 2317 1399 videlicet
2373 1345 2761 1416 excogitatam
2791 1344 2972 1400 fuisse
3009 1345 3245 1418 Iosephi
3278 1345 3694 1418 desponsatio—

2047 1451 2209 1498 nem,
2232 1437 2298 1488 ut
2335 1433 2526 1488 Mariae
2565 1434 2869 1506 virginitas
2903 1434 3112 1490 mundi
3153 1434 3332 1507 hujus
3370 1435 3700 1508 principem

2049 1523 2279 1578 lateret.
2311 1522 2486 1592 Epist.
2521 1523 2595 1576 ad
2623 1522 2851 1593 Ephes.,
2873 1539 2994 1593 cap.
3023 1525 3112 1577 l9.

382 1715 624 1770 Jomnns
656 1714 1112 1785 Caavsosrouos,
1144 1714 1334 1770 homil.
1372 1713 1428 1769 in
1459 1715 1514 1769 S.
1548 1714 1817 1769 IGNATIUM
1849 1715 2196 1838 masgﬁreﬁn,
2227 1726 2378 1766 num.
2412 1712 2464 1765 5.
2499 1712 2585 1766 Ea:
2605 1711 2739 1766 edit.
2771 1712 2883 1766 BB.
2917 1711 3096 1767 Paris.
3124 1711 3282 1777 1718,
3316 1716 3444 1768 tam.
3505 1711 3581 1781 II,

1785 1801 1913 1838 vaa.
1947 1803 1978 1837 ο
2057 1823 2071 1838 .
2159 1822 2171 1836 .

1785 1801 1913 1856 pag.
1947 1801 2071 1848 oua,
2105 1801 2171 1837 υ.

342 1885 431 1941 Ἐν
465 1884 609 1956 μέσῳ
636 1887 719 1954 τῷ
751 1883 981 1957 θεάτρῳ,
1039 1887 1140 1951 τῆς
1196 1877 1415 1945 πόλεως
1471 1879 1583 1938 ἄνω
1639 1883 1895 1954 καθεζομὲ

2109 1882 2174 1936 In
2193 1881 2390 1936 medio
2411 1881 2664 1947 theatro,
2691 1880 2969 1937 universa
2989 1881 3221 1937 civitate
3275 1898 3511 1938 sursum
3549 1899 3686 1937 con-

262 1997 364 2046 νης
391 1976 631 2046 ἀπάσης,
661 1974 755 2028 τὸν
782 1978 880 2028 τοῦ
905 1971 1206 2048 μαρτυρίου
1259 1975 1460 2050 τρόπον
1496 1975 1768 2047 ὑπέμεινε,
1828 1974 1930 2043 θη-

261 2068 399 2141 ρίων
443 2063 528 2119 ἐπ’
591 2063 750 2118 αὐτὸν
812 2062 1137 2141 ἀφεθέντων·
1189 2063 1261 2117 ἳν’
1321 2064 1428 2118 ὑπὸ
1481 2068 1603 2125 ταῖς
1682 2061 1932 2118 ἁπάντων

262 2154 419 2228 ὂψεσι
452 2154 514 2208 τὸ
545 2153 814 2226 τρόπαιον
847 2155 1047 2222 στήσας
1106 2152 1240 2207 κατὰ
1296 2156 1392 2207 τοῦ
1453 2150 1740 2219 διαϐόλου,
1804 2151 1932 2213 τοὺς

261 2245 455 2308 θεατὰς
488 2245 726 2304 ἅπαντας
787 2241 1041 2312 ζηλωτὰς
1095 2244 1300 2316 ποιήσῃ
1354 2247 1464 2297 τῶν
1522 2242 1919 2319 ἀγωνισμάτων

258 2339 370 2391 τῶν
420 2336 638 2402 ἑαυτοῦ,
707 2331 807 2387 οὐκ
867 2333 1222 2402 ἀποθνήσκων
1257 2334 1420 2406 μόνον
1468 2332 1612 2388 οὕτω
1644 2334 1927 2410 γενναίως,

257 2422 408 2478 ἀλλὰ
440 2423 532 2477 καὶ
570 2421 689 2495 μεθ’
740 2419 944 2490 ἡδονῆς
994 2421 1380 2492 ἀποθνήσκων.
1415 2423 1493 2479 Οὐ
1537 2423 1640 2499 γὰρ
1674 2424 1748 2484 ὡς
1782 2428 1927 2492 ζωῆς

260 2511 718 2588 ἀπορρήγνυσθαι
754 2509 1002 2584 μέλλων.
1035 2509 1161 2566 ἀλλ’
1196 2512 1272 2573 ὡς
1303 2510 1392 2566 ἐπὶ
1441 2513 1588 2581 ζωὴν
1643 2509 1920 2585 καλούμε-

253 2624 349 2663 νος
411 2601 622 2677 βελτίω
674 2601 764 2655 καὶ
826 2599 1363 2675 πνευματικωτέραν,
1422 2600 1595 2662 οὕτως
1681 2599 1926 2673 ἀσμένως

253 2689 409 2762 ἑώρα
435 2691 501 2744 τὰ
531 2687 721 2761 θηρία.
760 2689 930 2743 Πόθεν
962 2693 1124 2744 τοῦτο
1158 2685 1371 2756 δῆλονς
1415 2688 1522 2742 ἀπὸ
1574 2694 1682 2743 τῶν
1739 2688 1924 2763 ῥημά-

260 2799 394 2846 των,
455 2780 523 2832 ὧν
580 2779 942 2846 ἀποθνήσκειν
998 2776 1218 2849 μέλλων
1279 2777 1590 2854 ἐφθέγξατο.
1652 2778 1916 2840 Ἀκούσας

254 2869 364 2943 γὰρ
396 2869 479 2923 ὃτι
510 2869 668 2928 οὗτος
719 2866 881 2922 αὐτὸν
931 2875 1030 2935 τῆς
1086 2868 1364 2942 τιμωρίας
1422 2868 1694 2938 ὁτρόπος
1755 2863 1922 2941 μένει,

247 2958 379 3031 Βγὼ
407 2961 516 3012 τῶν
579 2955 790 3031 θηρίων
842 2955 1060 3011 ἐκείνων
1110 2957 1366 3030 ὀναίμην,
1425 2951 1604 3033 ἔλεγε.
1665 2961 1922 3012 Τοιοῦτοι

247 3047 354 3122 γὰρ
385 3047 442 3100 οἱ
475 3045 726 3120 ἐρῶντες
760 3045 894 3120 ὅπερ
950 3043 1010 3100 ἄν
1072 3047 1360 3120 πάσχωσιν
1425 3047 1555 3119 ὑπὲρ
1617 3050 1725 3099 τῶν
1787 3043 1924 3118 ἔρω-

251 3138 448 3207 μένων,
533 3137 651 3206 μεθ’
710 3133 916 3203 ἡδονῆς
998 3133 1277 3209 δέχονται,
1335 3137 1422 3189 καὶ
1492 3139 1614 3190 τότε
1673 3131 1923 3190 δοκοῦσιν

2044 1970 2272 2025 sidente
2306 1976 2362 2025 et
2387 1975 2712 2042 spectante,
2735 1970 2942 2026 bestiis
2973 1972 3033 2026 in
3082 1972 3276 2044 ipsum
3318 1972 3603 2027 immissis
3635 1977 3694 2027 et

2041 2062 2371 2130 concitatis,
2409 2061 2756 2132 martyrium
2791 2061 3034 2132 pertulit
3079 2062 3384 2134 (Ignatius)
3427 2079 3442 2116 :
3479 2067 3545 2117 ut
3584 2062 3691 2118 sub

2042 2151 2314 2206 omnium
2337 2150 2522 2206 oculis
2544 2151 2823 2206 adversus
2855 2150 3155 2206 diabolum
3183 2156 3472 2224 tropaeum
3504 2153 3694 2226 erige-

2039 2246 2150 2302 ret,
2201 2244 2564 2310 cunctosque
2601 2245 2963 2312 spectatores
3003 2255 3246 2295 suorum
3295 2242 3690 2297 certaminum

2039 2329 2370 2383 imitatores
2399 2329 2662 2383 efficeret
2693 2344 2706 2393 ;
2739 2345 2874 2384 cum
2923 2346 3042 2384 non
3071 2330 3247 2385 modo
3281 2330 3535 2400 fortiter,
3591 2331 3694 2386 sed

2039 2418 2218 2473 etiam
2241 2435 2374 2473 cum
2403 2418 2609 2474 laetitia
2637 2424 2889 2474 mortem
2912 2420 3531 2492 oppeteret,ferasque
3556 2437 3691 2476 cum

2036 2508 2333 2579 voluptate
2366 2514 2696 2579 spectaret;
2732 2526 2853 2564 non
2905 2511 3075 2580 quasi
3124 2517 3434 2582 raperetur
3465 2527 3495 2564 e
3553 2512 3687 2579 vita,

2038 2597 2140 2653 sed
2172 2605 2456 2667 tanquam
2488 2599 2560 2652 ad
2582 2598 2760 2654 vitam
2791 2599 3103 2654 meliorem
3128 2617 3196 2656 ac
3217 2601 3690 2671 praestantiorem

2037 2694 2358 2742 vocaretur.
2390 2687 2550 2742 Unde
2573 2689 2684 2742 hoc
2715 2688 2780 2741 ﬁt
2805 2689 3226 2758 perspicuum?
3247 2707 3318 2744 ex
3350 2690 3542 2745 verbis
3558 2708 3690 2761 quas

2035 2774 2746 2845 moriturusloquebatur.
2763 2776 2905 2830 Cum
2932 2776 3094 2830 enim
3120 2776 3179 2831 id
3204 2793 3389 2849 genus
3411 2777 3686 2849 supplicii

2036 2864 2148 2919 sibi
2195 2880 2322 2918 esse
2381 2863 2759 2920 subeundum
2821 2865 3228 2927 intellexisset.
3289 2869 3418 2936 Ego.
3467 2867 3683 2938 inquit,

2030 2955 2168 3024 feris
2197 2955 2310 3010 illis
2337 2958 2523 3024 fruar.
2559 2955 2652 3010 Sic
2684 2956 2844 3010 enim
2867 2961 3070 3028 agunt,
3131 2957 3230 3027 qui
3264 2962 3467 3013 amant
3501 2975 3514 3012 :
3547 2975 3684 3013 cum

2033 3061 2138 3115 pro
2173 3045 2248 3099 iis
2279 3045 2378 3115 qui
2403 3051 2700 3111 amantur,
2733 3045 2957 3116 aliquid
2997 3046 3325 3116 patiuntur,
3359 3046 3683 3120 gaudentes

2033 3133 2091 3187 id
2123 3133 2351 3187 faciunt
2383 3151 2396 3199 ;
2432 3138 2690 3203 tuncque
2715 3133 2826 3187 sibi
2848 3133 3122 3188 videntur
3160 3136 3376 3207 optatis
3405 3137 3686 3204 frui,cum

248 3225 612 3303 ἐμφορεῖσθαι
640 3231 743 3292 τῆς
771 3222 1091 3297 ἐπιθυμίας,
1125 3224 1250 3279 ὅταν
1298 3221 1499 3297 πολλῷ
1557 3223 1895 3309 χαλεπώτερε

2042 3238 2103 3276 ea
2160 3239 2289 3292 qua:
2323 3221 2650 3294 perferunt,
2702 3228 2842 3278 sunt
2881 3239 3057 3294 quam
3107 3225 3486 3296 gravissima;
3528 3225 3687 3296 quod

253 3313 380 3387 ᾖτᾶ
409 3313 698 3390 γινόμενα’
733 3311 864 3382 ὅπερ
898 3312 995 3365 οὗν
1048 3311 1140 3366 καὶ
1199 3311 1284 3366 ἐπὶ
1345 3315 1542 3366 τούτου
1583 3307 1916 3370 συνέϐαινεν,

257 3403 334 3457 0-3
365 3403 466 3477 γὰρ
500 3405 582 3470 τῷ
622 3401 836 3472 θανάτῳ
900 3401 1094 3470 μόνον,
1157 3399 1304 3455 ἀλλὰ
1360 3405 1452 3456 καί
1508 3403 1576 3474 τῇ
1638 3400 1919 3474 προθυμίᾳ

259 3489 506 3560 ζηλῶσαι
537 3488 671 3550 τοὺς
717 3487 1057 3550 ἀποστόλους
1120 3485 1360 3544 ἔσπευδε·
1425 3488 1512 3543 καὶ
1571 3487 1780 3544 ἀκούων
1833 3489 1915 3542 δτι

265 3576 652 3653 μαστιχθὲντες
711 3577 910 3633 ἐκεῖνοι
973 3579 1104 3650 μετά
1161 3583 1334 3653 χαρᾶς
1381 3578 1723 3652 ἀνεχώρουν,
1755 3572 1911 3632 ἐϐου-

259 3669 402 3739 λήθη
450 3670 540 3724 καὶ
601 3669 760 3723 αὐτὸν
826 3671 901 3740 μὴ
961 3673 1030 3742 τῇ
1088 3667 1317 3743 τελευτῇ
1373 3669 1561 3742 μόνον,
1620 3667 1767 3723 ἀ).λά
1823 3669 1911 3724 καὶ

257 3761 323 3829 τῇ
349 3763 491 3833 χαρᾷ
537 3758 881 3830 μιμήσασθαι
940 3756 1066 3820 τοὺς
1126 3754 1512 3820 διδασκάλους
1572 3755 1660 3812 διὰ
1711 3761 1906 3827 τοῦτο,

256 3846 374 3901 Τῶν
405 3844 628 3921 θηρίων,
651 3840 858 3922 ἔλεγεν,
896 3845 1154 3919 ὀναίμην.

2035 3311 2275 3382 quidem
2299 3311 2359 3365 in
2391 3311 2500 3365 hoc
2531 3312 2671 3366 item
2695 3312 2958 3384 contigit.
2992 3313 3293 3383 Siquidem
3340 3331 3458 3369 non
3490 3320 3682 3371 morte

2033 3400 2244 3464 solum,
2271 3417 2473 3455 verum
2508 3401 2685 3455 etiam
2735 3400 3038 3456 alacritate
3081 3402 3356 3458 studebat
3386 3403 3681 3476 apostolos

2029 3487 2270 3544 imitari.
2299 3492 2368 3542 Et
2406 3506 2526 3544 non
2557 3491 2858 3561 ignorans,
2891 3490 3046 3561 quod
3095 3491 3178 3546 illi
3218 3492 3513 3564 flagellati,
3544 3510 3680 3550 cum

2027 3579 2240 3649 gaudio
2273 3578 2437 3633 ibant
2480 3596 2510 3634 e
2559 3586 2880 3652 conspectu
2939 3581 3196 3645 concilii,
3257 3581 3444 3636 voluit
3495 3584 3675 3639 etiam

2026 3668 2149 3740 ipse
2176 3686 2294 3723 non
2327 3673 2514 3724 morte
2547 3669 2759 3737 solum,
2793 3670 2896 3724 sed
2928 3671 3105 3725 etiam
3142 3670 3345 3726 lastitia
3376 3673 3672 3744 magistris

2023 3775 2152 3812 esse
2185 3757 2394 3813 similis
2421 3758 2673 3825 ;idcirco
2704 3761 2878 3829 Feris,
2910 3761 3130 3830 inquit,
3162 3762 3348 3828 fruar.
3380 3762 3565 3833 Epist.
3599 3763 3672 3819 ad

2019 3849 2210 3916 Rom.,
2235 3863 2361 3918 cap.
2392 3848 2446 3903 5.

1922 3953 2018 4008 ΧΙ.

421 4047 680 4102 laesurus
709 4046 933 4100 Aucroa
962 4047 1112 4118 apud
1136 4045 1577 4102 Canvsosrouun
1609 4045 1797 4100 homil.
1829 4043 1900 4100 de
1928 4043 2306 4118 Legislatore,
2339 4062 2489 4100 num.
2523 4049 2574 4102 4.
2626 4046 2788 4115 1bid.,
2816 4054 2942 4102 tom.
2991 4048 3084 4116 Vl,
3108 4064 3240 4118 pag.
3281 4050 3407 4118 410,
3439 4051 3499 4104 C.

331 4168 420 4223 Διά
447 4173 606 4226 τοῦτο
635 4171 876 4244 γενναῖός
933 4191 1016 4232 τις
1074 4171 1341 4248 ἀρχαίων·
1401 4170 1664 4247 Ἰγνάτιος
1722 4167 1778 4224 δὲ
1833 4168 1898 4238 ἦν

268 4252 424 4330 ὄνομα
454 4259 620 4329 αὐτῷ·
656 4257 816 4321 οὗτος
867 4259 1134 4334 ἱερωσύνῃ
1187 4260 1275 4314 καὶ
1328 4259 1612 4334 μαρτυρίῳ
1673 4257 1897 4333 διαπρέ-

269 4349 381 4418 tu,
411 4345 740 4405 ἐπιστέλλων
773 4349 876 4403 τινὶ
909 4349 1044 4420 ἱερεῖ
1099 4343 1270 4424 ἔλεγε·
1331 4346 1515 4418 Μηδὲν
1576 4346 1699 4403 ἄνευ
1755 4350 1899 4423 γνώ-

273 4457 368 4507 μης
398 4457 486 4492 σου
542 4436 799 4514 γινέσθω,
862 4433 1004 4508 μηδὲ
1059 4438 1120 4491 σὺ
1183 4434 1305 4492 ἂνευ
1358 4437 1592 4513 γνώμης
1650 4441 1783 4492 Θεοῦ
1845 4459 1899 4493 τι

267 4545 466 4597 πραττε.

2081 4173 2403 4242 Propterea
2432 4170 2646 4226 nobilis
2677 4172 2765 4226 vir
2794 4171 3035 4242 quidam
3086 4189 3159 4227 ex
3201 4174 3521 4243 veteribus,
3570 4179 3665 4234 cui

2008 4273 2228 4316 nomen
2260 4259 2540 4331 Ignatius,
2576 4261 2795 4332 quique
2845 4262 3177 4318 sacerdotio
3210 4263 3386 4320 simul
3413 4271 3471 4320 et
3501 4283 3663 4323 mar-

2012 4351 2164 4422 tyrio
2195 4350 2507 4404 decoratus
2536 4349 2747 4417 fuit,ad
2780 4351 3147 4407 sacerdotem
3175 4354 3490 4424 quemdam
3516 4359 3664 4413 scri-

2011 4438 2158 4494 bens
2181 4438 2415 4494 dicebat
2439 4455 2452 4493 :
2485 4439 2639 4495 Nihil
2666 4442 2784 4496 sine
2812 4447 2908 4496 tua
2936 4443 3215 4498 voluntate
3233 4451 3661 4517 geratur,neque

2010 4531 2138 4584 item
2161 4535 2222 4583 tu
2250 4528 2555 4599 quidquam
2585 4531 2786 4601 absque
2822 4531 2922 4587 Dei
2943 4533 3225 4588 voluntate
3251 4535 3445 4602 facias.
3473 4536 3654 4607 Epist.

1925 4601 1972 4664 D
2005 4617 2080 4672 ad
2111 4617 2439 4690 Polycarp.,
2469 4635 2596 4690 cap.
2621 4621 2674 4675 4.

1889 4731 2006 4790 XII.

425 4808 836 4868 Taaonoanws.
868 4807 1024 4878 epist.
1059 4809 1149 4874 89,
1182 4806 1256 4862 ad
1287 4807 1654 4867 Florentium
1690 4816 2032 4878 Patricium.
2084 4825 2176 4879 Ea:
2206 4825 2339 4880 edit.
2385 4826 2565 4880 Paris.
2601 4827 2758 4891 1642,
2800 4830 2927 4880 tom.
2959 4825 3055 4888 IlI,
3084 4841 3216 4896 pag.
3248 4829 3375 4895 966,
3409 4830 3470 4885 Β.

325 4905 482 4957 Ταῦτα
533 4901 589 4958 δὲ
646 4906 782 4976 ἡμῖν
829 4898 1130 4976 παρέδοσαν
1191 4903 1256 4958 οὐ
1292 4903 1456 4978 μόνον
1500 4908 1551 4962 οἱ
1582 4907 1884 4968 ἀπόστολοι

257 4993 337 5046 xxi
366 5002 653 5074 προφῆται,
685 4994 834 5050 ἀλλὰ
865 4994 958 5048 καὶ
989 4995 1040 5049 οἱ
1095 4996 1164 5050 τά
1216 4995 1426 5053 τούτων
1479 5002 1886 5074 ἡρμηνευκότες

258 5086 655 5160 συγγράμματα,
743 5083 1022 5161 Ἰγνάτιος,
1127 5086 1450 5158 Εὐστάθιος,
1537 5091 1874 5164 Ἀθανασιος,

253 5176 536 5244 Βασίλειος,
608 5176 937 5250 Γρηγόριος,
989 5175 1243 5244 Ἰωάννης
1296 5179 1385 5231 καί
1445 5179 1497 5234 οἱ
1563 5179 1727 5238 ἃλλοι
1784 5183 1882 5250 τῆς

255 5262 528 5339 οἰκουμένη
541 5288 566 5329 ς
597 5270 907 5343 φωστῆρες.

2069 4922 2202 4977 Haec
2233 4939 2408 4994 porro
2472 4922 2766 4980 tradidere
2798 4923 2971 4978 nobis
3019 4941 3137 4980 non
3188 4926 3438 4997 apostoli
3472 4929 3649 4984 modo

2001 5015 2058 5064 et
2087 5013 2411 5083 propheta,
2435 5028 2636 5067 verum
2660 5012 2701 5066 ii
2735 5013 2911 5068 etiam
2963 5013 3065 5084 qui
3115 5014 3327 5070 horum
3359 5014 3540 5071 libros
3570 5018 3655 5074 in-

1999 5100 2304 5171 terpretati
2323 5106 2482 5163 sunt,
2533 5100 2816 5172 Ignatius,
2859 5101 3220 5157 Eustathius.
3265 5103 3645 5177 Athanasius,

1997 5187 2268 5257 Basilius,
2295 5189 2630 5261 Gregorius,
2688 5191 2944 5246 Joannes
2993 5195 3052 5246 et
3097 5190 3327 5263 reliqua
3353 5192 3515 5252 orbis
3572 5197 3655 5256 lu-

1995 5291 2179 5330 1111118..

761 5386 918 5453 IDEM,
948 5387 1107 5456 epist.
1145 5387 1267 5454 145,
1300 5386 1373 5442 ad
1405 5391 1727 5448 monachos
1759 5395 1895 5450 Cons

2046 5394 2464 5466 inOpolitanos.
2489 5393 2656 5462 Ibid.,
2691 5412 2820 5466 pag.
2859 5395 3014 5463 1027,
3039 5397 3107 5452 Α.

311 5502 480 5557 Καὶοὶ
518 5500 732 5557 τούτων
790 5493 1170 5574 πρεσϐύτεροι,
1228 5501 1492 5576 Ἰγνάτιος
1554 5507 1643 5562 καὶ
1702 5509 1877 5565 Πολύ-

244 5609 451 5669 καρπος,
482 5593 570 5649 καὶ
603 5592 927 5668 Εἰρηναῖος,
959 5591 1046 5647 καὶ
1083 5591 1404 5665 Ἰουστῖνος,
1467 5594 1555 5652 καὶ
1615 5597 1874 5656 Ἱππόλυ-

2059 5513 2249 5583 Atque
2273 5511 2367 5567 his
2387 5512 2580 5568 adhuc
2621 5511 3008 5583 antiquiores,
3066 5515 3348 5587 Ignatius,
3381 5522 3440 5574 et
3460 5521 3638 5594 Poly-

1988 5617 2220 5675 carpus,
2254 5605 2314 5658 et
2341 5603 2690 5669 lrenaeus,et
2707 5601 3424 5679 Justinus,etHippolytus
3447 5624 3462 5678 ;
3486 5627 3634 5682 quo-
