3974 6134
368 357 447 418 19
1436 350 1502 410 S.
1548 346 1945 411 IGNATIUS.
1992 380 2067 393 -
2109 350 2741 418 PROLEGOMENA.
3704 351 3777 417 20

366 501 499 541 rum
525 483 791 556 plerique
820 498 941 538 non
971 480 1150 537 modo
1171 478 1649 552 interpontiﬁces
1666 477 1935 550 praelucel

2206 497 2252 546 ς,
2275 481 2350 534 ὧν
2383 483 2434 537 οἱ
2462 483 2692 546 πλείους
2724 482 2824 539 οὐκ
2868 481 3168 562 ἀρχιερέων
3223 478 3618 556 προλάμπουσι
3678 480 3775 557 μό-

366 575 470 632 sed
491 579 822 646 martyrum
854 573 1032 628 etiam
1060 571 1311 626 chorum
1347 573 1654 625 exornant.

2125 588 2239 638 vov,
2268 569 2415 629 ἀλλά
2437 577 2526 631 καὶ
2558 580 2664 631 τῶν
2699 573 2985 651 μαρτύρων
3015 570 3375 647 διακοσμοῦσι
3404 572 3593 648 χορόν.

1255 671 1407 738 IDEM,
1438 670 1575 725 dial.
1609 666 1923 724 Immutab.
1957 684 1992 721 ι.
2038 668 2203 738 Ibid.,
2239 679 2366 733 tom.
2401 677 2492 746 IV,
2523 695 2656 749 pag.
2691 679 2780 744 33,
2813 678 2881 732 A.

433 773 752 830 Ostendam
784 777 981 828 autem
1002 770 1106 825 tibi
1140 769 1593 825 celeberrimum
1618 768 1892 824 Ecclesia:
1908 765 2002 821 do-

2203 770 2483 845 Ἐπιδείξω
2541 771 2598 829 δέ
2631 795 2714 829 σοι
2772 777 2864 829 τὸν
2921 774 3272 849 πανευφημον
3309 776 3411 839 τῆς
3447 768 3772 842 ἘκκΑησίας

362 870 605 931 ctorem,
626 869 682 918 et
712 864 871 920 illius
891 863 963 918 de
987 861 1182 916 divina
1202 860 1613 917 Incarnatione
1632 858 1927 915 sententia

2202 861 2476 932 ῖάσκαλον,
2510 865 2600 919 καὶ
2629 864 2690 918 τὸ
2722 862 2924 917 ἐκείνου
2967 860 3090 935 περὶ
3117 866 3217 929 τῆς
3275 858 3421 922 θείας
3469 860 3771 934 Ἐνανθρω·

361 960 428 1010 ut
457 969 774 1026 cognoscas
805 952 876 1007 de
907 955 1181 1021 suscepta
1209 955 1423 1005 natura
1441 949 1584 1021 quid
1616 948 1930 1004 senserit.A

2209 972 2344 1018 σεως
2372 954 2646 1031 φρόνημα,
2673 951 2763 1008 ’ίνα
2796 957 2942 1029 γνῷς
2994 952 3116 1006 τίνα
3171 950 3296 1025 περὶ
3324 955 3426 1018 τῆς
3472 947 3774 1028 ληφθείσης

359 1045 554 1101 divisti
586 1044 742 1099 enim
774 1058 1016 1114 prorsus
1068 1041 1361 1114 Ignatium
1393 1041 1582 1108 illum,
1617 1041 1716 1112 qui
1751 1038 1821 1094 de
1852 1041 1928 1094 Pe

2201 1042 2339 1110 ίξασε
2367 1042 2602 1120 φύσεως.
2632 1043 2906 1112 Ἀκήκοας
2947 1037 3006 1096 δὲ
3062 1038 3280 1100 πάντως
3339 1037 3603 1115 Ἱγνάτιον
3636 1036 3770 1092 ἐκεῖ·

359 1135 601 1190 dextera
620 1128 823 1202 pontiﬁ
833 1137 997 1187 catus
1027 1130 1274 1203 gratiam
1298 1131 1793 1202 suscepit,etpost
1810 1128 1928 1184 adn

2204 1151 2230 1202 ι,
2267 1128 2325 1192 ὅς
2359 1126 2447 1185 διὰ
2476 1137 2575 1200 τῆς
2596 1134 2692 1185 τοῦ
2727 1127 2971 1206 μεγάλου
3003 1121 3209 1201 Πέτρου
3241 1123 3414 1197 δεξιᾶς
3443 1132 3545 1195 τῆς
3578 1125 3773 1201 ἀρχιε-

356 1224 669 1279 nistratam
690 1221 1013 1278 Ecclesiam
1062 1220 1493 1275 Antiochenam
1532 1217 1803 1291 martyrii
1843 1234 1925 1272 co}

2207 1217 2371 1289 σύνης
2427 1221 2526 1288 τὴν
2595 1220 2756 1295 χάριν
2817 1215 3053 1290 ἐδέξατο,
3119 1216 3210 1270 καὶ
3265 1217 3364 1285 τήν
3446 1213 3770 1286 Ἐκκλησίαν

356 1330 496 1369 nam
525 1311 773 1383 adeptus
798 1316 981 1367 esti...
1015 1311 1164 1366 Audi
1214 1327 1349 1382 ergo
1407 1310 1561 1366 viros
1618 1310 1925 1382 apostolica

2200 1307 2449 1384 ιτιοχέων
2478 1309 2662 1374 ἰθύνας
2689 1308 2781 1364 τὸν
2829 1312 2927 1363 τοῦ
2985 1304 3284 1382 μαρτυρίου
3341 1302 3600 1383 στέφανον
3654 1305 3769 1361 ἆνε-

356 1402 689 1458 doctrinam
720 1406 1024 1459 sonantes.

2198 1419 2416 1457 σατο....
2449 1445 2456 1452 .
2495 1400 2759 1457 Ἀκουσον
2819 1402 2926 1453 τῶν
2982 1394 3191 1472 ἀνδρῶν
3244 1396 3343 1465 τὴν
3398 1394 3767 1465 ἆποστολικὴν

2118 1486 2503 1565 προφερόντων
2534 1484 2906 1543 διδασκαλίαν.

354 1583 547 1637 Sancti
582 1583 795 1651 Ignatii
837 1583 1079 1654 episc0pi
1128 1582 1456 1654 Antiochem'
1515 1588 1565 1635 et
1633 1583 1897 1649 martyris

2203 1582 2262 1654 ii_
2306 1578 2464 1654 ἁγίου
2521 1577 2788 1654 ξῐγιατίου
2866 1577 3192 1654 ἐπισκόπου.
3266 1576 3611 1654 Ἀντιοχείας
3682 1576 3771 1631 καὶ

816 1648 1065 1722 Epistola
1104 1653 1177 1707 ad
1216 1655 1541 1722 Smyrnaeos.
1788 1648 1795 1649 ί
2193 1648 2385 1725 nam,

2201 1648 2488 1725 μάρτυρος,
2520 1648 2591 1705 ἐντ’
2628 1657 2726 1725 τῇς
2783 1650 2919 1725 πρὸς
2978 1648 3289 1722 Ῥωμαίους
3351 1648 3521 1722 [legé,
3576 1653 3770 1722 Σμυρ-

2193 1671 2365 1723 μαρτυ
2407 1671 2488 1719 ος,
2520 1672 2579 1705 εκ
2628 1671 2726 1718 της
2783 1678 2784 1684 η

2187 1671 2400 1796 ναίουςῗ
2422 1720 2784 1792 Ἐπιστολῆς.

427 1804 604 1861 Plane
636 1806 1053 1877 cumulateque
1074 1822 1388 1877 persuasos
1415 1806 1487 1861 de
1510 1806 1759 1861 Domino
1775 1812 1996 1875 nostro,

2196 1810 2805 1891 Πεπληροφορημένους
2834 1806 3056 1878 ἀληθῶς
3109 1806 3187 1871 εἷς
3216 1808 3306 1863 τὸν
3338 1808 3547 1882 Κύριον
3580 1810 3765 1880 ἡμῶν,

356 1894 457 1965 qui
489 1899 579 1949 est
600 1912 668 1949 ex
690 1911 903 1968 genere
927 1896 1105 1951 David
1126 1895 1452 1950 secundum
1476 1901 1804 1964 carnem,et
1826 1896 1925 1951 Fili

2194 1921 2241 1955 τα
2270 1899 2331 1955 ἐκ
2359 1900 2544 1977 γένους
2577 1894 2742 1955 Δαϐὶδ
2802 1899 2937 1954 κατὰ
2994 1898 3185 1972 σάρκα,
3250 1896 3374 1950 mw
3431 1899 3565 1951 Θεοῦ
3623 1896 3763 1951 κατὰ

360 1986 458 2039 Dei
493 1985 824 2040 secundum
850 1984 1220 2041 divinitatem
1258 1990 1315 2040 et
1338 1986 1703 2056 potentiam:
1740 1986 1839 2056 qui
1871 2001 1929 2039 ve

2195 2009 2339 2059 πτητα
2368 1990 2458 2043 καὶ
2488 1986 2740 2062 δῦναμιν,
2776 1985 3133 2065 γεγενημένον
3182 1983 3408 2055 ἀληθῶς
3459 1982 3518 2039 ἑκ
3551 1984 3764 2059 Παρθὲ-

356 2078 531 2129 natus
562 2079 650 2129 est
680 2091 753 2128 ex
787 2075 1022 2146 Virgine
1048 2074 1403 2146 :baptizatus
1424 2076 1925 2138 aJ‘oanne,utomi

2197 2104 2222 2144 ι,
2261 2074 2693 2153 βεϐαπτισμένον
2722 2078 2824 2133 ὑπὸ
2858 2077 3131 2145 Ἰωάννου,
3176 2071 3262 2130 ἵνα
3291 2073 3565 2149 πληρωθῇ
3615 2078 3766 2129 πᾶσα

356 2162 429 2218 ab
458 2162 835 2235 ipsojustitia
856 2163 1205 2235 impleretur
1233 2180 1245 2217 :
1280 2180 1413 2219 vere
1454 2163 1562 2219 sub
1586 2164 1794 2218 Pontio
1814 2164 1925 2219 Pila

2197 2168 2429 2237 αιοσύνη
2465 2168 2550 2222 ὑπ’
2578 2167 2766 2238 αὐτοῦ,
2802 2164 3022 2237 ἀληθῶς
3082 2163 3167 2220 ἐπὶ
3226 2164 3456 2220 Ποντίου
3514 2161 3766 2220 Πιλάτου

357 2258 416 2309 et
436 2252 661 2307 Herode
686 2252 1000 2319 tetrarcha,
1020 2269 1125 2323 pro
1159 2251 1334 2308 nobis
1356 2253 1418 2308 in
1459 2269 1635 2309 carne
1659 2253 1926 2309 crucifixi

2249 2254 2499 2331 Ἡρώδου
2556 2257 2884 2333 τετράρχου,
2940 2253 3333 2329 καθηλωμένον
3410 2253 3541 2328 ὑπὲρ
3594 2256 3767 2327 ἡμῶν

355 2344 530 2413 Epist.
563 2341 636 2396 ad
665 2342 998 2411 Smyrnaeos,
1031 2358 1153 2412 cap.
1179 2341 1231 2396 1.

715 2356 998 2411 myrnazos,
1031 2358 1153 2412 cap.
1179 2341 1231 2396 1.
2106 2345 2284 2420 σαρκί.

746 2459 1009 2528 Ejusdem
1031 2476 1099 2514 ea:
1129 2459 1315 2515 eadem
1340 2459 1608 2531 Epistola.

2351 2466 2456 2515 Τοῦ
2484 2460 2648 2517 αὐτοῦ
2680 2460 2738 2516 ὲκ
2774 2467 2878 2530 τῆς
2926 2457 3094 2529 αὐτῆς
3142 2455 3500 2527 Ἐπιστολῆς.

425 2575 575 2642 Quid
599 2576 757 2631 enim
779 2576 1041 2648 prodest,
1066 2578 1113 2633 si
1137 2577 1270 2647 quis
1294 2594 1387 2633 me
1426 2578 1648 2647 laudet,
1684 2580 1994 2635 Dominum

2213 2572 2234 2626 ί
2257 2572 2358 2649 γὰρ
2390 2573 2616 2654 ὠφελεῖ,
2657 2573 2808 2647 εἴπερ
2843 2594 2911 2647 με
2940 2572 3151 2628 ἐπαινεῖ
3175 2591 3280 2641 τις,
3321 2572 3412 2627 τὸν
3467 2568 3525 2626 δὲ
3553 2571 3782 2645 Κόριόν

353 2671 554 2723 autem
575 2684 774 2723 meum
809 2668 1198 2740 blasphemet,
1223 2686 1344 2724 non
1383 2670 1673 2725 conﬁtens
1710 2686 1842 2725 eum
1880 2687 1922 2726 ca

2194 2685 2210 2717 ›
2245 2661 2584 2742 βλασφημεῖ,
2647 2665 2724 2736 μὴ
2785 2660 3078 2737 ὁμολογῶν
3133 2659 3293 2716 αὺτὸν
3355 2661 3763 2736 σαρκοφόρον;

354 2772 493 2810 nem
514 2761 744 2828 gestare
763 2757 791 2811 ‘I
814 2757 980 2820 Quod
1002 2758 1103 2828 qui
1126 2774 1247 2813 non
1264 2758 1781 2830 conﬁtetur,plane
1803 2760 1923 2831 ipsu

2194 2752 2219 2807 ὲ
2248 2756 2407 2808 τοῦτο
2442 2754 2519 2826 μή
2550 2751 2750 2829 λέγων,
2806 2750 3032 2815 τελείως
3089 2748 3251 2806 αὺτὸν
3284 2750 3623 2824 ἀπήρνηται,
3681 2750 3763 2812 ὡς

352 2850 545 2916 negat,
574 2850 640 2900 ut
659 2845 906 2900 cadaver
929 2846 1463 2904 circumferentem.
1485 2848 1650 2917 Ibid,
1679 2865 1801 2919 cap.
1833 2850 1888 2903 5.

876 2862 906 2899 r
929 2846 1463 2904 circumferentem.
1485 2848 1650 2917 Ibid,
1679 2865 1801 2919 cap.
1833 2850 1888 2903 5.
2099 2842 2445 2918 νεκροφόρον.

706 2973 963 3042 Ejusdem
1010 2991 1080 3028 ea:
1138 2975 1325 3028 eadem
1370 2976 1640 3046 Epistola.

2348 2978 2460 3032 Τοῦ
2492 2974 2656 3030 αὐτοῦ
2688 2974 2747 3029 ἐκ
2771 2981 2871 3044 τῆς
2924 2975 3097 3044 αὐτῆς
3140 2971 3496 3043 Ἐπιστολῆς.

424 3089 479 3143 Si
501 3090 658 3145 enim
685 3091 964 3161 opinione
1005 3097 1233 3147 tantum
1270 3092 1395 3147 haec
1428 3110 1463 3147 a
1500 3094 1749 3149 Domino
1791 3100 1993 3150 nostro

2201 3091 2233 3145 il
2260 3090 2362 3167 γὰρ
2393 3094 2473 3162 τῷ
2520 3087 2699 3145 δοκεῖν
2724 3094 2893 3146 ταῦτα
2924 3090 3171 3165 ἐπράχθη
3236 3089 3340 3144 ὑπὸ
3403 3091 3501 3143 τοῦ
3542 3089 3770 3164 Κυρίου

351 3183 516 3250 gesta
556 3185 713 3245 sunt,
738 3195 844 3252 ego
875 3196 1110 3251 quoque
1133 3181 1414 3252 opinione
1436 3182 1663 3237 vinctus
1704 3200 1856 3238 sum.
1883 3185 1920 3237 C

2209 3185 2285 3248 ὒν,
2311 3180 2463 3254 κάγὼ
2499 3184 2582 3251 τῷ
2611 3176 2788 3235 δοκεῖν
2852 3176 3091 3251 δέδεμαι.
3150 3177 3212 3235 Τί
3262 3177 3318 3233 δὲ
3372 3177 3463 3232 καὶ
3521 3175 3778 3250 ἐμαυτὸν

351 3273 551 3322 autem
577 3269 944 3339 etmeipsum
986 3271 1161 3324 morti
1186 3270 1501 3336 tradidi,ad
1525 3272 1743 3344 ignem,
1779 3272 1852 3328 ad
1873 3273 1920 3345 gl

2206 3289 2321 3323 οτον
2356 3265 2565 3322 δέδωκα
2592 3272 2672 3340 τῷ
2703 3268 2944 3339 θανάτῳ,
2976 3267 3116 3341 πρὸς
3172 3270 3301 3340 πῦρ,
3359 3264 3495 3339 πρὸς
3545 3262 3775 3340 μάχαι-

352 3356 618 3423 dium,ad
646 3357 863 3413 bestias
886 3358 913 3412 ‘2
936 3361 1148 3414 Verum
1171 3360 1271 3430 qui
1294 3360 1518 3415 vicinus
1537 3361 1750 3431 gladio,
1770 3362 1920 3415 vicin

2208 3398 2219 3424 ,
2279 3355 2414 3430 πρὸς
2474 3354 2845 3428 θηρία;ἀλλ’
2903 3356 2943 3409 ὸ
3010 3353 3169 3430 ἐγγὺς
3232 3352 3531 3432 μαχαίρας,
3589 3350 3777 3428 ἐγγὺς

353 3448 490 3501 Deo.
514 3447 712 3502 Solum
749 3448 809 3502 in
829 3449 1072 3505 nomine
1105 3450 1241 3504 Jesu
1262 3449 1498 3517 Christi,
1545 3455 1611 3504 ut
1649 3450 1922 3521 passionu

2212 3449 2261 3501 ῦ.
2293 3444 2473 3503 Μόνον
2508 3444 2562 3499 ἐν
2619 3450 2698 3517 τῷ
2750 3442 2976 3517 ὀνόματι
3035 3444 3215 3513 Ἰησοῦ
3269 3445 3524 3518 Κριστοῦ,
3568 3440 3654 3504 εἰς
3711 3441 3781 3497 τὸ

352 3536 479 3606 ejus
502 3536 696 3591 socius
716 3536 875 3607 (iam,
898 3538 1099 3593 omnia
1121 3538 1409 3605 sustineo,
1444 3538 1568 3610 ipso
1590 3556 1684 3593 me
1715 3540 1921 3595 corroh

2209 3536 2401 3591 ,παθεῖν
2435 3533 2582 3607 αὐτῷ
2619 3535 2795 3591 πάντα
2846 3534 3124 3608 ὑπομένω,
3181 3533 3350 3588 αὐτοῦ
3402 3552 3469 3605 με
3534 3529 3778 3587 ἐνδυνα-

348 3628 517 3679 rante
542 3625 781 3681 homine
804 3625 1087 3697 perfecto,
1114 3642 1290 3697 quem
1322 3626 1504 3698 aliqui
1536 3628 1874 3700 ignorantes
1892 3648 1917 3685 τ

2207 3644 2336 3685 ιντος
2365 3628 2466 3678 τοῦ
2495 3621 2713 3679 τελείου
2751 3623 3063 3699 ἀνθρώπου,
3112 3622 3169 3677 δν
3227 3641 3367 3682 τινες
3425 3619 3776 3697 ἀγνοοῦντες

346 3720 504 3786 gant.
529 3718 698 3784 Ibid.,
728 3734 849 3787 cap.
877 3720 929 3772 4.

838 3758 849 3772 .
877 3720 929 3772 4.
2099 3713 2407 3789 ἀρνοῦνται.

625 3833 883 3903 Ejusdem
924 3850 992 3889 θαι
1020 3835 1272 3906 Epistola
1312 3836 1387 3891 ad
1426 3837 1703 3909 Ephesios.

2208 3841 2321 3895 Τοῦ
2352 3837 2521 3892 αὐτοῦ
2549 3835 2609 3893 ἐκ
2652 3843 2753 3907 τῆς
2793 3837 2930 3911 πρὸς
2970 3834 3248 3913 Ἐφεσίους
3288 3832 3644 3903 Ἐπιστολῆς.

416 3949 568 4003 Deus
600 3950 760 4004 enim
787 3956 989 4005 noster
1016 3952 1185 4006 Jesus
1225 3953 1504 4019 Christusf
1521 3955 1583 4012 in
1615 3958 1809 4013 Marias
1847 3963 1985 4015 ute-

2205 3959 2228 4015 )
2286 3956 2389 4034 γάρ
2447 3956 2579 4019 Θεὸς
2633 3957 2796 4028 ἡμῶν
2830 3957 3042 4026 Ἰησοῦς
3113 3953 3341 4028 Χριστὸς
3397 3951 3774 4030 ἐκυοιρορήθη

340 4053 407 4091 ro
429 4044 690 4109 gestatus
734 4044 823 4094 est
853 4040 1179 4096 secundum
1212 4043 1314 4097 Dei
1344 4043 1871 4116 dispensationem,

2235 4049 2448 4124 Μαρίας
2475 4048 2594 4103 κατ’
2624 4046 2947 4120 οῗκονομίαν
2977 4049 3135 4115 Θεοῦ,
3183 4044 3243 4100 ἐκ
3296 4045 3608 4120 σπέρματος
3663 4047 3783 4122 μὶν

342 4126 571 4182 semine
589 4128 828 4198 quidem
848 4128 1047 4196 David,
1082 4129 1183 4185 sed
1238 4149 1307 4187 ex
1351 4134 1572 4206 Spiritu
1616 4143 1911 4209 sancto:q

2216 4133 2287 4205 ἱδ,
2347 4137 2406 4192 ἐκ
2463 4136 2776 4208 Πνεῦματος
2831 4132 2889 4189 δὲ
2944 4133 3121 4208 ἁγίου*
3182 4133 3243 4195 ὅς
3316 4133 3599 4207 ἐγεννήθη,
3672 4139 3782 4193 καὶ

343 4220 519 4271 natus
538 4221 625 4271 est
657 4223 714 4272 et
741 4216 1162 4289 baptizatus,ut
1182 4225 1512 4282 mortalitas
1536 4232 1740 4283 nostra
1769 4246 1912 4302 purg

1821 4246 1979 4302 urga-
2097 4220 2417 4297 ἐϐαπτίσθη,
2444 4224 2532 4281 ’ἱνα
2562 4226 2624 4280 τὸ
2657 4224 2854 4296 θνητὸν
2885 4226 3044 4297 ἡμῶν
3071 4225 3390 4296 καθαρισθῇ.

344 4305 527 4358 retur.
560 4304 646 4357 Ea:
668 4306 847 4375 Epist.
887 4306 961 4361 ad
988 4308 1214 4378 Ephes.,
1246 4327 1369 4383 cap.
1407 4316 1492 4369 18.

724 4422 979 4491 Ejusdem
1009 4441 1079 4478 ea:
1106 4426 1292 4482 eadem
1317 4430 1586 4499 Epistola.

2377 4425 2481 4477 Τοῦ
2511 4420 2675 4476 αὐτοῦ
2701 4420 2759 4476 ἐκ
2786 4426 2888 4490 τῆς
2917 4419 3084 4489 αὐτῆς
3110 4419 3458 4489 Ἐπιστολῆς.

413 4534 716 4605 Siquidem
749 4538 963 4611 singuli
985 4557 1193 4598 omnes
1221 4545 1495 4603 universe
1552 4548 1615 4603 in
1651 4552 1839 4622 gratia
1882 4569 1982 4608 no-

2213 4536 2231 4593 ἱ⁷
2254 4559 2306 4592 τι
2339 4539 2392 4592 οἱ
2419 4543 2539 4594 κατ’
2570 4535 2733 4613 ἄνδρα
2771 4540 2926 4611 κοινῇ
2956 4537 3150 4598 πάντες
3214 4535 3266 4590 ἐν
3323 4538 3392 4609 τῇ
3448 4536 3653 4611 χάριτι
3720 4541 3782 4613 ἐξ

340 4623 612 4679 minatim
646 4627 970 4684 convenitis
1000 4631 1058 4685 in
1078 4648 1196 4687 una
1217 4634 1333 4690 ﬁde
1365 4642 1421 4690 et
1441 4637 1501 4691 in
1520 4654 1640 4693 uno
1661 4641 1797 4696 Jesu
1818 4643 1909 4697 Ch]

2223 4648 2360 4690 ιατος
2410 4625 2734 4701 συνέρχεσθε
2786 4625 2837 4681 ἐν
2897 4630 2995 4699 μιᾷ
3048 4625 3249 4691 πίστει,
3282 4624 3369 4680 καὶ
3432 4622 3509 4679 ἐνὶ
3562 4625 3792 4698 Ἰησοῦ

340 4716 798 4781 sto,secundum
831 4735 1071 4775 carnem
1104 4739 1173 4777 ex
1212 4740 1426 4795 genere
1466 4728 1665 4798 David,
1722 4731 1842 4787 ﬁlio
1886 4733 1909 4788 ι

2221 4721 2331 4788 πτῷ,
2363 4715 2498 4770 κατὰ
2533 4715 2702 4791 σάρκα
2757 4714 2817 4770 ἐκ
2862 4715 3052 4789 γένους
3102 4709 3291 4783 Δαὸὶδ,
3349 4719 3428 4787 τῷ
3485 4714 3591 4787 υἱῷ
3665 4723 3790 4775 τοῦ

339 4804 539 4872 minis,
573 4811 632 4860 et
651 4806 794 4861 Filio
826 4808 948 4863 Dei.
982 4810 1155 4879 Ibid.,
1185 4830 1308 4885 cap.
1340 4818 1430 4871 20.

1388 4820 1430 4871 J,
2094 4805 2404 4881 ἀνθρώπου,
2434 4806 2525 4860 καὶ
2547 4805 2657 4879 Γιῷ
2675 4803 2772 4860 τοῦ
2804 4808 2957 4860 Θεοῦ.

732 4926 989 4995 Ejusdem
1016 4945 1084 4983 ex
1112 4932 1297 4987 eadem
1326 4936 1591 5005 Epistola.

2367 4926 2491 4981 ’Τοῦ
2522 4923 2686 4979 αὐτοῦ
2715 4922 2774 4977 ἐκ
2788 4930 2887 4992 τῆς
2910 4923 3079 4992 αὐτῆς
3099 4919 3457 4991 Ἐπιστολῆς.

413 5020 572 5111 Unus
593 5026 683 5077 est
715 5024 981 5081 medicus
1003 5030 1254 5087 carnalis
1302 5038 1362 5087 et
1417 5035 1720 5107 spiritalis,
1752 5038 1982 5109 genitus

2233 5055 2282 5089 τι
2318 5034 2501 5108 ἰατρός
2558 5032 2671 5087 ἐστι
2726 5032 2981 5107 σαρκικὸς
3038 5032 3127 5086 καὶ
3179 5030 3568 5104 πνευματικὸς,
3645 5055 3802 5111 γεν-

339 5124 411 5163 ex
434 5110 719 5182 ingenito,
743 5112 805 5167 in
848 5114 1084 5173 homine
1135 5121 1307 5190 Deus,
1354 5123 1415 5177 in
1455 5130 1643 5181 morte
1682 5126 1800 5182 vita
1828 5144 1908 5182 νε]

2234 5145 2256 5184 ς
2298 5122 2347 5193 ἐξ
2409 5123 2722 5197 ἀγεννήτου,
2775 5121 2826 5178 ἐν
2887 5121 3161 5195 ἀνθρώπῳ
3217 5121 3369 5189 Θεὸς,
3430 5118 3483 5175 ἐν
3535 5110 3802 5202 θανάτῳ

338 5203 397 5289 et
426 5216 497 5253 ex
542 5201 721 5289 Maria
770 5208 829 5258 et
876 5222 943 5259 ex
981 5208 1119 5276 Deo,
1172 5212 1426 5282 primum
1462 5215 1720 5285 patibilis
1752 5222 1808 5271 et
1848 5222 1907 5272 tu

2244 5211 2507 5281 ἀληθινὴ,
2562 5210 2654 5266 καὶ
2706 5208 2769 5265 ἐκ
2841 5211 3054 5285 Μαρίας
3111 5213 3201 5264 καί
3259 5208 3320 5264 ἐκ
3375 5211 3531 5277 Θεοῦ,
3598 5201 3804 5289 apag.

338 5287 707 5359 impatibilis,
736 5294 906 5349 Jesus
938 5296 1204 5355 Christus
1246 5301 1529 5358 Dominus
1561 5311 1784 5361 noster.
1818 5307 1901 5360 lbi

334 5392 459 5431 can.
493 5381 546 5431 7.

2230 5300 2461 5370 παθητὸς
2491 5299 2582 5355 καὶ
2612 5299 2734 5355 τότε
2759 5299 2997 5370 ἀπαθὴς,
3032 5301 3241 5370 Ἰησοῦς
3283 5297 3518 5375 Χριστὸς
3550 5296 3584 5352 ὁ
3658 5287 3799 5361 Κύ-

2243 5394 2406 5431 θυῖῖιυ

352 5392 459 5446 rap.
493 5392 546 5434 'I.
2093 5411 2215 5466 ριος
2243 5394 2426 5463 ἡμῶν.

593 5470 845 5539 Ejusdem
878 5491 947 5530 ea:
985 5479 1238 5549 Epistola
1285 5482 1359 5534 ad
1407 5482 1730 5539 Trallianos.

2199 5483 2314 5538 Τοῦ
2345 5481 2514 5536 αὐτοῦ
2545 5478 2603 5534 ἐκ
2630 5486 2727 5548 τῆς
2785 5476 2924 5604 «piis
2950 5474 3327 5552 Τραλλιανοὸς
3370 5476 3658 5532 Ἐπιστο-

2890 5569 2981 5604 ης.

412 5623 691 5683 Obturate
713 5644 889 5684 aures
919 5637 1161 5699 vestras,
1212 5632 1450 5703 quando
1493 5635 1787 5708 quispiam
1819 5637 1981 5695 vobis

2854 5569 2981 5619 Λης.

2227 5643 2481 5719 υφώθητε
2510 5638 2626 5713 οῦν,
2660 5637 2784 5695 ὅταν
2837 5637 3011 5713 χωρὶς
3070 5639 3251 5708 Ἰησοῦ
3309 5640 3542 5711 Χριστοῦ
3622 5641 3796 5719 ὑμῖν

340 5713 605 5786 loquitur
626 5718 753 5775 sine
775 5721 911 5775 Jesu
933 5721 1162 5777 Christo
1197 5740 1211 5791 ;
1237 5724 1337 5793 qui
1381 5729 1469 5781 est
1516 5742 1586 5781 ex
1635 5743 1849 5797 genere
1873 5729 1909 5784 D

2231 5734 2242 5797 ι
2274 5713 2380 5800 τις,
2410 5732 2509 5786 τοῦ
2550 5727 2608 5785 ἐκ
2654 5726 2840 5804 γένους
2874 5721 3061 5797 Δαϐὶδ,
3112 5728 3207 5781 τοῦ
3263 5726 3322 5782 ἐκ
3380 5724 3639 5801 Μαρίας,
3675 5713 3687 5719 ”
3718 5735 3800 5803 ’ὀς
