3974 6134
263 361 330 419 21
1485 356 1859 421 VETEBUM
1904 357 2412 419 TESTIMONIA.
3580 358 3660 417 22

257 485 465 560 ἀληθῶς
497 484 780 562 ἐγεννήθη,
820 483 988 568 ἔφαγέ
1012 510 1069 545 τε
1095 489 1184 544 καὶ
1237 484 1384 545 ἔπιεν
1439 487 1686 560 ἀληθῶς,
1734 485 1826 543 ἐδιι

2086 491 2123 560 l,
2144 491 2243 562 qui
2269 508 2339 547 ex
2361 489 2567 558 Maria,
2593 489 2693 562 qui
2715 505 2848 546 vere
2883 492 3056 548 natus
3085 493 3194 557 est,
3226 505 3360 546 vere
3393 488 3655 546 comedit

257 581 358 653 χθη
390 577 478 632 ἐπὶ
508 581 734 634 Ηοντίου
804 579 1064 648 Πιλάτου,
1114 579 1452 654 ἐσταυρώθη,
1512 580 1603 634 καὶ
1656 577 1823 633 ἀπέθα

2093 581 2262 652 bibit,
2292 582 2391 652 qui
2417 581 2524 636 sub
2548 582 2757 636 Pontio
2781 581 2968 636 Pilato
2993 596 3202 651 passus
3221 579 3655 647 est,crucifixus

258 668 562 745 βλεπόντων
603 669 868 747 ἐπιγείων
931 671 1018 725 καὶ
1085 670 1423 746 ἐπουρανίων
1480 669 1570 725 καὶ
1630 682 1827 745 καταχ(

2102 676 2392 739 mortuus,
2425 671 2760 726 videntibus
2799 670 3158 739 caalestibus,
3191 669 3570 724 terrestribus
3602 673 3659 723 et

258 759 405 815 νέων.
2014 761 2242 817 inferis.
2279 762 2452 831 Epist.
2486 761 2559 816 ad
2593 761 2787 827 Trall,
2821 777 2942 830 cap.
2987 763 3039 813 9.

1282 869 1437 936 IDEM,
1469 868 1605 923 dial.
1638 867 1932 924 lnconfus.
1968 884 2020 923 ιι.
2056 870 2224 934 Ibid,
2257 885 2392 939 pag.
2427 871 2515 934 86,
2549 869 2609 922 Β.

249 971 559 1060 Τοῦνὰγίου
621 975 901 1064 Ἰιίνατίου
989 972 1285 1060 ἐπισκόπου
1384 973 1726 1064 Ἀιντιοχείζς
1808 993 1818 1027 1

2089 977 2201 1030 neti
2228 977 2440 1044 Ignatii
2477 975 2820 1064 ⁷ᾼγιιξοςήεηξ
2853 975 3110 1064 (episcopi
3155 980 3207 1029 et
3253 971 3536 1047 martyris,
3589 989 3658 1028 ea:

307 1043 605 1171 μὲρτὺρος,
680 1043 738 1102 ἐκ
804 1053 908 1116 τῆς
995 1046 1131 1120 πρὸς
1213 1043 1870 1120 Σμιδρναίους”³Επιστο

343 1137 432 1171 ης.

1611 1043 1614 1046 ’
1645 1047 1900 1100 Ἐπιστο-
2262 1043 2270 1044 ί
2475 1047 2715 1116 Epistola
2747 1046 2820 1100 ad
2849 1043 3180 1116 smyrnwos.

343 1137 432 1184 ης.

310 1224 449 1296 Ἐγὼ
478 1225 593 1299 γὰρ
623 1224 717 1279 καὶ
754 1225 892 1297 μετὰ
934 1225 1033 1294 τήν
1083 1224 1367 1278 ἀνάστασιν
1421 1222 1474 1278 ἐν
1533 1223 1690 1297 σαρκὶ
1729 1222 1879 1278 αὐτὸη

2086 1216 2194 1285 Ego
2227 1214 2388 1268 enim
2420 1219 2553 1285 post
2583 1214 3080 1269 resurrectionem
3112 1213 3307 1284 ipsum
3361 1213 3424 1267 in
3477 1227 3655 1266 carne

247 1311 356 1367 οἶδα
383 1315 472 1367 καὶ
506 1313 754 1368 πιστεύω
787 1309 936 1368 ὄντα·
971 1314 1059 1368 καὶ
1115 1313 1203 1368 ὅτε
1251 1314 1388 1385 πρὸς
1434 1313 1563 1375 τοὺς
1616 1312 1738 1387 περὶ
1795 1315 1813 1368 l

2082 1305 2129 1359 io
2161 1312 2220 1360 et
2250 1304 2424 1359 credo
2449 1320 2577 1360 esse
2605 1310 2695 1360 :et
2713 1304 2947 1376 quando
2971 1303 3043 1359 ad
3067 1321 3167 1359 eos
3195 1302 3294 1374 qui
3325 1319 3460 1358 cum
3477 1304 3651 1357 Petro

243 1422 359 1474 τρον
391 1402 584 1471 ἦλθεν,
619 1398 725 1475 ἔφη
760 1403 969 1464 αὐτοῖς·
1009 1400 1230 1473 Λάϐετε,
1263 1399 1629 1476 ψηλαφήσατέ
1668 1421 1754 1474 με,
1805 1421 1812 1455 :

2086 1399 2197 1461 int,
2229 1393 2410 1460 venit,
2444 1393 2593 1448 dixit
2637 1395 2760 1448 eis:
2812 1393 3096 1464 Accipite,
3143 1391 3377 1463 palpate
3431 1407 3544 1458 me,
3597 1395 3655 1446 et

247 1488 377 1546 ἴδετε
401 1492 484 1546 δτι
527 1489 638 1545 οὐκ
696 1491 812 1563 είμί
872 1489 1157 1556 δαιμόνιον
1215 1490 1524 1565 ἀσώματον
1586 1491 1675 1545 καὶ
1735 1490 1816 1554 εὐε

2084 1482 2196 1537 lete
2225 1483 2366 1554 quia
2391 1500 2511 1538 non
2543 1500 2674 1538 sum
2707 1482 3068 1538 daemonium
3110 1481 3550 1553 incorporeum.
3582 1483 3653 1534 Et

239 1581 393 1634 αὐτυῦ
429 1581 672 1654 ἥψαντο,
707 1581 799 1636 καὶ
832 1579 1166 1637 ἐπίστευσαν.

2087 1573 2208 1626 ιιὶω
2240 1572 2434 1644 ipsum
2467 1573 2806 1645 tetigerunt,
2841 1577 2900 1628 et
2928 1571 3328 1628 crediderunt.
3377 1570 3549 1641 Epist.
3583 1569 3656 1624 ad

2002 1659 2218 1729 Smyrn.
2232 1701 2248 1727 ,
2279 1675 2399 1730 cap.
2435 1661 2488 1715 3.

488 1772 605 1825 Τοῦ
635 1767 807 1822 αὖτοῦ
839 1767 899 1822 ἐκ
925 1774 1026 1837 τῆς
1059 1768 1226 1837 αὐτῆς
1258 1765 1611 1836 Ἐπιστολῆς.
1927 1803 1971 1868 Β

1927 1803 1971 1868 Β
2387 1767 2647 1837 Ejusdem
2677 1783 2747 1822 ea:
2775 1768 2964 1823 eadem
2990 1765 3258 1837 Epistola.

300 1875 443 1932 Μετὰ
484 1871 541 1930 δὲ
571 1876 680 1942 τήν
722 1873 1009 1931 ἀνάστασιν
1062 1873 1153 1929 καὶ
1203 1873 1463 1950 συνέφαγε
1509 1872 1598 1928 καὶ
1645 1870 1869 1928 συνέπιεπ

2079 1876 2214 1929 Post
2241 1875 2742 1931 resurrectionem
2773 1879 2970 1930 autem
3002 1889 3122 1928 una
3150 1889 3284 1928 cum
3307 1872 3394 1926 eis
3416 1875 3475 1926 et
3495 1887 3648 1926 com-

238 1962 434 2033 αὐτοῖς,
467 1965 545 2027 ὠς
588 1969 866 2040 σαρκικῶς
920 1964 1011 2020 καὶ
1067 1968 1443 2036 πνευματικῶς
1499 1963 1777 2034 ἡνωμένος

2078 1964 2122 2017 it
2150 1969 2206 2019 et
2233 1964 2402 2032 bibit,
2447 1969 2730 2034 tanquam
2773 1961 3092 2019 carnaliter
3143 1966 3202 2016 et
3255 1959 3643 2032 spiritualiter

232 2053 416 2128 Πατρί.

1995 2053 2202 2109 unitus
2233 2053 2411 2109 Patri.
2445 2053 2585 2108 Ibid.

1249 2156 1402 2222 Ιυειι,
1435 2155 1570 2209 dial.
1605 2151 1876 2224 Impatib.
1909 2167 1992 2209 ιιι.
2024 2151 2189 2220 Ibid.,
2214 2169 2350 2222 pag.
2387 2152 2506 2220 154,
2542 2153 2606 2206 D.

221 2259 322 2314 T05
431 2253 595 2328 ἁγίου
680 2253 940 2344 ’ξγνατίου
1017 2252 1314 2344 ἐπισκόπου
1392 2250 1726 2344 ᾉντιοχείτας

2078 2251 2196 2306 ncti
2222 2253 2432 2321 Ignatii
2460 2251 2706 2344 e'pisc‘opi
2762 2250 3093 2344 antiocheni
3137 2255 3189 2304 et
3242 2251 3529 2320 martyria,
3576 2266 3644 2306 ea:

291 2322 610 2456 μάρτυρος,
694 2322 753 2380 ἐπ
824 2331 924 2393 τῆς
998 2325 1136 2401 πρὸς
1215 2322 1858 2400 Σμυρναίους’”Ἐπιστο

325 2420 414 2456 ῖς.

1603 2322 1614 2328 ’
1634 2325 1892 2381 Ἐπιστο-
2462 2323 2712 2395 Epistola
2741 2323 2814 2378 ad
2843 2322 3172 2392 Smyrnaeos.

325 2420 414 2469 ης.

289 2495 672 2576 Εὐχαριστίας
701 2496 790 2550 καὶ
842 2495 1156 2572 προσφορὰς
1206 2497 1306 2550 οὐκ
1353 2493 1744 2571 ἀποδέχονται,
1801 2493 1851 2550 δι

2075 2505 2468 2561 Eucharistias
2496 2509 2556 2560 et
2585 2504 2917 2560 oblationes
2945 2521 3065 2559 non
3097 2503 3440 2572 admittunt,
3479 2503 3644 2588 (quod

225 2588 283 2643 τὸ
324 2591 396 2661 μή
447 2588 754 2662 ὁμολογεῖν
813 2590 912 2657 τὴν
967 2587 1321 2662 εὐχαριστίαν·
1375 2589 1544 2662 σάρκα
1614 2589 1747 2642 εἶναι
1793 2613 1794 2620 ι

2076 2611 2114 2648 n
2147 2595 2542 2650 confiteantur
2571 2594 2989 2650 eucharistiam
3022 2610 3262 2648 carnem
3290 2609 3416 2648 esse
3448 2593 3645 2648 Salva-

232 2686 481 2751 Σωτῆρος
517 2680 690 2749 ἡμῶν
724 2679 905 2746 Ἰησοῦ
931 2679 1188 2750 Χριστοῦ,
1221 2679 1322 2746 τὴν
1379 2678 1507 2751 ὑπὲρ
1557 2683 1663 2732 τῶν
1711 2680 1801 2750 ἁμι

2073 2684 2143 2737 ris
2175 2684 2361 2738 nostri
2393 2685 2530 2738 Jesu
2561 2683 2798 2748 Christi,
2832 2700 2962 2753 quae
2994 2699 3099 2753 pro
3131 2683 3392 2754 peccatis
3421 2681 3642 2737 nostris

235 2773 359 2822 τιῶν
387 2771 550 2840 ἡμῶν
585 2771 892 2836 παθοῦσαν,
924 2767 988 2836 ἢν
1019 2768 1364 2845 χρηστότητι
1419 2768 1446 2821 ὁ
1503 2768 1687 2842 Πατὴρ
1735 2768 1804 2842 ἢγ

2069 2789 2172 2826 .ssa
2201 2779 2311 2838 est,
2344 2788 2523 2842 quam
2551 2773 2724 2826 Pater
2754 2771 3112 2842 benignitate
3152 2787 3258 2827 sua
3317 2771 3638 2826 suscitavit.

253 2875 354 2929 ρεν.
678 2822 699 2831 ⁷
882 2822 892 2836 ⁷
949 2822 959 2836 ’
1021 2822 1130 2845 Μ’
1295 2822 1305 2836 ’
1641 2822 1666 2842 ”
1923 2822 2803 2934 οὲἷοέᾖξιξι”ςῆιξῆξξάρζᾶ.

1851 2963 2008 3017 XIII.

417 3067 696 3119 GELASIUS
728 3064 770 3127 ι,
815 3062 1110 3118 Adversus
1141 3063 1384 3133 Eutych.
1421 3068 1479 3118 et
1508 3067 1734 3120 Nestor.
1772 3072 1855 3124 Ea:
1888 3069 2145 3125 Biblioth.
2179 3071 2286 3124 PP.
2319 3070 2499 3126 Paris.
2533 3074 2662 3124 tom.
2692 3069 2795 3132 IV,
2817 3074 2972 3138 part.
3009 3085 3047 3131 ι,
3072 3083 3203 3139 pag.
3235 3069 3358 3137 423,
3390 3068 3449 3124 F.

288 3180 658 3235 Testimonia
688 3183 952 3233 veterum
985 3178 1056 3233 de
1089 3178 1316 3234 duabus
1344 3181 1572 3235 naturis
1598 3181 1660 3236 in
1691 3183 1941 3240 Christo.
1977 3187 2186 3255 Ignatii
2217 3184 2458 3258 episcopi
2508 3190 2561 3239 et
2611 3187 2868 3254 martyris
2907 3185 3241 3239 Antiocheni
3291 3201 3360 3238 ea:
3398 3185 3644 3256 Epistola

226 3271 295 3324 ad
321 3271 603 3339 Ephesios.
644 3270 808 3324 Unus
841 3268 1106 3324 medicus
1137 3274 1245 3334 est,
1279 3270 1532 3325 carnalis
1563 3277 1620 3326 et
1651 3273 1998 3343 spiritualis,
2031 3275 2223 3330 factus
2254 3280 2312 3328 et
2342 3291 2463 3329 non
2492 3274 2704 3341 factus,
2738 3275 2798 3329 in
2830 3274 3072 3330 homine
3105 3274 3280 3342 Deus,
3337 3273 3399 3327 in
3450 3280 3638 3329 morte

227 3359 337 3414 vita
365 3365 618 3427 aiterna,
655 3375 723 3414 ex
751 3359 931 3414 Maria
953 3363 1009 3412 et
1032 3376 1101 3414 ex
1121 3358 1258 3424 Deo,
1283 3359 1540 3430 primum
1559 3362 1861 3432 passibilis
1885 3370 1943 3419 et
1959 3371 2100 3419 tunc
2121 3363 2529 3435 impassibilis.
2555 3364 2839 3419 Dominus
2865 3368 3068 3419 noster
3085 3364 3254 3418 Jesus
3277 3362 3642 3419 Christus.Et

227 3456 340 3517 post
364 3466 557 3519 pauca
579 3467 600 3501 :
633 3447 882 3519 Singuli,
917 3447 1122 3517 inquit,
1156 3448 1262 3501 viri
1289 3450 1686 3505 communiter
1716 3469 1948 3522 omnes,
1977 3471 2046 3509 ex
2073 3454 2262 3526 gratia
2291 3470 2361 3508 ex
2392 3455 2632 3509 nomine
2654 3453 2965 3508 convenite
2987 3453 3048 3507 in
3070 3469 3250 3508 unam
3271 3452 3472 3522 fidem,
3501 3453 3639 3508 etin

227 3553 339 3592 uno
367 3539 506 3593 Iesu
529 3537 790 3602 Christo,
818 3537 1145 3592 secundum
1177 3553 1419 3594 carnem
1451 3555 1524 3595 ex
1553 3556 1768 3612 genere
1803 3543 2001 3608 David,
2035 3544 2158 3598 filio
2187 3543 2448 3599 hominis
2471 3549 2529 3599 et
2558 3543 2680 3598 ﬁlio
2710 3543 2834 3598 Dei.
2867 3543 3044 3612 Epist.
3079 3541 3154 3598 ad
3199 3543 3422 3612 Ephes.,
3473 3559 3636 3614 capp.

227 3630 336 3681 7et
360 3629 451 3680 20.

1857 3731 1996 3786 XIV.

271 3827 613 3880 Britannus
643 3823 981 3896 patriarcha
1009 3824 1493 3899 Theopolitanus,
1526 3828 1586 3880 in
1615 3827 1797 3898 Epist.
1833 3829 1905 3883 ad
1937 3829 2257 3885 Zenobium
2287 3831 2705 3886 scholasticum
2735 3829 3098 3886 Emisenum.
3131 3829 3300 3899 Apud
3329 3829 3580 3884 Pnormu

1039 3896 1312 3951 Biblioth.
1345 3897 1475 3952 Cod.
1509 3896 1772 3970 ccxxvlu,
1800 3917 1936 3970 pag.
1971 3903 2095 3972 778,
2127 3903 2258 3956 edit.
2300 3904 2624 3973 Rothomag.
2660 3905 2817 3957 1653.

285 4021 451 4094 Ὅπερ
484 4015 584 4074 οὖν
619 4016 828 4092 εἴρηται
858 4019 990 4072 κατᾶ
1047 4019 1109 4074 τὸ
1157 4019 1342 4094 τρίτον
1382 4019 1676 4097 κεφάλαιον
1717 4020 1776 4078 ἔκ
1819 4045 1848 4079 τ

2065 4027 2222 4091 Quod
2255 4029 2433 4101 igitur
2490 4028 2664 4082 tertio
2725 4027 2912 4099 capite
2967 4026 3190 4082 dictum
3249 4031 3340 4081 est
3385 4031 3510 4082 tum
3565 4043 3634 4082 ex

221 4111 318 4162 τῶν
351 4107 733 4187 εὖαγγελικῶν
791 4112 986 4185 φωνῶν
1039 4111 1129 4164 καὶ
1188 4109 1249 4164 ἐκ
1304 4111 1410 4166 τῶν
1470 4111 1790 4167 ἀποστολικὲ

2061 4118 2362 4191 angelicis,
2395 4124 2521 4173 tum
2549 4134 2619 4172 ex
2651 4116 2990 4187 apostolicis
3020 4115 3232 4183 verbis,
3253 4119 3428 4185 atque
3453 4115 3630 4170 etiam

221 4202 300 4255 καὶ
327 4200 392 4271 δὴ
424 4202 518 4258 καὶ
555 4201 617 4256 ἐκ
643 4205 751 4256 τῶν
813 4201 1092 4276 μακαρίων
1153 4204 1406 4273 Ματέρων
1464 4207 1649 4277 ἡμῶν,
1703 4211 1790 4282 Ἰγπ

2090 4208 2277 4263 beatis
2310 4207 2579 4264 Patribus
2611 4205 2854 4270 nostris,
2889 4204 3112 4276 Ignatio
3146 4203 3400 4269 Deifero,
3431 4203 3630 4275 LJulio,

221 4291 327 4346 τῖου
381 4297 480 4348 τοῦ
547 4292 846 4371 Θεοφόρου,
905 4292 1158 4360 Ἰουλίου,
1214 4293 1305 4347 καὶ
1385 4292 1724 4364 Ἀθανασίου,
1781 4315 1790 4348 :

1592 4292 1724 4364 τίου,
1781 4293 1873 4348 καὶ
1987 4298 2329 4367 Athanasio,
2364 4297 2657 4368 Gregoriis
2690 4300 2748 4350 et
2781 4295 3017 4364 Basilio,
3049 4299 3161 4350 etc.

221 4381 539 4456 Γρηγορίων
574 4381 663 4435 καὶ
705 4380 1014 4454 Βασιλείου,
1045 4403 1098 4437 κ.
1131 4405 1177 4439 τΙ
1214 4380 1268 4438 λ.

530 4471 805 4543 Insu.!De
835 4472 1022 4528 saeris
1050 4473 1380 4529 Antiochia
1409 4474 1636 4547 legibus
1668 4475 1765 4531 lib.
1798 4493 1876 4534 ιιι.
1912 4473 2076 4546 Apud
2107 4475 2380 4542 Puorwu,
2413 4471 2572 4540 ibid.,
2605 4471 2736 4528 Cod.
2771 4487 2999 4539 ccxxrx,
3025 4487 3162 4542 pag.
3196 4471 3320 4540 810,

291 4581 391 4636 Καὶ
423 4583 452 4635 ὁ
485 4580 766 4658 Θεοφόρος
820 4577 904 4650 δὲ,
931 4580 1186 4653 Ἰγνάτιος
1243 4581 1332 4634 καὶ
1398 4582 1625 4654 μάρτυς,
1690 4589 1860 4657 Σμυρ-

2058 4584 2246 4640 Etiam
2276 4583 2562 4656 Ignatius,
2593 4581 2680 4637 vir
2706 4581 2938 4638 divinus
2969 4585 3286 4653 etmartyr,
3312 4580 3625 4653 epistolam

228 4668 390 4733 ναίοις
417 4667 792 4742 ἐπιστέλλων,
825 4668 1034 4742 ὁμοίως
1061 4667 1334 4747 κέχρηται
1361 4673 1443 4742 τῷ
1473 4668 1678 4747 ἅρθρῳ.

1987 4673 2060 4730 ad
2089 4675 2421 4746 Smyrnaeos
2450 4672 2737 4743 scribens,
2773 4671 3050 4727 similiter
3076 4669 3327 4728 articulo
3349 4672 3553 4727 utitur.

1868 4801 1984 4854 XV.

264 4918 456 4974 (imus
489 4919 750 4982 Sumus,
783 4919 839 4970 in
872 4916 1264 4987 Castigatione
1301 4915 1452 4970 Cleri
1488 4917 1827 4985 Britanniae,
1854 4919 1950 4973 sub
1978 4918 2222 4973 initium.
2254 4919 2343 4973 Ea:
2371 4919 2516 4972 Bibl.
2549 4920 2656 4972 PP.
2690 4919 2866 4972 Paris.
2902 4923 3034 4970 tom.
3077 4917 3144 4980 V,
3173 4932 3306 4987 pag.
3330 4916 3483 4971 Γ4-09.
3526 4918 3590 4972 D.

298 5036 429 5100 Quis
451 5040 737 5098 vestrum,
762 5036 829 5086 ut
855 5037 1094 5086 sanctus
1119 5036 1346 5102 martyr
1372 5031 1632 5102 Ignatlus
1663 5033 1988 5089 Antiochiae
2009 5034 2172 5089 urbis
2201 5035 2532 5106 episcopus,
2558 5037 2692 5104 post
2711 5031 3095 5087 admirabiles
3121 5032 3185 5085 in
3207 5030 3436 5086 Christo
3464 5035 3632 5088 actus

236 5122 300 5178 ob
328 5122 738 5178 testimonium
765 5120 918 5191 ejus,
954 5119 1192 5174 leonum
1221 5119 1396 5174 molis
1428 5121 1625 5175 Romae
1657 5121 1992 5178 confractus
2026 5123 2161 5177 est?
2189 5124 2371 5194 Cujus
2397 5122 2596 5185 verba,
2629 5138 2762 5177 cum
2795 5121 2868 5176 ad
2900 5119 3233 5192 passionem
3288 5118 3632 5189 duceretur,

237 5213 532 5266 audientes
566 5211 638 5282 (si
671 5207 994 5279 aliquando
1026 5209 1220 5263 vultus
1249 5208 1428 5263 vestri
1455 5209 1668 5265 rubore
1701 5211 1909 5266 suﬂ'usi
1943 5214 2184 5282 essent),
2215 5229 2334 5266 non
2365 5212 2556 5267 solum
2590 5211 2650 5265 in
2699 5209 3138 5277 comparatione
3183 5209 3312 5277 ejus
3357 5225 3456 5263 vos
3509 5226 3630 5265 non

236 5301 508 5371 putabitis
539 5297 899 5356 sacerdotes.
937 5297 1039 5352 sed
1070 5314 1142 5352 ne
1175 5297 1502 5353 mediocres
1524 5298 1764 5370 quidem
1788 5300 2152 5356 Christianos
2172 5317 2320 5355 esse.
2350 5301 2447 5355 Ait
2469 5300 2626 5355 enim
2649 5299 2711 5354 in
2735 5298 3202 5370 Epistola.quam
3217 5297 3291 5353 ad
3309 5299 3636 5354 Romanam

238 5389 544 5446 Ecclesiam
577 5389 778 5445 misit:
813 5392 857 5444 Α
892 5389 1060 5457 Syria
1087 5404 1256 5458 usque
1285 5391 1511 5444 Romam
1543 5406 1664 5444 cum
1695 5390 1874 5445 bestiis
1904 5397 2051 5446 terra
2079 5393 2330 5460 marique
2357 5393 2632 5460 depugno,
2664 5390 2754 5444 die
2785 5407 2846 5444 ac
2876 5395 3028 5443 nocte
3059 5403 3337 5444 connexus
3387 5395 3439 5443 et
3469 5388 3629 5444 colliv

239 5486 380 5554 gatus
405 5479 582 5536 decem
613 5478 910 5548 lenpardis,
944 5475 1216 5531 militibus
1249 5475 1372 5532 dico
1404 5478 1478 5532 ad
1507 5479 1808 5532 custodiam
1837 5478 2006 5544 datis,
2055 5479 2154 5550 qui
2202 5497 2270 5533 ea:
2316 5480 2608 5551 beneﬁciis_
2632 5480 2830 5533 nostris
2879 5478 3127 5532 saeviores
3174 5482 3330 5546 ﬁant.
3383 5477 3491 5534 Sed
3533 5495 3629 5548 ego

240 5581 411 5621 eorum
438 5566 701 5639 nequitiis
730 5566 906 5634 magis
936 5564 1162 5618 crudior
1182 5583 1202 5618 :
1230 5582 1326 5620 nec
1358 5571 1535 5620 tamen
1574 5568 1633 5620 in
1666 5567 1764 5622 hoc
1784 5568 2122 5637 justi/icatus
2149 5585 2285 5624 sum.
2321 5571 2364 5625 Ο
2386 5569 2586 5624 saluta:
2604 5585 2655 5622 es
2684 5567 2881 5622 bestias
2902 5582 3021 5636 qua.o
3031 5573 3428 5638 praeparantur
3447 5565 3628 5622 mihi!

239 5655 447 5720 Quando
471 5659 736 5714 venient?
765 5655 988 5728 quando
1019 5654 1380 5712 omittentur?
1409 5657 1634 5728 quando
1665 5658 1740 5714 eis
1768 5660 1891 5726 frui
1921 5657 2105 5715 licebit
2137 5657 2391 5715 carnibus
2420 5659 2550 5716 meis
2571 5660 2598 5713 ?
2628 5659 2770 5726 Quas
2800 5672 2896 5728 ego
2925 5663 3124 5728 erepto
3155 5657 3390 5713 acriores
3403 5657 3626 5728 parari,
