3974 6134
326 385 403 445 23
1397 382 1458 442 S.
1508 379 1898 442 IGNATIUS.
1949 414 2018 424 —-
2066 380 2691 442 PROLEGOMENA.
3658 377 3739 436 24

329 524 381 575 et
402 519 649 575 inuitabo
680 521 754 576 ad
782 521 1188 576 devorationem
1213 518 1341 584 mei,
1374 522 1427 573 et
1454 515 1805 587 deprecabor,
1877 530 1947 570 ne
1987 515 2156 584 forte,
2202 522 2263 570 ut
2310 516 2591 572 nonuullis
2632 520 2901 587 fecerunt,
2946 515 3176 572 timeant
3217 515 3491 585 attingere
3537 528 3745 584 corpus

326 625 544 671 meum;
575 609 842 679 quinimo,
875 610 926 667 si
955 617 1149 665 cuncta
1162 610 1386 675 buntur,
1420 624 1515 675 ego
1544 609 1655 662 vim
1680 608 1907 675 faciam.
1939 621 2039 675 ego
2067 622 2151 659 me
2176 608 2439 675 ingeram.
2460 609 2620 673 Date,
2644 622 2849 680 quaeso,
2872 606 3122 673 veniam;
3154 621 3251 675 ego
3268 605 3399 658 novi
3412 604 3547 674 quid
3566 619 3743 672 expc-

327 698 448 752 diat
478 699 649 753 mihi:
679 715 825 754 nunc
855 700 1060 771 incipio
1092 715 1199 754 esse
1229 698 1433 755 Christi
1463 695 1787 766 discipulus.
1831 697 2081 751 Facessat
2109 696 2323 751 invidia
2347 697 2433 752 vel
2463 696 2698 752 humani
2725 697 2974 767 affectus,
3000 696 3084 751 vel
3106 696 3371 766 nequitia
3401 686 3742 763 spiritualis,

325 792 388 839 ut
432 786 616 841 Jesum
676 787 948 843 Christum
1002 803 1188 842 merar
1252 787 1490 855 adipisci
1566 787 1747 854 Ignes,
1796 800 2000 851 cruces,
2058 784 2270 853 bestiae,
2320 787 2685 855 dispersiones
2738 787 2957 855 ossium,
3015 784 3513 855 discerptionesque
3562 797 3742 836 mem-

328 875 565 941 brorum,
601 892 665 932 ac
696 876 864 932 totius
894 878 1137 947 corporis
1161 890 1363 946 paenae,
1387 881 1439 930 et
1468 876 1656 929 omnia
1684 875 1747 928 in
1774 891 1859 929 me
1882 889 2053 928 unum
2081 875 2362 945 supptieia
2417 875 2628 930 diaboli
2680 881 2801 930 arte
2844 876 3080 946 quaesita
3130 873 3524 943 compleantur,
3570 869 3743 926 dum-

330 965 489 1020 modo
518 967 702 1021 Jesum
733 965 1003 1022 Christum
1036 981 1249 1020 merear
1277 964 1607 1035 adipisci....
1642 962 2010 1019 Christianus
2043 979 2165 1019 non
2195 963 2515 1020 mediocris
2545 963 2650 1019 sed
2681 963 2995 1036 perfectus,
3029 962 3311 1019 sacerdos
3339 977 3462 1016 non
3480 959 3616 1015 vilis
3640 958 3747 1015 sed

337 1054 694 1126 praecipuus,
726 1054 913 1112 dicit:
944 1057 1102 1111 Nunc
1128 1053 1340 1127 incipio
1370 1069 1477 1109 esse
1508 1052 1717 1109 Christi
1746 1052 2065 1123 discipulus.
2099 1051 2282 1124 Epist.
2316 1052 2389 1107 ad
2420 1054 2613 1121 Rom.,
2672 1055 2804 1125 'cap.
2847 1057 2900 1109 5.
2948 1055 3033 1109 Ex
3075 1052 3310 1122 Ruﬁno,
3359 1051 3503 1106 Hist.
3555 1049 3745 1105 eccles.

342 1142 446 1200 lib.
479 1160 561 1212 ιιι,
596 1161 724 1216 cap.
759 1146 846 1200 36.

1967 1268 2109 1323 XVI.

1159 1372 1372 1426 Auctor
1400 1372 1664 1425 CHRONICI
1696 1369 2027 1437 PASCHALIS,
2052 1384 2189 1439 pag.
2223 1370 2347 1423 221.
2380 1368 2516 1424 edit.
2548 1371 2726 1426 Paris.
2764 1370 2920 1423 1688.

413 1486 582 1553 Quod
611 1491 810 1543 autem
840 1488 1148 1556 Dominus,
1179 1487 1497 1559 praedicato
1520 1502 1628 1557 per
1658 1490 1777 1541 tres
1808 1501 1996 1541 annos
2025 1487 2078 1553 Α

342 1577 676 1649 Evangelia,
711 1576 786 1633 ad
814 1576 1213 1632 voluntariam
1244 1580 1303 1631 et
1335 1574 1618 1631 viviﬁcam
1650 1592 1888 1631 crucem
1911 1592 2002 1631 ve-

346 1666 527 1733 nerit,
560 1666 731 1721 docet
778 1666 1041 1737 Ignatius
1091 1663 1190 1718 ille
1243 1663 1440 1718 Deifer
1487 1667 1546 1717 et
1592 1669 1837 1735 martyr,
1898 1664 2001 1734 qui

2178 1486 2300 1542 Ὅτι
2334 1482 2393 1540 δὲ
2419 1489 2566 1558 τρεῖς
2624 1484 2899 1549 ἐνιαυτοὺς
2952 1482 3187 1558 κηρύξας
3238 1483 3300 1538 τὸ
3354 1481 3695 1559 Εὗαγγέλιον
3729 1480 3756 1536 6

2107 1570 2301 1646 Κύριος
2334 1572 2421 1629 ἐπὶ
2451 1573 2544 1628 τὸν
2575 1572 2822 1628 ἑκούσιον
2860 1572 2953 1629 καὶ
3005 1572 3273 1642 ζωοποιὸν
3321 1570 3459 1639 ἦλθε
3500 1569 3760 1643 σταυρὸν,

2107 1659 2347 1718 διδάσκει
2404 1663 2495 1717 καὶ
2555 1662 2823 1738 Ἰγοάτιος
2889 1663 2918 1717 6
2977 1661 3254 1739 Θεοφόρος
3312 1659 3403 1716 καὶ
3463 1658 3757 1733 μάρτυς,ὁ

350 1755 593 1811 Joannis
616 1753 870 1826 theologi
893 1753 1189 1826 genuinus
1213 1751 1540 1824 discipulus
1556 1750 2002 1820 fuit,sanctissi-

345 1858 579 1914 maeque
592 1842 980 1899 Antiochense
1000 1841 1277 1897 Ecclesiaa
1297 1840 1612 1913 episcopus
1630 1841 1702 1896 ab
1719 1841 2003 1914 apostolis

353 1931 733 1988 constitutus.
767 1933 821 1987 Is
854 1932 1073 2003 quippe
1102 1930 1163 1986 in
1187 1929 1453 2002 Epistola
1474 1929 1549 1985 ad
1569 1930 1898 1987 Trallianos
1920 1930 2005 1986 sic

348 2020 524 2076 verbo
558 2024 731 2075 tenus
777 2019 1060 2091 scripsit:
1128 2020 1252 2074 Vere
1308 2020 1505 2073 etenim
1546 2021 1767 2088 peperit
1821 2020 2007 2074 Maria

352 2125 572 2179 corpus,
607 2110 710 2164 Deo
742 2111 801 2163 in
832 2125 894 2164 eo
929 2109 1235 2173 habitante,
1282 2113 1331 2162 et
1362 2123 1487 2162 vere
1530 2113 1692 2163 notus
1742 2114 1819 2162 est
1867 2109 2007 2163 Deus

363 2200 604 2255 Verbum
628 2216 696 2253 ea:
734 2197 982 2267 Virgine,
1013 2212 1211 2267 corpus
1250 2196 1505 2252 similiter
1545 2196 1700 2251 nobis
1750 2197 2009 2266 possibile

357 2290 479 2345 sine
503 2298 728 2357 peccato
767 2288 1017 2345 induens.
1078 2288 1213 2340 Vere
1257 2292 1546 2355 conceptus
1593 2292 1671 2340 est
1724 2288 1782 2339 in
1828 2292 2008 2353 utero,

357 2370 485 2449 (qui
513 2392 692 2431 omnes
725 2376 967 2431 homines
996 2379 1055 2430 in
1079 2376 1241 2430 vulva
1269 2373 1476 2444 fingit),
1521 2377 1770 2442 formans
1818 2381 1869 2428 et
1916 2376 2011 2443 fa-

361 2469 509 2523 ciens
536 2467 641 2520 sibi
670 2481 866 2536 eorpus
896 2482 965 2520 ea:
1014 2466 1263 2534 Virgine,
1306 2465 1423 2518 sine
1450 2465 1655 2519 semine
1699 2462 1907 2518 scilicet
1957 2469 2011 2518 et

361 2555 751 2611 consuetudine
779 2555 890 2609 viri
912 2570 936 2617 ;
973 2559 1340 2623 portatusque
1369 2554 1427 2605 in
1457 2557 1633 2618 utero,
1662 2554 1803 2607 sicut
1832 2559 1881 2606 et
1914 2568 2012 2608 nos

363 2653 606 2714 tempore
626 2643 845 2713 portati
871 2658 1054 2698 sumus
1080 2658 1094 2696 :
1127 2648 1179 2697 et
1214 2657 1339 2697 rere
1371 2642 1607 2696 laetatus
1635 2647 1710 2696 est
1741 2644 1792 2696 et
1827 2645 2013 2696 nutri—

361 2742 448 2791 tus
475 2737 615 2791 sicut
658 2748 757 2788 nos
789 2749 802 2799 ;
836 2739 887 2787 et
917 2732 1035 2788 cibo
1064 2734 1114 2787 et
1140 2738 1279 2802 potu
1306 2730 1474 2786 sicuti
1502 2738 1554 2786 et
1583 2747 1681 2785 nos
1728 2747 1855 2786 usus
1892 2738 1970 2788 est
1990 2749 2013 2796 ;

2108 1750 2358 1808 Ἰωάννου
2388 1754 2487 1807 τοῦ
2517 1748 2793 1825 Θεολόγου
2821 1752 3043 1824 γνήσιος
3078 1751 3328 1823 μαθητὴς
3358 1749 3619 1827 γεγονὼς,
3652 1754 3753 1813 τῆς

2109 1840 2167 1896 δὲ
2194 1838 2248 1896 έν
2281 1839 2596 1913 Ἀντιοχείᾳ
2625 1840 2937 1915 ἁγιωτάτης
2964 1838 3294 1911 Ἐκκλησίας
3325 1837 3622 1899 ἐπίσκοπος
3653 1835 3755 1892 ὑπὸ

2107 1934 2215 1986 τῶν
2256 1929 2580 1986 ἀποστόλων
2609 1930 2981 1995 κατασταθείς.
3043 1931 3130 1986 Ἐν
3173 1931 3244 2003 τῇ
3293 1929 3428 2004 πρὸς
3477 1926 3765 2005 Τραλλια-

2109 2018 2237 2083 νοὺς
2261 2019 2441 2075 τοίνυν
2500 2017 2803 2094 Ἐπιστολῇ
2857 2019 3122 2096 γέγραφεν
3171 2016 3257 2074 ἐπὶ
3308 2016 3507 2088 λέξεως
3563 2018 3760 2079 οὕτως·

2111 2106 2366 2177 Ἀληθῶς
2467 2109 2652 2164 τοίνυν
2753 2107 3004 2183 ἐγέννησε
3085 2107 3268 2182 Μαρία
3370 2111 3551 2180 σῶμα,
3632 2106 3765 2161 Θεὸν

2111 2192 2242 2273 ἕχον
2305 2191 2535 2266 ἕνοικον,
2602 2197 2690 2253 καὶ
2754 2195 2978 2267 ἀληθῶς
3036 2195 3297 2273 ἐγεννήθη
3373 2196 3401 2251 6
3468 2195 3645 2272 Λόγος
3708 2195 3765 2250 ἐκ

2112 2296 2211 2358 τῆς
2239 2288 2508 2364 παρθένου
2593 2287 2829 2363 Μαρίας,
2929 2292 3089 2359 σῶμα
3191 2289 3526 2362 ὁμοιοπαθὲς
3629 2290 3765 2359 ἡμῖν

2113 2378 2504 2457 ἠμφιεσμένος.
2567 2377 2821 2449 Ἀλησῶς
2883 2378 3102 2455 γέγονεν
3167 2376 3219 2431 έν
3282 2379 3485 2451 μήτρᾳ,
3543 2378 3572 2432 6
3632 2374 3764 2431 πάν-

2111 2489 2207 2531 τας
2260 2468 2579 2542 ἀνθρώπους
2637 2465 2689 2522 έν
2754 2469 2938 2542 μήτρᾳ
2993 2464 3364 2522 διαπλάττων·
3423 2465 3513 2521 καὶ
3573 2464 3768 2537 ἐποίη-

2118 2578 2201 2611 σεν
2255 2556 2431 2628 ἑαυτῷ
2497 2559 2656 2629 σῶμα
2721 2553 2784 2610 ἐκ
2844 2559 2952 2611 τῶν
3019 2557 3118 2623 τῆς
3185 2552 3458 2628 Παρθένου
3515 2554 3768 2627 σπερμά-

2114 2665 2241 2700 των·
2309 2643 2457 2714 πλήν
2526 2643 2649 2700 ὅσον
2716 2643 2943 2718 ὁμιλίας
3007 2640 3200 2719 ἀνδρὸς
3269 2642 3417 2699 ἄνευ·
3502 2642 3767 2715 Ἀληθῶς

2117 2731 2489 2812 ἕκυοφορήθη,
2565 2735 2640 2798 ὡς
2745 2733 2836 2790 καὶ
2908 2736 3095 2807 ἡμεῖς,
3174 2732 3390 2810 χρόνων
3464 2729 3766 2807 περιόδοις·

364 2830 415 2880 et
449 2825 683 2892 triginta
709 2837 880 2876 annos
917 2837 1084 2891 agens
1139 2821 1450 2891 baptizatus
1496 2826 1575 2876 est
1611 2837 1646 2875 a
1674 2822 1905 2891 Joanne,
1950 2821 2012 2876 in

2147 2824 2208 2879 ,αὶ
2252 2823 2476 2894 ἀληθῶς
2529 2821 2753 2897 ἐτέχθη,
2821 2824 2897 2885 ὠς
2970 2824 3062 2877 καὶ
3119 2824 3303 2896 ἡμεῖς·
3363 2820 3589 2893 ἀληθῶς
3650 2820 3772 2899 ἔγα-

364 2916 596 2969 veritate
624 2919 677 2967 et
704 2927 815 2966 non
846 2914 905 2966 in
926 2911 1336 2981 phantasmate.
1378 2912 1449 2965 Et
1476 2911 1650 2966 tribus
1679 2912 1839 2967 annis
1861 2927 2013 2982 pra:-

368 3004 575 3059 dicavit
602 2999 988 3070 Evangelium,
1021 3007 1074 3054 et
1102 2999 1237 3067 fecit
1272 3001 1434 3069 signa
1459 3004 1509 3054 et
1530 2999 1796 3069 prodigia
1830 3017 2013 3056 coram

364 3092 523 3162 falsis
550 3090 754 3145 Judzeis
780 3107 793 3157 ;
823 3095 876 3143 et
903 3088 1001 3143 sub
1032 3086 1219 3143 Pilato
1237 3088 1476 3158 preside
1502 3089 1707 3144 ludam
1727 3090 2015 3158 judicatus

364 3180 819 3251 est:ﬂagellatus
874 3185 972 3245 est,
1033 3177 1281 3249 colaphis
1347 3193 1518 3236 caesus
1563 3185 1662 3244 est,
1721 3187 2016 3250 eonsputus

365 3277 461 3338 est,
492 3271 740 3340 spineam
773 3284 1027 3323 coronam
1050 3284 1502 3339 purpureamque
1522 3275 1719 3324 vestem
1742 3270 2015 3339 portavit,

369 3361 759 3417 condemnatus
789 3364 886 3425 est,
922 3359 1217 3427 cruciﬁxus
1243 3364 1319 3412 est
1344 3374 1602 3423 vere,non
1625 3358 2020 3428 phantastice;

370 3465 545 3520 neque
573 3446 855 3517 fallaciter
876 3453 1125 3502 mortuus
1154 3452 1251 3514 est,
1283 3447 1376 3502 sed
1428 3461 1589 3513 vere;
1635 3446 1882 3517 sepultus
1922 3451 2021 3513 est,

368 3551 417 3597 et
452 3541 756 3595 resurrexit
786 3556 821 3593 a
848 3541 1098 3594 mortuis.
1133 3539 1279 3593 Ecce
1301 3542 1501 3609 aperte
1526 3537 1769 3592 omnino
1800 3536 1938 3592 talis
1956 3554 2025 3592 ac

384 3635 581 3685 tantus
612 3628 887 3684 Ecclesiae
918 3626 1126 3682 doctor
1157 3626 1412 3681 triennio
1443 3643 1477 3681 a
1497 3626 1801 3682 Servatore
1822 3625 2028 3699 praedi-

383 3725 581 3776 catum
630 3716 996 3789 evangelium
1048 3714 1210 3770 dicit.
1262 3716 1346 3769 Ea:
1388 3716 1543 3784 epist.
1597 3714 1671 3769 ad
1721 3715 2027 3770 Trallianos
2136 3713 2447 3790 ἐσταυρώθη

380 3806 635 3877 interpol.
649 3846 663 3871 ,
695 3822 818 3875 cap.
858 3808 941 3859 10.

2122 2912 2570 2989 λακτοτροφήθη,
2616 2910 2706 2966 καὶ
2763 2918 2972 2989 τροφῆς
3030 2918 3217 2981 κοινῆς
3270 2911 3362 2966 καὶ
3416 2914 3589 2966 ποτοῦ
3646 2931 3772 2985 μετ’

2123 3002 2302 3076 έσχεν,
2371 3000 2448 3064 ὡς
2518 3000 2609 3055 καὶ
2685 3003 2870 3074 ἡμεῖς·
2948 3000 3038 3056 καὶ
3114 3006 3259 3077 τρεῖς
3334 2997 3559 3061 δεκάδας
3640 2998 3773 3055 ἐτῶν

2123 3088 2587 3163 πολιτευσάμενος
2646 3084 2943 3160 ἐϐαπτίσθη
3050 3090 3155 3146 ὕπὸ
3258 3090 3533 3162 Ἰωάννου,
3642 3089 3776 3160 ἄλη-

2125 3183 2232 3242 θῶς
2291 3178 2383 3234 καὶ
2450 3180 2514 3234 οὐ
2584 3175 2827 3250 δοκήσει.
2905 3180 3009 3237 Καὶ
3081 3180 3128 3256 γ’
3194 3178 3468 3242 ένιαυτοίις
3533 3178 3772 3254 κηρύξας

2128 3269 2190 3325 τὸ
2270 3268 2633 3343 Εὐαγγέλιον,
2699 3270 2786 3324 καὶ
2856 3272 3093 3341 ποιήσας
3158 3274 3361 3344 σημεῖα
3422 3268 3514 3325 καὶ
3578 3270 3777 3343 τέρατα

2132 3357 2236 3413 ὑπὸ
2301 3361 2408 3412 τῶν
2474 3355 2928 3431 ψευδοϊουδαίων,
3013 3357 3103 3414 καί
3186 3358 3429 3421 Πιλάτου
3504 3358 3778 3433 ἡγεμόνος

2132 3448 2161 3502 ὁ
2225 3447 2417 3521 κριτὴς
2480 3445 2694 3522 ἐκρίθη,
2768 3448 3144 3524 έμαστιγώθη,
3235 3447 3337 3503 ὑπὸ
3404 3445 3622 3502 δούλων
3689 3446 3774 3502 ἐπὶ

2132 3536 2303 3611 κόρης
2389 3534 2713 3613 έῤῥαπισθη,
2808 3537 3124 3608 ένεπτύσθη,
3215 3536 3496 3593 ἀκάνθινον
3581 3536 3783 3615 στέφα-

2132 3646 2222 3680 νον
2291 3626 2380 3679 καὶ
2448 3630 2758 3702 πορφυροῦν
2827 3627 3049 3700 ἱμάτιον
3135 3625 3376 3704 ἐφόρεσε,
3463 3625 3781 3701 κατεκρίθη,

2546 3714 2794 3784 ἀληθῶς,
2871 3714 2933 3770 οὗ
3036 3712 3278 3787 δοκήσει,
3354 3713 3421 3768 οὐ
3496 3712 3788 3791 φαντασίᾳ,

2138 3804 2240 3859 οὐκ
2293 3803 2490 3878 ἀπάτῃ·
2567 3803 2825 3869 ἀπέθανεν
2925 3803 3172 3875 ἀληθῶς,
3246 3802 3337 3859 καὶ
3423 3801 3622 3878 ἐτάφη,
3698 3800 3787 3856 καὶ

387 3894 595 3968 ἠγέρθη
631 3891 691 3945 ἐκ
730 3895 839 3945 τῶν
904 3897 1129 3964 νεκρῶν.
1199 3887 1338 3946 Ἰδοὺ
1413 3896 1657 3969 φανερῶς
1724 3892 1753 3946 6
1820 3894 2069 3954 τοιοῦτος
2136 3891 2229 3948 καὶ
2290 3890 2619 3964 τηλικοῦτος
2683 3900 2783 3963 τῆς
2850 3891 3180 3963 Ἐκκλησίας
3246 3889 3573 3953 διδάσκαλος
3643 3894 3787 3961 τρεῖς

382 3980 653 4042 ἐνιαυτοὺς
686 3980 917 4053 κηρύξαι
945 3980 1008 4034 τὸ
1041 3977 1377 4056 Εὐαγγέλιον
1407 3980 1500 4034 τὸν
1535 3986 1767 4056 Σωτῆρα
1799 3979 1968 4057 λέγει.

451 4107 535 4163 Cf.
574 4106 917 4162 Dufresnius
949 4105 1009 4159 in
1041 4105 1196 4160 notis
1226 4105 1299 4160 ad
1331 4105 1487 4161 hunc
1518 4105 1713 4161 locum
1749 4113 1949 4162 monet
1979 4111 2236 4163 veterem
2267 4110 2633 4182 Ignatianam
2665 4109 3214 4181 interpretationem
3249 4107 3361 4163 sibi
3391 4113 3780 4180 usurpatam;

383 4213 563 4268 quam
601 4200 799 4252 tamen
824 4194 1098 4250 nonnihil
1128 4194 1456 4267 pleniorem
1486 4200 1546 4251 et
1573 4195 1789 4251 alicubi
1820 4196 2041 4252 variam
2073 4196 2213 4252 editi
2245 4199 2545 4256 exhibent.

1999 4324 2168 4381 XVII.

552 4449 744 4504 Josws
773 4447 1090 4518 monachus,
1122 4450 1202 4505 De
1232 4450 1590 4505 (Economia
1615 4466 1711 4507 seu
1743 4448 1928 4578 ἵ]θᾶὺο
1958 4448 2419 4576 incarnato,6l2ig.
2451 4468 2548 4521 vn,
2581 4469 2705 4523 cap.
2739 4455 2826 4509 31.
2859 4451 3027 4522 Apud
3056 4452 3306 4506 Pnorwx
3336 4448 3611 4504 Biblioth.

1788 4538 1816 4576 ο
1863 4563 1876 4576 .
1909 4535 2097 4578 ccxxx.
2127 4537 2256 4578 naa.
2366 4539 2379 4549 '
2404 4567 2416 4578 .

1788 4535 1876 4576 οα.
1909 4535 2097 4591 ccxxx,
2120 4537 2256 4591 pag.
2294 4535 2416 4579 622.

460 4649 601 4702 Nam
626 4647 741 4702 tria
761 4646 992 4702 divinus
1012 4648 1270 4720 lgnatius
1293 4646 1488 4703 saeculi
1509 4647 1687 4718 hujus
1710 4647 2024 4719 principem

2217 4649 2360 4720 Φησὶ
2394 4652 2498 4725 γὰρ
2529 4651 2557 4705 6
2589 4650 2853 4727 θεοφόρος
2886 4648 3149 4725 Ἰγνάτιος
3175 4647 3299 4722 τρία
3339 4644 3523 4710 λαθεῖν
3571 4646 3666 4701 τὸν
3695 4645 3791 4719 ἄρ-

392 4735 633 4790 latuisse
667 4741 1130 4803 commemorat;
1165 4736 1559 4808 virginitatem
1610 4736 1827 4804 Marias,
1883 4752 2034 4791 con-

2148 4761 2319 4818 χοντα
2373 4744 2470 4795 τοῦ
2525 4739 2725 4803 αῗῶνος
2777 4737 2994 4795 τούτου·
3053 4739 3153 4807 τήν
3212 4735 3499 4811 παρθενίαν
3555 4736 3790 4812 Μαρίας,

391 4826 723 4908 ceptionem
787 4825 1045 4893 Domini,
1106 4832 1165 4881 et
1211 4825 1680 4881 cruciﬁxionem.
1740 4826 1911 4895 Epist.
1965 4842 2024 4878 ao

2147 4835 2246 4902 τὴν
2280 4828 2556 4903 σύλληψιν
2587 4833 2685 4885 τοῦ
2715 4827 2944 4906 Κυρίου,
2974 4827 3063 4882 καὶ
3096 4826 3194 4895 τὴν
3224 4825 3549 4899 σταύρωσιν.

393 4916 609 4988 Ephes.,
643 4932 768 4987 cap.
814 4917 897 4972 l9.

1998 5068 2189 5123 XVIII.

718 5204 988 5259 Leon'rms
1016 5202 1376 5270 szmrmos,
1409 5198 1505 5254 lib.
1539 5200 1619 5254 De
1651 5198 1848 5262 sectis,
1878 5199 2003 5253 Act.
2040 5210 2126 5263 ιιι,
2156 5195 2247 5249 Ea:
2276 5190 2405 5246 bibl.
2436 5188 2545 5244 PP.
2578 5187 2759 5242 Paris.
2791 5188 2921 5240 tom.
2949 5180 3046 5247 XI,
3072 5197 3209 5252 pag.
3243 5179 3369 5245 503,
3399 5178 3460 5232 C.

471 5327 762 5382 Caeterum
792 5323 1158 5397 temporibus
1190 5324 1330 5391 illis,
1364 5340 1496 5394 qua)
1526 5340 1561 5379 a
1588 5322 1803 5377 Christi
1836 5318 2047 5377 nativi-

403 5420 521 5471 tate
549 5432 737 5486 usque
769 5413 843 5469 ad
875 5413 1189 5484 imperium
1224 5411 1593 5467 Constantini
1633 5412 2045 5475 numerantur,

405 5505 465 5559 hi
497 5504 767 5560 doctores
802 5510 857 5558 et
889 5504 1091 5557 Patres
1124 5502 1513 5558 exstiterunt:
1546 5501 1809 5574 Ignatius
1852 5498 2048 5553 Theo-

2230 5309 2503 5386 Ἐγένοντο
2526 5305 2583 5363 δὲ
2612 5305 2663 5362 έν
2693 5310 2812 5369 τοῖς
2839 5304 3065 5381 γρόνοις
3092 5305 3209 5363 τοῖς
3237 5299 3344 5355 ἀπὸ
3371 5300 3471 5366 τῆς
3498 5298 3793 5386 γεννήσεως

2153 5406 2251 5458 τοῦ
2281 5379 2525 5477 ριστοῦ
2559 5396 2725 5472 μέχρι
2755 5401 2856 5464 τῆς
2887 5379 3181 5469 βασιλείας·
3201 5385 3608 5477 κωνσταντίνου
3633 5379 3796 5477 διδά-

2159 5471 2352 5546 σκαλοί
2382 5489 2470 5544 ra?
2501 5471 2729 5561 πατέρες
2771 5481 2903 5540 οθίδε·
2953 5480 3210 5557 Ἰγνάτιος
3230 5478 3259 5533 6
3291 5475 3582 5556 Θεοφόρος,
3632 5471 3798 5561 Είρηξ

415 5594 660 5667 phorus,
694 5593 974 5657 Irenzeus,
1000 5592 1283 5655 Justinus,
1318 5597 1427 5647 etc.
1463 5592 1578 5646 Hos
1602 5605 1805 5644 omnes
1838 5592 2024 5643 secuta

2158 5588 2329 5651 ναῖος,
2362 5581 2670 5649 Ἰουστῖνος,
2728 5595 2781 5633 κ.
2821 5594 2872 5632 τ.
2912 5571 2969 5630 λ.
3022 5568 3256 5632 Τούτους
3310 5568 3549 5629 ἅπαντας
3588 5565 3644 5619 αἱ
3690 5558 3799 5635 μετ’

418 5682 702 5755 deinceps
733 5683 991 5738 haereses
1020 5681 1340 5752 excipiunt.

2162 5673 2360 5734 αὐτοὺς
2393 5666 2674 5748 γενόμεναι
2705 5665 2936 5740 αἱρέσεις
2970 5658 3242 5736 δέχονται.
