3974 6134
279 296 353 355 25
1529 291 1906 356 VETERUM
1957 288 2461 351 TESTlMONlA.
3625 290 3706 350 26

1921 424 2060 483 XIX.

1028 542 1271 599 Joannes
1298 540 1562 611 Rhetor.,
1594 536 1764 609 Apud
1792 536 2102 601 Evacawu,
2136 532 2280 588 Hist.
2314 530 2469 588 Eccl.
2505 531 2600 586 ιιι).
2634 548 2669 586 ι.
2705 549 2827 602 cap.
2863 535 2948 589 16.

337 645 479 701 Τότε
509 644 598 699 καὶ
630 646 916 721 Ἰγνάτιος
945 647 975 702 ὁ
1008 647 1284 711 θεσπέσιος
1309 642 1496 716 ἐπειδή
1529 665 1613 719 γε,
1647 644 1722 707 ὡς
1777 637 1939 698 ἐϐοὗ-
1969 645 2021 710 Α
2121 642 2282 696 Tunc
2311 639 2491 695 etiam
2521 639 2784 711 Ignatius

2121 642 2282 696 Tunc
2311 639 2491 695 etiam
2521 639 2784 711 Ignatius
2813 640 3048 695 divinus
3080 646 3413 712 postquam,
3456 645 3525 695 ut
3570 641 3697 712 ipse

265 730 411 801 λετο,
443 734 615 810 τάφον
646 736 744 797 τὰς
776 739 896 791 τῶν
928 735 1131 810 θηρίων
1159 734 1415 815 ἐσχηκὼς
1474 733 1737 812 γαστέρας
1768 729 1822 788 ἐν
1855 734 1933 802 τῷ
2044 730 2517 797 voluit,ferarum
2535 729 2798 784 ventresi

2044 730 2517 797 voluit,ferarum
2535 734 2768 784 ventres
2781 729 2843 785 in
2857 731 3292 803 amphitheatro
3316 730 3482 785 urbis
3496 733 3696 786 Romus

258 828 359 891 τῆς
389 822 621 895 Ῥώμης
653 822 1049 901 ἀμφιθεάτρῳ,
1090 844 1142 882 ιι.
1174 844 1223 881 τ.
1269 823 1325 883 λ.
2045 837 2152 895 pro
2183 819 2454 891 sepulcro
2476 818 2800 887 habuisset,

2045 837 2152 895 pro
2183 819 2454 891 sepulcro
2476 818 2803 887 habuisset,
2833 825 2943 875 etc.
2976 821 3145 890 Epist.
3182 821 3256 875 ad
3284 822 3462 888 Rom.,
3487 837 3609 892 cap.
3642 823 3698 876 4.

1935 921 2051 979 ΧΧ.

258 1031 613 1088 ΑκΑετΑειυε
644 1031 875 1088 Senior
903 1033 1239 1105 patriarcha
1267 1032 1568 1101 Autioch.,
1603 1032 1813 1105 1ὶρεῄοο
1826 1029 2037 1105 rectis
2086 1027 2349 1084 veritatis
2398 1026 2656 1105 dogmat.
2707 1029 2791 1083 Ea:
2827 1042 2927 1082 ms.
2979 1026 3179 1099 Colleg.
3228 1028 3491 1084 Cantabr.
3542 1026 3700 1098 apud

1351 1106 1633 1161 Pauson.
1663 1102 1897 1159 Vindic.
1929 1103 2115 1174 Ignat.
2142 1106 2298 1171 part.
2332 1117 2374 1169 ι,
2406 1115 2529 1170 cap.
2562 1101 2617 1152 2.

332 1206 582 1283 Μορφὴν
616 1203 835 1263 δούλου
866 1207 1261 1284 ἠμφιεσμένον,
1296 1206 1393 1265 ’ἱνα
1431 1207 1573 1285 λάθῃ
1597 1208 1729 1270 Θεὸς
1756 1205 1833 1263 ὥν
1847 1207 1939 1262 τὸν
2121 1208 2335 1262 Forma
2363 1204 2512 1261 servi
2544 1204 2800 1260 indutun

2121 1208 2335 1262 Forma
2363 1204 2512 1261 servi
2544 1204 2840 1273 indutum,
2871 1210 2934 1261 ut
2975 1211 3131 1262 Deus
3179 1205 3439 1263 existens
3488 1206 3701 1263 lateret

267 1292 507 1369 ἄρχοντα
536 1301 647 1351 τοῦ
678 1295 888 1361 atavo;
914 1297 1132 1355 τούτου.
2049 1296 2381 1370 principem
2412 1295 2592 1368 hujus
2622 1293 2800 1351 saecul

2049 1296 2381 1370 principem
2412 1295 2592 1368 hujus
2622 1293 2845 1351 saeculi.
2887 1295 2979 1350 Ad
3001 1296 3199 1366 Ephes.
3234 1313 3357 1367 cap.
3393 1298 3479 1352 19.

1923 1413 2075 1470 XXI.

1175 1526 1523 1581 ANASTASIUS
1561 1525 1809 1592 δῐΝΑισι-Α,
1842 1522 1938 1577 lib.
1972 1516 2210 1597 Ὀδηγός
2240 1522 2522 1591 inscﬁpt.,
2553 1536 2677 1590 cap.
2715 1522 2800 1574 12.

408 1637 529 1691 Τοῦ
563 1637 734 1712 ἁγίου
764 1637 1037 1713 Ἱγνατίου
1068 1636 1367 1694 ἐπισκόπου
1398 1637 1764 1713 Ἀντιοχείας.
2374 1636 2433 1692 S.
2469 1636 2685 1692 IGNATII
2717 1640 2800 1708 epi

2374 1636 2433 1692 S.
2469 1636 2685 1692 Icnuu
2717 1637 2959 1708 episcopi
2986 1636 3338 1692 Antiocheni.

331 1741 563 1797 Ἐἀσατε
619 1746 889 1819 μιμητὴν
946 1745 1187 1823 γενέσθαι
1238 1750 1336 1802 τοῦ
1391 1745 1595 1810 πάθους
1649 1747 1747 1799 τοῦ
1804 1746 1937 1799 Θεοῦ
2118 1742 2303 1800 Sinite
2332 1758 2428 1798 me
2462 1743 2588 1798 ﬁeri
2615 1742 2800 1800 imitat

2118 1742 2303 1800 Sinite
2332 1758 2428 1798 me
2462 1743 2588 1798 ﬁeri
2615 1742 2976 1801 imitatorem
2998 1742 3291 1816 passionis
3313 1743 3415 1799 Dei
3439 1742 3574 1801 mei.
3605 1745 3699 1799 Ad

266 1852 394 1902 μου.
2048 1836 2205 1889 Rom.
2239 1848 2361 1903 cap.
2395 1835 2448 1887 6.

2048 1836 2205 1889 Rom.
2239 1848 2361 1903 cap.
2395 1835 2448 1887 6.

1914 1948 2083 2008 XXII.

963 2061 1301 2129 Anuocaus,
1329 2060 1523 2116 homil.
1558 2077 1741 2133 cxxnv.
1776 2061 1862 2116 Ea:
1892 2055 2033 2114 Bibl.
2066 2057 2175 2110 PP.
2204 2054 2385 2112 Paris.
2419 2061 2550 2110 tom.
2585 2054 2706 2122 XII,
2735 2072 2869 2127 pag.
2901 2055 3027 2111 2l9.

332 2177 389 2231 '0
458 2179 753 2257 Θεοφὸρος
831 2182 1092 2257 Ἰγνάτιος
1165 2181 1499 2254 ἐπιστέλλει,
1577 2181 1772 2258 λέγων’
1850 2186 2014 2255 ΤῷΒ
2114 2181 2377 2254 Ignatius
2407 2181 2792 2254 Theophorus

2114 2181 2377 2254 Ignatius
2407 2181 2792 2254 Theophorus
2822 2197 2929 2253 per
2986 2180 3301 2254 epistolam
3348 2180 3529 2248 dicit;
3560 2182 3698 2251 Epi-

268 2264 561 2340 ἑπ.σκὸπῳ
624 2272 959 2345 προσέχετε,
1007 2269 1095 2326 ⁴’ἶνα
1142 2272 1231 2327 καὶ
1289 2274 1318 2328 ὁ
1376 2274 1505 2334 Θεὸς
1559 2273 1709 2348 ὑμῖν.
1768 2271 1944 2329 Ἀντί·
2046 2287 2206 2342 scopo
2237 2270 2526 2337 attendite,
2558 2277 2619 2326 ut
2648 2276 2698 2326 et
2728 2272 2799 2326 De

2046 2287 2206 2342 scopo
2237 2270 2526 2337 attendite,
2558 2277 2619 2326 ut
2648 2276 2698 2326 ct
2728 2272 2864 2326 Deus
2894 2271 3066 2326 vobis.
3101 2273 3307 2325 Anima
3337 2286 3457 2325 mea
3474 2286 3581 2341 pro
3602 2273 3693 2340 iis,

255 2358 430 2431 ψυχον
466 2355 585 2433 ἐγὼ
636 2364 726 2430 τῷ
789 2360 1218 2435 ὑποτασσομένῳ
1272 2362 1409 2437 [leg.
1470 2366 1582 2417 τῶν
1642 2362 1946 2417 ὑποτασσο-
2047 2363 2146 2432 qui
2174 2364 2445 2431 episcopo,
2476 2361 2800 2431 presbyteris

2047 2363 2146 2432 qui
2174 2364 2445 2431 episcopo,
2476 2361 2809 2431 presbyteris
2836 2368 2889 2415 et
2920 2361 3169 2417 diaconis
3199 2378 3401 2416 morem
3451 2367 3693 2431 gerunt:

266 2445 469 2519 μένων]
532 2445 858 2521 ὲπισκόπῳ,
914 2446 1300 2526 πρεσϐυτέροις
1354 2471 1415 2507 τε
1496 2450 1590 2507 καὶ
1647 2447 1938 2512 διακόνοις.
2046 2466 2165 2505 cum
2197 2449 2310 2505 illis
2340 2451 2656 2520 portionem
2686 2450 2800 2505 hab.

2046 2466 2165 2505 cum
2197 2449 2310 2505 illis
2340 2451 2656 2520 portionem
2686 2450 2884 2505 habere
2933 2451 3073 2505 mihi
3119 2452 3178 2505 in
3223 2452 3329 2506 Deo
3387 2452 3691 2520 contingat.

261 2535 377 2605 μετ’
413 2533 605 2589 αὐτῶν
642 2558 739 2608 μοι
782 2536 996 2612 γένοιτο
1026 2537 1088 2592 τὸ
1122 2540 1287 2613 μέρος
1315 2536 1465 2614 ἔχειν
1497 2539 1551 2594 ἐν
1593 2543 1726 2611 Θεῷ.
2045 2540 2134 2594 Ad
2165 2540 2473 2612 Polycarp.
2507 2557 2636 2612 cap.
2670 2542 2721 2596 6.

2045 2540 2134 2594 Ad
2165 2540 2473 2612 Polycarp.
2507 2557 2636 2612 cap.
2670 2542 2721 2596 6.

330 2658 497 2715 Idem
528 2662 875 2719 Antiochus
904 2666 1031 2720 tum
1070 2664 1189 2734 hic,
1220 2670 1350 2721 tum
1399 2664 1540 2721 alibi
1588 2666 1807 2738 passim
1866 2664 2044 2722 verba
2081 2665 2271 2720 s'ancti
2318 2665 2530 2737 Ignatii
2587 2682 2658 2719 ex
2705 2664 2840 2719 aliis
2888 2666 3023 2734 ejus
3068 2666 3348 2737 Epistolis
3399 2664 3698 2736 descripta

273 2748 500 2804 recitat.

1783 2845 1981 2902 XXIII.

891 2949 1150 3007 MAXIIUS
1180 2950 1243 3006 in
1273 2950 1467 3007 Schol.
1503 2950 1578 3007 ad
1608 2952 2089 3008 PSEUDO-DIONYS.
2123 2951 2402 3006 Ausona.
2440 2950 2517 3006 De
2549 2949 2766 3005 divinis
2795 2950 3088 3008 nominib.

1632 3040 1753 3094 cap.
1786 3025 1841 3093 4,
1873 3022 1904 3096 §
1936 3025 2022 3091 l2,
2046 3038 2184 3093 pag.
2218 3022 2343 3076 613.

331 3130 392 3188 ’0
425 3131 568 3204 ἐμὸς
612 3129 777 3206 ἔρως.
810 3135 1108 3205 Ζητητὲον,
1165 3140 1284 3199 πῶς
1337 3136 1427 3192 ἐπὶ
1488 3137 1792 3209 Ὀνησίμου
1838 3141 1936 3192 τοῦ
2116 3137 2278 3192 Amor
2306 3154 2473 3193 meus.
2507 3137 2796 3203 Quierend

2116 3137 2278 3192 Amor
2306 3154 2473 3193 meus.
2507 3137 2901 3203 Quierendum
2935 3139 3232 3211 quomodo
3289 3140 3510 3214 Ignatio
3558 3156 3693 3196 cum

269 3220 403 3289 μετὰ
435 3220 725 3293 Τιμόθεον
759 3223 1021 3298 Ἰγνατίου
1054 3223 1443 3300 διαλεγομένου
1466 3272 1480 3295 ,
1514 3227 1605 3281 καὶ
1635 3229 1937 3303 γράφοντος
2045 3226 2348 3296 Onesimo,
2382 3227 2674 3283 Timothei
2706 3245 2800 3299 pos

2045 3226 2348 3296 Onesimo,
2382 3227 2674 3283 Timothei
2706 3232 2966 3299 postero,
3000 3228 3340 3301 disputante
3371 3234 3431 3284 et
3458 3228 3531 3284 ad
3578 3230 3694 3284 Ro-

263 3307 565 3379 Ῥωμαίοις
626 3309 716 3379 τὸ,
778 3311 949 3383 Ἐμὸς
997 3308 1137 3387 ἔρως
1186 3313 1544 3389 ἐσταύρωται,
1586 3335 1638 3373 κ.
1670 3336 1720 3370 τ.
1757 3314 1811 3370 λ.
2047 3332 2224 3371 mano
2256 3315 2576 3381 scribente,
2607 3318 2780 3371 Amor

2047 3332 2224 3371 mano
2256 3315 2576 3381 scribente,
2607 3318 2780 3371 Amor
2826 3334 2974 3372 meus
3022 3321 3317 3387 cruci/iqu
3363 3324 3457 3381 est,
3505 3323 3688 3374 etc....

268 3396 590 3472 Τεκμήριον
622 3395 718 3468 δή,
747 3400 812 3454 τὸ
869 3400 946 3473 μή
1000 3404 1371 3477 προσκεῖσθκν
1431 3405 1628 3483 Γράφει
1689 3401 1746 3458 δὲ
1801 3424 1934 3473 τισι,
2046 3404 2226 3478 Cujus
2255 3405 2341 3459 rei
2400 3412 2800 3479 argumentum

2046 3404 2226 3478 Cujus
2255 3405 2341 3459 rei
2400 3412 2816 3479 argumentum
2874 3412 2983 3474 est,
3036 3408 3195 3479 quod
3238 3425 3356 3463 non
3405 3407 3695 3463 habeatur

269 3487 514 3585 τουτέστι
574 3489 904 3562 Ῥωμαίοις.
964 3488 1091 3546 ἀλλ’
1138 3488 1355 3553 ἁπλῶς*
1414 3492 1612 3571 Γράφει
1661 3489 1719 3548 δὲ
1775 3492 1862 3547 καὶ
1904 3493 1932 3548 ὁ
1974 3519 2015 3585 C
2051 3487 2170 3558 hic,
2226 3494 2418 3550 scribit
2480 3512 2606 3551 vero
2655 3497 2800 3568 quibi

2051 3487 2170 3558 hic,
2226 3494 2418 3550 scribit
2480 3512 2606 3551 vero
2655 3497 3000 3568 quibusdam,
3055 3496 3117 3550 id
3196 3502 3285 3552 est
3359 3496 3688 3564 Romanis;

268 3574 406 3634 θεῖος
436 3577 730 3651 Ἰγνάτιος.
1978 3574 2015 3585 “”
2047 3582 2152 3638 sed
2183 3582 2536 3655 simpliciter
2580 3588 2772 3641 scribit

2047 3582 2152 3638 sed
2183 3582 2536 3655 simpliciter
2580 3588 2772 3641 scribit
2828 3602 2953 3642 vero
2999 3587 3155 3643 divus
3200 3589 3468 3657 Ignatius.
3516 3587 3687 3656 Epist.

2042 3669 2116 3723 ad
2146 3671 2324 3735 Rom.,
2358 3686 2482 3742 cap.
2513 3672 2568 3725 7.

847 3808 1000 3877 Iesu,
1034 3809 1094 3863 in
1121 3808 1250 3865 Loc.
1286 3825 1500 3868 comm.
1531 3812 1705 3869 Serm.
1739 3829 1801 3867 ιι.
1828 3813 1913 3869 Ea:
1939 3813 2167 3869 edition.
2205 3814 2525 3886 Combeﬁsii,
2559 3822 2689 3873 tom.
2721 3818 2794 3887 II,
2817 3834 2955 3888 pag.
2989 3818 3113 3872 534.

970 3933 1254 4000 Ἰγνατιου.
2748 3945 2984 4000 Ionam.

990 3954 1010 3990 1
1076 3954 1254 3989 ατιου.
2748 3954 2800 3999 lo

337 4029 563 4087 Τέλειοι
593 4026 742 4095 ὄντες
795 4027 982 4086 τέλεια
1012 3954 1307 4108 γιέρονεῖτεο
1363 4031 1586 4090 θέλουσι
1645 4035 1748 4113 γὰρ
1808 4037 1936 4111 ὑμῖν
2116 4029 2223 4094 QUI
2261 4030 2508 4102 Perfecti
2556 4032 2719 4103 θειίε,
2769 4049 2800 4105 Ι]

2748 3954 2984 4000 ιοΝΑτιι.

2116 4029 2223 4094 Qui
2261 4030 2508 4102 perfecti
2556 4032 2719 4103 estis,
2769 4035 3032 4105 perfecta
3076 4035 3301 4106 sapite:
3350 4035 3689 4092 volentibus

276 4117 330 4170 εὗ
349 4122 638 4194 πράττειν,
670 4120 800 4181 Θεὸς
831 4117 1052 4194 ἕτοιμος
1084 4120 1159 4183 εἰς
1186 4122 1250 4175 τὸ
1280 4122 1566 4197 παρέχειν.
2045 4118 2205 4174 enim
2235 4119 2399 4175 vobis
2427 4120 2579 4176 bene
2612 4137 2800 4193 agere,

2045 4118 2205 4174 enim
2235 4119 2399 4175 vobis
2427 4120 2579 4176 bene
2612 4137 2807 4193 agere,
2841 4124 2995 4177 Deus
3020 4128 3261 4193 paratus
3288 4129 3376 4179 est
3398 4124 3686 4195 praebere.

2042 4209 2218 4276 Epist.
2251 4210 2326 4265 ad
2353 4212 2553 4280 Smyrn
2582 4251 2597 4277 ,
2630 4228 2753 4283 cap.
2790 4215 2875 4268 H.

1486 4319 1636 4388 Ῑοειι,
1670 4321 1833 4391 ibid.,
1862 4338 2048 4391 serm.,
2088 4340 2239 4392 mu,
2271 4341 2329 4396 p.
2362 4327 2486 4381 638.

792 4442 901 4493 Τοῦ
925 4438 1082 4514 ἁγίου
1119 4441 1401 4518 Ἰγνατίου.
2633 4455 2800 4510 Sanct

2633 4455 2827 4510 Sancti
2855 4455 3088 4527 Ignatii.

348 4539 455 4593 Κᾶν
483 4536 805 4615 ὲῤῥωμένος
833 4537 881 4590 ὦ
910 4537 978 4592 τὰ
1006 4538 1142 4594 κατὰ
1170 4540 1326 4612 Θεὸν,
1362 4538 1531 4596 πλέον
1591 4563 1658 4616 με
1713 4540 1795 4598 δεῖ
1840 4565 1934 4623 φο·
2113 4540 2258 4596 Cum
2289 4541 2352 4596 in
2384 4542 2561 4599 rebus
2593 4543 2800 4601 divinis

2113 4540 2258 4596 Cum
2289 4541 2352 4596 in
2384 4542 2561 4599 rebus
2593 4543 2810 4601 divinis
2842 4547 3050 4602 ﬁrmus
3081 4564 3147 4604 ac
3184 4549 3462 4607 robustus
3492 4550 3683 4620 fuero,

284 4620 505 4697 ὖεῖσθιι,
536 4628 628 4682 καὶ
661 4627 957 4703 προσέχειν
985 4632 1103 4691 τοῖς
1150 4628 1275 4701 εἷκῆ
1332 4631 1583 4708 φυσιοῦσί
1642 4654 1728 4706 με·
1784 4620 1933 4690 ἐπαι-
1961 4669 2008 4733 D
2039 4634 2167 4685 tum
2190 4632 2597 4689 VBhementius
2611 4635 2800 4691 timeai

2039 4634 2167 4685 tum
2190 4632 2597 4689 vehementius
2611 4635 2851 4691 timeam
2871 4641 3122 4709 oportet,
3141 4638 3214 4695 ab
3237 4638 3429 4710 iisque
3451 4655 3687 4695 caveam

286 4720 491 4780 νοῦντες
525 4715 632 4793 γάρ
664 4738 754 4790 με,
792 4721 1169 4793 μαστιγοῦσιν.
1961 4715 2006 4733 ¹¹
2041 4721 2140 4790 qui
2172 4736 2266 4776 me
2300 4722 2601 4778 incassum
2644 4724 2800 4780 infla]

2041 4721 2140 4790 qui
2172 4736 2266 4776 me
2300 4722 2601 4778 incassum
2644 4724 2897 4792 inflant;
2949 4727 3046 4798 qui
3081 4728 3241 4784 enim
3290 4745 3385 4784 me
3416 4728 3682 4797 laudant,

2039 4807 2238 4882 ﬂagris
2250 4826 2344 4867 me
2367 4811 2656 4868 afﬁciunt.
2683 4812 2864 4883 Epist.
2889 4814 2963 4869 ad
2985 4814 3152 4871 Tralt.
3180 4817 3466 4887 interpat,
3497 4818 3680 4887 caput.

1882 4922 2073 4985 XXIV.

1008 5020 1338 5080 Tanononns
1366 5040 1696 5098 passama,
1729 5029 1883 5098 apud
1910 5031 2163 5089 PHOTIUM
2194 5033 2468 5091 Biblioth.
2503 5036 2633 5092 Cod.
2666 5053 2708 5107 ι,
2732 5054 2868 5109 pag.
2903 5040 2954 5094 3.

503 5146 778 5248 μέμνηται
797 5149 1021 5248 τῆς-τοῖ’)
1040 5150 1322 5248 Θεοιρόρου
1347 5152 1610 5226 Ἰγνατίου
1630 5152 1926 5227 ἐπιστολῆς
2108 5163 2226 5219 Cur
2249 5166 2565 5237 epistolam
2595 5167 2754 5223 beati
2783 5170 2800 5222 l

2108 5163 2226 5219 Cur
2249 5166 2565 5237 epistolam
2595 5167 2754 5223 beati
2783 5170 2993 5242 Ignatii
3044 5171 3140 5226 hic
3193 5170 3345 5226 liber
3391 5172 3680 5248 (Dionysii

290 5229 541 5333 ᾖβίξλος
569 5256 584 5307 ;
616 5237 645 5292 ὁ
697 5236 826 5333 μὲν.
854 5236 958 5312 γὰρ
1003 5236 1321 5333 bam-ﬁscos
1348 5244 1465 5304 τοῖς
1522 5246 1631 5296 τῶν
1691 5244 1929 5302 ἀποστό-
2038 5229 2427 5327 Ανεοριιέὶιω)
2476 5257 2664 5313 citat?
2710 5258 2800 5315 Dic

2039 5229 2427 5327 Areopaéitm)
2476 5257 2664 5313 citat?
2710 5229 3026 5331 Dionysius
3074 5259 3233 5316 enim
3272 5229 3678 5333 apostolorilm

420 5326 687 5426 ἐνήκμασε
715 5326 968 5426 χθονίοις
1003 5327 1271 5426 Ἰγνάτιος
1300 5327 1359 5385 δὲ
1386 5330 1475 5426 in!
1502 5338 1775 5408 Τραϊανοῦ
1831 5337 1924 5393 τὸν
2035 5321 2629 5414 temp-oribuslloruit
2653 5363 2666 5401 :
2688 5349 2800 5419 Ign:

2039 5321 2629 5414 temp-oribuslloruit
2653 5363 2666 5401 :
2688 5321 2948 5419 Ignatius
2969 5365 3104 5404 vero
3134 5350 3268 5423 Traj
3278 5321 3394 5408 ιιοο
3414 5354 3676 5426 Augusto

300 5409 379 5515 ὂιὲι
406 5417 699 5515 praerupto-9
726 5412 969 5515 ἤθλησεν
998 5415 1204 5515 ﬂavi,
1238 5418 1296 5515 ὃς
1333 5421 1564 5515 παὶ-πρὸ
1615 5422 1794 5499 βραχὺ
1822 5432 1923 5495 τῆς
2034 5409 2365 5503 imperante
2380 5435 2647 5507 martyrii
2667 5409 2800 5492 cert:

2039 5429 2365 5503 imperante
2380 5435 2647 5507 martyrii
2667 5442 2969 5493 certamen
2990 5442 3318 5509 certavit,et
3335 5409 3678 5515 paulouante

300 5500 543 5669 περὶίτῆς
569 5505 776 5577 ταύτην
803 5503 1123 5578 ἐπιστολὴν,
1156 5507 1225 5578 ἧς
1259 5511 1293 5579 ή
1331 5505 1525 5586 βίϐλος
1567 5515 1922 5589 μνημονεύει,
2034 5500 2287 5578 mortem
2320 5540 2450 5581 eam
2481 5500 2796 5598 epistolam

300 5614 333 5669 γ
464 5614 499 5648 ι.
2034 5612 2292 5669 scribsit.

2039 5526 2287 5578 mortem
2320 5540 2450 5581 eam
2481 5525 2796 5598 epistolam
2828 5544 3008 5599 quam
3038 5528 3135 5588 hic
3162 5531 3316 5588 liber
3335 5500 3502 5603 bitat,
3533 5550 3678 5590 con-

2039 5612 2292 5669 scribsit.

299 5612 499 5669 γραφει.
2034 5612 2292 5684 scripsit.

2039 5612 2292 5684 scripsit.
