3974 6134
325 383 401 439 27
1384 378 1448 438 S.
1496 374 1898 440 IGNATIUS.
1947 411 2024 422 —
2067 379 2684 442 PROLEGOMENA.
3662 376 3741 436 28

1941 531 2108 586 XXV.

711 624 968 676 ANDREAS
999 622 1313 691 Cacrsssxs,
1344 621 1535 693 homil.
1569 638 1626 687 ιι,
1660 619 1988 693 ἰιιίΝειιὶνὶι.
2027 621 2084 676 Β.
2121 621 2395 693 Virginis.
2430 625 2518 678 Ea;
2546 639 2642 677 ms.
2677 622 2854 678 Oxon.
2889 621 3042 692 apud
3071 623 3348 676 PEARSON.

1515 692 1574 748 in
1606 692 1833 746 Vindic.
1868 693 2052 764 lgnat.
2079 692 2242 763 part.
2264 711 2298 764 1,
2331 711 2452 765 cap.
2486 697 2539 752 2.

408 804 477 856 Ut
507 802 589 856 ait
619 806 856 856 sanctus
883 801 986 866 vir,
1021 800 1112 855 cui
1160 817 1378 854 nomen
1423 801 1686 872 Ignatius
1713 817 1725 854 :
1772 803 1977 855 Princi-

2168 806 2260 859 Ὣς
2285 801 2416 876 φησί
2447 821 2552 854 που
2601 801 2760 877 ἃγιος
2809 800 2964 874 ἀνὴρ,
3016 797 3278 872 Ἰγνάτιος
3337 793 3512 871 ὅνόμα
3567 797 3737 870 αὐτῷ.

327 909 454 964 prm
483 893 648 961 hujus
674 892 858 946 saeculi
892 892 1052 944 latuit
1081 893 1374 959 virginitas
1417 891 1628 957 Maria,
1679 898 1732 944 et
1783 908 1892 960 par

2172 889 2196 942 ιὶ
2230 885 2388 945 ἔλαθε
2443 890 2536 944 τὸν
2577 889 2814 964 ἄρχοντα
2875 893 2973 944 τοῦ
3039 888 3239 950 αἰῶνος
3296 887 3490 942 τούτου
3530 889 3564 957 ἡ
3600 907 3741 962 παρ-

335 984 470 1048 cjus,
503 981 762 1035 similiter
786 987 835 1034 et
864 995 1006 1034 mors
1038 980 1238 1036 Christi
1273 997 1284 1032 :
1321 979 1432 1033 tria
1465 981 1745 1034 tremenda
1783 997 1898 1050 mys

2171 978 2241 1031 υἷα
2289 980 2518 1054 Μαρίας,
2576 980 2664 1033 καὶ
2729 980 2756 1034 ὁ
2811 979 2972 1041 τόκος
3032 979 3224 1046 αὐτῆς,
3283 978 3492 1050 ὁμοίως
3555 976 3647 1031 καὶ
3715 978 3740 1033 6

335 1073 442 1137 ria,
475 1084 602 1140 qua?
632 1071 690 1122 in
713 1069 932 1124 silentio
962 1070 1060 1124 Dei
1083 1071 1240 1137 facta
1265 1075 1411 1124 sunt.
1450 1068 1629 1140 Epist.
1664 1069 1737 1124 ad
1767 1070 1904 1140 Ephl

2174 1086 2318 1128 ματος
2356 1071 2453 1122 τοῦ
2485 1068 2739 1142 Χριστοῦ·
2801 1067 2924 1140 τρία
2984 1067 3257 1143 μυστήρια
3313 1064 3534 1141 φρικτὰ,
3593 1065 3743 1119 ἅτινα

337 1177 464 1228 mp.
496 1162 581 1214 19,
2096 1153 2150 1210 ἐν
2176 1156 2383 1234 ἡσυχίᾳ
2415 1160 2547 1211 Θεοῦ
2579 1154 2851 1231 ἐπράχθη.

1922 1277 2162 1332 XXXVI.

1279 1388 1560 1444 ANTONIUS
1592 1388 1852 1452 MELISSA,
1881 1386 2011 1440 Loc.
2046 1401 2284 1451 comm.,
2321 1385 2414 1438 lib.
2445 1402 2503 1452 ιι,
2537 1401 2658 1456 cap.
2693 1387 2781 1440 48.

405 1505 622 1558 Omnes
650 1503 820 1568 ferto,
853 1507 920 1558 ut
949 1507 1005 1557 te
1041 1502 1322 1558 Dominus
1351 1520 1362 1557 :
1414 1519 1621 1558 omnes
1667 1503 1892 1558 sustine
1922 1503 1974 1555 in

2172 1498 2379 1560 Πάντας
2414 1499 2646 1574 βάσταζε
2685 1496 2759 1560 ὥς
2817 1519 2873 1554 σε
2931 1499 2958 1552 6
3017 1497 3235 1572 Κύριος·
3271 1499 3484 1553 πάντων
3539 1497 3741 1577 ἀνέχου

333 1593 618 1648 maritate
635 1608 648 1659 ;
667 1591 897 1663 postula
909 1589 1286 1662 prudentiam
1306 1591 1596 1662 majorem
1612 1607 1680 1644 ea
1693 1591 1902 1661 quam]

2181 1589 2389 1663 ἀγάπῃ·
2423 1588 2575 1643 αῗτοῦ
2605 1589 2813 1643 σύνεσιν
2866 1585 3092 1643 πλείονα
3146 1589 3213 1658 ἧς
3275 1585 3450 1664 ἔχεις.
3519 1587 3739 1644 Πάντων

329 1680 451 1733 lms.
475 1679 755 1735 Omnium
777 1679 1016 1733 morbos
1040 1684 1210 1749 porta
1237 1695 1249 1744 ;
1276 1677 1373 1732 ubi
1398 1679 1560 1733 enim
1585 1679 1718 1750 plus
1739 1679 1898 1734 labor

2170 1699 2187 1739 :
2219 1679 2409 1741 νόσους
2447 1679 2696 1752 βάσταζε·
2739 1677 2877 1733 ὅπου
2903 1679 3007 1753 γὰρ
3037 1676 3242 1733 πλείων
3276 1677 3468 1745 κόπος,
3501 1676 3648 1732 πολὺ
3680 1680 3739 1733 τὸ

327 1769 412 1823 ibi
449 1768 595 1823 lucri
629 1768 908 1823 multum.
942 1768 1117 1836 Epist.
1151 1767 1225 1821 ad
1256 1767 1586 1837 Polycarp.,
1620 1784 1741 1836 cap.
1776 1771 1823 1820 l.
2093 1765 2305 1843 κέρδος.

1616 1877 1768 1940 IDEM,
1802 1876 1960 1944 ibid.,
1996 1877 2089 1931 lib.
2124 1893 2178 1932 ιι.
2207 1893 2328 1946 cap.
2361 1878 2451 1932 89.

407 1984 563 2037 Stato
596 1979 762 2052 quasi
791 1981 980 2047 incus,
1040 1978 1178 2034 dum
1231 1979 1523 2045 caederis;
1576 1981 1846 2051 generosi
1902 1989 1976 2036 est

2177 1980 2454 2048 Στῆκεὼς
2503 1979 2715 2054 ἄκμων,
2772 1981 3134 2054 τυπτόμενος·
3199 1979 3438 2054 μεγάλου
3497 1977 3746 2050 ἀθλητοῦ

333 2072 588 2137 athletae,
623 2069 766 2124 caedi
801 2076 857 2123 et
906 2069 1179 2134 vincere;
1227 2069 1479 2123 maxime
1530 2076 1771 2140 propter
1802 2071 1902 2125 Dei

2176 2089 2209 2123 τι
2269 2066 2510 2142 δέρεσθαι
2577 2068 2664 2123 καὶ
2726 2073 2899 2138 νικᾷν·
2964 2067 3202 2141 μάλιστα
3260 2065 3317 2123 δὲ
3369 2066 3547 2123 ’ἕνεκεν
3610 2073 3745 2124 Θεοῦ

341 2161 540 2214 omnia
572 2158 921 2214 sustinenda
953 2163 1112 2226 sunt,
1144 2165 1210 2211 ut
1240 2159 1366 2228 ipse
1398 2175 1631 2229 quoque
1672 2176 1780 2214 nos
1812 2176 1910 2214 sus

2175 2179 2270 2212 ντα
2300 2161 2448 2233 ἡμᾶς
2491 2158 2778 2232 ὑπομένειν
2813 2155 2916 2228 δεῖ,
2944 2156 3035 2212 ’ίνα
3065 2158 3153 2213 καὶ
3194 2157 3356 2220 αὑτὸς
3400 2160 3550 2231 ἡμᾶς
3610 2159 3744 2212 ὑπο-

331 2255 486 2304 ιιειίιι.
520 2249 601 2303 Ad
631 2248 953 2318 Polycarp.,
993 2263 1116 2316 cap.
1151 2249 1202 2314 3,

688 2248 925 2318 olycarp.
939 2291 953 2315 ,
993 2263 1116 2316 cap.
1151 2249 1202 2314 3,
2100 2249 2257 2325 μένῃ.

1614 2356 1764 2421 IDEM,
1797 2355 1959 2425 ibid.,
1994 2358 2086 2412 lib.
2114 2377 2174 2428 ιι,
2213 2377 2333 2431 cap.
2368 2362 2456 2415 23.

403 2465 561 2520 Servi
596 2480 715 2519 non
748 2461 1091 2518 desiderent
1120 2479 1154 2517 a
1174 2461 1475 2517 communi
1502 2461 1675 2518 liberi
1698 2463 1855 2531 ﬁeri;
1880 2464 1972 2519 sed

2176 2467 2236 2523 Οἱ
2269 2463 2460 2522 δοῦλοι
2493 2468 2568 2539 μή
2593 2466 2862 2542 έράτωσαν
2913 2465 3019 2522 ἀπὸ
3075 2471 3258 2521 κοινοῦ
3306 2466 3745 2541 ελευθεροῦσθαι,

335 2557 392 2610 in
425 2555 676 2628 gloriam
705 2555 805 2610 Dei
841 2554 977 2625 plus
1009 2553 1284 2617 serviant,
1318 2557 1383 2607 ut
1429 2552 1663 2607 meliori
1713 2553 1904 2608 liberte

2170 2553 2224 2609 λ’
2255 2555 2331 2617 εἷς
2364 2553 2518 2626 δόξαν
2552 2557 2684 2611 Θεοῦ
2714 2555 2884 2611 πλέον
2919 2553 3344 2630 δουλευέτωσαν,
3366 2554 3459 2611 ’ίνα
3498 2557 3739 2631 κρείττο-

339 2663 371 2699 a
402 2648 519 2701 Deo
550 2645 874 2716 potiantur,
911 2644 1002 2699 Ad
1029 2643 1344 2713 Polycarp.,
1377 2659 1500 2712 cap.
1534 2644 1585 2695 4.

1550 2644 1585 2695 i.
2092 2664 2180 2706 νος
2212 2642 2517 2719 ἐλευθέρίας
2550 2646 2655 2700 ἀπὸ
2687 2649 2819 2700 Θεοῦ
2849 2644 3119 2720 τύχωσιν.

1628 2751 1780 2818 IDEM,
1809 2751 1972 2819 ibid.,
1999 2752 2094 2807 lib.
2127 2770 2166 2822 ι,
2201 2770 2324 2824 cap.
2357 2757 2440 2811 14.

411 2863 467 2916 Si
500 2861 635 2931 quis
667 2859 727 2912 in
759 2859 1030 2912 castitate
1061 2873 1303 2911 manere
1336 2862 1532 2926 potest
1582 2857 1654 2910 ad
1703 2857 1980 2912 honorem

2176 2855 2244 2914 Εἴ
2267 2879 2350 2919 τις
2383 2856 2602 2913 δύναται
2634 2858 2685 2912 έν
2716 2858 2901 2933 ἁγνείᾳ
2935 2859 3109 2932 μένειν
3144 2859 3219 2921 εἷς
3247 2861 3415 2932 τιμῆν
3457 2866 3557 2929 τῆς
3618 2880 3745 2935 σαρ-

334 2949 532 3006 carnis
563 2946 819 3012 Domini,
853 2945 978 2999 sine
1007 2944 1296 3012 jactantia
1329 2949 1568 2998 maneat
1595 2961 1608 3008 ;
1643 2950 1702 2998 et
1730 2945 1777 2998 si
1801 2945 1903 3000 vidi

2176 2944 2316 3008 ςτοῦ
2349 2947 2567 3020 Κυρίου,
2608 2945 2660 3002 ἒν
2693 2946 3007 3022 ἀκαυχησίᾳ
3049 2949 3271 3021 μενέτω·
3313 2949 3400 3002 καὶ
3458 2947 3544 3003 ἐὰν
3598 2971 3745 3025 γνω-

337 3040 458 3092 vult
487 3036 621 3106 plus
653 3033 950 3104 episcopo,
984 3037 1299 3102 corruptus
1333 3037 1437 3087 est.
1469 3033 1643 3086 Decet
1666 3032 1906 3086 autemc'

2177 3033 2402 3108 ᾖπλέον
2430 3033 2527 3089 τοῦ
2576 3033 2896 3109 ἐπισκόπου,
2951 3031 3230 3116 ἔφθαρται.
3277 3036 3474 3110 Ηρέπει
3527 3035 3585 3092 δὲ
3633 3042 3746 3098 τοῖς

338 3135 538 3183 evntes
571 3133 628 3181 et
658 3126 866 3180 ductas
898 3141 1032 3178 cum
1065 3124 1364 3178 sententia
1408 3124 1670 3194 episcopi
1703 3125 1907 3179 unione

2178 3127 2334 3197 μοῦσι
2385 3124 2473 3178 καὶ
2532 3145 2652 3186 ταις
2710 3124 3102 3199 γαμουμέναις,
3175 3126 3308 3199 μετά
3364 3126 3596 3202 γνώμης
3651 3131 3747 3182 τοῦ

339 3223 552 3282 facere,
589 3222 652 3269 ut
684 3214 906 3283 nuptias
940 3214 1085 3266 ﬁant
1133 3213 1461 3268 secundum
1511 3216 1716 3281 Deum,
1764 3221 1821 3268 et
1870 3231 1908 3268 n

2177 3212 2400 3268 ισκόπου
2429 3215 2528 3282 τήν
2559 3212 2752 3269 ’ἐνωσιν
2801 3218 3096 3285 ποιεῖσθαι,
3120 3215 3212 3270 ’ίνα
3259 3218 3287 3270 6
3338 3217 3514 3291 γάμος
3614 3216 3746 3272 κατὰ

339 3305 668 3363 secundum
701 3303 1107 3374 cupiditatem.
1145 3304 1235 3357 Ad
1274 3304 1591 3373 Polycarp.,
1625 3321 1746 3374 cap.
1781 3307 1831 3358 5.

1414 3320 1591 3373 carp.,
1625 3321 1746 3374 cap.
1781 3307 1831 3358 5.
2105 3302 2258 3371 Θεὸν,
2290 3303 2379 3356 καὶ
2417 3304 2492 3374 μή
2524 3304 2640 3358 κατ’
2671 3302 2983 3378 ἐπιθυμίαν.

1619 3409 1772 3473 lnam,
1805 3409 1963 3476 ibid.,
1997 3409 2088 3464 lib.
2127 3427 2184 3478 ιι,
2223 3427 2346 3481 cap.
2375 3413 2461 3467 84.

412 3517 712 3572 l’atienter
742 3515 840 3568 alii
872 3513 1021 3569 alios
1051 3530 1184 3568 cum
1208 3513 1665 3568 mansuetudine
1690 3515 1981 3585 patimini,

2175 3516 2590 3590 Μακροθυμεῖτε
2643 3521 2756 3589 μετ’
2814 3514 3082 3587 ἀλλήλων
3149 3516 3199 3571 ἐν
3258 3528 3550 3592 πραΰτητι,
3614 3518 3744 3580 ὡςὸ

342 3615 398 3663 ut
437 3626 544 3663 nos
577 3624 810 3679 semper
840 3608 1014 3661 Deus.
1048 3605 1142 3658 Ad
1170 3604 1491 3676 Polycarp.,
1523 3621 1644 3674 cap.
1677 3607 1730 3660 6.

1371 3621 1491 3674 :rp.,
1523 3621 1644 3674 cap.
1677 3607 1730 3660 6.
2101 3603 2232 3668 Θεὸς
2264 3607 2381 3678 μεθ’
2407 3607 2567 3678 ἡμῶν
2601 3603 2690 3660 διὰ
2719 3606 2940 3668 παντός.

1638 3713 1791 3778 IDEM,
1823 3713 1983 3781 ibid.,
2017 3713 2112 3770 lib.
2140 3731 2200 3781 ιι,
2232 3730 2352 3784 cap.
2387 3717 2440 3771 3.

418 3823 556 3875 Date
587 3835 830 3890 operam
862 3833 937 3872 ne
968 3815 1260 3871 resistatis
1286 3815 1586 3886 episcopo,
1620 3821 1684 3870 ut
1711 3817 1839 3871 sitis
1870 3817 1987 3872 Deo

2183 3813 2528 3871 Σπουδάσατε
2572 3818 2646 3890 μὴ
2704 3815 3108 3881 ἀντιτάσσεσθαι
3164 3821 3244 3889 τῷ
3302 3815 3604 3890 ἐπισκόπῳ,
3661 3815 3752 3872 *ίνα

347 3909 638 3980 subjecti;
675 3913 733 3962 et
760 3923 876 3976 quo
911 3906 1096 3976 magis
1152 3904 1395 3959 tacitum
1446 3904 1708 3960 videritis
1763 3907 1916 3978 episc

2184 3911 2343 3978 εΘεῷ
2400 3905 2848 3978 ὑποτασσόμενοι·
2909 3905 2998 3961 καὶ
3064 3908 3188 3961 ’ὀσον
3233 3907 3462 3981 βλέπετε
3518 3913 3753 3982 σιγῶντα

353 4013 512 4068 pum,
547 4013 614 4049 co
647 3996 833 4066 magis
865 3994 1035 4048 illum
1066 3994 1332 4048 metuite.
1367 3994 1810 4066 Quemcumque
1837 3997 1922 4049 eni

2181 4017 2196 4047 ν
2229 3995 2546 4062 ἐπίσκοπον,
2573 3995 2738 4050 πλέον
2773 3996 2934 4050 αὐτὸν
2994 3990 3265 4074 φοϐεῖσθε.
3321 3997 3502 4051 Πάντα
3543 3996 3648 4068 γὰρ
3696 3996 3750 4049 ’ὀν

352 4087 534 4140 mittit
562 4083 987 4155 paterfamilias
1019 4088 1085 4137 ut
1113 4083 1198 4136 rei
1260 4081 1598 4138 domesticas
1646 4085 1868 4155 praesit,
1915 4104 1921 4138 :

2186 4105 2309 4157 μπει
2342 4085 2370 4138 6
2402 4081 2794 4154 οἰκοδεσπότης
2827 4084 2901 4146 εἷς
2935 4081 3074 4139 ἰδίαν
3107 4083 3446 4156 οἰκονομίαν,
3471 4082 3647 4145 οὕτως
3675 4081 3755 4138 δεῖ

354 4179 521 4231 decet
553 4193 658 4231 nos
691 4175 961 4245 excipere
993 4172 1149 4228 velut
1179 4174 1374 4245 ipsum
1401 4175 1501 4246 qui
1531 4175 1732 4230 mittit.
1756 4175 1923 4246 Episc

2180 4179 2255 4235 ιᾶς
2289 4172 2444 4228 αὐτὸν
2477 4171 2727 4250 δέχεσθαι
2781 4172 2855 4234 ὠς
2914 4173 3073 4228 αὐτὸν
3129 4173 3222 4227 τὸν
3279 4173 3583 4246 πέμποντα.
3647 4174 3749 4230 Τὸν

353 4283 490 4336 pum
522 4266 701 4337 igitur
741 4270 1023 4333 tanquam
1073 4263 1389 4319 Dominum
1441 4264 1635 4335 ipsum
1693 4265 1922 4336 suspice

2185 4283 2204 4315 ν
2253 4261 2542 4316 ἐπίσκοπον
2601 4262 2674 4324 ὡς
2740 4260 2900 4315 αὐτὸν
2953 4261 3045 4314 τὸν
3115 4259 3314 4333 Κύριον
3374 4257 3454 4315 δεῖ
3511 4256 3754 4336 προελέ-

350 4359 598 4425 oportet.
631 4353 722 4408 Ad
750 4352 967 4422 Ephcs.,
1001 4369 1164 4422 capp.
1196 4357 1226 4406 5
1261 4358 1318 4408 et
1348 4355 1400 4407 6.
2109 4371 2248 4408 πειν.

1622 4461 1775 4527 Ionii,
1809 4460 1970 4528 lbid.,
2006 4459 2101 4514 lib.
2135 4475 2195 4526 ιι,
2227 4475 2349 4529 cap.
2382 4462 2470 4512 67.

422 4568 580 4622 .‘x'ihil
610 4572 699 4623 est
722 4583 865 4638 pace
895 4565 1130 4631 melius,
1166 4582 1282 4638 qua
1313 4582 1486 4621 omne
1514 4566 1737 4621 bellum
1763 4565 1991 4620 dirimi-

2185 4560 2344 4620 Οὐδὲν
2381 4560 2520 4616 ἐστιν
2575 4560 2798 4634 ἄμεινον
2847 4561 3092 4634 εἰρήνης,
3145 4560 3195 4616 ἐν
3315 4566 3418 4624 πᾶς
3449 4563 3477 4617 6
3509 4561 3754 4637 πόλεμος

354 4662 468 4724 tur,
501 4656 592 4710 Ad
619 4655 839 4726 Ephes.,
871 4672 992 4725 cap.
1031 4655 1114 4708 13.

877 4672 992 4725 cap.
1031 4655 1114 4708 13.
2101 4650 2446 4706 καταλύεται.

1631 4761 1784 4829 lusu,
1819 4759 1978 4827 ibid.,
2014 4760 2109 4815 lib.
2142 4777 2200 4828 ιι,
2233 4775 2353 4829 cap.
2386 4761 2472 4816 l9.

426 4871 660 4927 Samuel
693 4887 828 4925 cum
862 4870 1052 4925 adhuc
1099 4885 1310 4941 parvus
1356 4885 1506 4940 puer
1556 4873 1731 4936 esset,
1781 4868 1995 4923 Videns

2180 4867 2236 4922 '0
2262 4863 2528 4938 Σαμουὴλ
2573 4861 2858 4941 παιδάριον
2911 4861 3008 4931 ὢν,
3040 4865 3067 4918 ὁ
3100 4861 3327 4920 Βλέπων
3380 4863 3619 4936 ἐκλήθη,
3666 4865 3749 4920 καὶ

354 4981 396 5014 (τμ
425 4970 441 5015 t.
471 4967 730 5028 vocatus,
761 4977 825 5014 ac
857 4960 918 5014 in
942 4960 1364 5031 prophetarum
1388 4975 1636 5013 numero
1659 4963 1744 5013 est
1769 4975 1923 5030 coop‘

2178 4958 2372 5028 »χορῷ
2417 4957 2527 5008 τῶν
2559 4950 2858 5032 προφητῶν
2915 4949 3307 5029 ἐγκατελέχθη.
3371 4952 3577 5020 Δανιὴλ
3633 4955 3747 5014 νέος

355 5057 466 5106 lus.
484 5050 689 5106 Daniel
708 5049 1141 5121 adhucjuveuis
1165 5065 1452 5104 consenes
1476 5047 1924 5119 quosdamjudic

2178 5064 2207 5110 ι,
2242 5036 2440 5118 ἔκρινεν
2475 5043 2839 5118 ὁμογέροντάς
2872 5061 3044 5110 τινας,
3077 5038 3249 5110 δείξας
3275 5039 3494 5110 ἐξώλεις
3535 5042 3747 5107 αὐτοὺς,

354 5141 671 5200 damnavit.
706 5155 924 5209 eosque
951 5155 1072 5192 non
1105 5137 1392 5202 seniores,
1425 5135 1528 5191 sed
1560 5136 1788 5206 perdite
1809 5135 1923 5190 “bit

2194 5126 2590 5207 πρεσϐυτέρους
2623 5133 2783 5186 εἶναι.
2826 5130 3088 5204 Ἱερεμίας
3148 5126 3236 5184 διὰ
3287 5131 3350 5184 τὸ
3391 5130 3507 5185 νέον
3557 5151 3751 5207 παραι-

357 5247 528 5285 nosos
561 5247 689 5285 esse
718 5228 1163 5283 demonstravit.
1197 5227 1483 5281 Jeremias
1512 5241 1645 5280 cum
1669 5226 1920 5297 juventu

2182 5222 2368 5295 ύμενος
2419 5223 2519 5291 τὴν
2578 5219 3026 5295 ἐγχειριζομένην
3081 5220 3225 5288 αὐτῷ
3283 5220 3428 5293 παρὰ
3479 5225 3573 5275 τοῦ
3623 5223 3751 5276 Θεοῦ

355 5335 552 5385 causa,
586 5335 717 5373 eam
751 5333 928 5388 quam
969 5317 1123 5371 Deus
1173 5315 1224 5370 ei
1279 5315 1550 5370 tradebat
1601 5315 1924 5386 prophetali

2190 5312 2468 5389 οφητείαν,
2505 5310 2714 5364 ἀκούει·
2757 5311 2847 5376 Μὴ
2907 5307 3054 5385 λέγε,
3111 5308 3368 5383 νεώτερος
3426 5308 3558 5382 είμί·
3621 5307 3755 5364 διότι

357 5409 720 5480 provinciam
742 5410 1065 5476 recusaret,
1082 5423 1115 5461 a
1141 5407 1253 5461 Deo
1278 5405 1382 5460 illa
1400 5405 1590 5460 audit:
1616 5405 1926 5476 Tejuniore

2180 5401 2247 5463 ὸς
2275 5400 2477 5460 πάντας
2508 5399 2600 5460 οὓς
2659 5399 2746 5454 ἐὰν
2807 5394 3150 5468 ἐξαποστελῶ
3201 5417 3278 5466 σε,
3319 5399 3582 5473 πορεύσῃ.
3645 5405 3749 5453 Σα-

357 5517 484 5554 csse
509 5516 582 5554 ne
605 5498 812 5553 dicito:
840 5497 912 5552 ad
935 5512 1322 5568 quoscunque
1351 5495 1508 5550 enim
1531 5499 1587 5549 te
1607 5494 1848 5563 misero,
1865 5511 1926 5565 pr

2188 5493 2304 5561 μῶν
2339 5486 2392 5543 δὲ
2425 5490 2451 5544 6
2484 5488 2671 5568 σοφὸς,
2730 5483 3051 5542 δυοκαίδεκα
3090 5486 3381 5561 τυγχάνων
3430 5486 3583 5555 ἐτῶν,
3633 5509 3752 5542 συν-

358 5591 655 5644 licisceris.
693 5588 970 5644 Salomon
1001 5592 1199 5642 autem
1227 5585 1325 5640 ille
1358 5586 1616 5657 sapiens,
1670 5601 1804 5639 cum
1852 5583 1927 5639 du

2177 5599 2210 5633 ιε
2240 5579 2302 5632 τὸ
2337 5579 2475 5655 μέγα
2521 5585 2620 5647 τῆς
2669 5576 2941 5651 ἀγνωσίας
2993 5578 3099 5628 τῶν
3167 5578 3432 5649 γυναικῶν
3490 5573 3579 5629 ἐπὶ
3634 5580 3746 5635 τοῖς

357 5679 547 5736 decim
568 5679 813 5736 haberet
831 5694 1319 5750 annos,magnam
1344 5674 1730 5748 quaestionem
1749 5673 1926 5747 deign

2177 5680 2386 5743 cupou;
2419 5665 2625 5728 τέκνοις
2684 5667 2928 5740 ζήτημα.
2988 5658 3154 5719 Δαϐἱδ
3186 5663 3214 5718 6
3273 5665 3562 5743 προφήτης
3613 5665 3746 5740 ὁμοῦ
