3974 6134
285 296 357 355 29
1511 296 1887 358 VETERUM
1930 295 2448 359 TESTIMONIA.
3623 297 3703 358 30

278 428 363 486 καὶ
421 429 704 503 βασιλεὺς,
765 426 1054 505 μειράκιον
1114 430 1330 506 χρίεται
1393 429 1496 484 ὑπὸ
1556 432 1824 504 Σαμουὴλ
1865 432 1943 497 εἰς

2054 433 2283 489 ratione
2314 431 2633 488 mulierum
2664 448 2782 487 non
2817 431 3264 506 aguoscentium
3310 446 3449 487 suos
3478 431 3702 489 liberos

284 518 533 596 βασιλέα,
2046 523 2126 594 dij
2138 523 2413 578 udieavit.
2433 522 2614 577 David
2636 522 2925 592 propheta
2941 520 3121 576 simul
3143 527 3201 575 et
3221 536 3323 574 rex
3350 519 3700 576 adolescen—

2048 613 2212 668 tulus
2234 613 2426 668 adhuc
2448 629 2483 667 a
2501 611 2773 667 Samuele
2786 611 2861 666 ad
2884 610 3146 667 futurum
3166 626 3415 682 regnum
3437 610 3696 681 ungitur.

354 698 504 755 Editi
558 700 817 757 Melissa:
845 701 1067 770 ferunt,
1099 700 1213 757 ista
1242 718 1313 757 ex
1337 701 1599 773 Epistola
1626 702 1700 758 ad
1731 702 2135 774 Magnesianos
2155 718 2286 758 esse
2314 702 2650 774 desumpta.
2692 701 2789 756 His
2812 700 3054 772 quidem
3084 701 3205 755 fere
3228 699 3448 754 similia
3467 705 3699 755 exstant

277 788 337 844 in
359 789 624 861 Epistola
655 790 734 845 ad
764 790 1179 863 Magnesianos
1210 790 1584 862 interpolata,
1619 808 1747 863 cap,
1781 793 1833 847 3.
1868 791 1980 847 Sed
2012 793 2137 847 haac
2168 792 2365 864 potius
2395 791 2625 847 videtur
2666 790 3046 861 descripsisse
3079 789 3312 844 Melissa
3337 805 3405 843 ex
3435 789 3697 859 Epistoia
3774 836 3779 837 ν

272 876 459 932 Maria:
484 877 792 935 Castabal.
826 879 1106 951 ascripta,
1136 878 1238 935 ubi
1269 894 1421 950 pene
1450 874 1726 951 αὑτολεξεί
1756 884 2077 936 occurrunt
2114 897 2282 953 capp.
2310 881 2345 935 3
2374 886 2433 935 et
2460 882 2515 934 4.

1875 1014 2071 1071 XXVII
2088 1056 2100 1069 .

619 1121 968 1175 Tuoooaus
998 1121 1277 1188 STUDITBS,
1311 1122 1603 1178 cateches.
1636 1137 1842 1177 cxxvu.
1876 1125 1961 1178 Ea:
1989 1122 2257 1178 Biblioth.
2285 1123 2392 1178 PP.
2444 1123 2619 1176 Paris.
2664 1127 2797 1176 tom.
2828 1124 2902 1189 II,
2930 1138 3071 1193 pag.
3112 1123 3237 1189 727,
3272 1122 3333 1177 F.

331 1253 631 1308 Συνέπεττιι
689 1250 753 1307 δὲ
836 1253 928 1307 καὶ
994 1255 1023 1309 ὁ
1080 1253 1354 1333 Θεοφόρος
1432 1253 1689 1330 Ἰγνάτιος
1724 1298 1738 1324 ,
1795 1252 1928 1310 τάδε

2108 1259 2224 1312 Nec
2253 1255 2486 1312 abludit
2520 1260 2579 1310 et
2613 1255 2809 1311 Deifer
2835 1256 3117 1329 Ignatius,
3151 1255 3417 1312 scribens
3450 1257 3510 1311 in
3531 1257 3690 1313 hunc

264 1342 451 1420 λέγων’
540 1341 935 1421 Προερυλάσσω
1018 1344 1168 1415 ἡμᾶς
1226 1344 1332 1398 ἀπὸ
1386 1347 1497 1399 τῶν
1554 1341 1763 1416 θηρίων
1816 1348 1924 1399 τῶν

2048 1360 2323 1402 sensum:
2384 1346 2700 1403 Praemoneo
2750 1360 2842 1401 vos
2896 1346 3369 1414 hominiformium
3414 1349 3686 1416 ferarum,

264 1430 757 1510 ἀνθρωπομόρφων
790 1477 808 1500 ,
891 1429 1196 1508 αἱρετικῶψ
1287 1434 1382 1494 οὓς
1481 1431 1542 1487 οὐ
1627 1432 1792 1505 μόνον
1864 1433 1927 1488 οὐ

2048 1436 2423 1491 haereticorum
2444 1451 2463 1489 :
2492 1450 2629 1505 quos
2655 1451 2766 1490 non
2795 1436 2970 1490 solum
2997 1452 3107 1490 non
3138 1435 3429 1491 admittere
3460 1436 3682 1504 debetis,

260 1518 338 1576 δεῖ
393 1520 538 1594 ὗμᾶς
627 1519 1093 1600 παραδέχεσθαι,
1152 1520 1280 1577 ἀλλ’
1351 1522 1398 1577 εἰ
1483 1518 1727 1593 δυνατὸν,
1816 1544 1923 1595 μη-

2048 1525 2131 1581 sed
2160 1541 2228 1580 ne
2256 1541 2537 1581 occurrere
2556 1525 2800 1595 quidem,
2831 1526 2878 1579 si
2900 1530 3100 1594 potest.
3126 1524 3308 1597 Epist,
3342 1525 3415 1581 ad
3446 1525 3679 1598 Smyrn.

267 1607 320 1664 δὲ
344 1614 632 1680 συναντᾷν.

2048 1631 2168 1687 cap.
2203 1615 2258 1668 4.

322 1737 898 1808 Interpretationem
931 1737 1108 1809 hujus
1137 1738 1252 1794 loci
1285 1738 1592 1795 meliorem
1626 1738 1796 1795 dabit
1819 1739 2145 1796 Cotelerius
2174 1738 2331 1794 infra
2360 1755 2527 1795 num.
2560 1738 2650 1793 30.

769 1862 926 1919 Innu.
960 1864 1020 1917 in
1049 1863 1287 1933 lambis,
1320 1881 1471 1921 num.
1512 1868 1601 1921 70.
1635 1867 1724 1922 Ea:
1752 1865 1886 1923 edit.
1914 1882 2042 1938 opp.
2077 1864 2375 1923 Sirmondi
2409 1863 2588 1920 Paris.
2633 1871 2761 1919 tom.
2796 1862 2859 1931 V,
2883 1881 3020 1935 pag.
3054 1867 3181 1921 766.

458 1984 565 2049 Εἰς
589 1985 692 2041 τὸν
727 1985 887 2053 ἅγιον
915 1986 1214 2061 Ἰγνάντιον
1243 1988 1337 2044 τὸν
1369 1987 1661 2068 Θεοφόρον.

2316 1993 2381 2045 1η
2410 1995 2655 2046 sanctum
2687 1992 2967 2061 Ignatium
3003 1992 3400 2064 TheOphorum.

350 2074 541 2149 Ἕχων
570 2069 762 2144 ἔρωτα
786 2076 1031 2150 Χριστὸν
1062 2073 1115 2131 ἐν
1148 2078 1215 2149 σῇ
1248 2073 1462 2151 καρδίᾳ,

2106 2081 2326 2137 Gerens
2356 2079 2418 2136 in
2448 2080 2568 2136 alto
2600 2079 2814 2135 Christi
2847 2096 3112 2136 amorem
3144 2086 3409 2152 pectore,

350 2161 722 2219 ’Δποστόλων
750 2161 1018 2234 σύσκηνος
1046 2162 1233 2239 ὤφθης
1260 2163 1590 2240 τρισμάκαρσ

2098 2170 2516 2243 Apostoiorum
2547 2170 2705 2225 visus
2736 2186 2798 2225 es
2828 2169 2968 2225 felix
2998 2186 3199 2225 comes
3233 2187 3246 2224 :

343 2250 577 2315 Ἄθλοις
614 2251 680 2307 δὲ
708 2255 936 2328 θερμοῖς
965 2252 1305 2331 ἐκφλογιζων
1335 2255 1435 2322 τὴν
1467 2253 1705 2327 πλάνην,

2098 2262 2372 2316 Errorem
2404 2264 2463 2314 et
2491 2259 2612 2315 acri
2643 2275 3010 2331 persequens
3040 2259 3384 2320 certamine.

348 2341 721 2405 Ἐπιπολαῖς
754 2363 855 2399 σου
889 2342 1111 2409 Παῦλος
1138 2342 1314 2410 ἄλλος
1338 2365 1424 2407 τις
1453 2344 1662 2409 πὲλεις.

2095 2350 2296 2406 Alium
2327 2348 2445 2404 tuis
2474 2348 2536 2404 in
2565 2348 2844 2419 Epistolis
2875 2347 3125 2404 Paulum
3154 2348 3363 2404 refers.

1850 2475 2094 2533 XXVIII.

319 2581 572 2635 Micam.
595 2580 945 2652 SYNGBLLUS,
978 2581 1039 2637 in
1067 2583 1310 2639 Encom.
1336 2584 1598 2657 Dionysii
1627 2586 1910 2659 Aeropag.
1944 2587 2028 2641 Ea:
2048 2585 2181 2641 edit.
2204 2601 2334 2656 app.
2362 2585 2695 2658 Areopagit'
2732 2586 3027 2655 Antuerp.,
3062 2590 3191 2639 tom.
3214 2585 3288 2650 II,
3305 2599 3443 2654 pag.
3474 2583 3599 2636 233.

330 2702 524 2780 Γράφει
588 2700 657 2759 δὲ
710 2705 799 2760 καὶ
862 2705 892 2760 ὁ
952 2706 1095 2769 θεῖος
1143 2707 1417 2772 Ἰννάτιος’
1477 2708 1540 2766 Ὁ
1595 2706 1725 2782 ἐμὸς
1780 2703 1916 2785 ἔρως

2098 2708 2311 2766 Scribit
2328 2710 2486 2765 enim
2510 2715 2570 2765 et
2589 2708 2822 2765 divinus
2852 2708 3113 2780 Ignatius
3138 2724 3150 2762 :
3176 2708 3345 2762 Amor
3363 2721 3510 2761 meus
3526 2710 3681 2763 cruci

270 2788 616 2867 ἐσταύρωται.
680 2797 859 2850 Τοῦτο
920 2793 1022 2871 γὰρ
1076 2795 1140 2851 τὸ
1188 2796 1355 2869 ρητὸν
1384 2797 1413 2852 ὁ
1445 2798 1709 2874 θεοφόρος
1741 2799 1916 2874 Ἰγνά-

2048 2803 2263 2870 ταΓῙῑωιιε
2288 2806 2386 2855 est.
2441 2800 2560 2854 Hoc
2610 2799 2770 2855 enim
2828 2800 3071 2861 verbum
3121 2796 3359 2852 divinus
3414 2797 3677 2869 Ignatius

260 2899 390 2949 τιος,
423 2879 658 2955 μέλλων
690 2880 741 2937 ἐν
773 2883 967 2958 Ῥώμῃ
1003 2890 1350 2959 μαρτυρικῶς
1381 2885 1662 2957 ἆθλήσειν,
1693 2888 1782 2943 καὶ
1803 2891 1919 2949 τοῖς

2048 2895 2292 2945 extremo
2324 2890 2613 2962 supplicio
2634 2891 2834 2945 Roman
2865 2887 3274 2954 dimicaturus,
3308 2902 3376 2941 ac
3402 2884 3677 2941 leonibus

262 2966 438 3024 λέουσι
472 2970 616 3047 βορά
646 2971 785 3028 κατὰ
807 2974 910 3041 τήν
937 2973 1034 3028 τοῦ
1080 2974 1341 3049 τυράννου
1370 2976 1640 3050 Τραϊανου
1678 2975 1916 3042 πρόστασ

2056 2978 2281 3049 mperio
2313 2977 2549 3049 Trajani
2594 2977 2771 3049 regis,
2832 2976 2998 3032 cibus
3055 2973 3484 3048 projiciendus,
3517 2974 3675 3029 circa

262 3057 333 3129 ξιν
359 3054 920 3134 παραϐληθήσεσθαι,
938 3062 1064 3136 περί
1085 3063 1148 3118 τὸ
1175 3067 1277 3130 τῆς
1306 3064 1475 3119 αὐτοῦ
1502 3063 1812 3141 τυραννείοις
1843 3060 1920 3119 ἔν-

2048 3083 2259 3123 [ὶΟῐΙΠῐΠ
2291 3067 2455 3140 regni
2498 3067 2685 3139 ipsius
2741 3082 2988 3132 annum,
3050 3064 3424 3122 desmvientis
3472 3069 3680 3120 contra

256 3169 403 3204 νιτον
437 3144 581 3217 ἔτος,
613 3151 755 3206 κατά
800 3155 911 3207 τῶν
945 3147 1341 3209 εὐσεϐεστάτων
1373 3157 1719 3229 Χριστιανῶν
1754 3152 1918 3231 διωγ-

2048 3156 2392 3213 Ihristianos
2441 3156 2678 3228 pietatis
2739 3156 3204 3224 amantissimos,
3260 3154 3538 3212 Romanis
3570 3170 3675 3225 per

264 3236 355 3310 μὸν
385 3235 727 3314 ἐγείραντος,
756 3240 1057 3314 Ῥωμαίοις
1084 3224 1715 3323 ἐπιστέλλων-γέγραφε.
1869 3224 1881 3231 ⁷

2048 3246 2342 3320 ερίεῐοὶειω
2373 3224 2629 3318 scripsit.
2657 3247 2796 3317 Cap.
2824 3249 2876 3301 7.

1892 3353 2087 3411 XXIX.

1341 3461 1601 3527 Pnorms,
1637 3460 1911 3518 Biblioth.
1944 3462 2078 3518 Cod.
2109 3479 2296 3533 cur],
2321 3479 2458 3536 pag.
2492 3465 2617 3518 306.

335 3560 489 3637 Λέγει
548 3560 611 3617 δὲ
652 3560 743 3616 καὶ
799 3561 894 3624 τὰς
945 3562 1240 3625 ἐπιστολὰς
1290 3561 1476 3627 αὑτοῖς
1510 3565 1776 3640 Ἰγνατίου
1822 3571 1921 3621 τοῦ

2104 3572 2304 3628 Refert
2334 3587 2569 3642 quoque
2600 3568 3028 3641 (Polycarpus),
3060 3567 3245 3623 divini
3275 3566 3485 3638 Ignatii
3519 3566 3679 3621 litte-

270 3652 538 3726 θεοφόροι)
599 3649 1020 3723 ἀπεσταλκέναι,
1069 3651 1159 3707 καὶ
1215 3653 1445 3710 αἶτεῖται
1490 3652 1922 3731 ἀναδιδαχθῆναι

2048 3675 2127 3713 ras
2161 3658 2234 3713 ad
2256 3658 2392 3714 illos
2422 3657 2872 3729 (Philippenses)
2900 3674 2960 3713 se
2991 3656 3266 3721 misisse;
3298 3654 3676 3726 postulatque

271 3739 387 3811 παρ’
414 3740 623 3811 αὐτῶν,
646 3739 699 3796 εἶ’
722 3763 777 3797 τι
808 3742 932 3817 περῖ
962 3740 1166 3798 ἐκείνου
1198 3739 1561 3803 διακούσαιεν.

2048 3747 2249 3802 :ertior
2276 3746 2534 3803 vicissim
2564 3746 2713 3818 fieri,
2747 3746 2797 3801 si
2827 3744 2972 3817 quid
3009 3745 3159 3801 forte
3204 3743 3276 3800 de
3305 3760 3374 3799 eo
3406 3742 3677 3799 inaudie-

2028 3838 2169 3892 rint.

1893 3962 2037 4019 XXX
2049 4002 2063 4020 .

659 4068 746 4122 Ea:
775 4069 982 4123 Comen
1012 4067 1189 4123 Rxclo
1218 4071 1374 4124 1624.
1407 4070 1577 4141 Apud
1604 4070 1947 4127 Cormamu
1980 4072 2040 4125 in
2077 4068 2236 4127 Notis
2263 4071 2337 4125 ad
2361 4086 2485 4139 cap.
2525 4070 2580 4124 4.
2613 4068 2794 4138 Epist.
2827 4066 2901 4121 ad
2930 4066 3286 4135 Smyrnaaos.

472 4208 573 4265 Ἐκ
600 4214 705 4278 τῆς
735 4208 872 4282 πρὸς
920 4210 1259 4285 Σμυρναίους
1290 4211 1502 4285 Πατρὸς
1534 4212 1706 4267 αὐτοῦ

2197 4215 2284 4267 Ea:
2321 4212 2572 4282 Epistola
2598 4210 2672 4265 ad
2697 4210 3007 4280 Smymwos
3039 4207 3282 4280 ejusdem
3319 4207 3504 4263 Patris

693 4299 711 4372 [
745 4296 1008 4375 Ἰγνατίου
1036 4302 1134 4354 τοῦ
1165 4298 1492 4376 Θεοφόρου].

2525 4301 2545 4367 [
2573 4298 2783 4369 Ignatii
2810 4296 3122 4370 Theophori
3151 4297 3192 4369 ].

336 4412 721 4492 Προφυλάσσω
779 4411 838 4469 δὶ
876 4414 1016 4487 ὑμᾶς
1071 4413 1178 4470 ἀπὸ
1233 4418 1342 4471 τῶν
1395 4413 1601 4492 θηρίων
1633 4416 1914 4492 ἀνθρωπο-

2099 4416 2436 4474 Praamunio
2477 4420 2675 4472 autem
2732 4432 2834 4472 vos
2882 4420 3090 4472 contra
3145 4415 3300 4470 feras
3351 4413 3675 4468 humanam

281 4499 490 4577 μόρφων
551 4501 862 4577 αἰρετικῶν·
898 4502 992 4565 οὕς
1025 4503 1087 4558 οὐ
1138 4504 1302 4578 μόνον
1355 4505 1416 4560 οὐ
1454 4502 1541 4560 δεῖ
1568 4508 1718 4578 ἡμᾶς
1746 4525 1921 4580 παρα-

2048 4508 2279 4563 ’ormam
2313 4523 2434 4578 praa
2467 4523 2528 4562 se
2558 4505 2852 4562 ferentes:
2888 4521 3037 4576 quos
3066 4520 3187 4559 non
3218 4502 3412 4558 solum
3444 4504 3677 4572 oportet

279 4583 513 4663 δὲχισθαι
554 4634 569 4659 ,
620 4587 748 4645 ἀλλ’
802 4590 849 4645 εἰ
906 4587 1131 4647 δυνατὸν
1215 4590 1357 4666 μηδὲ
1415 4598 1691 4665 συναντᾷψ
1752 4589 1919 4666 μὸνον

2048 4613 2128 4651 ros
2159 4612 2280 4651 non
2312 4595 2595 4667 recipere,
2625 4593 2728 4649 sed
2780 4594 2830 4647 si
2880 4591 3162 4664 possibile
3195 4596 3305 4659 est,
3336 4606 3528 4661 neque
3560 4588 3674 4643 ob-

284 4673 333 4732 δέ
381 4682 785 4757 προσεύχεσθαι
849 4682 981 4758 ὑπὲρ
1033 4681 1208 4739 αὐτῶν
1237 4726 1253 4756 ,
1319 4685 1408 4740 ἐάν
1464 4705 1584 4750 πως
1643 4687 1915 4759 μετανοή-

2048 4685 2183 4741 riam
2211 4685 2297 4740 eis
2339 4684 2466 4741 fieri
2493 4700 2507 4750 ;
2542 4682 2734 4738 solum
2764 4698 2900 4738 vero
2942 4698 3048 4753 pro
3078 4680 3224 4753 ipsis
3253 4695 3444 4747 orare,
3476 4679 3524 4734 si
3557 4694 3672 4750 quo

287 4786 457 4829 σωσιν.
2030 4774 2208 4831 modo
2237 4772 2645 4846 pcenitentiam
2676 4775 2870 4844 agant.
2902 4771 3011 4825 Ad.
3044 4772 3291 4840 Smyrn.,
3320 4784 3442 4839 cap.
3483 4769 3536 4822 4.

348 4862 559 4919 Eadem
590 4863 779 4920 ferme
810 4863 1024 4920 recitat
1048 4864 1390 4922 Theodorus
1425 4865 1703 4937 Studites,
1734 4869 1802 4921 ut
1829 4863 2006 4921 modo
2062 4864 2357 4920 vidimus:
2416 4860 2574 4933 apud
2603 4876 2804 4932 quem,
2837 4859 2989 4916 sicut
3017 4865 3076 4915 et
3104 4860 3220 4926 hic,
3252 4855 3533 4932 αἵρετικῶν
3585 4862 3676 4913 est

284 4950 603 5023 explicatio,
644 4968 767 5008 non
789 4957 986 5009 textus
1011 4969 1169 5025 pars,
1200 4957 1484 5010 monente
1513 4954 1595 5011 Cl.
1641 4954 1954 5013 Cotelerio.

1880 5079 2070 5138 XXXI.

285 5180 370 5237 13x
397 5184 574 5242 ZoanA
602 5184 889 5242 Jacobita.
924 5186 1039 5241 llib.
1070 5186 1368 5244 Adversus
1398 5187 1724 5259 Eutychen,
1757 5204 1878 5259 cap.
1911 5190 1964 5243 4.
1998 5189 2086 5244 Ea:
2114 5204 2212 5243 ms.
2245 5186 2364 5243 cod.
2397 5186 2646 5251 Arabico,
2676 5183 2977 5253 interprete
3022 5179 3124 5235 Ed.
3158 5179 3492 5249 ,Bernardo,
3526 5179 3675 5251 apud

1368 5261 1644 5315 Pnsnsom.
1684 5259 1850 5315 Vind.
1883 5261 2067 5332 Ignat.
2100 5265 2254 5330 part.
2287 5275 2327 5314 ι.
2360 5274 2484 5327 cap.
2517 5260 2572 5313 2.

354 5362 495 5419 Dicit
520 5366 778 5438 lgnatius
806 5362 1148 5437 patriarcha
1176 5365 1593 5423 Antiochensis
1624 5368 1835 5423 tertius
1861 5383 1896 5422 a
1923 5368 2095 5422 Petro
2127 5365 2416 5439 apostolo,
2449 5365 2510 5420 in
2530 5362 2792 5437 Epistola
2819 5377 2924 5417 sua
2948 5361 3021 5416 ad
3052 5361 3441 5433 Smyrnenses
3465 5375 3479 5424 ;
3512 5358 3672 5427 dicit,

296 5447 555 5522 inquam:
596 5456 668 5511 Et
694 5470 787 5510 vos
812 5461 982 5510 estote
1031 5457 1285 5525 persuasi
1312 5454 1373 5510 in
1403 5458 1636 5512 Domino
1692 5462 1876 5512 nostra
1923 5458 2049 5512 Jesu
2107 5457 2344 5526 Christo,
2402 5458 2500 5527 qui
2555 5472 2625 5511 ex
2670 5456 2870 5511 semine
2927 5452 3151 5507 Davidis
3173 5449 3462 5523 propheta
3494 5448 3676 5519 quoad

298 5554 498 5611 corpus,
525 5550 580 5599 at
609 5543 786 5599 Filius
812 5544 915 5599 De:
945 5545 1007 5598 in
1036 5544 1267 5600 veritate
1291 5547 1430 5618 ejus,
1461 5553 1625 5602 natus
1677 5562 1747 5602 ea:
1777 5546 1965 5603 Maria
2020 5547 2254 5617 virgine,
2288 5552 2341 5601 et
2373 5546 2680 5617 baptizatus
2710 5561 2744 5600 a
2772 5544 3005 5613 Joanne,
3037 5549 3090 5598 et
3118 5539 3412 5610 cruciﬁa'us
3445 5546 3676 5610 propter

301 5643 386 5686 nos
412 5632 502 5689 sub
521 5636 868 5705 praefectura
897 5635 1087 5690 Pontii
1122 5635 1315 5692 Pitati.
1346 5634 1436 5694 Ad
1466 5636 1701 5709 Smyrn.
1733 5651 1862 5709 cap.
1900 5639 1948 5691 1.
