3974 6134
303 341 377 400 31
1385 341 1449 403 S.
1495 340 1898 403 lGNATlUS.
1944 372 1995 385 -

1988 374 2024 385 -
2066 340 2674 405 PROLEGOMENA.
3639 340 3723 403 33

1847 478 2001 547 ιυιςκ,
2033 477 2173 535 ibid.
3398 454 3401 455 ί

378 589 449 642 Et
477 588 622 644 dicit
649 588 829 645 etiam
859 589 1161 662 (lgnatiusl
1193 588 1257 644 in
1300 587 1560 660 Epistola
1591 605 1699 645 sua
1735 587 1810 644 ad
1838 587 2267 644 Antiochenses
2293 604 2307 642 :
2338 590 2445 654 Qui
2472 588 2653 644 credit
2707 605 2855 644 nunc
2902 589 2962 644 in
2992 588 3227 655 Christo,
3260 593 3315 643 et
3341 603 3451 643 non
3478 587 3539 642 in
3567 587 3720 642 obla-

308 677 450 730 tione
480 692 579 731 sua
608 679 737 747 (esse
765 680 908 745 eum)
938 678 1139 731 Filium
1171 677 1268 731 Dei
1313 678 1573 731 creatoris
1618 677 1834 743 mundi,
1867 678 2116 747 dicetque
2144 677 2292 746 quod
2320 682 2395 731 est
2444 675 2559 731 illic
2603 677 2751 746 ﬁlius
2806 675 2977 745 alius,
3029 682 3082 730 et
3136 676 3425 731 substituet
3451 692 3571 730 eum
3604 674 3722 729 loco

304 766 445 834 ejus,
479 766 546 820 de
576 782 683 836 quo
712 767 1004 820 vaticinati
1031 772 1161 820 sunt
1186 766 1495 837 prophetae,
1522 783 1789 837 quemque
1810 766 2201 838 praedicarunt
2231 764 2512 835 discipuli,
2535 766 2825 837 palatium
2850 771 2927 820 est
2973 764 3203 821 diaboli.
3246 766 3329 820 Ex
3358 765 3546 836 Epist.
3579 780 3724 837 sup-

306 856 483 928 posit,
516 856 591 911 ad
622 856 998 922 Antiochen.,
1026 872 1155 927 cap.
1188 859 1243 910 5.

953 1221 1519 1346 ISAACI
1632 1220 2092 1343 VOSII
2180 1219 3077 1344 PRXEFATIO

1242 1442 1375 1536 IN
1415 1440 2099 1538 EPISTOLAS
2163 1441 2258 1536 S.
2318 1441 2783 1538 IGNATII

483 1651 625 1713 Quas
648 1650 870 1719 primus
899 1649 960 1703 in
992 1649 1163 1704 lucem
1190 1647 1393 1704 extulit
1421 1648 1839 1719 Amstelodami,
1893 1664 2041 1705 anno
2072 1642 2231 1717 1646,
2280 1651 2431 1722 iri-4,
2461 1667 2532 1707 ea:
2560 1651 2746 1707 codice
2773 1668 2873 1707 ms:
2908 1650 3248 1708 bibliothecae
3275 1650 3522 1708 Medica.

379 1816 464 1873 Ita
491 1821 600 1884 est,
656 1815 844 1872 lector
891 1816 1343 1884 humanissime,
1391 1817 1550 1889 quod
1581 1826 1638 1873 et
1668 1822 1730 1893 tu
1762 1823 1821 1874 et
1849 1835 1952 1891 ego
1984 1852 1995 1886 λ

1988 1821 2037 1886 Α
2068 1824 2340 1889 testatur,
2390 1836 2527 1875 eum
2584 1820 2704 1876 ait:
2753 1817 3061 1895 Ἑγράψατὲ
3123 1839 3217 1892 μοι
3271 1817 3362 1873 καὶ
3422 1816 3733 1891 ὑμεῖς,καὶ

309 1907 527 1977 saepius
556 1905 1120 1974 animadvertimus;
1166 1907 1369 1962 omnia
1421 1907 1540 1976 illa,
1573 1924 1703 1978 quas
1732 1908 1824 1963 vel
1853 1925 1959 1964 na-

309 2000 443 2051 tura
473 1995 789 2058 efﬁnxerit,
822 1995 913 2050 vel
959 1999 1084 2051 arte
1150 1995 1271 2050 sint
1326 1995 1630 2063 fabricata,
1662 1996 1829 2053 illam
1859 1998 1962 2054 ha—

303 2084 450 2139 bent
480 2083 913 2153 conditionem,
945 2090 1011 2139 ut
1039 2102 1171 2155 quas
1199 2083 1260 2139 in
1289 2101 1505 2157 genere
1539 2101 1644 2140 suo
1678 2086 1797 2141 sint
1825 2102 1959 2157 per-

300 2174 567 2243 fectiora,
592 2179 812 2245 quanto
839 2174 1062 2230 diutius
1083 2179 1141 2229 et
1163 2174 1447 2230 attentius
1461 2175 1956 2247 contemplemur,

305 2272 467 2322 tanto
483 2266 732 2338 pulchra
750 2266 934 2339 magis
951 2265 1359 2337 etartiﬁciosa,
1383 2267 1742 2322 intuentium
1776 2266 1962 2322 oculis

302 2371 433 2411 sese
465 2358 736 2411 offerant.
767 2356 972 2411 Simile
1015 2354 1155 2426 quid
1187 2356 1333 2410 mihi
1391 2356 1589 2410 evenit
1618 2356 1678 2410 in
1708 2356 1954 2428 lgnatio,

305 2445 476 2515 cujus
507 2462 813 2515 nunquam
844 2443 1138 2515 Epistolas
1169 2445 1376 2517 relegi,
1406 2445 1551 2515 quin
1582 2461 1818 2517 semper
1837 2445 1956 2499 ali-

305 2534 448 2605 quid
479 2534 632 2602 novi,
667 2551 783 2605 quo
816 2534 1004 2606 magis
1057 2550 1187 2589 sese
1219 2534 1366 2590 mihi
1396 2534 1739 2606 probarent,
1773 2534 1834 2589 in
1882 2534 1955 2589 iis

303 2622 837 2694 deprehenderim:
875 2622 1129 2692 quoties,
1183 2623 1449 2694 inquam,
1483 2622 1619 2678 illas
1651 2622 1711 2677 in
1744 2639 1953 2678 manus

296 2711 618 2782 resumpsi,
653 2710 827 2765 toties
853 2708 1083 2781 aliquid
1110 2711 1405 2781 apparuit,
1438 2709 1595 2764 unde
1626 2710 1951 2782 genuinum

295 2802 595 2874 potuerim
620 2817 940 2875 agnoscere
972 2800 1322 2873 scriptorem
1348 2817 1362 2869 ;
1392 2818 1553 2857 nunc
1583 2801 1825 2874 elegans
1848 2801 1953 2856 illa

298 2891 672 2963 simplicitas,
708 2897 767 2946 et
796 2890 1015 2946 saeculo
1047 2908 1163 2962 quo
1186 2891 1330 2945 vixit
1360 2890 1948 2958 convenientissima,

299 2998 459 3037 nunc
499 2997 699 3036 rerum
731 2984 791 3035 et
820 2980 1136 3035 verborum
1194 2980 1419 3051 passim
1470 2985 1527 3036 et
1556 2980 1776 3051 ubique
1808 2996 1948 3036 con-

298 3071 571 3146 gruentia
600 3087 668 3126 ac
689 3070 903 3125 veritas
931 3086 1126 3139 ;nunc
1156 3069 1314 3124 zelus
1345 3074 1404 3125 et
1433 3070 1701 3141 martyrii
1733 3070 1948 3139 fervor,

299 3162 400 3234 qui
431 3176 566 3216 cum
596 3159 762 3223 alibi,
796 3164 920 3213 tum
947 3159 1213 3252 maxime
1245 3159 1307 3213 in
1337 3158 1599 3230 Epistola
1630 3159 1703 3214 ad
1737 3161 1947 3215 Roma-
1980 3186 2028 3252 B

300 3266 408 3305 nos
439 3248 665 3314 elucet;
699 3247 901 3303 omnia
930 3246 1186 3318 denique
1228 3253 1529 3304 auctorem
1564 3265 1738 3303 suum
1770 3251 1948 3303 testa-

300 3340 535 3395 bantur.
569 3338 691 3402 Quo
724 3337 909 3409 magis
958 3337 1143 3392 miror
1190 3335 1393 3405 fuisse,
1437 3337 1537 3408 qui
1566 3353 1687 3392 non
1718 3341 1952 3391 tantum

306 3432 581 3501 negarent
594 3425 872 3498 epistolas
885 3426 991 3481 has
1004 3442 1134 3481 esse
1146 3426 1355 3497 lgnatii
1371 3426 1475 3481 sed
1489 3442 1598 3481 nec
1611 3425 1952 3481 dubitarent

300 3518 596 3574 afﬁrmare
622 3515 789 3570 illum
820 3516 1015 3571 nullas
1038 3515 1282 3571 omnino
1315 3516 1643 3587 scripsisse.
1673 3517 1799 3570 Non
1831 3515 1949 3570 alio

300 3607 359 3663 id
373 3610 721 3680 argumento
736 3606 1090 3678 persuadere
1109 3606 1685 3675 conabantur,quam
1705 3621 1773 3658 eo
1792 3604 1952 3674 quod

299 3699 570 3755 dicerent
589 3697 892 3753 neminem
914 3702 1203 3764 veterum,
1227 3701 1363 3751 ante
1395 3695 1951 3761 Eusebium,earum

303 3789 667 3846 meminisse.
698 3789 844 3843 Nam
874 3786 1199 3842 sententias
1229 3802 1359 3857 quas
1381 3784 1539 3856 apud
1570 3784 1864 3839 lrenaaum
1895 3787 1954 3839 et

304 3878 616 3951 Origenem
639 3882 957 3943 exstarent,
985 3892 1084 3931 eas
1106 3892 1205 3930 ore
1231 3874 1669 3946 pronuntiasse,
1702 3888 1824 3927 non
1845 3888 1952 3927 au-

304 3973 424 4025 tem
450 3986 520 4024 ex
542 3968 807 4040 epistolis
830 3968 958 4038 ejus
980 3982 1109 4022 esse
1132 3965 1346 4038 petitas
1370 3980 1383 4019 :
1416 3979 1534 4018 non
1568 3961 1954 4018 attenderunt

301 4060 407 4114 viri
439 4058 769 4115 doctissimi
799 4056 874 4112 ad
905 4073 1041 4112 eum
1073 4054 1342 4127 Origenis
1378 4053 1598 4118 locum,
1631 4051 1731 4121 qui
1764 4055 1954 4107 exstat

302 4148 511 4205 homil.
544 4165 595 4202 γι
626 4146 688 4202 in
719 4147 967 4201 Lucam:
1020 4143 1172 4200 Unde
1227 4143 1506 4212 eleganter
1550 4142 1611 4194 in
1662 4139 1951 4209 cujusdam

306 4239 567 4307 martyris
604 4234 839 4307 epistola
866 4234 1067 4304 reperi,
1127 4233 1408 4302 Ignatium
1455 4228 1580 4285 dico
1635 4229 1950 4299 episcopum

305 4326 629 4390 Antiochiae,
654 4330 781 4394 post
810 4325 1034 4378 Petrum
1057 4320 1397 4385 secundum;
1427 4320 1525 4390 qui
1543 4320 1602 4373 in
1617 4319 1951 4389 persecutio-

303 4432 371 4470 ne
401 4417 580 4470 Romae
602 4414 878 4484 pugnavit
926 4412 1000 4465 ad
1045 4411 1281 4465 bestias:
1329 4431 1357 4459 «
1390 4409 1703 4477 Principem
1756 4404 1952 4463 saculi

304 4504 469 4574 hujus
501 4503 669 4558 latuit
695 4502 992 4571 virginitas
1045 4500 1266 4564 Marias,
1296 4518 1325 4548 ι)
1388 4501 1499 4552 etc.
1546 4496 1659 4552 Sed
1687 4495 1762 4551 ad
1792 4495 1947 4551 anti-

2070 1910 2356 1983 Ἲγνάτιος.
2392 1910 2725 1981 Supervixit
2753 1916 2951 1966 autem
2981 1912 3208 1981 lgnatio
3241 1910 3603 1982 Polycarpus
3624 1927 3736 1966 an-

2071 2000 2165 2054 nis
2196 2000 2332 2071 plus
2362 2000 2560 2054 minus
2592 2001 2914 2073 sexaginta.
2942 2000 3045 2055 Hic
3067 2000 3217 2073 jam,
3248 2016 3412 2073 rogo,
3445 2015 3729 2071 quaenam

2070 2090 2189 2144 veri
2250 2095 2339 2144 est
2358 2088 2683 2145 similitudo
2740 2092 2824 2158 ut,
2883 2089 3207 2161 Polycarpo
3264 2089 3515 2158 vivente,
3567 2104 3728 2143 verae

2071 2179 2197 2234 istae
2217 2177 2428 2251 lgnatii
2451 2177 2717 2249 epistolm
2738 2177 2962 2233 fuerint
2991 2184 3411 2250 suppressm,et
3429 2178 3561 2233 aliae
3584 2194 3731 2249 sup-

2069 2268 2277 2340 positas
2298 2268 2326 2322 ‘2
2357 2266 2635 2337 Nunquid
2661 2283 2761 2321 eas
2783 2266 3045 2338 perdidit
3073 2266 3453 2338 Polycarpus,
3482 2271 3548 2321 ut
3568 2282 3726 2339 opus

2065 2357 2247 2413 fuerit
2289 2356 2435 2412 alias
2479 2356 2860 2427 excogitare?
2905 2357 3033 2411 Non
3073 2361 3216 2428 puto
3249 2372 3609 2427 quemquam
3636 2357 3730 2413 ita.

2066 2447 2192 2502 fore
2222 2446 2563 2513 ridiculum,
2585 2451 2652 2500 ut
2678 2445 2823 2500 talia
2852 2445 3080 2517 probet.
3112 2447 3239 2501 lam
3263 2462 3442 2518 pergo
3467 2462 3481 2498 :
3512 2445 3569 2500 Si
3600 2446 3719 2500 Po-

2063 2534 2336 2608 lycarpus
2381 2553 2481 2592 eas
2511 2536 2805 2592 habuerit.
2838 2536 3044 2607 utique
3085 2537 3324 2591 easdem
3356 2535 3564 2592 habuit
3592 2536 3729 2592 Ire-

2063 2645 2249 2696 naeus,
2284 2627 2414 2699 ejus
2463 2628 2813 2701 discipulus,
2865 2628 2967 2700 qui
2997 2628 3128 2683 illas
3159 2629 3376 2684 citavit.
3420 2630 3723 2685 Irenaeum

2062 2718 2283 2788 excipit
2308 2719 2610 2790 Origenes,
2634 2718 2948 2791 cujusjam
2996 2719 3174 2774 verba
3215 2718 3491 2773 vidimus.
3527 2721 3712 2774 Nemo

2060 2812 2282 2874 autem,
2305 2813 2470 2877 puto,
2495 2808 2590 2875 sit,
2619 2807 2720 2877 qui
2753 2807 3052 2862 existimet
3073 2807 3335 2862 diversas
3354 2807 3538 2863 fuisse
3550 2809 3721 2880 Igna-

2060 2895 2125 2949 tii
2159 2895 2441 2968 epistolas
2465 2895 2682 2966 quibus
2702 2911 2849 2951 usus
2871 2901 2960 2950 est
2977 2896 3281 2969 Origenes,
3313 2897 3386 2953 ab
3418 2896 3538 2952 illis
3565 2916 3719 2970 quas

2061 2983 2201 3039 citat
2228 2984 2534 3040 Eusebius.
2588 2983 2908 3039 Eusebium
2969 2992 3301 3056 sequuntur
3330 2986 3715 3059 Athanasius,

2059 3073 2474 3144 Hieronymus,
2519 3073 2993 3144 Chrysostomus,
3047 3075 3468 3141 Theodoretus,
3498 3075 3717 3132 Antio-

2060 3162 2307 3228 chenus,
2341 3162 2761 3231 Damascenus,
2791 3162 3056 3227 Photius,
3109 3170 3169 3218 et
3219 3164 3522 3219 innumeri
3553 3165 3661 3221 alii
3700 3182 3716 3235 ;

2059 3251 2162 3322 qui
2192 3266 2399 3305 omnes
2428 3251 2519 3305 usi
2554 3256 2695 3305 sunt
2720 3251 3063 3308 testimonio
3098 3253 3304 3326 lgnatii
3327 3294 3341 3319 ,
3372 3258 3432 3309 et
3461 3253 3545 3309 ita
3577 3255 3716 3326 qui-

2058 3339 2214 3405 dem,
2237 3345 2304 3395 ut
2333 3355 2645 3411 nunquam
2676 3356 3026 3411 aquoquam
3051 3342 3207 3396 inter
3235 3343 3609 3414 apocryphos
3634 3344 3719 3399 sit

2058 3428 2280 3483 relatus
2305 3446 2319 3494 ;
2355 3428 2513 3498 quod
2531 3434 2728 3483 tamen
2753 3445 2826 3484 ne
2860 3430 2995 3483 novi
3021 3430 3262 3501 quidem
3288 3430 3547 3486 Fmderis
3570 3431 3714 3487 libri

2059 3517 2315 3589 effugere
2373 3534 2582 3572 omnes
2624 3520 2963 3588 potuerunt.
3022 3519 3167 3572 Cum
3225 3518 3425 3588 itaque
3457 3519 3554 3573 hic
3584 3536 3713 3577 non

2058 3607 2448 3677 interruptam
2511 3606 2839 3661 habeamus
2896 3607 3111 3662 seriem
3169 3623 3397 3675 eorum,
3440 3606 3543 3677 qui
3600 3607 3713 3664 has

2058 3693 2340 3765 epistolas
2370 3694 2845 3767 approbaverunt
2871 3710 2884 3748 :
2910 3711 3031 3750 non
3051 3695 3220 3751 video
3244 3712 3359 3766 quo
3390 3711 3714 3767 argumen-

2060 3788 2117 3838 to
2149 3782 2495 3853 opinionem
2528 3798 2693 3838 suam
2735 3783 3091 3838 conﬁrmare
3126 3783 3377 3854 possint,
3410 3783 3513 3854 qui
3544 3783 3717 3839 aliud

2057 3872 2342 3928 sentiunt.
2364 3872 2550 3928 Lectus
2582 3876 2722 3928 sunt
2741 3872 3028 3928 hactenus
3044 3873 3253 3945 lgnatii
3276 3872 3714 3944 epistolae,pro-

2056 3968 2123 4018 ut
2137 3962 2208 4017 ab
2239 3962 2660 4033 interpolatore
2683 3961 3223 4034 fuerantcorruptaa
3251 3979 3264 4018 :
3283 3967 3342 4017 et
3360 3966 3562 4018 tamen
3584 3980 3717 4020 non

2057 4050 2318 4119 defuere,
2343 4052 2443 4122 qui
2462 4051 2674 4123 judicii
2698 4050 3016 4106 acrimonia
3044 4051 3222 4106 etiam
3255 4066 3460 4106 verum
3492 4051 3554 4105 in
3586 4051 3717 4108 illis

2056 4140 2504 4212 deprehendere
2535 4140 2854 4212 potuerint.
2890 4140 3160 4196 Ostendit
3188 4140 3301 4195 hoc
3330 4140 3475 4195 satis
3507 4156 3722 4211 super-

2057 4246 2171 4301 que
2202 4230 2289 4284 vir
2318 4245 2586 4286 summus
2633 4229 2897 4285 Andreas
2929 4229 3192 4284 Rivetus.
3242 4230 3419 4284 Veras
3440 4228 3570 4299 jam
3604 4245 3718 4284 ex-

2056 4319 2231 4376 hibeo
2263 4323 2322 4374 et
2349 4319 2658 4391 genuinas,
2694 4322 2751 4372 et
2780 4317 3138 4372 testimoniis
3167 4317 3551 4387 antiquorum
3582 4317 3721 4375 ubi-

2057 4424 2171 4479 que
2201 4411 2635 4480 congruentes;
2697 4420 2765 4461 eo
2807 4406 2936 4475 jam
2977 4406 3346 4477 confugiunt,
3373 4410 3441 4460 ut
3490 4416 3721 4480 negent

2061 4505 2383 4568 martyrem
2414 4497 2583 4551 illum
2614 4495 2897 4567 epistolas
2927 4496 3256 4567 scripsisse.
3290 4495 3403 4550 Sed
3431 4496 3722 4558 fruantur

307 4547 468 4574 ..ν-,μω
501 4547 665 4558 ...η-η
701 4547 990 4571 vnum---
1045 4547 1302 4564 ..π--.νιν
1394 4547 1499 4552 --ν-
1547 4547 1658 4552 η-
1690 4547 1762 4551 --
1796 4547 1914 4551 --η
2061 4547 2383 4568 ------,,----
2414 4547 2582 4551 ------
2621 4547 2892 4567 -.ρ---πη
2928 4547 3256 4567 --ηρ-η--
3294 4547 3403 4550 η-
3431 4547 3709 4558 ----..---

307 4594 515 4665 quiora
544 4591 868 4659 veniamus,
894 4606 1009 4659 quo
1032 4587 1218 4660 magis
1239 4590 1521 4659 appareat
1542 4585 1867 4656 antiquitas
1888 4590 1948 4641 et
1973 4547 2020 4612 C
2060 4588 2146 4643 illi
2180 4587 2463 4657 opinione
2494 4601 2624 4653 sua,
2657 4590 2851 4641 certus
2882 4601 3013 4640 sum
3044 4601 3264 4657 paucos
3307 4588 3554 4643 omnino
3582 4589 3720 4646 fore

306 4682 523 4738 veritas
552 4679 762 4753 lgnatii
794 4678 1001 4746 nostri,
1038 4683 1097 4733 et
1121 4693 1286 4733 error
1328 4691 1535 4732 eorum
1568 4675 1669 4747 qui
1714 4679 1947 4731 contra-

299 4773 457 4828 rium
478 4769 1007 4827 statuunt.Primus
1028 4768 1229 4838 itaque
1250 4766 1351 4839 qui
1374 4781 1579 4823 earum
1610 4764 1952 4821 meminerit

308 4863 358 4917 is
388 4867 477 4917 est
505 4860 863 4931 Polycarpus
895 4862 1117 4928 martyr
1144 4856 1205 4911 in
1227 4855 1489 4928 Epistola
1509 4854 1582 4911 ad
1611 4854 1948 4927 Philippen-

306 4968 399 5006 ses
425 4971 439 5018 ;
473 4950 644 5022 cujus
673 4948 850 5004 verba
870 4948 994 5003 haec
1013 4952 1152 5002 sunt
1175 4962 1189 5013 ;
1212 4944 1324 5006 Τὰς
1355 4941 1651 5005 ἐπιστολὰς
1686 4942 1949 5016 Ἰγνατίου

304 5038 397 5099 τὰς
421 5036 755 5114 πεμφθείσας
785 5036 919 5107 ἡμῖν
949 5033 1039 5089 ὑπ’
1079 5035 1266 5103 αὐτοῦ,
1295 5032 1383 5088 καὶ
1418 5029 1592 5092 ἄλλως
1623 5029 1751 5092 ὅσας
1785 5028 1948 5109 εἷ’χο-

311 5146 405 5199 μεν
460 5126 586 5200 παρ’
615 5125 771 5197 ἡμῖν,
810 5121 1128 5197 ἐπέμψαμεν
1182 5122 1333 5194 ὑμῖν,
1382 5120 1563 5183 καθὼς
1595 5118 1950 5189 ὲνετείλασθε,

305 5214 503 5278 αἵτινές
536 5213 961 5287 ὑποτεταγμέναι
1013 5212 1114 5267 εἰσι
1163 5216 1232 5286 τῇ
1264 5209 1533 5283 ἐπιστολῇ
1562 5207 1759 5285 ταύτῃ,
1791 5207 1840 5279 ἐξ
1875 5209 1950 5265 ὧν

310 5303 519 5378 μεγάλα
572 5301 925 5381 ὠφεληθῆναι
984 5298 1293 5371 δυνήσεσθε.
1348 5298 1675 5378 Περιέχουσι
1722 5297 1824 5374 γὰρ
1858 5296 1948 5353 πί-

306 5414 418 5448 στιν
451 5390 540 5447 καὶ
574 5392 873 5464 ὑπομονὴν,
906 5389 995 5446 καὶ
1026 5394 1203 5445 πᾶσαν
1259 5386 1560 5461 οἰκοδομὴν
1616 5388 1718 5457 τήν
1751 5386 1827 5449 εἷς
1856 5386 1950 5442 τὸν

306 5483 510 5558 Κύριον
538 5483 699 5554 ἡμῶν
729 5482 1056 5551 ἀνήκουσαν.
1087 5483 1270 5537 Nemo
1295 5480 1424 5553 jam
1461 5480 1650 5553 possit
1678 5477 1950 5535 dubitare

304 5577 450 5649 quin
472 5574 833 5648 Polycarpus
856 5574 965 5630 iste
994 5572 1202 5648 lgnatii
1235 5570 1510 5629 habuerit
1532 5569 1830 5644 epistolas,
1855 5567 1950 5624 cui

307 5666 486 5723 etiam
527 5682 709 5724 unam
755 5682 825 5723 ex
873 5664 995 5721 illis
1027 5668 1253 5736 septem
1287 5660 1613 5734 inscripsit,
1637 5658 1795 5732 quod
1824 5657 1951 5731 ipse

2061 4677 2163 4749 qui
2195 4692 2329 4732 cum
2371 4673 2516 4746 ipsis
2566 4673 2865 4741 sentiant,
2897 4673 3000 4744 qui
3030 4689 3166 4730 vero
3197 4674 3261 4730 id
3290 4692 3427 4731 cum
3474 4677 3719 4736 ratione

2057 4765 2255 4830 faciat,
2287 4764 2613 4820 neminem.

2129 4854 2295 4921 Quod
2322 4858 2521 4910 autem
2553 4870 2701 4925 pura
2727 4868 3125 4925 germanaque
3136 4854 3266 4926 jam
3284 4856 3480 4929 legere
3509 4858 3717 4928 possis

2060 4944 2281 5016 scripta
2299 4943 2426 4999 haec
2445 4943 2770 5015 Ignatiana,
2791 4941 3076 4999 benevole
3094 4943 3301 5012 lector,
3325 4944 3714 5007 bibliotheca

2059 5032 2334 5089 Mediceaa
2382 5032 2562 5089 debes
2589 5050 2603 5090 :
2636 5030 2817 5088 debes
2861 5032 3245 5089 serenissima
3277 5035 3535 5107 principi
3566 5037 3721 5093 Fer-

2060 5122 2322 5179 dinando
2353 5121 2425 5187 Il,
2466 5138 2680 5193 magno
2709 5121 2927 5175 Eturiae
2957 5120 3114 5187 duci,
3147 5122 3321 5194 cujus
3367 5124 3723 5185 incredibili

2060 5228 2199 5284 erga
2224 5210 2420 5267 studia
2449 5227 2672 5278 amore,
2704 5208 2942 5280 inclytus
2974 5210 3104 5281 ejus
3151 5211 3531 5269 bibliotheca
3562 5216 3723 5274 mihi

2061 5300 2308 5371 contigit
2337 5315 2537 5369 usura,
2585 5301 2643 5353 et
2681 5314 2789 5370 per
2817 5297 2970 5353 hanc
3002 5298 3339 5369 Ignatianus
3370 5300 3494 5371 ille,
3530 5320 3723 5376 quem

2062 5390 2292 5457 damus,
2307 5389 2659 5444 Thesaurus.
2682 5387 2915 5443 Utinam
2929 5403 3065 5441 vero
3082 5388 3168 5444 sic
3180 5387 3281 5444 alii
3295 5406 3535 5463 quoque
3551 5396 3725 5464 prin-

2062 5478 2222 5550 cipes
2251 5477 2495 5533 animati
2524 5477 2739 5543 forent,
2788 5492 2898 5532 nec
2949 5475 3215 5548 plerique
3267 5479 3425 5534 avari
3456 5479 3609 5538 adeo
3640 5484 3722 5542 iis

2060 5567 2319 5641 pretium
2352 5571 2700 5633 statuerent,
2747 5565 2915 5637 quasi
2946 5563 3174 5637 aliquid
3226 5567 3348 5622 suis
3393 5568 3465 5624 de
3498 5571 3721 5642 opibus

2061 5655 2447 5725 detereretur,
2457 5655 2506 5713 si
2520 5654 2656 5712 libri
2667 5652 2903 5729 publice
2918 5652 3116 5725 potius
3126 5652 3304 5711 utiles
3320 5655 3719 5733 forentquam
