  <div class='ocr_page' id='page_1' title='image "/cluster/home/n/w/nwhite01/storage/ocr_20150623/5/mdp.39015015401063/030.png"; bbox 0 0 3974 6134; ppageno 0'>
   <div class='ocr_carea' id='block_1_1' title="bbox 265 248 3658 360">
    <p class='ocr_par' dir='ltr' id='par_1_1' title="bbox 265 248 3658 360">
     <span class='ocr_line' id='line_1_1' title="bbox 265 248 3658 360; baseline 0.001 -7"><span class='ocrx_word' id='word_1_1' title='bbox 265 298 331 359; x_wconf 83' lang='lat'><strong>33</strong></span> <span class='ocrx_word' id='word_1_2' title='bbox 1412 292 1474 352; x_wconf 88' lang='lat' dir='ltr'><strong>J.</strong></span> <span class='ocrx_word' id='word_1_3' title='bbox 1519 292 1588 352; x_wconf 93' lang='lat' dir='ltr'><strong>B.</strong></span> <span class='ocrx_word' id='word_1_4' title='bbox 1633 248 2050 351; x_wconf 75' lang='lat' dir='ltr'><strong>co&#39;rELuan</strong></span> <span class='ocrx_word' id='word_1_5' title='bbox 2094 288 2494 353; x_wconf 77' lang='lat' dir='ltr'><strong>JUDICIUM.</strong></span> <span class='ocrx_word' id='word_1_6' title='bbox 3579 300 3658 360; x_wconf 86' lang='lat'><strong>34</strong></span> 
     </span>
    </p>
   </div>
   <div class='ocr_carea' id='block_1_2' title="bbox 258 423 3662 503">
    <p class='ocr_par' dir='ltr' id='par_1_2' title="bbox 258 423 3662 503">
     <span class='ocr_line' id='line_1_2' title="bbox 258 423 3662 503; baseline 0.001 -20"><span class='ocrx_word' id='word_1_7' title='bbox 258 430 437 486; x_wconf 79' lang='lat' dir='ltr'><strong>blattis</strong></span> <span class='ocrx_word' id='word_1_8' title='bbox 459 432 517 483; x_wconf 88' lang='lat' dir='ltr'><strong>et</strong></span> <span class='ocrx_word' id='word_1_9' title='bbox 531 426 712 483; x_wconf 82' lang='lat' dir='ltr'><strong>tineis</strong></span> <span class='ocrx_word' id='word_1_10' title='bbox 734 424 1097 482; x_wconf 82' lang='lat' dir='ltr'><strong>absumendi</strong></span> <span class='ocrx_word' id='word_1_11' title='bbox 1119 425 1594 496; x_wconf 81' lang='lat' dir='ltr'><strong>relinqueretur;</strong></span> <span class='ocrx_word' id='word_1_12' title='bbox 1615 423 1677 480; x_wconf 89' lang='lat' dir='ltr'><strong>hi</strong></span> <span class='ocrx_word' id='word_1_13' title='bbox 1705 423 1886 491; x_wconf 91' lang='lat' dir='ltr'><strong>enim,</strong></span> <span class='ocrx_word' id='word_1_14' title='bbox 1921 437 1975 503; x_wconf 74' lang='grc' dir='ltr'><strong>Α</strong></span> <span class='ocrx_word' id='word_1_15' title='bbox 2005 423 2293 496; x_wconf 85' lang='lat' dir='ltr'><strong>Paganini</strong></span> <span class='ocrx_word' id='word_1_16' title='bbox 2327 423 2663 493; x_wconf 88' lang='lat' dir='ltr'><strong>Gaudentii,</strong></span> <span class='ocrx_word' id='word_1_17' title='bbox 2697 425 2797 497; x_wconf 87' lang='lat' dir='ltr'><strong>qui</strong></span> <span class='ocrx_word' id='word_1_18' title='bbox 2854 425 3050 483; x_wconf 82' lang='lat' dir='ltr'><strong>favore</strong></span> <span class='ocrx_word' id='word_1_19' title='bbox 3105 442 3233 497; x_wconf 90' lang='lat' dir='ltr'><strong>suo,</strong></span> <span class='ocrx_word' id='word_1_20' title='bbox 3276 445 3347 485; x_wconf 90' lang='lat' dir='ltr'><strong>eo</strong></span> <span class='ocrx_word' id='word_1_21' title='bbox 3376 445 3473 486; x_wconf 89' lang='lat' dir='ltr'><strong>me</strong></span> <span class='ocrx_word' id='word_1_22' title='bbox 3502 432 3662 503; x_wconf 90' lang='lat' dir='ltr'><strong>apud</strong></span> 
     </span>
    </p>
   </div>
   <div class='ocr_carea' id='block_1_3' title="bbox 256 513 1896 589">
    <p class='ocr_par' dir='ltr' id='par_1_3' title="bbox 256 513 1896 589">
     <span class='ocr_line' id='line_1_3' title="bbox 256 513 1896 589; baseline -0.004 -16"><span class='ocrx_word' id='word_1_23' title='bbox 256 536 364 573; x_wconf 87' lang='lat' dir='ltr'><strong>non</strong></span> <span class='ocrx_word' id='word_1_24' title='bbox 385 535 503 573; x_wconf 68' lang='lat' dir='ltr'><strong>sua:</strong></span> <span class='ocrx_word' id='word_1_25' title='bbox 528 517 862 589; x_wconf 83' lang='lat' dir='ltr'><strong>quidquam</strong></span> <span class='ocrx_word' id='word_1_26' title='bbox 889 515 1086 587; x_wconf 66' lang='lat' dir='ltr'><strong>glorise</strong></span> <span class='ocrx_word' id='word_1_27' title='bbox 1117 514 1470 579; x_wconf 80' lang='lat' dir='ltr'><strong>adimerent,</strong></span> <span class='ocrx_word' id='word_1_28' title='bbox 1503 514 1551 570; x_wconf 95' lang='lat' dir='ltr'><strong>si</strong></span> <span class='ocrx_word' id='word_1_29' title='bbox 1584 513 1896 571; x_wconf 89' lang='lat' dir='ltr'><strong>serenissi-</strong></span> 
     </span>
    </p>
   </div>
   <div class='ocr_carea' id='block_1_4' title="bbox 260 602 1897 679">
    <p class='ocr_par' dir='ltr' id='par_1_4' title="bbox 260 602 1897 679">
     <span class='ocr_line' id='line_1_4' title="bbox 260 602 1897 679; baseline -0.002 -18"><span class='ocrx_word' id='word_1_30' title='bbox 260 607 331 662; x_wconf 89' lang='lat' dir='ltr'><strong>mi</strong></span> <span class='ocrx_word' id='word_1_31' title='bbox 356 606 634 679; x_wconf 90' lang='lat' dir='ltr'><strong>principis</strong></span> <span class='ocrx_word' id='word_1_32' title='bbox 684 605 1035 677; x_wconf 81' lang='lat' dir='ltr'><strong>exemplum</strong></span> <span class='ocrx_word' id='word_1_33' title='bbox 1083 604 1528 659; x_wconf 69' lang='lat' dir='ltr'><strong>aemularentur.</strong></span> <span class='ocrx_word' id='word_1_34' title='bbox 1579 606 1769 674; x_wconf 74' lang='lat' dir='ltr'><strong>Atque</strong></span> <span class='ocrx_word' id='word_1_35' title='bbox 1803 602 1897 657; x_wconf 91' lang='lat' dir='ltr'><strong>hic</strong></span> 
     </span>
    </p>
   </div>
   <div class='ocr_carea' id='block_1_5' title="bbox 250 691 1896 768">
    <p class='ocr_par' dir='ltr' id='par_1_5' title="bbox 250 691 1896 768">
     <span class='ocr_line' id='line_1_5' title="bbox 250 691 1896 768; baseline -0.004 -15"><span class='ocrx_word' id='word_1_36' title='bbox 250 697 373 768; x_wconf 80' lang='lat' dir='ltr'><strong>ejus</strong></span> <span class='ocrx_word' id='word_1_37' title='bbox 394 695 563 752; x_wconf 89' lang='lat' dir='ltr'><strong>ardor</strong></span> <span class='ocrx_word' id='word_1_38' title='bbox 586 696 778 768; x_wconf 86' lang='lat' dir='ltr'><strong>magis</strong></span> <span class='ocrx_word' id='word_1_39' title='bbox 798 695 1010 764; x_wconf 86' lang='lat' dir='ltr'><strong>eluxit,</strong></span> <span class='ocrx_word' id='word_1_40' title='bbox 1035 701 1372 766; x_wconf 78' lang='lat' dir='ltr'><strong>postquam,</strong></span> <span class='ocrx_word' id='word_1_41' title='bbox 1390 699 1455 748; x_wconf 92' lang='lat' dir='ltr'><strong>ut</strong></span> <span class='ocrx_word' id='word_1_42' title='bbox 1471 692 1616 747; x_wconf 91' lang='lat' dir='ltr'><strong>mihi</strong></span> <span class='ocrx_word' id='word_1_43' title='bbox 1641 691 1896 747; x_wconf 91' lang='lat' dir='ltr'><strong>relatum</strong></span> 
     </span>
    </p>
   </div>
   <div class='ocr_carea' id='block_1_6' title="bbox 249 784 1897 858">
    <p class='ocr_par' dir='ltr' id='par_1_6' title="bbox 249 784 1897 858">
     <span class='ocr_line' id='line_1_6' title="bbox 249 784 1897 858; baseline -0.004 -15"><span class='ocrx_word' id='word_1_44' title='bbox 249 794 350 855; x_wconf 89' lang='lat' dir='ltr'><strong>est,</strong></span> <span class='ocrx_word' id='word_1_45' title='bbox 371 788 778 842; x_wconf 71' lang='lat' dir='ltr'><strong>Laurentianaa</strong></span> <span class='ocrx_word' id='word_1_46' title='bbox 800 803 926 841; x_wconf 76' lang='lat' dir='ltr'><strong>suae</strong></span> <span class='ocrx_word' id='word_1_47' title='bbox 956 785 1222 858; x_wconf 73' lang='lat' dir='ltr'><strong>prml‘ecit</strong></span> <span class='ocrx_word' id='word_1_48' title='bbox 1249 786 1539 840; x_wconf 83' lang='lat' dir='ltr'><strong>Joannem</strong></span> <span class='ocrx_word' id='word_1_49' title='bbox 1576 784 1897 855; x_wconf 88' lang='lat' dir='ltr'><strong>Baptistam</strong></span> 
     </span>
    </p>
   </div>
   <div class='ocr_carea' id='block_1_7' title="bbox 248 872 1899 948">
    <p class='ocr_par' dir='ltr' id='par_1_7' title="bbox 248 872 1899 948">
     <span class='ocr_line' id='line_1_7' title="bbox 248 872 1899 948; baseline -0.004 -16"><span class='ocrx_word' id='word_1_50' title='bbox 248 878 504 945; x_wconf 88' lang='lat' dir='ltr'><strong>Donium,</strong></span> <span class='ocrx_word' id='word_1_51' title='bbox 532 876 725 931; x_wconf 84' lang='lat' dir='ltr'><strong>virum</strong></span> <span class='ocrx_word' id='word_1_52' title='bbox 760 875 1055 946; x_wconf 91' lang='lat' dir='ltr'><strong>nobilem,</strong></span> <span class='ocrx_word' id='word_1_53' title='bbox 1080 875 1497 948; x_wconf 86' lang='lat' dir='ltr'><strong>dignissimum</strong></span> <span class='ocrx_word' id='word_1_54' title='bbox 1526 873 1681 928; x_wconf 89' lang='lat' dir='ltr'><strong>Petri</strong></span> <span class='ocrx_word' id='word_1_55' title='bbox 1714 872 1899 927; x_wconf 90' lang='lat' dir='ltr'><strong>Victo-</strong></span> 
     </span>
    </p>
   </div>
   <div class='ocr_carea' id='block_1_8' title="bbox 246 962 1895 1037">
    <p class='ocr_par' dir='ltr' id='par_1_8' title="bbox 246 962 1895 1037">
     <span class='ocr_line' id='line_1_8' title="bbox 246 962 1895 1037; baseline -0.002 -17"><span class='ocrx_word' id='word_1_56' title='bbox 246 967 307 1020; x_wconf 86' lang='lat' dir='ltr'><strong>rii</strong></span> <span class='ocrx_word' id='word_1_57' title='bbox 338 981 765 1033; x_wconf 85' lang='lat' dir='ltr'><strong>successorem,</strong></span> <span class='ocrx_word' id='word_1_58' title='bbox 801 982 915 1020; x_wconf 88' lang='lat' dir='ltr'><strong>nec</strong></span> <span class='ocrx_word' id='word_1_59' title='bbox 946 965 1139 1037; x_wconf 90' lang='lat' dir='ltr'><strong>ipsum</strong></span> <span class='ocrx_word' id='word_1_60' title='bbox 1169 962 1341 1019; x_wconf 91' lang='lat' dir='ltr'><strong>modo</strong></span> <span class='ocrx_word' id='word_1_61' title='bbox 1374 962 1895 1030; x_wconf 85' lang='lat' dir='ltr'><strong>litteratissimum,</strong></span> 
     </span>
    </p>
   </div>
   <div class='ocr_carea' id='block_1_9' title="bbox 243 1050 1899 1125">
    <p class='ocr_par' dir='ltr' id='par_1_9' title="bbox 243 1050 1899 1125">
     <span class='ocr_line' id='line_1_9' title="bbox 243 1050 1899 1125; baseline -0.004 -15"><span class='ocrx_word' id='word_1_62' title='bbox 243 1054 333 1110; x_wconf 86' lang='lat' dir='ltr'><strong>sed</strong></span> <span class='ocrx_word' id='word_1_63' title='bbox 363 1071 430 1110; x_wconf 88' lang='lat' dir='ltr'><strong>ea</strong></span> <span class='ocrx_word' id='word_1_64' title='bbox 461 1054 788 1124; x_wconf 70' lang='lat' dir='ltr'><strong>praeditum</strong></span> <span class='ocrx_word' id='word_1_65' title='bbox 844 1052 1183 1125; x_wconf 87' lang='lat' dir='ltr'><strong>prudentia,</strong></span> <span class='ocrx_word' id='word_1_66' title='bbox 1214 1058 1278 1107; x_wconf 90' lang='lat' dir='ltr'><strong>ut</strong></span> <span class='ocrx_word' id='word_1_67' title='bbox 1308 1068 1484 1106; x_wconf 86' lang='lat' dir='ltr'><strong>nemo</strong></span> <span class='ocrx_word' id='word_1_68' title='bbox 1506 1050 1739 1122; x_wconf 74' lang='lat' dir='ltr'><strong>judicio</strong></span> <span class='ocrx_word' id='word_1_69' title='bbox 1771 1067 1899 1105; x_wconf 85' lang='lat' dir='ltr'><strong>ma-</strong></span> 
     </span>
    </p>
   </div>
   <div class='ocr_carea' id='block_1_10' title="bbox 232 1141 1899 1216">
    <p class='ocr_par' dir='ltr' id='par_1_10' title="bbox 232 1141 1899 1216">
     <span class='ocr_line' id='line_1_10' title="bbox 232 1141 1899 1216; baseline -0.002 -18"><span class='ocrx_word' id='word_1_70' title='bbox 232 1143 341 1216; x_wconf 85' lang='lat' dir='ltr'><strong>jori</strong></span> <span class='ocrx_word' id='word_1_71' title='bbox 366 1142 438 1198; x_wconf 91' lang='lat' dir='ltr'><strong>ad</strong></span> <span class='ocrx_word' id='word_1_72' title='bbox 468 1160 539 1198; x_wconf 90' lang='lat' dir='ltr'><strong>ea</strong></span> <span class='ocrx_word' id='word_1_73' title='bbox 570 1143 846 1199; x_wconf 87' lang='lat' dir='ltr'><strong>sacraria</strong></span> <span class='ocrx_word' id='word_1_74' title='bbox 873 1143 950 1198; x_wconf 91' lang='lat' dir='ltr'><strong>sit</strong></span> <span class='ocrx_word' id='word_1_75' title='bbox 979 1142 1347 1197; x_wconf 83' lang='lat' dir='ltr'><strong>admissurus</strong></span> <span class='ocrx_word' id='word_1_76' title='bbox 1371 1141 1899 1213; x_wconf 90' lang='lat' dir='ltr'><strong>quemquam.Post</strong></span> 
     </span>
    </p>
   </div>
   <div class='ocr_carea' id='block_1_11' title="bbox 244 1228 1900 1305">
    <p class='ocr_par' dir='ltr' id='par_1_11' title="bbox 244 1228 1900 1305">
     <span class='ocr_line' id='line_1_11' title="bbox 244 1228 1900 1305; baseline -0.004 -16"><span class='ocrx_word' id='word_1_77' title='bbox 244 1238 456 1289; x_wconf 89' lang='lat' dir='ltr'><strong>tantum</strong></span> <span class='ocrx_word' id='word_1_78' title='bbox 505 1232 911 1305; x_wconf 85' lang='lat' dir='ltr'><strong>imperiitanti</strong></span> <span class='ocrx_word' id='word_1_79' title='bbox 957 1232 1308 1304; x_wconf 88' lang='lat' dir='ltr'><strong>principem,</strong></span> <span class='ocrx_word' id='word_1_80' title='bbox 1343 1230 1556 1302; x_wconf 84' lang='lat' dir='ltr'><strong>majori</strong></span> <span class='ocrx_word' id='word_1_81' title='bbox 1597 1235 1776 1286; x_wconf 74' lang='lat' dir='ltr'><strong>etiam</strong></span> <span class='ocrx_word' id='word_1_82' title='bbox 1807 1228 1900 1284; x_wconf 93' lang='lat' dir='ltr'><strong>di-</strong></span> 
     </span>
    </p>
   </div>
   <div class='ocr_carea' id='block_1_12' title="bbox 240 1318 1896 1397">
    <p class='ocr_par' dir='ltr' id='par_1_12' title="bbox 240 1318 1896 1397">
     <span class='ocr_line' id='line_1_12' title="bbox 240 1318 1896 1397; baseline -0.002 -20"><span class='ocrx_word' id='word_1_83' title='bbox 240 1322 603 1397; x_wconf 83' lang='lat' dir='ltr'><strong>gnissimum,</strong></span> <span class='ocrx_word' id='word_1_84' title='bbox 626 1327 834 1378; x_wconf 90' lang='lat' dir='ltr'><strong>tacere</strong></span> <span class='ocrx_word' id='word_1_85' title='bbox 856 1338 977 1377; x_wconf 91' lang='lat' dir='ltr'><strong>non</strong></span> <span class='ocrx_word' id='word_1_86' title='bbox 1004 1320 1190 1377; x_wconf 88' lang='lat' dir='ltr'><strong>debeo</strong></span> <span class='ocrx_word' id='word_1_87' title='bbox 1217 1319 1510 1376; x_wconf 81' lang='lat' dir='ltr'><strong>beneﬁcia</strong></span> <span class='ocrx_word' id='word_1_88' title='bbox 1537 1319 1645 1374; x_wconf 88' lang='lat' dir='ltr'><strong>viri</strong></span> <span class='ocrx_word' id='word_1_89' title='bbox 1677 1318 1896 1374; x_wconf 92' lang='lat' dir='ltr'><strong>summi</strong></span> 
     </span>
    </p>
   </div>
   <div class='ocr_carea' id='block_1_13' title="bbox 2008 512 3664 589">
    <p class='ocr_par' dir='ltr' id='par_1_13' title="bbox 2008 512 3664 589">
     <span class='ocr_line' id='line_1_13' title="bbox 2008 512 3664 589; baseline 0.005 -22"><span class='ocrx_word' id='word_1_90' title='bbox 2008 512 2341 585; x_wconf 88' lang='lat' dir='ltr'><strong>principem</strong></span> <span class='ocrx_word' id='word_1_91' title='bbox 2373 530 2547 571; x_wconf 92' lang='lat' dir='ltr'><strong>suum</strong></span> <span class='ocrx_word' id='word_1_92' title='bbox 2579 515 2708 571; x_wconf 92' lang='lat' dir='ltr'><strong>loco</strong></span> <span class='ocrx_word' id='word_1_93' title='bbox 2741 516 3069 585; x_wconf 85' lang='lat' dir='ltr'><strong>collocavit,</strong></span> <span class='ocrx_word' id='word_1_94' title='bbox 3093 520 3161 574; x_wconf 90' lang='lat' dir='ltr'><strong>ut</strong></span> <span class='ocrx_word' id='word_1_95' title='bbox 3183 534 3359 589; x_wconf 89' lang='lat' dir='ltr'><strong>quam</strong></span> <span class='ocrx_word' id='word_1_96' title='bbox 3395 519 3664 577; x_wconf 88' lang='lat' dir='ltr'><strong>diutissi-</strong></span> 
     </span>
    </p>
   </div>
   <div class='ocr_carea' id='block_1_14' title="bbox 2010 602 3662 680">
    <p class='ocr_par' dir='ltr' id='par_1_14' title="bbox 2010 602 3662 680">
     <span class='ocr_line' id='line_1_14' title="bbox 2010 602 3662 680; baseline 0.005 -24"><span class='ocrx_word' id='word_1_97' title='bbox 2010 620 2102 657; x_wconf 89' lang='lat' dir='ltr'><strong>me</strong></span> <span class='ocrx_word' id='word_1_98' title='bbox 2132 602 2494 659; x_wconf 80' lang='lat' dir='ltr'><strong>bibliotheca</strong></span> <span class='ocrx_word' id='word_1_99' title='bbox 2525 604 2634 660; x_wconf 92' lang='lat' dir='ltr'><strong>hac</strong></span> <span class='ocrx_word' id='word_1_100' title='bbox 2680 604 2856 674; x_wconf 90' lang='lat' dir='ltr'><strong>bono,</strong></span> <span class='ocrx_word' id='word_1_101' title='bbox 2893 612 2954 661; x_wconf 91' lang='lat' dir='ltr'><strong>et</strong></span> <span class='ocrx_word' id='word_1_102' title='bbox 2984 622 3138 676; x_wconf 91' lang='lat' dir='ltr'><strong>meo,</strong></span> <span class='ocrx_word' id='word_1_103' title='bbox 3170 613 3230 663; x_wconf 89' lang='lat' dir='ltr'><strong>et</strong></span> <span class='ocrx_word' id='word_1_104' title='bbox 3259 608 3514 680; x_wconf 90' lang='lat' dir='ltr'><strong>publico,</strong></span> <span class='ocrx_word' id='word_1_105' title='bbox 3546 610 3662 666; x_wconf 84' lang='lat' dir='ltr'><strong>frui</strong></span> 
     </span>
    </p>
   </div>
   <div class='ocr_carea' id='block_1_15' title="bbox 2005 692 3658 769">
    <p class='ocr_par' dir='ltr' id='par_1_15' title="bbox 2005 692 3658 769">
     <span class='ocr_line' id='line_1_15' title="bbox 2005 692 3658 769; baseline 0.005 -23"><span class='ocrx_word' id='word_1_106' title='bbox 2005 692 2233 747; x_wconf 89' lang='lat' dir='ltr'><strong>liceret.</strong></span> <span class='ocrx_word' id='word_1_107' title='bbox 2270 692 2383 748; x_wconf 90' lang='lat' dir='ltr'><strong>Sed</strong></span> <span class='ocrx_word' id='word_1_108' title='bbox 2409 693 2482 748; x_wconf 93' lang='lat' dir='ltr'><strong>de</strong></span> <span class='ocrx_word' id='word_1_109' title='bbox 2512 693 2643 764; x_wconf 82' lang='lat' dir='ltr'><strong>ojus</strong></span> <span class='ocrx_word' id='word_1_110' title='bbox 2674 711 2812 767; x_wconf 90' lang='lat' dir='ltr'><strong>erga</strong></span> <span class='ocrx_word' id='word_1_111' title='bbox 2858 712 2952 752; x_wconf 89' lang='lat' dir='ltr'><strong>me</strong></span> <span class='ocrx_word' id='word_1_112' title='bbox 2978 695 3086 751; x_wconf 89' lang='lat' dir='ltr'><strong>viri</strong></span> <span class='ocrx_word' id='word_1_113' title='bbox 3118 697 3367 768; x_wconf 91' lang='lat' dir='ltr'><strong>meritis,</strong></span> <span class='ocrx_word' id='word_1_114' title='bbox 3400 697 3658 769; x_wconf 87' lang='lat' dir='ltr'><strong>dabitur,</strong></span> 
     </span>
    </p>
   </div>
   <div class='ocr_carea' id='block_1_16' title="bbox 2008 783 3663 859">
    <p class='ocr_par' dir='ltr' id='par_1_16' title="bbox 2008 783 3663 859">
     <span class='ocr_line' id='line_1_16' title="bbox 2008 783 3663 859; baseline 0.005 -23"><span class='ocrx_word' id='word_1_115' title='bbox 2008 799 2201 854; x_wconf 88' lang='lat' dir='ltr'><strong>spero,</strong></span> <span class='ocrx_word' id='word_1_116' title='bbox 2222 783 2596 839; x_wconf 88' lang='lat' dir='ltr'><strong>commodius</strong></span> <span class='ocrx_word' id='word_1_117' title='bbox 2622 785 2868 856; x_wconf 86' lang='lat' dir='ltr'><strong>posthac</strong></span> <span class='ocrx_word' id='word_1_118' title='bbox 2898 785 3181 857; x_wconf 88' lang='lat' dir='ltr'><strong>loquendi</strong></span> <span class='ocrx_word' id='word_1_119' title='bbox 3209 792 3461 859; x_wconf 87' lang='lat' dir='ltr'><strong>tempus.</strong></span> <span class='ocrx_word' id='word_1_120' title='bbox 3498 791 3663 845; x_wconf 82' lang='lat' dir='ltr'><strong>Nunc</strong></span> 
     </span>
    </p>
   </div>
   <div class='ocr_carea' id='block_1_17' title="bbox 2008 872 3662 945">
    <p class='ocr_par' dir='ltr' id='par_1_17' title="bbox 2008 872 3662 945">
     <span class='ocr_line' id='line_1_17' title="bbox 2008 872 3662 945; baseline 0.005 -18"><span class='ocrx_word' id='word_1_121' title='bbox 2008 873 2133 927; x_wconf 80' lang='lat' dir='ltr'><strong>haec</strong></span> <span class='ocrx_word' id='word_1_122' title='bbox 2165 872 2455 941; x_wconf 78' lang='lat' dir='ltr'><strong>attingere</strong></span> <span class='ocrx_word' id='word_1_123' title='bbox 2484 873 2631 929; x_wconf 89' lang='lat' dir='ltr'><strong>satis</strong></span> <span class='ocrx_word' id='word_1_124' title='bbox 2650 875 2869 945; x_wconf 90' lang='lat' dir='ltr'><strong>putavi,</strong></span> <span class='ocrx_word' id='word_1_125' title='bbox 2894 881 2977 940; x_wconf 89' lang='lat' dir='ltr'><strong>ut,</strong></span> <span class='ocrx_word' id='word_1_126' title='bbox 3003 876 3144 932; x_wconf 91' lang='lat' dir='ltr'><strong>licet</strong></span> <span class='ocrx_word' id='word_1_127' title='bbox 3170 894 3264 932; x_wconf 91' lang='lat' dir='ltr'><strong>me</strong></span> <span class='ocrx_word' id='word_1_128' title='bbox 3294 877 3508 933; x_wconf 88' lang='lat' dir='ltr'><strong>debitis</strong></span> <span class='ocrx_word' id='word_1_129' title='bbox 3540 896 3662 936; x_wconf 90' lang='lat' dir='ltr'><strong>non</strong></span> 
     </span>
    </p>
   </div>
   <div class='ocr_carea' id='block_1_18' title="bbox 2009 962 3659 1041">
    <p class='ocr_par' dir='ltr' id='par_1_18' title="bbox 2009 962 3659 1041">
     <span class='ocr_line' id='line_1_18' title="bbox 2009 962 3659 1041; baseline 0.004 -25"><span class='ocrx_word' id='word_1_130' title='bbox 2009 962 2321 1031; x_wconf 84' lang='lat' dir='ltr'><strong>absolvam,</strong></span> <span class='ocrx_word' id='word_1_131' title='bbox 2356 962 2665 1019; x_wconf 79' lang='lat' dir='ltr'><strong>beneficiis</strong></span> <span class='ocrx_word' id='word_1_132' title='bbox 2709 971 2907 1021; x_wconf 89' lang='lat' dir='ltr'><strong>tamen</strong></span> <span class='ocrx_word' id='word_1_133' title='bbox 2968 983 3090 1021; x_wconf 91' lang='lat' dir='ltr'><strong>non</strong></span> <span class='ocrx_word' id='word_1_134' title='bbox 3128 967 3329 1023; x_wconf 86' lang='lat' dir='ltr'><strong>videar</strong></span> <span class='ocrx_word' id='word_1_135' title='bbox 3357 967 3659 1041; x_wconf 86' lang='lat' dir='ltr'><strong>indignus,</strong></span> 
     </span>
    </p>
   </div>
   <div class='ocr_carea' id='block_1_19' title="bbox 2008 1051 3663 1119">
    <p class='ocr_par' dir='ltr' id='par_1_19' title="bbox 2008 1051 3663 1119">
     <span class='ocr_line' id='line_1_19' title="bbox 2008 1051 3663 1119; baseline 0.003 -14"><span class='ocrx_word' id='word_1_136' title='bbox 2008 1052 2123 1105; x_wconf 88' lang='lat' dir='ltr'><strong>Nec</strong></span> <span class='ocrx_word' id='word_1_137' title='bbox 2152 1051 2319 1106; x_wconf 88' lang='lat' dir='ltr'><strong>video</strong></span> <span class='ocrx_word' id='word_1_138' title='bbox 2346 1069 2451 1107; x_wconf 90' lang='lat' dir='ltr'><strong>cur</strong></span> <span class='ocrx_word' id='word_1_139' title='bbox 2478 1053 2730 1109; x_wconf 91' lang='lat' dir='ltr'><strong>ulterius</strong></span> <span class='ocrx_word' id='word_1_140' title='bbox 2763 1060 2818 1108; x_wconf 93' lang='lat' dir='ltr'><strong>te</strong></span> <span class='ocrx_word' id='word_1_141' title='bbox 2849 1054 3172 1119; x_wconf 89' lang='lat' dir='ltr'><strong>detineam,</strong></span> <span class='ocrx_word' id='word_1_142' title='bbox 3204 1055 3411 1112; x_wconf 85' lang='lat' dir='ltr'><strong>lector.</strong></span> <span class='ocrx_word' id='word_1_143' title='bbox 3445 1058 3663 1111; x_wconf 87' lang='lat' dir='ltr'><strong>Occur-</strong></span> 
     </span>
    </p>
   </div>
   <div class='ocr_carea' id='block_1_20' title="bbox 2006 1140 3662 1209">
    <p class='ocr_par' dir='ltr' id='par_1_20' title="bbox 2006 1140 3662 1209">
     <span class='ocr_line' id='line_1_20' title="bbox 2006 1140 3662 1209; baseline 0.004 -15"><span class='ocrx_word' id='word_1_144' title='bbox 2006 1145 2147 1195; x_wconf 91' lang='lat' dir='ltr'><strong>runt</strong></span> <span class='ocrx_word' id='word_1_145' title='bbox 2176 1140 2373 1196; x_wconf 90' lang='lat' dir='ltr'><strong>animo</strong></span> <span class='ocrx_word' id='word_1_146' title='bbox 2406 1147 2465 1196; x_wconf 89' lang='lat' dir='ltr'><strong>et</strong></span> <span class='ocrx_word' id='word_1_147' title='bbox 2494 1141 2631 1209; x_wconf 89' lang='lat' dir='ltr'><strong>alia,</strong></span> <span class='ocrx_word' id='word_1_148' title='bbox 2677 1158 2788 1197; x_wconf 91' lang='lat' dir='ltr'><strong>nec</strong></span> <span class='ocrx_word' id='word_1_149' title='bbox 2838 1142 2910 1197; x_wconf 88' lang='lat' dir='ltr'><strong>ab</strong></span> <span class='ocrx_word' id='word_1_150' title='bbox 2962 1143 3234 1198; x_wconf 90' lang='lat' dir='ltr'><strong>instituto</strong></span> <span class='ocrx_word' id='word_1_151' title='bbox 3265 1144 3462 1199; x_wconf 89' lang='lat' dir='ltr'><strong>aliena</strong></span> <span class='ocrx_word' id='word_1_152' title='bbox 3495 1161 3508 1199; x_wconf 93' lang='lat'>:</span> <span class='ocrx_word' id='word_1_153' title='bbox 3558 1144 3662 1199; x_wconf 86' lang='lat' dir='ltr'><strong>sed</strong></span> 
     </span>
    </p>
   </div>
   <div class='ocr_carea' id='block_1_21' title="bbox 2008 1229 3663 1306">
    <p class='ocr_par' dir='ltr' id='par_1_21' title="bbox 2008 1229 3663 1306">
     <span class='ocr_line' id='line_1_21' title="bbox 2008 1229 3663 1306; baseline 0.003 -23"><span class='ocrx_word' id='word_1_154' title='bbox 2008 1229 2141 1284; x_wconf 88' lang='lat' dir='ltr'><strong>aliis</strong></span> <span class='ocrx_word' id='word_1_155' title='bbox 2172 1230 2248 1284; x_wconf 91' lang='lat' dir='ltr'><strong>iis</strong></span> <span class='ocrx_word' id='word_1_156' title='bbox 2279 1230 2517 1286; x_wconf 89' lang='lat' dir='ltr'><strong>dabitur</strong></span> <span class='ocrx_word' id='word_1_157' title='bbox 2560 1232 3010 1287; x_wconf 89' lang='lat' dir='ltr'><strong>convenientior</strong></span> <span class='ocrx_word' id='word_1_158' title='bbox 3050 1232 3239 1290; x_wconf 91' lang='lat' dir='ltr'><strong>locus.</strong></span> <span class='ocrx_word' id='word_1_159' title='bbox 3292 1233 3432 1289; x_wconf 86' lang='lat' dir='ltr'><strong>Vale</strong></span> <span class='ocrx_word' id='word_1_160' title='bbox 3462 1234 3663 1306; x_wconf 78' lang='lat' dir='ltr'><strong>igitur,</strong></span> 
     </span>
    </p>
   </div>
   <div class='ocr_carea' id='block_1_22' title="bbox 2006 1318 3062 1393">
    <p class='ocr_par' dir='ltr' id='par_1_22' title="bbox 2006 1318 3062 1393">
     <span class='ocr_line' id='line_1_22' title="bbox 2006 1318 3062 1393; baseline 0.002 -20"><span class='ocrx_word' id='word_1_161' title='bbox 2006 1318 2294 1391; x_wconf 87' lang='lat' dir='ltr'><strong>pluraque</strong></span> <span class='ocrx_word' id='word_1_162' title='bbox 2327 1318 2389 1374; x_wconf 92' lang='lat' dir='ltr'><strong>in</strong></span> <span class='ocrx_word' id='word_1_163' title='bbox 2421 1318 2547 1375; x_wconf 91' lang='lat' dir='ltr'><strong>dies</strong></span> <span class='ocrx_word' id='word_1_164' title='bbox 2576 1337 2611 1375; x_wconf 90' lang='lat' dir='ltr'><strong>a</strong></span> <span class='ocrx_word' id='word_1_165' title='bbox 2641 1337 2734 1376; x_wconf 90' lang='lat' dir='ltr'><strong>me</strong></span> <span class='ocrx_word' id='word_1_166' title='bbox 2767 1326 3062 1393; x_wconf 86' lang='lat' dir='ltr'><strong>exspecta.</strong></span> 
     </span>
    </p>
   </div>
   <div class='ocr_carea' id='block_1_23' title="bbox 1372 1653 2522 1783">
    <p class='ocr_par' dir='ltr' id='par_1_23' title="bbox 1372 1653 2522 1783">
     <span class='ocr_line' id='line_1_23' title="bbox 1372 1653 2522 1783; baseline -0.001 -2"><span class='ocrx_word' id='word_1_167' title='bbox 1372 1657 1428 1781; x_wconf 71' lang='grc' dir='ltr'>Ι</span> <span class='ocrx_word' id='word_1_168' title='bbox 1451 1761 1469 1782; x_wconf 95' lang='grc'><strong>.</strong></span> <span class='ocrx_word' id='word_1_169' title='bbox 1579 1656 1698 1783; x_wconf 92' lang='grc' dir='ltr'><strong>Β.</strong></span> <span class='ocrx_word' id='word_1_170' title='bbox 1810 1653 2522 1781; x_wconf 82' lang='lat' dir='ltr'><strong>COTELEBII</strong></span> 
     </span>
    </p>
   </div>
   <div class='ocr_carea' id='block_1_24' title="bbox 830 1883 3070 1999">
    <p class='ocr_par' dir='ltr' id='par_1_24' title="bbox 830 1883 3070 1999">
     <span class='ocr_line' id='line_1_24' title="bbox 830 1883 3070 1999; baseline 0.001 -17"><span class='ocrx_word' id='word_1_171' title='bbox 830 1887 1414 1984; x_wconf 86' lang='lat' dir='ltr'><strong>JUDICIUM</strong></span> <span class='ocrx_word' id='word_1_172' title='bbox 1484 1887 1651 1979; x_wconf 92' lang='lat' dir='ltr'><strong>DE</strong></span> <span class='ocrx_word' id='word_1_173' title='bbox 1701 1883 2341 1982; x_wconf 77' lang='lat' dir='ltr'><strong>EPISTOLIS</strong></span> <span class='ocrx_word' id='word_1_174' title='bbox 2413 1887 2512 1999; x_wconf 70' lang='lat' dir='ltr'><strong>S,</strong></span> <span class='ocrx_word' id='word_1_175' title='bbox 2571 1888 3070 1984; x_wconf 78' lang='lat' dir='ltr'><strong>IGNATII.</strong></span> 
     </span>
    </p>
   </div>
   <div class='ocr_carea' id='block_1_25' title="bbox 1085 2091 2799 2177">
    <p class='ocr_par' dir='ltr' id='par_1_25' title="bbox 1085 2091 2799 2177">
     <span class='ocr_line' id='line_1_25' title="bbox 1085 2091 2799 2177; baseline 0.002 -23"><span class='ocrx_word' id='word_1_176' title='bbox 1085 2094 1330 2175; x_wconf 80' lang='lat' dir='ltr'><strong>(Patres</strong></span> <span class='ocrx_word' id='word_1_177' title='bbox 1358 2091 1689 2175; x_wconf 74' lang='lat' dir='ltr'><strong>apostolici,</strong></span> <span class='ocrx_word' id='word_1_178' title='bbox 1722 2093 1823 2156; x_wconf 86' lang='lat' dir='ltr'><strong>ed.</strong></span> <span class='ocrx_word' id='word_1_179' title='bbox 1856 2093 2201 2155; x_wconf 81' lang='lat' dir='ltr'><strong>Amstelod.</strong></span> <span class='ocrx_word' id='word_1_180' title='bbox 2238 2096 2417 2170; x_wconf 72' lang='lat'><strong>1124,</strong></span> <span class='ocrx_word' id='word_1_181' title='bbox 2452 2105 2497 2156; x_wconf 84' lang='lat' dir='ltr'><strong>t.</strong></span> <span class='ocrx_word' id='word_1_182' title='bbox 2528 2096 2602 2170; x_wconf 90' lang='lat' dir='ltr'><strong>ll,</strong></span> <span class='ocrx_word' id='word_1_183' title='bbox 2639 2114 2698 2174; x_wconf 86' lang='lat' dir='ltr'><strong>p.</strong></span> <span class='ocrx_word' id='word_1_184' title='bbox 2735 2095 2799 2177; x_wconf 78' lang='lat'><strong>9)</strong></span> 
     </span>
    </p>
   </div>
   <div class='ocr_carea' id='block_1_26' title="bbox 299 2279 3653 2358">
    <p class='ocr_par' dir='ltr' id='par_1_26' title="bbox 299 2279 3653 2358">
     <span class='ocr_line' id='line_1_26' title="bbox 299 2279 3653 2358; baseline 0.002 -21"><span class='ocrx_word' id='word_1_185' title='bbox 299 2282 414 2337; x_wconf 82' lang='lat' dir='ltr'><strong>Nisi</strong></span> <span class='ocrx_word' id='word_1_186' title='bbox 441 2282 631 2337; x_wconf 81' lang='lat' dir='ltr'><strong>ofﬁcii</strong></span> <span class='ocrx_word' id='word_1_187' title='bbox 661 2281 785 2336; x_wconf 90' lang='lat' dir='ltr'><strong>mei</strong></span> <span class='ocrx_word' id='word_1_188' title='bbox 814 2280 967 2335; x_wconf 90' lang='lat' dir='ltr'><strong>ratio</strong></span> <span class='ocrx_word' id='word_1_189' title='bbox 990 2279 1283 2353; x_wconf 86' lang='lat' dir='ltr'><strong>ﬂagitaret</strong></span> <span class='ocrx_word' id='word_1_190' title='bbox 1310 2286 1375 2335; x_wconf 91' lang='lat' dir='ltr'><strong>ut</strong></span> <span class='ocrx_word' id='word_1_191' title='bbox 1400 2281 1461 2335; x_wconf 92' lang='lat' dir='ltr'><strong>in</strong></span> <span class='ocrx_word' id='word_1_192' title='bbox 1492 2296 1768 2352; x_wconf 86' lang='lat' dir='ltr'><strong>campum</strong></span> <span class='ocrx_word' id='word_1_193' title='bbox 1791 2280 1897 2334; x_wconf 86' lang='lat' dir='ltr'><strong>de-</strong></span> <span class='ocrx_word' id='word_1_194' title='bbox 1923 2281 1971 2348; x_wconf 88' lang='grc' dir='ltr'><strong>Β</strong></span> <span class='ocrx_word' id='word_1_195' title='bbox 2003 2281 2102 2352; x_wconf 92' lang='lat' dir='ltr'><strong>qui</strong></span> <span class='ocrx_word' id='word_1_196' title='bbox 2133 2282 2453 2339; x_wconf 89' lang='lat' dir='ltr'><strong>Eusebium</strong></span> <span class='ocrx_word' id='word_1_197' title='bbox 2496 2285 2922 2358; x_wconf 88' lang='lat' dir='ltr'><strong>transcribunt)</strong></span> <span class='ocrx_word' id='word_1_198' title='bbox 2952 2303 3084 2357; x_wconf 72' lang='lat' dir='ltr'><strong>quae</strong></span> <span class='ocrx_word' id='word_1_199' title='bbox 3135 2287 3206 2341; x_wconf 90' lang='lat' dir='ltr'><strong>ab</strong></span> <span class='ocrx_word' id='word_1_200' title='bbox 3260 2287 3393 2344; x_wconf 90' lang='lat' dir='ltr'><strong>aliis</strong></span> <span class='ocrx_word' id='word_1_201' title='bbox 3432 2304 3653 2345; x_wconf 61' lang='lat' dir='ltr'><strong>memoo</strong></span> 
     </span>
    </p>
   </div>
   <div class='ocr_carea' id='block_1_27' title="bbox 235 2369 1898 2443">
    <p class='ocr_par' dir='ltr' id='par_1_27' title="bbox 235 2369 1898 2443">
     <span class='ocr_line' id='line_1_27' title="bbox 235 2369 1898 2443; baseline -0.001 -18"><span class='ocrx_word' id='word_1_202' title='bbox 235 2371 602 2439; x_wconf 88' lang='lat' dir='ltr'><strong>scenderem,</strong></span> <span class='ocrx_word' id='word_1_203' title='bbox 642 2371 908 2426; x_wconf 76' lang='lat' dir='ltr'><strong>luiturus</strong></span> <span class='ocrx_word' id='word_1_204' title='bbox 945 2369 1035 2424; x_wconf 83' lang='lat' dir='ltr'><strong>vel</strong></span> <span class='ocrx_word' id='word_1_205' title='bbox 1081 2370 1534 2443; x_wconf 89' lang='lat' dir='ltr'><strong>impugnaturus</strong></span> <span class='ocrx_word' id='word_1_206' title='bbox 1566 2371 1898 2442; x_wconf 87' lang='lat' dir='ltr'><strong>lgnatianas</strong></span> 
     </span>
    </p>
   </div>
   <div class='ocr_carea' id='block_1_28' title="bbox 232 2459 1898 2531">
    <p class='ocr_par' dir='ltr' id='par_1_28' title="bbox 232 2459 1898 2531">
     <span class='ocr_line' id='line_1_28' title="bbox 232 2459 1898 2531; baseline 0 -18"><span class='ocrx_word' id='word_1_207' title='bbox 232 2461 540 2531; x_wconf 83' lang='lat' dir='ltr'><strong>Epistolas,</strong></span> <span class='ocrx_word' id='word_1_208' title='bbox 569 2461 844 2515; x_wconf 88' lang='lat' dir='ltr'><strong>libenter</strong></span> <span class='ocrx_word' id='word_1_209' title='bbox 865 2459 1226 2515; x_wconf 89' lang='lat' dir='ltr'><strong>abstinerem</strong></span> <span class='ocrx_word' id='word_1_210' title='bbox 1257 2476 1352 2514; x_wconf 89' lang='lat' dir='ltr'><strong>me</strong></span> <span class='ocrx_word' id='word_1_211' title='bbox 1381 2459 1601 2514; x_wconf 76' lang='lat' dir='ltr'><strong>celebri</strong></span> <span class='ocrx_word' id='word_1_212' title='bbox 1625 2459 1782 2514; x_wconf 89' lang='lat' dir='ltr'><strong>bello</strong></span> <span class='ocrx_word' id='word_1_213' title='bbox 1804 2459 1898 2514; x_wconf 92' lang='lat' dir='ltr'><strong>lit-</strong></span> 
     </span>
    </p>
   </div>
   <div class='ocr_carea' id='block_1_29' title="bbox 232 2547 1896 2621">
    <p class='ocr_par' dir='ltr' id='par_1_29' title="bbox 232 2547 1896 2621">
     <span class='ocr_line' id='line_1_29' title="bbox 232 2547 1896 2621; baseline -0.001 -18"><span class='ocrx_word' id='word_1_214' title='bbox 232 2550 461 2614; x_wconf 88' lang='lat' dir='ltr'><strong>terario,</strong></span> <span class='ocrx_word' id='word_1_215' title='bbox 486 2550 661 2621; x_wconf 87' lang='lat' dir='ltr'><strong>quod</strong></span> <span class='ocrx_word' id='word_1_216' title='bbox 683 2550 873 2605; x_wconf 83' lang='lat' dir='ltr'><strong>sciam</strong></span> <span class='ocrx_word' id='word_1_217' title='bbox 897 2548 1270 2621; x_wconf 85' lang='lat' dir='ltr'><strong>proﬂigatum</strong></span> <span class='ocrx_word' id='word_1_218' title='bbox 1294 2549 1502 2615; x_wconf 77' lang='lat' dir='ltr'><strong>fuisse,</strong></span> <span class='ocrx_word' id='word_1_219' title='bbox 1526 2548 1663 2603; x_wconf 90' lang='lat' dir='ltr'><strong>dein</strong></span> <span class='ocrx_word' id='word_1_220' title='bbox 1694 2547 1896 2603; x_wconf 85' lang='lat' dir='ltr'><strong>redin-</strong></span> 
     </span>
    </p>
   </div>
   <div class='ocr_carea' id='block_1_30' title="bbox 232 2636 1896 2711">
    <p class='ocr_par' dir='ltr' id='par_1_30' title="bbox 232 2636 1896 2711">
     <span class='ocr_line' id='line_1_30' title="bbox 232 2636 1896 2711; baseline 0 -18"><span class='ocrx_word' id='word_1_221' title='bbox 232 2644 537 2711; x_wconf 81' lang='lat' dir='ltr'><strong>tegratum,</strong></span> <span class='ocrx_word' id='word_1_222' title='bbox 567 2644 634 2694; x_wconf 89' lang='lat' dir='ltr'><strong>et</strong></span> <span class='ocrx_word' id='word_1_223' title='bbox 665 2639 741 2693; x_wconf 92' lang='lat' dir='ltr'><strong>ad</strong></span> <span class='ocrx_word' id='word_1_224' title='bbox 763 2637 925 2709; x_wconf 93' lang='lat' dir='ltr'><strong>quod</strong></span> <span class='ocrx_word' id='word_1_225' title='bbox 947 2637 1384 2692; x_wconf 82' lang='lat' dir='ltr'><strong>conficiendum</strong></span> <span class='ocrx_word' id='word_1_226' title='bbox 1411 2636 1604 2692; x_wconf 91' lang='lat' dir='ltr'><strong>adhuc</strong></span> <span class='ocrx_word' id='word_1_227' title='bbox 1629 2637 1896 2709; x_wconf 87' lang='lat' dir='ltr'><strong>accinge-</strong></span> 
     </span>
    </p>
   </div>
   <div class='ocr_carea' id='block_1_31' title="bbox 234 2726 1897 2796">
    <p class='ocr_par' dir='ltr' id='par_1_31' title="bbox 234 2726 1897 2796">
     <span class='ocr_line' id='line_1_31' title="bbox 234 2726 1897 2796; baseline -0.001 -13"><span class='ocrx_word' id='word_1_228' title='bbox 234 2745 293 2783; x_wconf 88' lang='lat' dir='ltr'><strong>re</strong></span> <span class='ocrx_word' id='word_1_229' title='bbox 320 2745 381 2783; x_wconf 90' lang='lat' dir='ltr'><strong>se</strong></span> <span class='ocrx_word' id='word_1_230' title='bbox 411 2729 596 2783; x_wconf 90' lang='lat' dir='ltr'><strong>armis</strong></span> <span class='ocrx_word' id='word_1_231' title='bbox 636 2728 883 2783; x_wconf 86' lang='lat' dir='ltr'><strong>audiam</strong></span> <span class='ocrx_word' id='word_1_232' title='bbox 915 2726 1061 2781; x_wconf 93' lang='lat' dir='ltr'><strong>duos</strong></span> <span class='ocrx_word' id='word_1_233' title='bbox 1109 2728 1294 2781; x_wconf 81' lang='lat' dir='ltr'><strong>fortes</strong></span> <span class='ocrx_word' id='word_1_234' title='bbox 1337 2726 1678 2796; x_wconf 88' lang='lat' dir='ltr'><strong>bellatores,</strong></span> <span class='ocrx_word' id='word_1_235' title='bbox 1709 2743 1897 2782; x_wconf 89' lang='lat' dir='ltr'><strong>unum</strong></span> 
     </span>
    </p>
   </div>
   <div class='ocr_carea' id='block_1_32' title="bbox 236 2815 1898 2884">
    <p class='ocr_par' dir='ltr' id='par_1_32' title="bbox 236 2815 1898 2884">
     <span class='ocr_line' id='line_1_32' title="bbox 236 2815 1898 2884; baseline -0.001 -12"><span class='ocrx_word' id='word_1_236' title='bbox 236 2817 333 2873; x_wconf 86' lang='lat' dir='ltr'><strong>hic</strong></span> <span class='ocrx_word' id='word_1_237' title='bbox 359 2818 419 2872; x_wconf 88' lang='lat' dir='ltr'><strong>in</strong></span> <span class='ocrx_word' id='word_1_238' title='bbox 448 2818 668 2883; x_wconf 82' lang='lat' dir='ltr'><strong>Gallia,</strong></span> <span class='ocrx_word' id='word_1_239' title='bbox 702 2817 961 2872; x_wconf 90' lang='lat' dir='ltr'><strong>alterum</strong></span> <span class='ocrx_word' id='word_1_240' title='bbox 991 2816 1051 2871; x_wconf 89' lang='lat' dir='ltr'><strong>in</strong></span> <span class='ocrx_word' id='word_1_241' title='bbox 1091 2815 1233 2871; x_wconf 90' lang='lat' dir='ltr'><strong>orbe</strong></span> <span class='ocrx_word' id='word_1_242' title='bbox 1284 2815 1586 2884; x_wconf 78' lang='lat' dir='ltr'><strong>Britanno,</strong></span> <span class='ocrx_word' id='word_1_243' title='bbox 1615 2815 1898 2872; x_wconf 90' lang='lat' dir='ltr'><strong>adversus</strong></span> 
     </span>
    </p>
   </div>
   <div class='ocr_carea' id='block_1_33' title="bbox 238 2908 1895 2981">
    <p class='ocr_par' dir='ltr' id='par_1_33' title="bbox 238 2908 1895 2981">
     <span class='ocr_line' id='line_1_33' title="bbox 238 2908 1895 2981; baseline 0.001 -17"><span class='ocrx_word' id='word_1_244' title='bbox 238 2925 515 2981; x_wconf 89' lang='lat' dir='ltr'><strong>nuperum</strong></span> <span class='ocrx_word' id='word_1_245' title='bbox 549 2912 823 2976; x_wconf 86' lang='lat' dir='ltr'><strong>hostem,</strong></span> <span class='ocrx_word' id='word_1_246' title='bbox 859 2914 1205 2965; x_wconf 84' lang='lat' dir='ltr'><strong>veteranum</strong></span> <span class='ocrx_word' id='word_1_247' title='bbox 1237 2908 1511 2978; x_wconf 89' lang='lat' dir='ltr'><strong>militem,</strong></span> <span class='ocrx_word' id='word_1_248' title='bbox 1545 2925 1895 2981; x_wconf 81' lang='lat' dir='ltr'><strong>pugnacem,</strong></span> 
     </span>
    </p>
   </div>
   <div class='ocr_carea' id='block_1_34' title="bbox 234 2998 1897 3071">
    <p class='ocr_par' dir='ltr' id='par_1_34' title="bbox 234 2998 1897 3071">
     <span class='ocr_line' id='line_1_34' title="bbox 234 2998 1897 3071; baseline -0.001 -18"><span class='ocrx_word' id='word_1_249' title='bbox 234 2998 414 3055; x_wconf 89' lang='lat' dir='ltr'><strong>doctis</strong></span> <span class='ocrx_word' id='word_1_250' title='bbox 445 3000 821 3071; x_wconf 85' lang='lat' dir='ltr'><strong>disertisque</strong></span> <span class='ocrx_word' id='word_1_251' title='bbox 853 2998 1028 3054; x_wconf 92' lang='lat' dir='ltr'><strong>dictis</strong></span> <span class='ocrx_word' id='word_1_252' title='bbox 1075 3003 1402 3054; x_wconf 87' lang='lat' dir='ltr'><strong>certantem</strong></span> <span class='ocrx_word' id='word_1_253' title='bbox 1447 3002 1506 3054; x_wconf 91' lang='lat' dir='ltr'><strong>et</strong></span> <span class='ocrx_word' id='word_1_254' title='bbox 1542 2998 1897 3066; x_wconf 90' lang='lat' dir='ltr'><strong>maledictis,</strong></span> 
     </span>
    </p>
   </div>
   <div class='ocr_carea' id='block_1_35' title="bbox 232 3086 1897 3159">
    <p class='ocr_par' dir='ltr' id='par_1_35' title="bbox 232 3086 1897 3159">
     <span class='ocr_line' id='line_1_35' title="bbox 232 3086 1897 3159; baseline -0.001 -16"><span class='ocrx_word' id='word_1_255' title='bbox 232 3089 478 3159; x_wconf 90' lang='lat' dir='ltr'><strong>peritum</strong></span> <span class='ocrx_word' id='word_1_256' title='bbox 514 3090 593 3145; x_wconf 88' lang='lat' dir='ltr'><strong>ad</strong></span> <span class='ocrx_word' id='word_1_257' title='bbox 630 3089 765 3143; x_wconf 61' lang='lat' dir='ltr'><strong>hinc</strong></span> <span class='ocrx_word' id='word_1_258' title='bbox 797 3087 1118 3159; x_wconf 90' lang='lat' dir='ltr'><strong>cauponari</strong></span> <span class='ocrx_word' id='word_1_259' title='bbox 1177 3087 1402 3143; x_wconf 86' lang='lat' dir='ltr'><strong>bellum</strong></span> <span class='ocrx_word' id='word_1_260' title='bbox 1434 3092 1494 3141; x_wconf 91' lang='lat' dir='ltr'><strong>et</strong></span> <span class='ocrx_word' id='word_1_261' title='bbox 1521 3086 1897 3159; x_wconf 83' lang='lat' dir='ltr'><strong>belligerare,</strong></span> 
     </span>
    </p>
   </div>
   <div class='ocr_carea' id='block_1_36' title="bbox 232 3176 1899 3250">
    <p class='ocr_par' dir='ltr' id='par_1_36' title="bbox 232 3176 1899 3250">
     <span class='ocr_line' id='line_1_36' title="bbox 232 3176 1899 3250; baseline -0.001 -18"><span class='ocrx_word' id='word_1_262' title='bbox 232 3179 324 3249; x_wconf 92' lang='lat' dir='ltr'><strong>qui</strong></span> <span class='ocrx_word' id='word_1_263' title='bbox 347 3178 457 3233; x_wconf 88' lang='lat' dir='ltr'><strong>hoc</strong></span> <span class='ocrx_word' id='word_1_264' title='bbox 489 3183 927 3250; x_wconf 83' lang='lat' dir='ltr'><strong>stratagemate</strong></span> <span class='ocrx_word' id='word_1_265' title='bbox 960 3176 1249 3232; x_wconf 90' lang='lat' dir='ltr'><strong>utendum</strong></span> <span class='ocrx_word' id='word_1_266' title='bbox 1280 3177 1506 3248; x_wconf 86' lang='lat' dir='ltr'><strong>putavit</strong></span> <span class='ocrx_word' id='word_1_267' title='bbox 1549 3182 1634 3243; x_wconf 90' lang='lat' dir='ltr'><strong>ut,</strong></span> <span class='ocrx_word' id='word_1_268' title='bbox 1669 3177 1810 3248; x_wconf 90' lang='lat' dir='ltr'><strong>quia</strong></span> <span class='ocrx_word' id='word_1_269' title='bbox 1835 3177 1899 3231; x_wconf 94' lang='lat' dir='ltr'><strong>in</strong></span> 
     </span>
    </p>
   </div>
   <div class='ocr_carea' id='block_1_37' title="bbox 229 3265 1895 3342">
    <p class='ocr_par' dir='ltr' id='par_1_37' title="bbox 229 3265 1895 3342">
     <span class='ocr_line' id='line_1_37' title="bbox 229 3265 1895 3342; baseline -0.001 -19"><span class='ocrx_word' id='word_1_270' title='bbox 229 3285 423 3325; x_wconf 83' lang='lat' dir='ltr'><strong>verum</strong></span> <span class='ocrx_word' id='word_1_271' title='bbox 457 3269 767 3342; x_wconf 80' lang='lat' dir='ltr'><strong>lgnatium</strong></span> <span class='ocrx_word' id='word_1_272' title='bbox 801 3265 1035 3324; x_wconf 91' lang='lat' dir='ltr'><strong>abunde</strong></span> <span class='ocrx_word' id='word_1_273' title='bbox 1082 3284 1201 3321; x_wconf 89' lang='lat' dir='ltr'><strong>non</strong></span> <span class='ocrx_word' id='word_1_274' title='bbox 1249 3266 1642 3339; x_wconf 87' lang='lat' dir='ltr'><strong>suppetebant</strong></span> <span class='ocrx_word' id='word_1_275' title='bbox 1677 3265 1895 3337; x_wconf 85' lang='lat' dir='ltr'><strong>jacula,</strong></span> 
     </span>
    </p>
   </div>
   <div class='ocr_carea' id='block_1_38' title="bbox 230 3355 1895 3432">
    <p class='ocr_par' dir='ltr' id='par_1_38' title="bbox 230 3355 1895 3432">
     <span class='ocr_line' id='line_1_38' title="bbox 230 3355 1895 3432; baseline -0.001 -19"><span class='ocrx_word' id='word_1_276' title='bbox 230 3357 434 3416; x_wconf 82' lang='lat' dir='ltr'><strong>falsum</strong></span> <span class='ocrx_word' id='word_1_277' title='bbox 468 3360 692 3432; x_wconf 66' lang='lat' dir='ltr'><strong>praelio</strong></span> <span class='ocrx_word' id='word_1_278' title='bbox 724 3358 1070 3423; x_wconf 75' lang='lat' dir='ltr'><strong>involverat,</strong></span> <span class='ocrx_word' id='word_1_279' title='bbox 1104 3372 1220 3427; x_wconf 89' lang='lat' dir='ltr'><strong>quo</strong></span> <span class='ocrx_word' id='word_1_280' title='bbox 1248 3356 1553 3411; x_wconf 91' lang='lat' dir='ltr'><strong>imbellem</strong></span> <span class='ocrx_word' id='word_1_281' title='bbox 1582 3355 1895 3424; x_wconf 91' lang='lat' dir='ltr'><strong>vincendo,</strong></span> 
     </span>
    </p>
   </div>
   <div class='ocr_carea' id='block_1_39' title="bbox 232 3445 1899 3518">
    <p class='ocr_par' dir='ltr' id='par_1_39' title="bbox 232 3445 1899 3518">
     <span class='ocr_line' id='line_1_39' title="bbox 232 3445 1899 3518; baseline -0.001 -17"><span class='ocrx_word' id='word_1_282' title='bbox 232 3448 511 3505; x_wconf 82' lang='lat' dir='ltr'><strong>invictum</strong></span> <span class='ocrx_word' id='word_1_283' title='bbox 547 3450 743 3504; x_wconf 86' lang='lat' dir='ltr'><strong>etiam</strong></span> <span class='ocrx_word' id='word_1_284' title='bbox 786 3447 998 3501; x_wconf 89' lang='lat' dir='ltr'><strong>vicisse</strong></span> <span class='ocrx_word' id='word_1_285' title='bbox 1050 3446 1370 3501; x_wconf 87' lang='lat' dir='ltr'><strong>videretur.</strong></span> <span class='ocrx_word' id='word_1_286' title='bbox 1403 3445 1517 3501; x_wconf 90' lang='lat' dir='ltr'><strong>Sed</strong></span> <span class='ocrx_word' id='word_1_287' title='bbox 1542 3445 1670 3516; x_wconf 89' lang='lat' dir='ltr'><strong>jam</strong></span> <span class='ocrx_word' id='word_1_288' title='bbox 1701 3462 1899 3518; x_wconf 87' lang='lat' dir='ltr'><strong>pugna</strong></span> 
     </span>
    </p>
   </div>
   <div class='ocr_carea' id='block_1_40' title="bbox 230 3533 1899 3607">
    <p class='ocr_par' dir='ltr' id='par_1_40' title="bbox 230 3533 1899 3607">
     <span class='ocr_line' id='line_1_40' title="bbox 230 3533 1899 3607; baseline -0.002 -14"><span class='ocrx_word' id='word_1_289' title='bbox 230 3535 414 3593; x_wconf 86' lang='lat' dir='ltr'><strong>danda</strong></span> <span class='ocrx_word' id='word_1_290' title='bbox 428 3541 708 3594; x_wconf 83' lang='lat' dir='ltr'><strong>est.Rem</strong></span> <span class='ocrx_word' id='word_1_291' title='bbox 724 3536 927 3607; x_wconf 90' lang='lat' dir='ltr'><strong>paucis</strong></span> <span class='ocrx_word' id='word_1_292' title='bbox 940 3533 1281 3604; x_wconf 87' lang='lat' dir='ltr'><strong>verbis,una</strong></span> <span class='ocrx_word' id='word_1_293' title='bbox 1292 3533 1748 3590; x_wconf 88' lang='lat' dir='ltr'><strong>ratiocinatione</strong></span> <span class='ocrx_word' id='word_1_294' title='bbox 1762 3549 1899 3589; x_wconf 90' lang='lat' dir='ltr'><strong>con-</strong></span> 
     </span>
    </p>
   </div>
   <div class='ocr_carea' id='block_1_41' title="bbox 230 3623 1896 3697">
    <p class='ocr_par' dir='ltr' id='par_1_41' title="bbox 230 3623 1896 3697">
     <span class='ocr_line' id='line_1_41' title="bbox 230 3623 1896 3697; baseline -0.001 -17"><span class='ocrx_word' id='word_1_295' title='bbox 230 3626 726 3683; x_wconf 88' lang='lat' dir='ltr'><strong>cludo.Sanctum</strong></span> <span class='ocrx_word' id='word_1_296' title='bbox 745 3624 1034 3697; x_wconf 82' lang='lat' dir='ltr'><strong>Ignatium</strong></span> <span class='ocrx_word' id='word_1_297' title='bbox 1052 3623 1331 3695; x_wconf 88' lang='lat' dir='ltr'><strong>epistolas</strong></span> <span class='ocrx_word' id='word_1_298' title='bbox 1348 3623 1659 3694; x_wconf 88' lang='lat' dir='ltr'><strong>scripsisse</strong></span> <span class='ocrx_word' id='word_1_299' title='bbox 1676 3623 1896 3679; x_wconf 89' lang='lat' dir='ltr'><strong>diserte</strong></span> 
     </span>
    </p>
   </div>
   <div class='ocr_carea' id='block_1_42' title="bbox 232 3699 1968 3790">
    <p class='ocr_par' dir='ltr' id='par_1_42' title="bbox 232 3699 1968 3790">
     <span class='ocr_line' id='line_1_42' title="bbox 232 3699 1968 3790; baseline -0.004 -18"><span class='ocrx_word' id='word_1_300' title='bbox 232 3721 475 3773; x_wconf 86' lang='lat' dir='ltr'><strong>testatur</strong></span> <span class='ocrx_word' id='word_1_301' title='bbox 495 3719 639 3790; x_wconf 89' lang='lat' dir='ltr'><strong>ejus</strong></span> <span class='ocrx_word' id='word_1_302' title='bbox 664 3715 978 3771; x_wconf 81' lang='lat' dir='ltr'><strong>familiaris</strong></span> <span class='ocrx_word' id='word_1_303' title='bbox 998 3708 1207 3770; x_wconf 79' lang='lat' dir='ltr'><strong>beatus</strong></span> <span class='ocrx_word' id='word_1_304' title='bbox 1229 3714 1589 3786; x_wconf 89' lang='lat' dir='ltr'><strong>Polycarpus</strong></span> <span class='ocrx_word' id='word_1_305' title='bbox 1614 3731 1627 3769; x_wconf 92' lang='lat'><strong>:</strong></span> <span class='ocrx_word' id='word_1_306' title='bbox 1662 3714 1768 3770; x_wconf 87' lang='lat' dir='ltr'><strong>has</strong></span> <span class='ocrx_word' id='word_1_307' title='bbox 1797 3731 1890 3770; x_wconf 89' lang='lat' dir='ltr'><strong>ve-</strong></span> <span class='ocrx_word' id='word_1_308' title='bbox 1924 3699 1968 3765; x_wconf 84' lang='lat' dir='ltr'><strong>C</strong></span> 
     </span>
    </p>
   </div>
   <div class='ocr_carea' id='block_1_43' title="bbox 229 3799 1902 3880">
    <p class='ocr_par' dir='ltr' id='par_1_43' title="bbox 229 3799 1902 3880">
     <span class='ocr_line' id='line_1_43' title="bbox 229 3799 1902 3880; baseline -0.001 -19"><span class='ocrx_word' id='word_1_309' title='bbox 229 3824 290 3862; x_wconf 88' lang='lat' dir='ltr'><strong>ro</strong></span> <span class='ocrx_word' id='word_1_310' title='bbox 322 3825 467 3879; x_wconf 86' lang='lat' dir='ltr'><strong>quas</strong></span> <span class='ocrx_word' id='word_1_311' title='bbox 491 3825 609 3880; x_wconf 91' lang='lat' dir='ltr'><strong>per</strong></span> <span class='ocrx_word' id='word_1_312' title='bbox 631 3806 827 3860; x_wconf 86' lang='lat' dir='ltr'><strong>virum</strong></span> <span class='ocrx_word' id='word_1_313' title='bbox 850 3799 1244 3860; x_wconf 89' lang='lat' dir='ltr'><strong>clarissimum</strong></span> <span class='ocrx_word' id='word_1_314' title='bbox 1276 3804 1542 3859; x_wconf 89' lang='lat' dir='ltr'><strong>Isaacum</strong></span> <span class='ocrx_word' id='word_1_315' title='bbox 1576 3804 1847 3859; x_wconf 84' lang='lat' dir='ltr'><strong>Vossium</strong></span> <span class='ocrx_word' id='word_1_316' title='bbox 1871 3821 1902 3860; x_wconf 91' lang='lat' dir='ltr'><strong>e</strong></span> 
     </span>
    </p>
   </div>
   <div class='ocr_carea' id='block_1_44' title="bbox 234 3893 1901 3967">
    <p class='ocr_par' dir='ltr' id='par_1_44' title="bbox 234 3893 1901 3967">
     <span class='ocr_line' id='line_1_44' title="bbox 234 3893 1901 3967; baseline -0.002 -15"><span class='ocrx_word' id='word_1_317' title='bbox 234 3897 427 3953; x_wconf 88' lang='lat' dir='ltr'><strong>codice</strong></span> <span class='ocrx_word' id='word_1_318' title='bbox 456 3897 820 3954; x_wconf 88' lang='lat' dir='ltr'><strong>Florentino</strong></span> <span class='ocrx_word' id='word_1_319' title='bbox 855 3896 1112 3967; x_wconf 86' lang='lat' dir='ltr'><strong>primum</strong></span> <span class='ocrx_word' id='word_1_320' title='bbox 1145 3893 1331 3949; x_wconf 89' lang='lat' dir='ltr'><strong>editas</strong></span> <span class='ocrx_word' id='word_1_321' title='bbox 1360 3894 1634 3965; x_wconf 85' lang='lat' dir='ltr'><strong>legimus,</strong></span> <span class='ocrx_word' id='word_1_322' title='bbox 1664 3895 1901 3950; x_wconf 89' lang='lat' dir='ltr'><strong>easdem</strong></span> 
     </span>
    </p>
   </div>
   <div class='ocr_carea' id='block_1_45' title="bbox 232 3980 1900 4057">
    <p class='ocr_par' dir='ltr' id='par_1_45' title="bbox 232 3980 1900 4057">
     <span class='ocr_line' id='line_1_45' title="bbox 232 3980 1900 4057; baseline -0.002 -18"><span class='ocrx_word' id='word_1_323' title='bbox 232 4001 353 4040; x_wconf 88' lang='lat' dir='ltr'><strong>esse</strong></span> <span class='ocrx_word' id='word_1_324' title='bbox 382 4004 572 4057; x_wconf 86' lang='lat' dir='ltr'><strong>puras</strong></span> <span class='ocrx_word' id='word_1_325' title='bbox 606 3990 787 4056; x_wconf 87' lang='lat' dir='ltr'><strong>putas</strong></span> <span class='ocrx_word' id='word_1_326' title='bbox 816 3982 1027 4055; x_wconf 88' lang='lat' dir='ltr'><strong>lgnatii</strong></span> <span class='ocrx_word' id='word_1_327' title='bbox 1061 3980 1385 4037; x_wconf 92' lang='lat' dir='ltr'><strong>ostendunt</strong></span> <span class='ocrx_word' id='word_1_328' title='bbox 1427 3981 1614 4037; x_wconf 87' lang='lat' dir='ltr'><strong>relata</strong></span> <span class='ocrx_word' id='word_1_329' title='bbox 1643 3982 1705 4037; x_wconf 91' lang='lat' dir='ltr'><strong>in</strong></span> <span class='ocrx_word' id='word_1_330' title='bbox 1737 3981 1900 4037; x_wconf 85' lang='lat' dir='ltr'><strong>testi-</strong></span> 
     </span>
    </p>
   </div>
   <div class='ocr_carea' id='block_1_46' title="bbox 234 4070 1897 4143">
    <p class='ocr_par' dir='ltr' id='par_1_46' title="bbox 234 4070 1897 4143">
     <span class='ocr_line' id='line_1_46' title="bbox 234 4070 1897 4143; baseline -0.002 -16"><span class='ocrx_word' id='word_1_331' title='bbox 234 4074 446 4130; x_wconf 89' lang='lat' dir='ltr'><strong>moniis</strong></span> <span class='ocrx_word' id='word_1_332' title='bbox 488 4081 774 4130; x_wconf 81' lang='lat' dir='ltr'><strong>veterum</strong></span> <span class='ocrx_word' id='word_1_333' title='bbox 839 4071 969 4127; x_wconf 90' lang='lat' dir='ltr'><strong>loca</strong></span> <span class='ocrx_word' id='word_1_334' title='bbox 1024 4071 1257 4138; x_wconf 67' lang='lat' dir='ltr'><strong>Irenmi,</strong></span> <span class='ocrx_word' id='word_1_335' title='bbox 1302 4071 1593 4143; x_wconf 80' lang='lat' dir='ltr'><strong>Origenis,</strong></span> <span class='ocrx_word' id='word_1_336' title='bbox 1638 4070 1897 4138; x_wconf 88' lang='lat' dir='ltr'><strong>Eusebii,</strong></span> 
     </span>
    </p>
   </div>
   <div class='ocr_carea' id='block_1_47' title="bbox 234 4160 1897 4234">
    <p class='ocr_par' dir='ltr' id='par_1_47' title="bbox 234 4160 1897 4234">
     <span class='ocr_line' id='line_1_47' title="bbox 234 4160 1897 4234; baseline -0.002 -16"><span class='ocrx_word' id='word_1_337' title='bbox 234 4164 561 4227; x_wconf 82' lang='lat' dir='ltr'><strong>Athanasii,</strong></span> <span class='ocrx_word' id='word_1_338' title='bbox 590 4161 964 4234; x_wconf 84' lang='lat' dir='ltr'><strong>Hieronymi,</strong></span> <span class='ocrx_word' id='word_1_339' title='bbox 986 4160 1360 4227; x_wconf 90' lang='lat' dir='ltr'><strong>Theodoreti,</strong></span> <span class='ocrx_word' id='word_1_340' title='bbox 1394 4164 1860 4230; x_wconf 76' lang='lat' dir='ltr'><strong>cwterorumque</strong></span> <span class='ocrx_word' id='word_1_341' title='bbox 1884 4176 1897 4214; x_wconf 91' lang='lat'><strong>:</strong></span> 
     </span>
    </p>
   </div>
   <div class='ocr_carea' id='block_1_48' title="bbox 234 4247 1903 4326">
    <p class='ocr_par' dir='ltr' id='par_1_48' title="bbox 234 4247 1903 4326">
     <span class='ocr_line' id='line_1_48' title="bbox 234 4247 1903 4326; baseline -0.001 -20"><span class='ocrx_word' id='word_1_342' title='bbox 234 4268 365 4307; x_wconf 87' lang='lat' dir='ltr'><strong>nam</strong></span> <span class='ocrx_word' id='word_1_343' title='bbox 392 4252 799 4326; x_wconf 90' lang='lat' dir='ltr'><strong>reperiuntur</strong></span> <span class='ocrx_word' id='word_1_344' title='bbox 855 4250 915 4304; x_wconf 91' lang='lat' dir='ltr'><strong>in</strong></span> <span class='ocrx_word' id='word_1_345' title='bbox 970 4249 1071 4305; x_wconf 89' lang='lat' dir='ltr'><strong>illa</strong></span> <span class='ocrx_word' id='word_1_346' title='bbox 1121 4248 1404 4305; x_wconf 89' lang='lat' dir='ltr'><strong>editione.</strong></span> <span class='ocrx_word' id='word_1_347' title='bbox 1437 4247 1586 4313; x_wconf 87' lang='lat' dir='ltr'><strong>Quid</strong></span> <span class='ocrx_word' id='word_1_348' title='bbox 1637 4249 1903 4305; x_wconf 86' lang='lat' dir='ltr'><strong>clarius?</strong></span> 
     </span>
    </p>
   </div>
   <div class='ocr_carea' id='block_1_49' title="bbox 234 4340 686 4411">
    <p class='ocr_par' dir='ltr' id='par_1_49' title="bbox 234 4340 686 4411">
     <span class='ocr_line' id='line_1_49' title="bbox 234 4340 686 4411; baseline -0.002 -14"><span class='ocrx_word' id='word_1_349' title='bbox 234 4342 368 4411; x_wconf 84' lang='lat' dir='ltr'><strong>quid</strong></span> <span class='ocrx_word' id='word_1_350' title='bbox 394 4343 632 4399; x_wconf 81' lang='lat' dir='ltr'><strong>certius</strong></span> <span class='ocrx_word' id='word_1_351' title='bbox 653 4340 686 4396; x_wconf 86' lang='lat'><strong>?</strong></span> 
     </span>
    </p>
   </div>
   <div class='ocr_carea' id='block_1_50' title="bbox 300 4427 1901 4500">
    <p class='ocr_par' dir='ltr' id='par_1_50' title="bbox 300 4427 1901 4500">
     <span class='ocr_line' id='line_1_50' title="bbox 300 4427 1901 4500; baseline -0.001 -15"><span class='ocrx_word' id='word_1_352' title='bbox 300 4432 524 4487; x_wconf 86' lang='lat' dir='ltr'><strong>Contra</strong></span> <span class='ocrx_word' id='word_1_353' title='bbox 560 4432 693 4485; x_wconf 65' lang='lat' dir='ltr'><strong>hac</strong></span> <span class='ocrx_word' id='word_1_354' title='bbox 725 4433 786 4483; x_wconf 89' lang='lat' dir='ltr'><strong>et</strong></span> <span class='ocrx_word' id='word_1_355' title='bbox 813 4433 1019 4483; x_wconf 88' lang='lat' dir='ltr'><strong>contra</strong></span> <span class='ocrx_word' id='word_1_356' title='bbox 1060 4432 1334 4483; x_wconf 90' lang='lat' dir='ltr'><strong>nostrum</strong></span> <span class='ocrx_word' id='word_1_357' title='bbox 1364 4427 1657 4499; x_wconf 87' lang='lat' dir='ltr'><strong>lgnatium</strong></span> <span class='ocrx_word' id='word_1_358' title='bbox 1689 4443 1901 4500; x_wconf 83' lang='lat' dir='ltr'><strong>excep-</strong></span> 
     </span>
    </p>
   </div>
   <div class='ocr_carea' id='block_1_51' title="bbox 236 4517 1905 4589">
    <p class='ocr_par' dir='ltr' id='par_1_51' title="bbox 236 4517 1905 4589">
     <span class='ocr_line' id='line_1_51' title="bbox 236 4517 1905 4589; baseline -0.001 -14"><span class='ocrx_word' id='word_1_359' title='bbox 236 4519 419 4577; x_wconf 89' lang='lat' dir='ltr'><strong>tiones</strong></span> <span class='ocrx_word' id='word_1_360' title='bbox 449 4518 944 4576; x_wconf 80' lang='lat' dir='ltr'><strong>adversariorum</strong></span> <span class='ocrx_word' id='word_1_361' title='bbox 978 4517 1180 4573; x_wconf 80' lang='lat' dir='ltr'><strong>multaa</strong></span> <span class='ocrx_word' id='word_1_362' title='bbox 1211 4522 1373 4585; x_wconf 91' lang='lat' dir='ltr'><strong>sunt,</strong></span> <span class='ocrx_word' id='word_1_363' title='bbox 1392 4517 1596 4572; x_wconf 77' lang='lat' dir='ltr'><strong>multae</strong></span> <span class='ocrx_word' id='word_1_364' title='bbox 1622 4517 1905 4589; x_wconf 82' lang='lat' dir='ltr'><strong>objectio-</strong></span> 
     </span>
    </p>
   </div>
   <div class='ocr_carea' id='block_1_52' title="bbox 237 4606 1903 4683">
    <p class='ocr_par' dir='ltr' id='par_1_52' title="bbox 237 4606 1903 4683">
     <span class='ocr_line' id='line_1_52' title="bbox 237 4606 1903 4683; baseline 0 -20"><span class='ocrx_word' id='word_1_365' title='bbox 237 4626 356 4678; x_wconf 90' lang='lat' dir='ltr'><strong>nes,</strong></span> <span class='ocrx_word' id='word_1_366' title='bbox 384 4609 711 4683; x_wconf 77' lang='lat' dir='ltr'><strong>generales</strong></span> <span class='ocrx_word' id='word_1_367' title='bbox 745 4608 899 4671; x_wconf 64' lang='lat' dir='ltr'><strong>alia),</strong></span> <span class='ocrx_word' id='word_1_368' title='bbox 933 4606 1064 4662; x_wconf 65' lang='lat' dir='ltr'><strong>alias</strong></span> <span class='ocrx_word' id='word_1_369' title='bbox 1095 4606 1506 4679; x_wconf 87' lang='lat' dir='ltr'><strong>particulares.</strong></span> <span class='ocrx_word' id='word_1_370' title='bbox 1540 4607 1641 4662; x_wconf 82' lang='lat' dir='ltr'><strong>His</strong></span> <span class='ocrx_word' id='word_1_371' title='bbox 1669 4608 1743 4662; x_wconf 89' lang='lat' dir='ltr'><strong>ad</strong></span> <span class='ocrx_word' id='word_1_372' title='bbox 1772 4607 1903 4663; x_wconf 91' lang='lat' dir='ltr'><strong>loca</strong></span> 
     </span>
    </p>
   </div>
   <div class='ocr_carea' id='block_1_53' title="bbox 238 4696 1900 4773">
    <p class='ocr_par' dir='ltr' id='par_1_53' title="bbox 238 4696 1900 4773">
     <span class='ocr_line' id='line_1_53' title="bbox 238 4696 1900 4773; baseline 0 -20"><span class='ocrx_word' id='word_1_373' title='bbox 238 4699 485 4773; x_wconf 86' lang='lat' dir='ltr'><strong>singula,</strong></span> <span class='ocrx_word' id='word_1_374' title='bbox 524 4716 672 4756; x_wconf 87' lang='lat' dir='ltr'><strong>cum</strong></span> <span class='ocrx_word' id='word_1_375' title='bbox 726 4713 970 4753; x_wconf 90' lang='lat' dir='ltr'><strong>necesse</strong></span> <span class='ocrx_word' id='word_1_376' title='bbox 1022 4696 1449 4769; x_wconf 90' lang='lat' dir='ltr'><strong>judicabimus,</strong></span> <span class='ocrx_word' id='word_1_377' title='bbox 1484 4713 1900 4753; x_wconf 90' lang='lat' dir='ltr'><strong>occurremus:</strong></span> 
     </span>
    </p>
   </div>
   <div class='ocr_carea' id='block_1_54' title="bbox 239 4785 1904 4862">
    <p class='ocr_par' dir='ltr' id='par_1_54' title="bbox 239 4785 1904 4862">
     <span class='ocr_line' id='line_1_54' title="bbox 239 4785 1904 4862; baseline 0.001 -21"><span class='ocrx_word' id='word_1_378' title='bbox 239 4788 470 4845; x_wconf 87' lang='lat' dir='ltr'><strong>illarum</strong></span> <span class='ocrx_word' id='word_1_379' title='bbox 522 4789 867 4862; x_wconf 73' lang='lat' dir='ltr'><strong>prmcipuas</strong></span> <span class='ocrx_word' id='word_1_380' title='bbox 916 4785 1343 4857; x_wconf 86' lang='lat' dir='ltr'><strong>expendamus.</strong></span> <span class='ocrx_word' id='word_1_381' title='bbox 1393 4788 1458 4841; x_wconf 90' lang='lat' dir='ltr'><strong>In</strong></span> <span class='ocrx_word' id='word_1_382' title='bbox 1508 4785 1655 4841; x_wconf 89' lang='lat' dir='ltr'><strong>duas</strong></span> <span class='ocrx_word' id='word_1_383' title='bbox 1682 4786 1904 4843; x_wconf 89' lang='lat' dir='ltr'><strong>classes</strong></span> 
     </span>
    </p>
   </div>
   <div class='ocr_carea' id='block_1_55' title="bbox 244 4875 1906 4950">
    <p class='ocr_par' dir='ltr' id='par_1_55' title="bbox 244 4875 1906 4950">
     <span class='ocr_line' id='line_1_55' title="bbox 244 4875 1906 4950; baseline 0.001 -19"><span class='ocrx_word' id='word_1_384' title='bbox 244 4876 511 4935; x_wconf 88' lang='lat' dir='ltr'><strong>distribui</strong></span> <span class='ocrx_word' id='word_1_385' title='bbox 546 4880 839 4950; x_wconf 86' lang='lat' dir='ltr'><strong>possunt:</strong></span> <span class='ocrx_word' id='word_1_386' title='bbox 873 4882 975 4931; x_wconf 89' lang='lat' dir='ltr'><strong>aut</strong></span> <span class='ocrx_word' id='word_1_387' title='bbox 1017 4875 1178 4930; x_wconf 91' lang='lat' dir='ltr'><strong>enim</strong></span> <span class='ocrx_word' id='word_1_388' title='bbox 1217 4879 1502 4946; x_wconf 89' lang='lat' dir='ltr'><strong>petuntur</strong></span> <span class='ocrx_word' id='word_1_389' title='bbox 1532 4892 1603 4930; x_wconf 83' lang='lat' dir='ltr'><strong>ex</strong></span> <span class='ocrx_word' id='word_1_390' title='bbox 1630 4875 1906 4947; x_wconf 89' lang='lat' dir='ltr'><strong>antiquo-</strong></span> 
     </span>
    </p>
   </div>
   <div class='ocr_carea' id='block_1_56' title="bbox 242 4963 1903 5037">
    <p class='ocr_par' dir='ltr' id='par_1_56' title="bbox 242 4963 1903 5037">
     <span class='ocr_line' id='line_1_56' title="bbox 242 4963 1903 5037; baseline 0.001 -18"><span class='ocrx_word' id='word_1_391' title='bbox 242 4982 365 5022; x_wconf 89' lang='lat' dir='ltr'><strong>rum</strong></span> <span class='ocrx_word' id='word_1_392' title='bbox 386 4968 658 5023; x_wconf 86' lang='lat' dir='ltr'><strong>silentio.</strong></span> <span class='ocrx_word' id='word_1_393' title='bbox 684 4971 789 5021; x_wconf 89' lang='lat' dir='ltr'><strong>aut</strong></span> <span class='ocrx_word' id='word_1_394' title='bbox 810 4982 841 5020; x_wconf 91' lang='lat' dir='ltr'><strong>e</strong></span> <span class='ocrx_word' id='word_1_395' title='bbox 865 4965 1017 5037; x_wconf 84' lang='lat' dir='ltr'><strong>stylo</strong></span> <span class='ocrx_word' id='word_1_396' title='bbox 1036 4963 1442 5036; x_wconf 90' lang='lat' dir='ltr'><strong>epistolarum.</strong></span> <span class='ocrx_word' id='word_1_397' title='bbox 1468 4965 1652 5020; x_wconf 88' lang='lat' dir='ltr'><strong>Aiunt</strong></span> <span class='ocrx_word' id='word_1_398' title='bbox 1668 4965 1866 5036; x_wconf 90' lang='lat' dir='ltr'><strong>itaque</strong></span> <span class='ocrx_word' id='word_1_399' title='bbox 1889 4982 1903 5020; x_wconf 91' lang='lat'><strong>:</strong></span> 
     </span>
    </p>
   </div>
   <div class='ocr_carea' id='block_1_57' title="bbox 2006 2372 3656 2448">
    <p class='ocr_par' dir='ltr' id='par_1_57' title="bbox 2006 2372 3656 2448">
     <span class='ocr_line' id='line_1_57' title="bbox 2006 2372 3656 2448; baseline 0.005 -22"><span class='ocrx_word' id='word_1_400' title='bbox 2006 2372 2124 2427; x_wconf 89' lang='lat' dir='ltr'><strong>rari</strong></span> <span class='ocrx_word' id='word_1_401' title='bbox 2174 2380 2468 2444; x_wconf 88' lang='lat' dir='ltr'><strong>poterant.</strong></span> <span class='ocrx_word' id='word_1_402' title='bbox 2521 2380 2581 2429; x_wconf 90' lang='lat' dir='ltr'><strong>et</strong></span> <span class='ocrx_word' id='word_1_403' title='bbox 2635 2391 2770 2430; x_wconf 83' lang='lat' dir='ltr'><strong>vero</strong></span> <span class='ocrx_word' id='word_1_404' title='bbox 2827 2376 2955 2448; x_wconf 89' lang='lat' dir='ltr'><strong>pari</strong></span> <span class='ocrx_word' id='word_1_405' title='bbox 3003 2377 3233 2432; x_wconf 89' lang='lat' dir='ltr'><strong>ratione</strong></span> <span class='ocrx_word' id='word_1_406' title='bbox 3310 2378 3656 2434; x_wconf 82' lang='lat' dir='ltr'><strong>debebant?</strong></span> 
     </span>
    </p>
   </div>
   <div class='ocr_carea' id='block_1_58' title="bbox 2007 2463 3652 2539">
    <p class='ocr_par' dir='ltr' id='par_1_58' title="bbox 2007 2463 3652 2539">
     <span class='ocr_line' id='line_1_58' title="bbox 2007 2463 3652 2539; baseline 0.004 -23"><span class='ocrx_word' id='word_1_407' title='bbox 2007 2463 2165 2517; x_wconf 89' lang='lat' dir='ltr'><strong>Eane</strong></span> <span class='ocrx_word' id='word_1_408' title='bbox 2196 2464 2398 2519; x_wconf 90' lang='lat' dir='ltr'><strong>omnia</strong></span> <span class='ocrx_word' id='word_1_409' title='bbox 2427 2464 2804 2535; x_wconf 89' lang='lat' dir='ltr'><strong>supposititia</strong></span> <span class='ocrx_word' id='word_1_410' title='bbox 2831 2464 3467 2538; x_wconf 79' lang='lat' dir='ltr'><strong>dicent‘lNequaquam</strong></span> <span class='ocrx_word' id='word_1_411' title='bbox 3489 2474 3652 2539; x_wconf 88' lang='lat' dir='ltr'><strong>puto.</strong></span> 
     </span>
    </p>
   </div>
   <div class='ocr_carea' id='block_1_59' title="bbox 2006 2551 3656 2628">
    <p class='ocr_par' dir='ltr' id='par_1_59' title="bbox 2006 2551 3656 2628">
     <span class='ocr_line' id='line_1_59' title="bbox 2006 2551 3656 2628; baseline 0.003 -23"><span class='ocrx_word' id='word_1_412' title='bbox 2006 2551 2290 2616; x_wconf 63' lang='lat' dir='ltr'><strong>Quasnam</strong></span> <span class='ocrx_word' id='word_1_413' title='bbox 2311 2570 2447 2608; x_wconf 86' lang='lat' dir='ltr'><strong>vero</strong></span> <span class='ocrx_word' id='word_1_414' title='bbox 2478 2558 2620 2608; x_wconf 88' lang='lat' dir='ltr'><strong>sunt</strong></span> <span class='ocrx_word' id='word_1_415' title='bbox 2650 2571 2780 2624; x_wconf 64' lang='lat' dir='ltr'><strong>quae</strong></span> <span class='ocrx_word' id='word_1_416' title='bbox 2811 2561 3120 2626; x_wconf 91' lang='lat' dir='ltr'><strong>opponunt</strong></span> <span class='ocrx_word' id='word_1_417' title='bbox 3152 2555 3300 2611; x_wconf 90' lang='lat' dir='ltr'><strong>locis</strong></span> <span class='ocrx_word' id='word_1_418' title='bbox 3324 2556 3656 2628; x_wconf 88' lang='lat' dir='ltr'><strong>Polycarpi,</strong></span> 
     </span>
    </p>
   </div>
   <div class='ocr_carea' id='block_1_60' title="bbox 2005 2640 3655 2715">
    <p class='ocr_par' dir='ltr' id='par_1_60' title="bbox 2005 2640 3655 2715">
     <span class='ocr_line' id='line_1_60' title="bbox 2005 2640 3655 2715; baseline 0.004 -22"><span class='ocrx_word' id='word_1_419' title='bbox 2005 2640 2214 2695; x_wconf 69' lang='lat' dir='ltr'><strong>Irenaei</strong></span> <span class='ocrx_word' id='word_1_420' title='bbox 2228 2646 2287 2696; x_wconf 90' lang='lat' dir='ltr'><strong>et</strong></span> <span class='ocrx_word' id='word_1_421' title='bbox 2303 2642 2639 2714; x_wconf 83' lang='lat' dir='ltr'><strong>Oorigenis‘?</strong></span> <span class='ocrx_word' id='word_1_422' title='bbox 2660 2645 2806 2698; x_wconf 92' lang='lat' dir='ltr'><strong>Ecce</strong></span> <span class='ocrx_word' id='word_1_423' title='bbox 2827 2644 2951 2699; x_wconf 90' lang='lat' dir='ltr'><strong>illa:</strong></span> <span class='ocrx_word' id='word_1_424' title='bbox 2972 2645 3313 2714; x_wconf 85' lang='lat' dir='ltr'><strong>Nicephorus</strong></span> <span class='ocrx_word' id='word_1_425' title='bbox 3325 2645 3655 2715; x_wconf 78' lang='lat' dir='ltr'><strong>patriarcha</strong></span> 
     </span>
    </p>
   </div>
   <div class='ocr_carea' id='block_1_61' title="bbox 2010 2729 3659 2801">
    <p class='ocr_par' dir='ltr' id='par_1_61' title="bbox 2010 2729 3659 2801">
     <span class='ocr_line' id='line_1_61' title="bbox 2010 2729 3659 2801; baseline 0.002 -16"><span class='ocrx_word' id='word_1_426' title='bbox 2010 2729 2115 2785; x_wconf 75' lang='grc' dir='ltr'><strong>ΟΡ.</strong></span> <span class='ocrx_word' id='word_1_427' title='bbox 2152 2729 2212 2783; x_wconf 82' lang='lat' dir='ltr'><strong>in</strong></span> <span class='ocrx_word' id='word_1_428' title='bbox 2250 2730 2441 2785; x_wconf 84' lang='lat' dir='ltr'><strong>Indice</strong></span> <span class='ocrx_word' id='word_1_429' title='bbox 2480 2732 2917 2801; x_wconf 76' lang='lat' dir='ltr'><strong>apocryphorum</strong></span> <span class='ocrx_word' id='word_1_430' title='bbox 2966 2735 3102 2787; x_wconf 83' lang='lat' dir='ltr'><strong>Novi</strong></span> <span class='ocrx_word' id='word_1_431' title='bbox 3152 2734 3499 2801; x_wconf 81' lang='lat' dir='ltr'><strong>Testamenti,</strong></span> <span class='ocrx_word' id='word_1_432' title='bbox 3527 2736 3659 2789; x_wconf 87' lang='lat' dir='ltr'><strong>scri-</strong></span> 
     </span>
    </p>
   </div>
   <div class='ocr_carea' id='block_1_62' title="bbox 1998 2817 3660 2892">
    <p class='ocr_par' dir='ltr' id='par_1_62' title="bbox 1998 2817 3660 2892">
     <span class='ocr_line' id='line_1_62' title="bbox 1998 2817 3660 2892; baseline 0.004 -20"><span class='ocrx_word' id='word_1_433' title='bbox 1998 2824 2107 2888; x_wconf 88' lang='lat' dir='ltr'><strong>pta</strong></span> <span class='ocrx_word' id='word_1_434' title='bbox 2133 2817 2348 2887; x_wconf 83' lang='lat' dir='ltr'><strong>Ignatii</strong></span> <span class='ocrx_word' id='word_1_435' title='bbox 2377 2825 2430 2873; x_wconf 85' lang='lat' dir='ltr'><strong>et</strong></span> <span class='ocrx_word' id='word_1_436' title='bbox 2452 2819 2753 2891; x_wconf 80' lang='lat' dir='ltr'><strong>Polycarpi</strong></span> <span class='ocrx_word' id='word_1_437' title='bbox 2797 2821 3115 2891; x_wconf 73' lang='lat' dir='ltr'><strong>apocrypha</strong></span> <span class='ocrx_word' id='word_1_438' title='bbox 3134 2822 3381 2892; x_wconf 76' lang='lat' dir='ltr'><strong>judicat.</strong></span> <span class='ocrx_word' id='word_1_439' title='bbox 3415 2823 3660 2879; x_wconf 82' lang='lat' dir='ltr'><strong>Anasta-</strong></span> 
     </span>
    </p>
   </div>
   <div class='ocr_carea' id='block_1_63' title="bbox 2007 2906 3662 2983">
    <p class='ocr_par' dir='ltr' id='par_1_63' title="bbox 2007 2906 3662 2983">
     <span class='ocr_line' id='line_1_63' title="bbox 2007 2906 3662 2983; baseline 0.004 -22"><span class='ocrx_word' id='word_1_440' title='bbox 2007 2906 2119 2962; x_wconf 84' lang='lat' dir='ltr'><strong>sius</strong></span> <span class='ocrx_word' id='word_1_441' title='bbox 2149 2907 2611 2964; x_wconf 84' lang='lat' dir='ltr'><strong>Bibliothecarius</strong></span> <span class='ocrx_word' id='word_1_442' title='bbox 2644 2909 2831 2965; x_wconf 86' lang='lat' dir='ltr'><strong>eadem</strong></span> <span class='ocrx_word' id='word_1_443' title='bbox 2862 2910 3023 2965; x_wconf 80' lang='lat' dir='ltr'><strong>habet</strong></span> <span class='ocrx_word' id='word_1_444' title='bbox 3070 2912 3131 2965; x_wconf 88' lang='lat' dir='ltr'><strong>in</strong></span> <span class='ocrx_word' id='word_1_445' title='bbox 3159 2911 3349 2967; x_wconf 86' lang='lat' dir='ltr'><strong>Indice</strong></span> <span class='ocrx_word' id='word_1_446' title='bbox 3377 2928 3535 2983; x_wconf 87' lang='lat' dir='ltr'><strong>quem</strong></span> <span class='ocrx_word' id='word_1_447' title='bbox 3565 2914 3662 2967; x_wconf 84' lang='lat' dir='ltr'><strong>Hi-</strong></span> 
     </span>
    </p>
   </div>
   <div class='ocr_carea' id='block_1_64' title="bbox 2006 3001 3659 3074">
    <p class='ocr_par' dir='ltr' id='par_1_64' title="bbox 2006 3001 3659 3074">
     <span class='ocr_line' id='line_1_64' title="bbox 2006 3001 3659 3074; baseline 0.003 -19"><span class='ocrx_word' id='word_1_448' title='bbox 2006 3002 2193 3055; x_wconf 66' lang='lat' dir='ltr'><strong>storiae</strong></span> <span class='ocrx_word' id='word_1_449' title='bbox 2240 3016 2351 3055; x_wconf 76' lang='lat' dir='ltr'><strong>suae</strong></span> <span class='ocrx_word' id='word_1_450' title='bbox 2398 3001 2795 3059; x_wconf 70' lang='lat' dir='ltr'><strong>Ecclesiasticas</strong></span> <span class='ocrx_word' id='word_1_451' title='bbox 2845 3004 3119 3073; x_wconf 68' lang='lat' dir='ltr'><strong>praeﬁxit,</strong></span> <span class='ocrx_word' id='word_1_452' title='bbox 3181 3020 3302 3074; x_wconf 63' lang='lat' dir='ltr'><strong>qua</strong></span> <span class='ocrx_word' id='word_1_453' title='bbox 3332 3007 3442 3061; x_wconf 83' lang='lat' dir='ltr'><strong>nisi</strong></span> <span class='ocrx_word' id='word_1_454' title='bbox 3470 3006 3659 3060; x_wconf 81' lang='lat' dir='ltr'><strong>eadem</strong></span> 
     </span>
    </p>
   </div>
   <div class='ocr_carea' id='block_1_65' title="bbox 2008 3090 3662 3162">
    <p class='ocr_par' dir='ltr' id='par_1_65' title="bbox 2008 3090 3662 3162">
     <span class='ocr_line' id='line_1_65' title="bbox 2008 3090 3662 3162; baseline 0.003 -19"><span class='ocrx_word' id='word_1_455' title='bbox 2008 3105 2129 3144; x_wconf 87' lang='lat' dir='ltr'><strong>cum</strong></span> <span class='ocrx_word' id='word_1_456' title='bbox 2159 3090 2468 3159; x_wconf 84' lang='lat' dir='ltr'><strong>Nicephoro</strong></span> <span class='ocrx_word' id='word_1_457' title='bbox 2497 3090 2564 3146; x_wconf 88' lang='lat' dir='ltr'><strong>de</strong></span> <span class='ocrx_word' id='word_1_458' title='bbox 2606 3092 2689 3147; x_wconf 81' lang='lat' dir='ltr'><strong>his</strong></span> <span class='ocrx_word' id='word_1_459' title='bbox 2734 3092 2977 3162; x_wconf 76' lang='lat' dir='ltr'><strong>epistolis</strong></span> <span class='ocrx_word' id='word_1_460' title='bbox 3005 3095 3272 3162; x_wconf 82' lang='lat' dir='ltr'><strong>sensisset,</strong></span> <span class='ocrx_word' id='word_1_461' title='bbox 3303 3109 3416 3149; x_wconf 88' lang='lat' dir='ltr'><strong>non</strong></span> <span class='ocrx_word' id='word_1_462' title='bbox 3445 3094 3662 3149; x_wconf 79' lang='lat' dir='ltr'><strong>videtur</strong></span> 
     </span>
    </p>
   </div>
   <div class='ocr_carea' id='block_1_66' title="bbox 2012 3176 3665 3249">
    <p class='ocr_par' dir='ltr' id='par_1_66' title="bbox 2012 3176 3665 3249">
     <span class='ocr_line' id='line_1_66' title="bbox 2012 3176 3665 3249; baseline 0.003 -17"><span class='ocrx_word' id='word_1_463' title='bbox 2012 3176 2185 3247; x_wconf 82' lang='lat' dir='ltr'><strong>fuisse</strong></span> <span class='ocrx_word' id='word_1_464' title='bbox 2231 3180 2349 3234; x_wconf 83' lang='lat' dir='ltr'><strong>sine</strong></span> <span class='ocrx_word' id='word_1_465' title='bbox 2399 3180 2591 3249; x_wconf 83' lang='lat' dir='ltr'><strong>aliqua</strong></span> <span class='ocrx_word' id='word_1_466' title='bbox 2648 3196 2877 3236; x_wconf 81' lang='lat' dir='ltr'><strong>censura</strong></span> <span class='ocrx_word' id='word_1_467' title='bbox 2931 3180 3016 3236; x_wconf 88' lang='lat' dir='ltr'><strong>vel</strong></span> <span class='ocrx_word' id='word_1_468' title='bbox 3072 3182 3546 3238; x_wconf 62' lang='lat' dir='ltr'><strong>animadversione</strong></span> <span class='ocrx_word' id='word_1_469' title='bbox 3576 3184 3665 3237; x_wconf 85' lang='lat' dir='ltr'><strong>di-</strong></span> 
     </span>
    </p>
   </div>
   <div class='ocr_carea' id='block_1_67' title="bbox 2013 3270 3663 3342">
    <p class='ocr_par' dir='ltr' id='par_1_67' title="bbox 2013 3270 3663 3342">
     <span class='ocr_line' id='line_1_67' title="bbox 2013 3270 3663 3342; baseline 0.002 -20"><span class='ocrx_word' id='word_1_470' title='bbox 2013 3271 2298 3323; x_wconf 85' lang='lat' dir='ltr'><strong>missurus.</strong></span> <span class='ocrx_word' id='word_1_471' title='bbox 2322 3270 2534 3323; x_wconf 85' lang='lat' dir='ltr'><strong>Verum</strong></span> <span class='ocrx_word' id='word_1_472' title='bbox 2560 3275 2765 3324; x_wconf 88' lang='lat' dir='ltr'><strong>auctor</strong></span> <span class='ocrx_word' id='word_1_473' title='bbox 2784 3271 2963 3342; x_wconf 85' lang='lat' dir='ltr'><strong>hujus</strong></span> <span class='ocrx_word' id='word_1_474' title='bbox 2995 3270 3265 3327; x_wconf 89' lang='lat' dir='ltr'><strong>laterculi</strong></span> <span class='ocrx_word' id='word_1_475' title='bbox 3304 3289 3425 3327; x_wconf 92' lang='lat' dir='ltr'><strong>non</strong></span> <span class='ocrx_word' id='word_1_476' title='bbox 3457 3288 3663 3327; x_wconf 88' lang='lat' dir='ltr'><strong>aman-</strong></span> 
     </span>
    </p>
   </div>
   <div class='ocr_carea' id='block_1_68' title="bbox 2009 3356 3659 3432">
    <p class='ocr_par' dir='ltr' id='par_1_68' title="bbox 2009 3356 3659 3432">
     <span class='ocr_line' id='line_1_68' title="bbox 2009 3356 3659 3432; baseline 0.003 -22"><span class='ocrx_word' id='word_1_477' title='bbox 2009 3356 2111 3411; x_wconf 88' lang='lat' dir='ltr'><strong>dat</strong></span> <span class='ocrx_word' id='word_1_478' title='bbox 2137 3357 2209 3412; x_wconf 88' lang='lat' dir='ltr'><strong>ad</strong></span> <span class='ocrx_word' id='word_1_479' title='bbox 2241 3360 2577 3430; x_wconf 85' lang='lat' dir='ltr'><strong>apocrypha</strong></span> <span class='ocrx_word' id='word_1_480' title='bbox 2630 3358 2910 3431; x_wconf 89' lang='lat' dir='ltr'><strong>epistolas</strong></span> <span class='ocrx_word' id='word_1_481' title='bbox 2966 3362 3175 3432; x_wconf 83' lang='lat' dir='ltr'><strong>Ignatii</strong></span> <span class='ocrx_word' id='word_1_482' title='bbox 3226 3365 3284 3416; x_wconf 88' lang='lat' dir='ltr'><strong>et</strong></span> <span class='ocrx_word' id='word_1_483' title='bbox 3331 3362 3659 3432; x_wconf 89' lang='lat' dir='ltr'><strong>Polycarpi,</strong></span> 
     </span>
    </p>
   </div>
   <div class='ocr_carea' id='block_1_69' title="bbox 2008 3447 3661 3519">
    <p class='ocr_par' dir='ltr' id='par_1_69' title="bbox 2008 3447 3661 3519">
     <span class='ocr_line' id='line_1_69' title="bbox 2008 3447 3661 3519; baseline 0.003 -19"><span class='ocrx_word' id='word_1_484' title='bbox 2008 3447 2291 3503; x_wconf 89' lang='lat' dir='ltr'><strong>amandat</strong></span> <span class='ocrx_word' id='word_1_485' title='bbox 2319 3447 2529 3519; x_wconf 88' lang='lat' dir='ltr'><strong>Ignatii</strong></span> <span class='ocrx_word' id='word_1_486' title='bbox 2552 3453 2610 3504; x_wconf 90' lang='lat' dir='ltr'><strong>et</strong></span> <span class='ocrx_word' id='word_1_487' title='bbox 2630 3448 2937 3519; x_wconf 83' lang='lat' dir='ltr'><strong>Polycarpi</strong></span> <span class='ocrx_word' id='word_1_488' title='bbox 2956 3449 3254 3505; x_wconf 91' lang='lat' dir='ltr'><strong>nonnihil.</strong></span> <span class='ocrx_word' id='word_1_489' title='bbox 3288 3449 3444 3504; x_wconf 86' lang='lat' dir='ltr'><strong>Illud</strong></span> <span class='ocrx_word' id='word_1_490' title='bbox 3464 3456 3661 3505; x_wconf 87' lang='lat' dir='ltr'><strong>autem</strong></span> 
     </span>
    </p>
   </div>
   <div class='ocr_carea' id='block_1_70' title="bbox 2008 3536 3666 3613">
    <p class='ocr_par' dir='ltr' id='par_1_70' title="bbox 2008 3536 3666 3613">
     <span class='ocr_line' id='line_1_70' title="bbox 2008 3536 3666 3613; baseline 0.001 -24"><span class='ocrx_word' id='word_1_491' title='bbox 2008 3536 2286 3590; x_wconf 90' lang='lat' dir='ltr'><strong>nonnihil</strong></span> <span class='ocrx_word' id='word_1_492' title='bbox 2315 3553 2421 3591; x_wconf 87' lang='lat' dir='ltr'><strong>cur</strong></span> <span class='ocrx_word' id='word_1_493' title='bbox 2467 3553 2588 3592; x_wconf 91' lang='lat' dir='ltr'><strong>non</strong></span> <span class='ocrx_word' id='word_1_494' title='bbox 2654 3537 2851 3608; x_wconf 92' lang='lat' dir='ltr'><strong>potius</strong></span> <span class='ocrx_word' id='word_1_495' title='bbox 2886 3554 3261 3613; x_wconf 82' lang='lat' dir='ltr'><strong>exponemus</strong></span> <span class='ocrx_word' id='word_1_496' title='bbox 3290 3538 3361 3592; x_wconf 92' lang='lat' dir='ltr'><strong>de</strong></span> <span class='ocrx_word' id='word_1_497' title='bbox 3394 3538 3666 3594; x_wconf 89' lang='lat' dir='ltr'><strong>doctrina</strong></span> 
     </span>
    </p>
   </div>
   <div class='ocr_carea' id='block_1_71' title="bbox 2010 3625 3662 3699">
    <p class='ocr_par' dir='ltr' id='par_1_71' title="bbox 2010 3625 3662 3699">
     <span class='ocr_line' id='line_1_71' title="bbox 2010 3625 3662 3699; baseline 0.001 -20"><span class='ocrx_word' id='word_1_498' title='bbox 2010 3627 2224 3699; x_wconf 86' lang='lat' dir='ltr'><strong>Ignatii</strong></span> <span class='ocrx_word' id='word_1_499' title='bbox 2256 3632 2316 3681; x_wconf 91' lang='lat' dir='ltr'><strong>et</strong></span> <span class='ocrx_word' id='word_1_500' title='bbox 2347 3625 2419 3682; x_wconf 92' lang='lat' dir='ltr'><strong>de</strong></span> <span class='ocrx_word' id='word_1_501' title='bbox 2450 3626 2724 3682; x_wconf 92' lang='lat' dir='ltr'><strong>doctrina</strong></span> <span class='ocrx_word' id='word_1_502' title='bbox 2758 3626 3084 3699; x_wconf 86' lang='lat' dir='ltr'><strong>Poiycarpi.</strong></span> <span class='ocrx_word' id='word_1_503' title='bbox 3131 3626 3301 3681; x_wconf 89' lang='lat' dir='ltr'><strong>libris</strong></span> <span class='ocrx_word' id='word_1_504' title='bbox 3345 3626 3662 3699; x_wconf 89' lang='lat' dir='ltr'><strong>pseudepi-</strong></span> 
     </span>
    </p>
   </div>
   <div class='ocr_carea' id='block_1_72' title="bbox 2005 3711 3663 3789">
    <p class='ocr_par' dir='ltr' id='par_1_72' title="bbox 2005 3711 3663 3789">
     <span class='ocr_line' id='line_1_72' title="bbox 2005 3711 3663 3789; baseline 0 -19"><span class='ocrx_word' id='word_1_505' title='bbox 2005 3715 2292 3789; x_wconf 83' lang='lat' dir='ltr'><strong>graphis‘?</strong></span> <span class='ocrx_word' id='word_1_506' title='bbox 2340 3720 2507 3771; x_wconf 89' lang='lat' dir='ltr'><strong>Certe</strong></span> <span class='ocrx_word' id='word_1_507' title='bbox 2569 3712 2830 3789; x_wconf 75' lang='grc' dir='ltr'><strong>Ὶγνατίου</strong></span> <span class='ocrx_word' id='word_1_508' title='bbox 2889 3711 3123 3788; x_wconf 71' lang='grc' dir='ltr'><strong>διδαχήν</strong></span> <span class='ocrx_word' id='word_1_509' title='bbox 3166 3720 3231 3770; x_wconf 87' lang='grc' dir='ltr'><strong>ιιι</strong></span> <span class='ocrx_word' id='word_1_510' title='bbox 3261 3716 3663 3786; x_wconf 87' lang='lat' dir='ltr'><strong>apocrypham</strong></span> 
     </span>
    </p>
   </div>
   <div class='ocr_carea' id='block_1_73' title="bbox 2004 3803 3662 3875">
    <p class='ocr_par' dir='ltr' id='par_1_73' title="bbox 2004 3803 3662 3875">
     <span class='ocr_line' id='line_1_73' title="bbox 2004 3803 3662 3875; baseline -0.001 -16"><span class='ocrx_word' id='word_1_511' title='bbox 2004 3804 2364 3859; x_wconf 89' lang='lat' dir='ltr'><strong>recensitam</strong></span> <span class='ocrx_word' id='word_1_512' title='bbox 2386 3804 2569 3859; x_wconf 86' lang='lat' dir='ltr'><strong>habes</strong></span> <span class='ocrx_word' id='word_1_513' title='bbox 2592 3804 2693 3859; x_wconf 91' lang='lat' dir='ltr'><strong>illo</strong></span> <span class='ocrx_word' id='word_1_514' title='bbox 2715 3821 2826 3859; x_wconf 91' lang='lat' dir='ltr'><strong>ms.</strong></span> <span class='ocrx_word' id='word_1_515' title='bbox 2852 3804 3142 3871; x_wconf 89' lang='lat' dir='ltr'><strong>indiculo,</strong></span> <span class='ocrx_word' id='word_1_516' title='bbox 3165 3820 3344 3875; x_wconf 89' lang='lat' dir='ltr'><strong>quem</strong></span> <span class='ocrx_word' id='word_1_517' title='bbox 3371 3803 3662 3858; x_wconf 88' lang='lat' dir='ltr'><strong>Anastasii</strong></span> 
     </span>
    </p>
   </div>
   <div class='ocr_carea' id='block_1_74' title="bbox 2006 3893 3660 3965">
    <p class='ocr_par' dir='ltr' id='par_1_74' title="bbox 2006 3893 3660 3965">
     <span class='ocr_line' id='line_1_74' title="bbox 2006 3893 3660 3965; baseline 0 -17"><span class='ocrx_word' id='word_1_518' title='bbox 2006 3894 2429 3959; x_wconf 90' lang='lat' dir='ltr'><strong>Questiouibus</strong></span> <span class='ocrx_word' id='word_1_519' title='bbox 2480 3894 2862 3965; x_wconf 86' lang='lat' dir='ltr'><strong>subjunctum</strong></span> <span class='ocrx_word' id='word_1_520' title='bbox 2910 3894 3029 3949; x_wconf 89' lang='lat' dir='ltr'><strong>ciat</strong></span> <span class='ocrx_word' id='word_1_521' title='bbox 3071 3893 3449 3949; x_wconf 88' lang='lat' dir='ltr'><strong>doctissimus</strong></span> <span class='ocrx_word' id='word_1_522' title='bbox 3484 3894 3660 3949; x_wconf 86' lang='lat' dir='ltr'><strong>Usse-</strong></span> 
     </span>
    </p>
   </div>
   <div class='ocr_carea' id='block_1_75' title="bbox 2005 3980 3659 4059">
    <p class='ocr_par' dir='ltr' id='par_1_75' title="bbox 2005 3980 3659 4059">
     <span class='ocr_line' id='line_1_75' title="bbox 2005 3980 3659 4059; baseline -0.002 -19"><span class='ocrx_word' id='word_1_523' title='bbox 2005 3986 2151 4052; x_wconf 88' lang='lat' dir='ltr'><strong>rius,</strong></span> <span class='ocrx_word' id='word_1_524' title='bbox 2182 3984 2253 4042; x_wconf 92' lang='lat' dir='ltr'><strong>de</strong></span> <span class='ocrx_word' id='word_1_525' title='bbox 2283 3987 2491 4059; x_wconf 82' lang='lat' dir='ltr'><strong>lgnatii</strong></span> <span class='ocrx_word' id='word_1_526' title='bbox 2525 3986 2814 4057; x_wconf 87' lang='lat' dir='ltr'><strong>epistolis,</strong></span> <span class='ocrx_word' id='word_1_527' title='bbox 2862 4003 2990 4057; x_wconf 88' lang='lat' dir='ltr'><strong>cap.</strong></span> <span class='ocrx_word' id='word_1_528' title='bbox 3040 3987 3090 4053; x_wconf 87' lang='grc'><strong>1,</strong></span> <span class='ocrx_word' id='word_1_529' title='bbox 3125 3991 3184 4041; x_wconf 91' lang='lat' dir='ltr'><strong>et</strong></span> <span class='ocrx_word' id='word_1_530' title='bbox 3214 3985 3477 4058; x_wconf 80' lang='grc' dir='ltr'><strong>Ἰγνατίου</strong></span> <span class='ocrx_word' id='word_1_531' title='bbox 3509 3980 3659 4037; x_wconf 75' lang='grc' dir='ltr'><strong>διδα-</strong></span> 
     </span>
    </p>
   </div>
   <div class='ocr_carea' id='block_1_76' title="bbox 2007 4070 3661 4147">
    <p class='ocr_par' dir='ltr' id='par_1_76' title="bbox 2007 4070 3661 4147">
     <span class='ocr_line' id='line_1_76' title="bbox 2007 4070 3661 4147; baseline -0.001 -19"><span class='ocrx_word' id='word_1_532' title='bbox 2007 4070 2232 4128; x_wconf 63' lang='grc' dir='ltr'>σκαλίαν</span> <span class='ocrx_word' id='word_1_533' title='bbox 2262 4091 2398 4130; x_wconf 92' lang='lat' dir='ltr'><strong>cum</strong></span> <span class='ocrx_word' id='word_1_534' title='bbox 2457 4072 2821 4147; x_wconf 71' lang='grc' dir='ltr'><strong>Πολυκάρπου</strong></span> <span class='ocrx_word' id='word_1_535' title='bbox 2880 4070 3224 4141; x_wconf 73' lang='grc' dir='ltr'><strong>διδασκαλίᾳ,</strong></span> <span class='ocrx_word' id='word_1_536' title='bbox 3265 4074 3528 4129; x_wconf 83' lang='lat' dir='ltr'><strong>indiculo</strong></span> <span class='ocrx_word' id='word_1_537' title='bbox 3562 4073 3661 4127; x_wconf 86' lang='lat' dir='ltr'><strong>iis-</strong></span> 
     </span>
    </p>
   </div>
   <div class='ocr_carea' id='block_1_77' title="bbox 2007 4160 3661 4234">
    <p class='ocr_par' dir='ltr' id='par_1_77' title="bbox 2007 4160 3661 4234">
     <span class='ocr_line' id='line_1_77' title="bbox 2007 4160 3661 4234; baseline -0.001 -17"><span class='ocrx_word' id='word_1_538' title='bbox 2007 4162 2143 4218; x_wconf 90' lang='lat' dir='ltr'><strong>dem</strong></span> <span class='ocrx_word' id='word_1_539' title='bbox 2202 4163 2639 4228; x_wconf 71' lang='lat' dir='ltr'><strong>Qumstionibus</strong></span> <span class='ocrx_word' id='word_1_540' title='bbox 2693 4162 2994 4234; x_wconf 82' lang='lat' dir='ltr'><strong>adjuncto,</strong></span> <span class='ocrx_word' id='word_1_541' title='bbox 3037 4161 3410 4216; x_wconf 63' lang='lat' dir='ltr'><strong>bibliotheca;</strong></span> <span class='ocrx_word' id='word_1_542' title='bbox 3470 4160 3661 4231; x_wconf 73' lang='lat' dir='ltr'><strong>llegiaa</strong></span> 
     </span>
    </p>
   </div>
   <div class='ocr_carea' id='block_1_78' title="bbox 2005 4249 3663 4322">
    <p class='ocr_par' dir='ltr' id='par_1_78' title="bbox 2005 4249 3663 4322">
     <span class='ocr_line' id='line_1_78' title="bbox 2005 4249 3663 4322; baseline -0.001 -17"><span class='ocrx_word' id='word_1_543' title='bbox 2005 4252 2305 4307; x_wconf 91' lang='lat' dir='ltr'><strong>volumine</strong></span> <span class='ocrx_word' id='word_1_544' title='bbox 2335 4254 2489 4318; x_wconf 81' lang='lat' dir='ltr'><strong>l789,</strong></span> <span class='ocrx_word' id='word_1_545' title='bbox 2511 4252 2612 4322; x_wconf 92' lang='lat' dir='ltr'><strong>qui</strong></span> <span class='ocrx_word' id='word_1_546' title='bbox 2642 4266 2677 4306; x_wconf 88' lang='lat' dir='ltr'><strong>a</strong></span> <span class='ocrx_word' id='word_1_547' title='bbox 2705 4268 2800 4306; x_wconf 92' lang='lat' dir='ltr'><strong>me</strong></span> <span class='ocrx_word' id='word_1_548' title='bbox 2832 4268 3011 4322; x_wconf 88' lang='lat' dir='ltr'><strong>supra</strong></span> <span class='ocrx_word' id='word_1_549' title='bbox 3032 4251 3259 4322; x_wconf 89' lang='lat' dir='ltr'><strong>positus</strong></span> <span class='ocrx_word' id='word_1_550' title='bbox 3289 4249 3401 4303; x_wconf 89' lang='lat' dir='ltr'><strong>fuit</strong></span> <span class='ocrx_word' id='word_1_551' title='bbox 3431 4250 3490 4304; x_wconf 93' lang='lat' dir='ltr'><strong>in</strong></span> <span class='ocrx_word' id='word_1_552' title='bbox 3513 4249 3663 4304; x_wconf 92' lang='lat' dir='ltr'><strong>meis</strong></span> 
     </span>
    </p>
   </div>
   <div class='ocr_carea' id='block_1_79' title="bbox 2007 4339 3666 4413">
    <p class='ocr_par' dir='ltr' id='par_1_79' title="bbox 2007 4339 3666 4413">
     <span class='ocr_line' id='line_1_79' title="bbox 2007 4339 3666 4413; baseline -0.001 -18"><span class='ocrx_word' id='word_1_553' title='bbox 2007 4342 2186 4395; x_wconf 90' lang='lat' dir='ltr'><strong>notis.</strong></span> <span class='ocrx_word' id='word_1_554' title='bbox 2220 4340 2431 4413; x_wconf 86' lang='lat' dir='ltr'><strong>Ignatii</strong></span> <span class='ocrx_word' id='word_1_555' title='bbox 2460 4357 2600 4396; x_wconf 89' lang='lat' dir='ltr'><strong>vero</strong></span> <span class='ocrx_word' id='word_1_556' title='bbox 2649 4341 3082 4412; x_wconf 86' lang='lat' dir='ltr'><strong>Polycarpique</strong></span> <span class='ocrx_word' id='word_1_557' title='bbox 3113 4339 3396 4411; x_wconf 83' lang='lat' dir='ltr'><strong>epistolas</strong></span> <span class='ocrx_word' id='word_1_558' title='bbox 3428 4339 3488 4394; x_wconf 90' lang='lat' dir='ltr'><strong>in</strong></span> <span class='ocrx_word' id='word_1_559' title='bbox 3520 4356 3666 4411; x_wconf 89' lang='lat' dir='ltr'><strong>apo—</strong></span> 
     </span>
    </p>
   </div>
   <div class='ocr_carea' id='block_1_80' title="bbox 2008 4429 3662 4503">
    <p class='ocr_par' dir='ltr' id='par_1_80' title="bbox 2008 4429 3662 4503">
     <span class='ocr_line' id='line_1_80' title="bbox 2008 4429 3662 4503; baseline -0.001 -17"><span class='ocrx_word' id='word_1_560' title='bbox 2008 4431 2231 4503; x_wconf 86' lang='lat' dir='ltr'><strong>crypha</strong></span> <span class='ocrx_word' id='word_1_561' title='bbox 2261 4430 2477 4485; x_wconf 89' lang='lat' dir='ltr'><strong>relatas</strong></span> <span class='ocrx_word' id='word_1_562' title='bbox 2508 4429 2722 4485; x_wconf 90' lang='lat' dir='ltr'><strong>nullibi</strong></span> <span class='ocrx_word' id='word_1_563' title='bbox 2747 4430 3035 4485; x_wconf 91' lang='lat' dir='ltr'><strong>videmus.</strong></span> <span class='ocrx_word' id='word_1_564' title='bbox 3070 4431 3142 4485; x_wconf 90' lang='lat' dir='ltr'><strong>Ut</strong></span> <span class='ocrx_word' id='word_1_565' title='bbox 3172 4429 3441 4484; x_wconf 89' lang='lat' dir='ltr'><strong>omittam</strong></span> <span class='ocrx_word' id='word_1_566' title='bbox 3475 4429 3662 4484; x_wconf 87' lang='lat' dir='ltr'><strong>Litur-</strong></span> 
     </span>
    </p>
   </div>
   <div class='ocr_carea' id='block_1_81' title="bbox 2009 4518 3661 4593">
    <p class='ocr_par' dir='ltr' id='par_1_81' title="bbox 2009 4518 3661 4593">
     <span class='ocr_line' id='line_1_81' title="bbox 2009 4518 3661 4593; baseline -0.001 -18"><span class='ocrx_word' id='word_1_567' title='bbox 2009 4521 2165 4593; x_wconf 90' lang='lat' dir='ltr'><strong>giam</strong></span> <span class='ocrx_word' id='word_1_568' title='bbox 2220 4520 2450 4593; x_wconf 89' lang='lat' dir='ltr'><strong>lgnatii,</strong></span> <span class='ocrx_word' id='word_1_569' title='bbox 2510 4520 2582 4576; x_wconf 88' lang='lat' dir='ltr'><strong>de</strong></span> <span class='ocrx_word' id='word_1_570' title='bbox 2640 4536 2760 4592; x_wconf 90' lang='lat' dir='ltr'><strong>qua</strong></span> <span class='ocrx_word' id='word_1_571' title='bbox 2818 4519 3027 4576; x_wconf 90' lang='lat' dir='ltr'><strong>eodem</strong></span> <span class='ocrx_word' id='word_1_572' title='bbox 3079 4519 3211 4575; x_wconf 90' lang='lat' dir='ltr'><strong>loco</strong></span> <span class='ocrx_word' id='word_1_573' title='bbox 3271 4518 3563 4586; x_wconf 90' lang='lat' dir='ltr'><strong>Usserius,</strong></span> <span class='ocrx_word' id='word_1_574' title='bbox 3597 4535 3661 4574; x_wconf 88' lang='lat' dir='ltr'><strong>ac</strong></span> 
     </span>
    </p>
   </div>
   <div class='ocr_carea' id='block_1_82' title="bbox 2008 4608 3663 4683">
    <p class='ocr_par' dir='ltr' id='par_1_82' title="bbox 2008 4608 3663 4683">
     <span class='ocr_line' id='line_1_82' title="bbox 2008 4608 3663 4683; baseline -0.002 -17"><span class='ocrx_word' id='word_1_575' title='bbox 2008 4610 2280 4683; x_wconf 88' lang='lat' dir='ltr'><strong>ejusdem</strong></span> <span class='ocrx_word' id='word_1_576' title='bbox 2312 4610 2589 4683; x_wconf 83' lang='lat' dir='ltr'><strong>martyris</strong></span> <span class='ocrx_word' id='word_1_577' title='bbox 2632 4609 2860 4682; x_wconf 87' lang='lat' dir='ltr'><strong>aliquid</strong></span> <span class='ocrx_word' id='word_1_578' title='bbox 2919 4609 2991 4665; x_wconf 91' lang='lat' dir='ltr'><strong>de</strong></span> <span class='ocrx_word' id='word_1_579' title='bbox 3044 4625 3107 4665; x_wconf 91' lang='lat' dir='ltr'><strong>re</strong></span> <span class='ocrx_word' id='word_1_580' title='bbox 3158 4609 3298 4665; x_wconf 85' lang='lat' dir='ltr'><strong>ﬁdei</strong></span> <span class='ocrx_word' id='word_1_581' title='bbox 3328 4615 3387 4664; x_wconf 90' lang='lat' dir='ltr'><strong>et</strong></span> <span class='ocrx_word' id='word_1_582' title='bbox 3416 4608 3663 4664; x_wconf 82' lang='lat' dir='ltr'><strong>canoni-</strong></span> 
     </span>
    </p>
   </div>
   <div class='ocr_carea' id='block_1_83' title="bbox 2008 4695 3663 4771">
    <p class='ocr_par' dir='ltr' id='par_1_83' title="bbox 2008 4695 3663 4771">
     <span class='ocr_line' id='line_1_83' title="bbox 2008 4695 3663 4771; baseline -0.002 -18"><span class='ocrx_word' id='word_1_583' title='bbox 2008 4698 2139 4765; x_wconf 90' lang='lat' dir='ltr'><strong>bns,</strong></span> <span class='ocrx_word' id='word_1_584' title='bbox 2198 4699 2260 4753; x_wconf 89' lang='lat' dir='ltr'><strong>in</strong></span> <span class='ocrx_word' id='word_1_585' title='bbox 2320 4699 2583 4771; x_wconf 80' lang='lat' dir='ltr'><strong>catalogo</strong></span> <span class='ocrx_word' id='word_1_586' title='bbox 2655 4696 3011 4769; x_wconf 87' lang='lat' dir='ltr'><strong>Hebedjesu,</strong></span> <span class='ocrx_word' id='word_1_587' title='bbox 3085 4714 3250 4753; x_wconf 91' lang='lat' dir='ltr'><strong>num.</strong></span> <span class='ocrx_word' id='word_1_588' title='bbox 3311 4699 3398 4765; x_wconf 84' lang='grc'><strong>18,</strong></span> <span class='ocrx_word' id='word_1_589' title='bbox 3431 4695 3663 4752; x_wconf 89' lang='lat' dir='ltr'><strong>videtur</strong></span> 
     </span>
    </p>
   </div>
   <div class='ocr_carea' id='block_1_84' title="bbox 2010 4784 3660 4859">
    <p class='ocr_par' dir='ltr' id='par_1_84' title="bbox 2010 4784 3660 4859">
     <span class='ocr_line' id='line_1_84' title="bbox 2010 4784 3660 4859; baseline -0.002 -17"><span class='ocrx_word' id='word_1_590' title='bbox 2010 4789 2170 4843; x_wconf 90' lang='lat' dir='ltr'><strong>enim</strong></span> <span class='ocrx_word' id='word_1_591' title='bbox 2219 4788 2515 4843; x_wconf 87' lang='lat' dir='ltr'><strong>diversum</strong></span> <span class='ocrx_word' id='word_1_592' title='bbox 2559 4804 2688 4843; x_wconf 91' lang='lat' dir='ltr'><strong>esse</strong></span> <span class='ocrx_word' id='word_1_593' title='bbox 2747 4787 2820 4843; x_wconf 89' lang='lat' dir='ltr'><strong>ab</strong></span> <span class='ocrx_word' id='word_1_594' title='bbox 2879 4786 3146 4859; x_wconf 91' lang='lat' dir='ltr'><strong>epistolis</strong></span> <span class='ocrx_word' id='word_1_595' title='bbox 3178 4785 3510 4841; x_wconf 86' lang='lat' dir='ltr'><strong>Chaldaicis</strong></span> <span class='ocrx_word' id='word_1_596' title='bbox 3542 4784 3660 4840; x_wconf 87' lang='lat' dir='ltr'><strong>sive</strong></span> 
     </span>
    </p>
   </div>
   <div class='ocr_carea' id='block_1_85' title="bbox 2010 4874 3666 4948">
    <p class='ocr_par' dir='ltr' id='par_1_85' title="bbox 2010 4874 3666 4948">
     <span class='ocr_line' id='line_1_85' title="bbox 2010 4874 3666 4948; baseline -0.002 -17"><span class='ocrx_word' id='word_1_597' title='bbox 2010 4877 2264 4948; x_wconf 82' lang='lat' dir='ltr'><strong>Syriacis</strong></span> <span class='ocrx_word' id='word_1_598' title='bbox 2293 4877 2470 4943; x_wconf 90' lang='lat' dir='ltr'><strong>illius,</strong></span> <span class='ocrx_word' id='word_1_599' title='bbox 2500 4877 2572 4932; x_wconf 86' lang='lat' dir='ltr'><strong>ab</strong></span> <span class='ocrx_word' id='word_1_600' title='bbox 2605 4876 2841 4932; x_wconf 90' lang='lat' dir='ltr'><strong>Usserio</strong></span> <span class='ocrx_word' id='word_1_601' title='bbox 2874 4876 2935 4931; x_wconf 90' lang='lat' dir='ltr'><strong>in</strong></span> <span class='ocrx_word' id='word_1_602' title='bbox 2973 4892 3101 4947; x_wconf 89' lang='lat' dir='ltr'><strong>cap.</strong></span> <span class='ocrx_word' id='word_1_603' title='bbox 3134 4878 3166 4930; x_wconf 74' lang='grc'><strong>4</strong></span> <span class='ocrx_word' id='word_1_604' title='bbox 3196 4874 3562 4931; x_wconf 89' lang='lat' dir='ltr'><strong>memoratis.</strong></span> <span class='ocrx_word' id='word_1_605' title='bbox 3595 4875 3666 4928; x_wconf 87' lang='lat' dir='ltr'><strong>Et</strong></span> 
     </span>
    </p>
   </div>
   <div class='ocr_carea' id='block_1_86' title="bbox 2007 4962 3661 5039">
    <p class='ocr_par' dir='ltr' id='par_1_86' title="bbox 2007 4962 3661 5039">
     <span class='ocr_line' id='line_1_86' title="bbox 2007 4962 3661 5039; baseline -0.001 -20"><span class='ocrx_word' id='word_1_606' title='bbox 2007 4983 2145 5022; x_wconf 89' lang='lat' dir='ltr'><strong>vero</strong></span> <span class='ocrx_word' id='word_1_607' title='bbox 2177 4967 2510 5039; x_wconf 90' lang='lat' dir='ltr'><strong>(occasione</strong></span> <span class='ocrx_word' id='word_1_608' title='bbox 2542 4983 2671 5021; x_wconf 90' lang='lat' dir='ltr'><strong>sese</strong></span> <span class='ocrx_word' id='word_1_609' title='bbox 2696 4967 2980 5021; x_wconf 72' lang='lat' dir='ltr'><strong>offerente</strong></span> <span class='ocrx_word' id='word_1_610' title='bbox 3001 4965 3254 5020; x_wconf 89' lang='lat' dir='ltr'><strong>monebo</strong></span> <span class='ocrx_word' id='word_1_611' title='bbox 3274 4962 3661 5034; x_wconf 87' lang='lat' dir='ltr'><strong>id)objectum</strong></span> 
     </span>
    </p>
   </div>
   <div class='ocr_carea' id='block_1_87' title="bbox 244 5051 3667 5137">
    <p class='ocr_par' dir='ltr' id='par_1_87' title="bbox 244 5051 3667 5137">
     <span class='ocr_line' id='line_1_87' title="bbox 244 5051 3667 5137; baseline -0.001 -27"><span class='ocrx_word' id='word_1_612' title='bbox 244 5055 434 5120; x_wconf 88' lang='lat' dir='ltr'><strong>Quote</strong></span> <span class='ocrx_word' id='word_1_613' title='bbox 457 5058 676 5129; x_wconf 89' lang='lat' dir='ltr'><strong>primis</strong></span> <span class='ocrx_word' id='word_1_614' title='bbox 696 5054 977 5110; x_wconf 87' lang='lat' dir='ltr'><strong>Patribus</strong></span> <span class='ocrx_word' id='word_1_615' title='bbox 1008 5054 1375 5110; x_wconf 90' lang='lat' dir='ltr'><strong>mentionem</strong></span> <span class='ocrx_word' id='word_1_616' title='bbox 1405 5051 1599 5109; x_wconf 81' lang='lat' dir='ltr'><strong>facere</strong></span> <span class='ocrx_word' id='word_1_617' title='bbox 1631 5060 1907 5125; x_wconf 87' lang='lat' dir='ltr'><strong>poterant</strong></span> <span class='ocrx_word' id='word_1_618' title='bbox 1936 5074 1981 5137; x_wconf 78' lang='grc' dir='ltr'>ι)</span> <span class='ocrx_word' id='word_1_619' title='bbox 2014 5056 2273 5112; x_wconf 90' lang='lat' dir='ltr'><strong>indicem</strong></span> <span class='ocrx_word' id='word_1_620' title='bbox 2316 5073 2421 5112; x_wconf 92' lang='lat' dir='ltr'><strong>seu</strong></span> <span class='ocrx_word' id='word_1_621' title='bbox 2478 5072 2769 5112; x_wconf 90' lang='lat' dir='ltr'><strong>canonem</strong></span> <span class='ocrx_word' id='word_1_622' title='bbox 2802 5055 3260 5125; x_wconf 91' lang='lat' dir='ltr'><strong>Scripturarum,</strong></span> <span class='ocrx_word' id='word_1_623' title='bbox 3294 5052 3367 5108; x_wconf 92' lang='lat' dir='ltr'><strong>ad</strong></span> <span class='ocrx_word' id='word_1_624' title='bbox 3396 5058 3667 5123; x_wconf 85' lang='lat' dir='ltr'><strong>tempora</strong></span> 
     </span>
    </p>
   </div>
   <div class='ocr_carea' id='block_1_88' title="bbox 244 5141 1903 5218">
    <p class='ocr_par' dir='ltr' id='par_1_88' title="bbox 244 5141 1903 5218">
     <span class='ocr_line' id='line_1_88' title="bbox 244 5141 1903 5218; baseline 0 -19"><span class='ocrx_word' id='word_1_625' title='bbox 244 5160 307 5199; x_wconf 88' lang='lat' dir='ltr'><strong>ac</strong></span> <span class='ocrx_word' id='word_1_626' title='bbox 333 5146 635 5202; x_wconf 88' lang='lat' dir='ltr'><strong>debebant</strong></span> <span class='ocrx_word' id='word_1_627' title='bbox 681 5143 1128 5218; x_wconf 86' lang='lat' dir='ltr'><strong>Ignatianarum</strong></span> <span class='ocrx_word' id='word_1_628' title='bbox 1173 5141 1578 5214; x_wconf 90' lang='lat' dir='ltr'><strong>epistolarum,</strong></span> <span class='ocrx_word' id='word_1_629' title='bbox 1609 5159 1719 5198; x_wconf 89' lang='lat' dir='ltr'><strong>nec</strong></span> <span class='ocrx_word' id='word_1_630' title='bbox 1747 5145 1903 5199; x_wconf 88' lang='lat' dir='ltr'><strong>fece-</strong></span> 
     </span>
    </p>
   </div>
   <div class='ocr_carea' id='block_1_89' title="bbox 243 5231 1893 5305">
    <p class='ocr_par' dir='ltr' id='par_1_89' title="bbox 243 5231 1893 5305">
     <span class='ocr_line' id='line_1_89' title="bbox 243 5231 1893 5305; baseline 0 -18"><span class='ocrx_word' id='word_1_631' title='bbox 243 5240 379 5288; x_wconf 88' lang='lat' dir='ltr'><strong>runt</strong></span> <span class='ocrx_word' id='word_1_632' title='bbox 406 5242 547 5291; x_wconf 90' lang='lat' dir='ltr'><strong>ante</strong></span> <span class='ocrx_word' id='word_1_633' title='bbox 576 5234 900 5290; x_wconf 88' lang='lat' dir='ltr'><strong>Eusebium</strong></span> <span class='ocrx_word' id='word_1_634' title='bbox 922 5233 950 5287; x_wconf 85' lang='lat'><strong>?</strong></span> <span class='ocrx_word' id='word_1_635' title='bbox 978 5231 1284 5305; x_wconf 88' lang='lat' dir='ltr'><strong>Polycarpi</strong></span> <span class='ocrx_word' id='word_1_636' title='bbox 1310 5231 1626 5301; x_wconf 89' lang='lat' dir='ltr'><strong>siquidem,</strong></span> <span class='ocrx_word' id='word_1_637' title='bbox 1662 5234 1893 5302; x_wconf 71' lang='lat' dir='ltr'><strong>lrenasi,</strong></span> 
     </span>
    </p>
   </div>
   <div class='ocr_carea' id='block_1_90' title="bbox 247 5318 1897 5395">
    <p class='ocr_par' dir='ltr' id='par_1_90' title="bbox 247 5318 1897 5395">
     <span class='ocr_line' id='line_1_90' title="bbox 247 5318 1897 5395; baseline 0.001 -20"><span class='ocrx_word' id='word_1_638' title='bbox 247 5322 511 5395; x_wconf 88' lang='lat' dir='ltr'><strong>Origenis</strong></span> <span class='ocrx_word' id='word_1_639' title='bbox 554 5322 906 5380; x_wconf 86' lang='lat' dir='ltr'><strong>testimonia</strong></span> <span class='ocrx_word' id='word_1_640' title='bbox 950 5326 1223 5392; x_wconf 89' lang='lat' dir='ltr'><strong>suspecta</strong></span> <span class='ocrx_word' id='word_1_641' title='bbox 1271 5318 1584 5388; x_wconf 89' lang='lat' dir='ltr'><strong>habentur,</strong></span> <span class='ocrx_word' id='word_1_642' title='bbox 1627 5321 1718 5376; x_wconf 92' lang='lat' dir='ltr'><strong>vel</strong></span> <span class='ocrx_word' id='word_1_643' title='bbox 1745 5322 1897 5378; x_wconf 90' lang='lat' dir='ltr'><strong>nihil</strong></span> 
     </span>
    </p>
   </div>
   <div class='ocr_carea' id='block_1_91' title="bbox 250 5409 1900 5484">
    <p class='ocr_par' dir='ltr' id='par_1_91' title="bbox 250 5409 1900 5484">
     <span class='ocr_line' id='line_1_91' title="bbox 250 5409 1900 5484; baseline 0.002 -21"><span class='ocrx_word' id='word_1_644' title='bbox 250 5411 516 5481; x_wconf 87' lang='lat' dir='ltr'><strong>probant.</strong></span> <span class='ocrx_word' id='word_1_645' title='bbox 547 5416 885 5483; x_wconf 69' lang='lat' dir='ltr'><strong>Retnrqueo</strong></span> <span class='ocrx_word' id='word_1_646' title='bbox 935 5426 1041 5484; x_wconf 89' lang='lat' dir='ltr'><strong>ego</strong></span> <span class='ocrx_word' id='word_1_647' title='bbox 1090 5409 1165 5465; x_wconf 87' lang='lat' dir='ltr'><strong>ad</strong></span> <span class='ocrx_word' id='word_1_648' title='bbox 1195 5410 1354 5465; x_wconf 89' lang='lat' dir='ltr'><strong>hunc</strong></span> <span class='ocrx_word' id='word_1_649' title='bbox 1406 5410 1690 5466; x_wconf 90' lang='lat' dir='ltr'><strong>modum:</strong></span> <span class='ocrx_word' id='word_1_650' title='bbox 1750 5413 1900 5477; x_wconf 90' lang='lat' dir='ltr'><strong>Quot</strong></span> 
     </span>
    </p>
   </div>
   <div class='ocr_carea' id='block_1_92' title="bbox 253 5499 1900 5572">
    <p class='ocr_par' dir='ltr' id='par_1_92' title="bbox 253 5499 1900 5572">
     <span class='ocr_line' id='line_1_92' title="bbox 253 5499 1900 5572; baseline 0.002 -18"><span class='ocrx_word' id='word_1_651' title='bbox 253 5501 788 5560; x_wconf 84' lang='lat' dir='ltr'><strong>ecclesiasticorum</strong></span> <span class='ocrx_word' id='word_1_652' title='bbox 812 5516 1061 5572; x_wconf 91' lang='lat' dir='ltr'><strong>operum</strong></span> <span class='ocrx_word' id='word_1_653' title='bbox 1084 5499 1312 5570; x_wconf 91' lang='lat' dir='ltr'><strong>primus</strong></span> <span class='ocrx_word' id='word_1_654' title='bbox 1332 5514 1400 5553; x_wconf 88' lang='lat' dir='ltr'><strong>ac</strong></span> <span class='ocrx_word' id='word_1_655' title='bbox 1421 5515 1576 5570; x_wconf 66' lang='lat' dir='ltr'><strong>saepe</strong></span> <span class='ocrx_word' id='word_1_656' title='bbox 1598 5515 1750 5555; x_wconf 91' lang='lat' dir='ltr'><strong>unus</strong></span> <span class='ocrx_word' id='word_1_657' title='bbox 1779 5518 1900 5559; x_wconf 90' lang='lat' dir='ltr'><strong>me-</strong></span> 
     </span>
    </p>
   </div>
   <div class='ocr_carea' id='block_1_93' title="bbox 251 5587 1902 5665">
    <p class='ocr_par' dir='ltr' id='par_1_93' title="bbox 251 5587 1902 5665">
     <span class='ocr_line' id='line_1_93' title="bbox 251 5587 1902 5665; baseline 0.001 -19"><span class='ocrx_word' id='word_1_658' title='bbox 251 5589 421 5647; x_wconf 85' lang='lat' dir='ltr'><strong>minit</strong></span> <span class='ocrx_word' id='word_1_659' title='bbox 448 5592 736 5651; x_wconf 87' lang='lat' dir='ltr'><strong>Eusebius</strong></span> <span class='ocrx_word' id='word_1_660' title='bbox 769 5590 991 5665; x_wconf 89' lang='lat' dir='ltr'><strong>(neque</strong></span> <span class='ocrx_word' id='word_1_661' title='bbox 1024 5587 1185 5645; x_wconf 88' lang='lat' dir='ltr'><strong>enim</strong></span> <span class='ocrx_word' id='word_1_662' title='bbox 1215 5588 1279 5646; x_wconf 91' lang='lat' dir='ltr'><strong>in</strong></span> <span class='ocrx_word' id='word_1_663' title='bbox 1308 5603 1625 5646; x_wconf 88' lang='lat' dir='ltr'><strong>numerum</strong></span> <span class='ocrx_word' id='word_1_664' title='bbox 1655 5590 1902 5650; x_wconf 86' lang='lat' dir='ltr'><strong>veniunt</strong></span> 
     </span>
    </p>
   </div>
   <div class='ocr_carea' id='block_1_94' title="bbox 2010 5142 3665 5219">
    <p class='ocr_par' dir='ltr' id='par_1_94' title="bbox 2010 5142 3665 5219">
     <span class='ocr_line' id='line_1_94' title="bbox 2010 5142 3665 5219; baseline -0.004 -16"><span class='ocrx_word' id='word_1_665' title='bbox 2010 5147 2325 5219; x_wconf 90' lang='lat' dir='ltr'><strong>Nicephori</strong></span> <span class='ocrx_word' id='word_1_666' title='bbox 2353 5146 2997 5218; x_wconf 89' lang='lat' dir='ltr'><strong>Constantinopolitani</strong></span> <span class='ocrx_word' id='word_1_667' title='bbox 3026 5151 3085 5201; x_wconf 90' lang='lat' dir='ltr'><strong>et</strong></span> <span class='ocrx_word' id='word_1_668' title='bbox 3126 5143 3415 5199; x_wconf 87' lang='lat' dir='ltr'><strong>Anastasii</strong></span> <span class='ocrx_word' id='word_1_669' title='bbox 3449 5142 3665 5198; x_wconf 86' lang='lat' dir='ltr'><strong>Biblio-</strong></span> 
     </span>
    </p>
   </div>
   <div class='ocr_carea' id='block_1_95' title="bbox 2005 5231 3665 5307">
    <p class='ocr_par' dir='ltr' id='par_1_95' title="bbox 2005 5231 3665 5307">
     <span class='ocr_line' id='line_1_95' title="bbox 2005 5231 3665 5307; baseline -0.002 -16"><span class='ocrx_word' id='word_1_670' title='bbox 2005 5236 2255 5291; x_wconf 91' lang='lat' dir='ltr'><strong>thecarii</strong></span> <span class='ocrx_word' id='word_1_671' title='bbox 2270 5252 2646 5307; x_wconf 89' lang='lat' dir='ltr'><strong>nequaquam</strong></span> <span class='ocrx_word' id='word_1_672' title='bbox 2667 5233 3169 5307; x_wconf 87' lang='lat' dir='ltr'><strong>pertinere,facile</strong></span> <span class='ocrx_word' id='word_1_673' title='bbox 3189 5248 3422 5287; x_wconf 90' lang='lat' dir='ltr'><strong>mecum</strong></span> <span class='ocrx_word' id='word_1_674' title='bbox 3446 5231 3665 5287; x_wconf 87' lang='lat' dir='ltr'><strong>intelli-</strong></span> 
     </span>
    </p>
   </div>
   <div class='ocr_carea' id='block_1_96' title="bbox 2007 5321 3659 5397">
    <p class='ocr_par' dir='ltr' id='par_1_96' title="bbox 2007 5321 3659 5397">
     <span class='ocr_line' id='line_1_96' title="bbox 2007 5321 3659 5397; baseline -0.002 -17"><span class='ocrx_word' id='word_1_675' title='bbox 2007 5330 2122 5397; x_wconf 87' lang='lat' dir='ltr'><strong>get,</strong></span> <span class='ocrx_word' id='word_1_676' title='bbox 2157 5325 2255 5396; x_wconf 91' lang='lat' dir='ltr'><strong>qui</strong></span> <span class='ocrx_word' id='word_1_677' title='bbox 2289 5324 2753 5380; x_wconf 88' lang='lat' dir='ltr'><strong>consideraverit</strong></span> <span class='ocrx_word' id='word_1_678' title='bbox 2802 5339 2959 5378; x_wconf 92' lang='lat' dir='ltr'><strong>nono</strong></span> <span class='ocrx_word' id='word_1_679' title='bbox 3000 5339 3132 5377; x_wconf 62' lang='lat' dir='ltr'><strong>teras</strong></span> <span class='ocrx_word' id='word_1_680' title='bbox 3174 5321 3524 5377; x_wconf 64' lang='lat' dir='ltr'><strong>Christiana)</strong></span> <span class='ocrx_word' id='word_1_681' title='bbox 3552 5339 3659 5378; x_wconf 66' lang='lat' dir='ltr'><strong>saa-</strong></span> 
     </span>
    </p>
   </div>
   <div class='ocr_carea' id='block_1_97' title="bbox 2008 5411 3663 5469">
    <p class='ocr_par' dir='ltr' id='par_1_97' title="bbox 2008 5411 3663 5469">
     <span class='ocr_line' id='line_1_97' title="bbox 2008 5411 3663 5469; baseline -0.002 -1"><span class='ocrx_word' id='word_1_682' title='bbox 2008 5414 2141 5469; x_wconf 89' lang='lat' dir='ltr'><strong>culo</strong></span> <span class='ocrx_word' id='word_1_683' title='bbox 2173 5412 2466 5469; x_wconf 87' lang='lat' dir='ltr'><strong>Ecclesias</strong></span> <span class='ocrx_word' id='word_1_684' title='bbox 2498 5414 2760 5469; x_wconf 74' lang='lat' dir='ltr'><strong>Graacam</strong></span> <span class='ocrx_word' id='word_1_685' title='bbox 2783 5417 2841 5467; x_wconf 91' lang='lat' dir='ltr'><strong>et</strong></span> <span class='ocrx_word' id='word_1_686' title='bbox 2866 5414 3190 5467; x_wconf 85' lang='lat' dir='ltr'><strong>Romanam</strong></span> <span class='ocrx_word' id='word_1_687' title='bbox 3212 5428 3332 5466; x_wconf 91' lang='lat' dir='ltr'><strong>non</strong></span> <span class='ocrx_word' id='word_1_688' title='bbox 3360 5411 3663 5467; x_wconf 88' lang='lat' dir='ltr'><strong>dubitasse</strong></span> 
     </span>
    </p>
   </div>
   <div class='ocr_carea' id='block_1_98' title="bbox 2009 5500 3664 5574">
    <p class='ocr_par' dir='ltr' id='par_1_98' title="bbox 2009 5500 3664 5574">
     <span class='ocr_line' id='line_1_98' title="bbox 2009 5500 3664 5574; baseline -0.002 -16"><span class='ocrx_word' id='word_1_689' title='bbox 2009 5503 2082 5558; x_wconf 90' lang='lat' dir='ltr'><strong>de</strong></span> <span class='ocrx_word' id='word_1_690' title='bbox 2115 5507 2199 5557; x_wconf 91' lang='lat' dir='ltr'><strong>tot</strong></span> <span class='ocrx_word' id='word_1_691' title='bbox 2228 5518 2411 5558; x_wconf 65' lang='lat' dir='ltr'><strong>sacra:</strong></span> <span class='ocrx_word' id='word_1_692' title='bbox 2457 5502 2772 5574; x_wconf 66' lang='lat' dir='ltr'><strong>Scriptura;</strong></span> <span class='ocrx_word' id='word_1_693' title='bbox 2824 5500 3016 5568; x_wconf 88' lang='lat' dir='ltr'><strong>libris,</strong></span> <span class='ocrx_word' id='word_1_694' title='bbox 3051 5507 3195 5572; x_wconf 89' lang='lat' dir='ltr'><strong>quot</strong></span> <span class='ocrx_word' id='word_1_695' title='bbox 3223 5502 3287 5557; x_wconf 91' lang='lat' dir='ltr'><strong>in</strong></span> <span class='ocrx_word' id='word_1_696' title='bbox 3317 5501 3563 5556; x_wconf 91' lang='lat' dir='ltr'><strong>dubium</strong></span> <span class='ocrx_word' id='word_1_697' title='bbox 3594 5516 3664 5555; x_wconf 90' lang='lat' dir='ltr'><strong>eo</strong></span> 
     </span>
    </p>
   </div>
   <div class='ocr_carea' id='block_1_99' title="bbox 2008 5591 3668 5664">
    <p class='ocr_par' dir='ltr' id='par_1_99' title="bbox 2008 5591 3668 5664">
     <span class='ocr_line' id='line_1_99' title="bbox 2008 5591 3668 5664; baseline -0.002 -16"><span class='ocrx_word' id='word_1_698' title='bbox 2008 5592 2074 5650; x_wconf 90' lang='lat' dir='ltr'><strong>in</strong></span> <span class='ocrx_word' id='word_1_699' title='bbox 2101 5591 2389 5650; x_wconf 87' lang='lat' dir='ltr'><strong>laterculo</strong></span> <span class='ocrx_word' id='word_1_700' title='bbox 2427 5596 2800 5650; x_wconf 83' lang='lat' dir='ltr'><strong>revocantur.</strong></span> <span class='ocrx_word' id='word_1_701' title='bbox 2834 5591 3024 5657; x_wconf 85' lang='lat' dir='ltr'><strong>Quare</strong></span> <span class='ocrx_word' id='word_1_702' title='bbox 3067 5591 3161 5647; x_wconf 84' lang='lat' dir='ltr'><strong>vel</strong></span> <span class='ocrx_word' id='word_1_703' title='bbox 3203 5591 3532 5664; x_wconf 89' lang='lat' dir='ltr'><strong>Nicephoro</strong></span> <span class='ocrx_word' id='word_1_704' title='bbox 3561 5605 3668 5663; x_wconf 84' lang='lat' dir='ltr'><strong>pa—</strong></span> 
     </span>
    </p>
   </div>
  </div>
