3974 6134
327 252 410 312 35
1419 250 1483 309 S.
1527 249 1926 311 IGNATIUS.
1973 284 2049 296 —
2096 251 2704 317 PROLEGOMENA.
3663 265 3733 326 36

332 391 608 448 triarchae
625 404 819 446 canon
835 386 1228 459 abjudicetur,
1246 385 1594 442 vel‘dicatur
1608 386 1681 442 ab
1700 402 1771 442 eo
1792 387 1978 460 magis
2009 392 2063 460 Α
2092 388 2431 463 Dionysius,
2464 392 2542 447 De
2569 392 2773 449 divinis
2800 394 3134 464 nominibus,
3179 410 3230 450 c.
3280 396 3335 465 4,
3367 411 3430 451 n.
3464 398 3531 450 l2
3555 412 3570 450 :
3600 393 3729 468 Γρά-

330 480 619 537 collectus
647 495 826 550 quam
855 477 1218 549 compositus
1242 490 1257 543 ;
1285 492 1392 547 per
1433 475 1810 531 Anastasium
1842 493 1979 532 vero

333 586 655 625 conversus
670 574 897 624 tantum
914 572 1298 638 putetur,non
1314 571 1511 620 autem
1530 565 1709 620 etiam
1722 565 1982 622 creditus

332 662 523 728 Atque
546 659 685 714 hinc
708 655 1077 713 evanescitin
1107 670 1282 710 auras
1310 653 1598 725 quidquid
1621 671 1834 726 magna
1852 672 1982 710 ver-

330 748 544 802 borum
568 746 886 818 pompa,ob
909 745 1303 817 Nicephorum
1326 748 1383 799 et
1402 744 1782 798 Anastasium
1801 761 1835 799 a
1856 744 1979 800 viro

326 835 500 891 docto
524 837 694 890 toties
705 837 983 905 jactatur.
1013 835 1082 889 Ut
1098 849 1355 887 necessaa
1374 849 1493 887 non
1509 833 1976 904 sitrespondere,

325 944 457 998 quae
483 933 679 982 tamen
697 943 817 981 non
841 924 1316 996 improbabiliter
1345 923 1620 978 dicentur
1643 940 1657 977 :
1683 928 1785 978 aut
1802 923 1975 995 Poly-

326 1034 571 1089 carpum
602 1033 736 1071 cum
768 1016 993 1086 lgnatio
1034 1013 1215 1069 fuisse
1246 1012 1665 1084 proscriptum,
1696 1013 1769 1069 ob
1800 1012 1978 1084 syllo-

326 1122 439 1180 gen
458 1103 1168 1177 epistolmPolycarpianaa
1184 1108 1242 1156 et
1261 1102 1978 1174 epistolarumlgnatiana-

322 1212 455 1250 rum
481 1201 593 1251 tam
616 1193 1107 1265 interpolatarum
1128 1208 1306 1262 quam
1328 1190 1740 1255 falsarum,aut
1760 1191 1973 1262 episto-

322 1284 442 1340 lam
467 1284 773 1356 Polycarpi
811 1289 869 1338 et
899 1282 1177 1353 epistolas
1205 1279 1415 1353 Ignatii
1444 1280 1814 1351 apocryphas
1846 1296 1973 1336 esse

325 1375 671 1447 appellatas,
707 1372 884 1445 quod,
920 1373 1059 1428 licet
1090 1371 1368 1438 innoxiae,
1402 1386 1512 1425 nec
1551 1370 1974 1443 pseudepigra-

320 1465 475 1535 phze,
500 1470 663 1520 extra
683 1479 969 1519 canonem
999 1461 1265 1517 omnium
1289 1460 1670 1516 ecclesiarum
1706 1460 1972 1531 legeren-

322 1554 592 1619 tur.Quid
623 1554 807 1617 enim,
842 1570 1066 1624 quaeso,
1098 1551 1285 1615 noxii,
1317 1549 1461 1621 quid
1492 1549 1814 1620 apostolico
1848 1550 1971 1605 viro

319 1645 548 1717 indigni
582 1645 847 1699 continet
870 1641 1292 1713 Polycarpiana
1312 1639 1414 1694 illa
1436 1637 1456 1691 Ρ
1478 1641 1736 1710 Pergunt
1763 1640 1972 1694 adver-

320 1750 420 1787 sus
440 1733 747 1803 epistolam
768 1731 1162 1802 Polycarpi,et
1177 1728 1478 1784 afﬁrmant
1500 1744 1625 1783 eam
1648 1729 1972 1799 pugnantia

318 1823 504 1892 loqui,
557 1823 846 1893 lgnatium
891 1822 1200 1883 viventem,
1268 1819 1559 1890 Ignatium
1626 1825 1967 1873 mortuum:

320 1912 712 1981 nempeprius
729 1928 834 1982 per
852 1912 975 1964 haec
994 1910 1173 1963 verba
1193 1926 1242 1963 (τ.
1270 1910 1334 1961 13
1366 1924 1377 1962 :
1417 1909 1530 1962 «Et
1551 1907 1623 1962 de
1648 1908 1773 1977 ipso
1800 1909 1972 1979 lgna-

325 2001 427 2065 tio,
450 2006 508 2054 et
537 2001 609 2054 de
643 2000 732 2054 his
765 1999 865 2070 qui
899 2015 1032 2054 cum
1061 2014 1127 2052 eo
1160 2003 1316 2064 sunt,
1351 1997 1508 2067 quod
1540 1996 1759 2051 certius
1790 2012 1970 2069 agno-

318 2089 523 2144 veritis
555 2089 902 2161 signiﬁcate.
932 2110 956 2136 ››
984 2087 1281 2142 Posterius
1308 2102 1414 2157 per
1434 2102 1503 2141 ea
1524 2102 1655 2156 quae
1678 2085 1974 2141 habentur

323 2179 512 2249 capite
545 2182 596 2245 9,
631 2179 703 2233 de
747 2178 971 2250 Ignatio
1020 2176 1271 2246 aliisque
1323 2175 1701 2247 martyribus,
1736 2191 1970 2231 necnon

319 2268 623 2340 apostolis,
659 2267 817 2339 quod
840 2266 1034 2322 cuncti
1064 2271 1196 2337 post
1216 2280 1434 2336 agones
1463 2281 1602 2319 suos
1629 2264 1688 2318 in
1710 2264 1838 2320 loco
1859 2264 1970 2321 sibi

320 2356 518 2412 debito
557 2359 677 2412 sint
707 2356 863 2428 apud
895 2358 1099 2410 Deum.
1134 2354 1276 2408 Mira
1303 2353 1566 2424 profecto
1598 2352 1898 2426 ἀντιλογία,
1918 2353 1967 2409 si

321 2448 566 2502 veritate
605 2447 930 2501 niteretur:
983 2450 1042 2499 at
1094 2460 1163 2499 ea
1207 2443 1379 2514 plane
1425 2442 1786 2499 destituitur.
1820 2444 1967 2498 Nam

314 2543 587 2608 ponatur,
613 2534 1117 2606 quemadmodum
1138 2532 1769 2603 sentimus,scripsisse
1793 2531 1968 2605 Poly-

313 2644 554 2698 carpum
586 2632 730 2683 tunc
774 2625 1081 2697 temporis,
1130 2640 1265 2679 cum
1322 2622 1582 2695 Ignatius
1612 2624 1964 2694 martyrium

312 2718 564 2773 subiisse
596 2716 965 2783 credebatur,
999 2713 1210 2769 incerti
1240 2718 1440 2768 tamen
1468 2711 1556 2784 (ut
1584 2712 1707 2766 fere
1742 2713 1830 2784 ﬁt)
1859 2729 1962 2768 ru-

313 2824 509 2863 mores
539 2807 883 2861 ferebantur
906 2805 979 2859 de
1010 2804 1082 2859 iis
1104 2820 1235 2874 quae
1266 2803 1328 2856 in
1362 2808 1549 2856 morte
1580 2801 1740 2857 illius
1772 2803 1963 2857 conti-

309 2900 536 2967 gerant.
562 2896 680 2950 Hoc
710 2896 923 2966 posito,
947 2908 1149 2948 nonne
1180 2890 1564 2946 conveniebat
1588 2896 1653 2944 ut
1682 2890 1961 2962 Polycar-

308 3001 418 3055 pus
450 2985 671 3039 diceret
701 2983 991 3055 lgnatium
1019 2981 1177 3053 apud
1203 2982 1386 3035 Deum
1418 2979 1615 3034 locum
1649 2996 1822 3035 suum
1856 2981 1962 3036 ob-

305 3074 517 3141 tinere,
553 3073 851 3143 simulque
888 3076 1116 3142 peteret
1145 3068 1378 3125 edoceri
1410 3066 1534 3141 περὶ
1566 3068 1837 3140 Ἰγνατίου
1867 3069 1954 3123 καὶ

2088 500 2176 557 φει
2224 475 2282 535 δὲ
2330 480 2416 535 καὶ
2470 481 2498 535 ὁ
2543 482 2687 544 θεῖος
2740 482 3021 559 Ἰγνάτιοςο
3081 484 3142 542 Ὀ
3189 482 3322 558 ἐμὸς
3372 482 3507 560 ἔρως
3552 484 3733 542 ἐσταύ-

2087 587 2279 643 ρωται.
2314 571 2550 645 Origeni
2582 571 2752 626 εἰπεῖν
2784 579 2896 642 est,
2949 574 3108 645 quod
3158 576 3437 648 Dionysio
3489 575 3726 653 γράφειν.

2087 660 2221 727 Sed,
2254 661 2553 732 inquiunt,
2587 664 3001 719 commentarii
3023 665 3109 719 illi
3132 681 3253 720 non
3277 670 3418 720 sunt
3446 666 3724 738 Origenis.

2085 749 2128 801 E
2178 751 2469 805 memoria
2512 752 2751 807 illorum
2801 752 3114 809 efﬂuxerat
3160 755 3328 809 citari
3379 771 3478 811 eos
3524 754 3585 809 in
3619 755 3725 810 ilne

2082 836 2419 893 Philocaliae.
2451 840 2533 893 Tu
2563 856 2717 907 vero,
2777 856 2853 895 ne
2909 845 3146 913 tempus
3188 846 3374 896 teram
3407 842 3468 896 in
3509 842 3726 915 agenda

2083 940 2147 979 re
2176 930 2326 993 acta,
2361 927 2490 982 vide
2518 945 2648 1000 quas
2681 945 2715 983 a
2750 929 3094 984 doctissimo
3127 929 3577 1002 clarissimoque
3610 932 3722 986 viro

2081 1015 2255 1070 Petro
2287 1016 2531 1071 Daniele
2563 1018 2772 1073 Huetio
2823 1018 3011 1074 solide
3061 1018 3132 1074 de
3181 1020 3290 1075 hac
3335 1021 3727 1076 controversia

2081 1102 2383 1175 disputata
2411 1112 2550 1160 sunt
2577 1106 3069 1179 Origenianorum
3099 1107 3202 1166 lib.
3236 1126 3321 1177 In,
3354 1126 3411 1179 p.
3444 1110 3567 1164 248.
3588 1110 3725 1182 Lege

2081 1192 2305 1265 pariter
2329 1210 2461 1265 quas
2516 1194 2723 1250 eodem
2779 1196 2954 1266 libro,
2986 1214 3045 1268 p.
3091 1201 3218 1264 252,
3250 1200 3373 1266 253,
3407 1200 3730 1255 afferuntur

2078 1298 2185 1353 pro
2218 1282 2486 1353 ejusdem
2543 1283 2882 1340 Adamantii
2925 1286 3183 1341 Homiliis
3231 1290 3289 1342 in
3330 1289 3554 1356 Lucam,
3588 1304 3727 1360 quas

2080 1371 2259 1425 etiam
2284 1372 2424 1442 quia
2445 1372 2556 1427 sibi
2585 1373 3030 1430 incommodant
3047 1381 3251 1447 aperta
3273 1377 3555 1432 citatione
3578 1378 3733 1450 lgna-

2079 1459 2257 1514 tianaa
2282 1460 2578 1530 Epistolas,
2611 1461 2861 1533 rejicere
2891 1471 3205 1534 conantur,
3240 1465 3419 1537 idque
3451 1483 3557 1538 per
3587 1466 3733 1523 levi-

2077 1547 2211 1603 cula
2241 1556 2609 1621 argumenta,
2639 1550 2837 1606 solutu
2870 1551 3067 1608 facilia
3097 1554 3183 1608 eis
3213 1555 3314 1625 qui
3345 1555 3614 1611 animum
3646 1562 3731 1612 at-

2079 1637 2381 1693 tenderint
2396 1639 2610 1710 partim
2634 1640 2708 1696 ad
2733 1641 3157 1714 Hieronymum
3179 1642 3730 1719 interpretem,par-

2078 1728 2184 1781 tim
2215 1728 2287 1782 ad
2307 1728 2587 1799 juvenem
2611 1747 2678 1784 eo
2704 1736 2970 1801 temppre
2993 1733 3328 1804 Origenem.
3357 1733 3559 1790 Videto
3585 1751 3725 1806 quo-

2082 1834 2196 1886 que
2228 1833 2336 1872 nos
2368 1818 2523 1873 infra
2552 1818 2615 1872 in
2646 1836 2695 1874 c.
2737 1822 2800 1874 19
2851 1820 3033 1891 Ep.ad
3082 1822 3400 1893 Ephes.,de
3432 1823 3649 1879 Basilio
3679 1829 3736 1879 et

2082 1905 2437 1977 Hieronymo
2469 1907 2573 1962 has
2605 1908 2881 1964 homilias
2911 1909 3264 1982 legentibus.

2153 1996 2447 2051 Hactenus
2477 1995 2550 2050 de
2576 2003 2865 2067 praetento
2897 2004 3157 2055 veterum
3190 1999 3448 2059 silentio.
3472 2003 3643 2057 Nunc
3662 2002 3733 2058 ad

2078 2084 2297 2157 stylum
2340 2086 2724 2156 epistolamm
2771 2089 3145 2146 accedamus.
3198 2093 3503 2164 lgnatiana
3544 2095 3730 2149 oratio

2077 2174 2324 2230 diversae
2355 2192 2389 2231 a
2418 2183 2623 2232 nostra
2653 2179 2964 2234 sententias
2994 2181 3336 2237 auctoribus
3355 2183 3590 2238 videtur
3619 2184 3732 2239 mi-

2077 2281 2209 2320 rum
2239 2265 2763 2339 prodigiosumque
2780 2269 2841 2324 in
2863 2270 3106 2326 modum
3139 2289 3308 2339 nova,
3328 2275 3580 2345 poetica,
3606 2280 3732 2330 tur-

2075 2352 2232 2426 gida,
2263 2354 2489 2426 putida,
2522 2356 2758 2429 frigida,
2809 2357 3083 2421 obscura.
3128 2360 3303 2432 plena
3342 2364 3648 2419 cacozeliae
3675 2370 3733 2418 et

2073 2442 2430 2516 battologiaa,
2449 2446 2695 2502 omnino
2717 2446 2975 2504 absurda
3003 2454 3180 2519 atque
3211 2450 3510 2516 simulata,
3530 2453 3730 2509 nulla-

2075 2536 2248 2589 tenus
2278 2535 2621 2605 apostolica.
2675 2536 2869 2610 Longe
2924 2538 3096 2593 aliter
3152 2540 3422 2595 sentiunt
3461 2541 3589 2610 alii,
3625 2544 3727 2614 qui

2072 2620 2328 2692 plurima
2351 2622 2411 2677 in
2434 2623 2537 2679 illa
2557 2624 2928 2696 antiquitatis
2958 2644 3027 2682 ac
3058 2627 3451 2699 simplicifatis
3482 2637 3729 2704 aposto-

2071 2710 2201 2765 licae
2223 2712 2673 2784 certissimaque
2694 2714 3152 2786 deprehendunt
3172 2718 3433 2791 vestigia,
3459 2721 3615 2776 nihil
3637 2739 3728 2778 ve-

2070 2816 2135 2854 ro
2166 2801 2695 2869 inconsideratum,
2722 2805 2873 2859 nihil
2908 2806 3133 2874 ﬁctum,
3156 2812 3258 2862 aut
3286 2825 3405 2863 non
3437 2811 3730 2881 apostoli-

2070 2905 2225 2944 cum.
2259 2891 2666 2948 Concedamus
2689 2898 2887 2949 tamen
2908 2895 3116 2966 Ignatii
3139 2896 3462 2954 dictionem
3494 2899 3734 2971 aliquid

2068 2977 2286 3034 habere
2317 2981 2616 3050 novitatis,
2636 2984 2910 3042 tumoris.
2935 2983 3330 3042 obscuritatis.
3366 2987 3514 3052 Quid
3544 2994 3679 3043 tum
3700 2989 3730 3044 ‘?

2068 3067 2220 3122 Suus
2247 3069 2459 3139 cuique
2492 3069 2678 3141 stylus
2710 3077 2818 3139 est,
2865 3088 2974 3128 sua
3021 3074 3317 3131 scribendi
3351 3076 3520 3132 ratio.
3558 3083 3725 3133 Non-

304 3160 429 3234 περί
483 3165 589 3215 τῶν
648 3159 772 3234 περὶ
830 3158 1013 3228 αὐτόν,
1074 3159 1121 3213 si
1181 3158 1324 3228 quid
1382 3157 1795 3229 Philippenses
1857 3174 1945 3213 ex-

2090 3172 2137 3210 ιθ
2159 3155 2206 3210 si
2225 3156 2301 3211 hu
2299 3158 2567 3228 jusmodi
2590 3161 3031 3231 argutationum
3051 3163 3321 3221 minutiis
3338 3165 3725 3236 daturlocus,

304 3252 518 3323 plorati
577 3251 947 3322 accepissent
973 3249 1001 3303 ‘2
1077 3248 1332 3303 Dubium
1402 3246 1637 3302 nullum
1696 3251 1785 3301 est
1840 3248 1956 3303 nisi

307 3341 504 3397 fallor.

377 3434 423 3486 A
445 3432 768 3503 Polycarpo
788 3431 861 3486 ad
888 3432 1180 3485 Irenaeum
1202 3446 1214 3483 :
1236 3451 1263 3479 «
1288 3426 1798 3492 Quemadmodum
1821 3428 1958 3499 qui-

307 3520 443 3575 dam
477 3521 548 3575 de
580 3521 799 3577 nostris
829 3520 998 3584 dixit,
1022 3523 1265 3591 propter
1294 3517 1643 3588 martyrium
1673 3516 1735 3571 in
1766 3517 1952 3571 Deum

304 3610 679 3682 adjudicatus
709 3609 784 3666 ad
813 3609 1069 3664 bestias:
1104 3607 1386 3677 quoniam
1416 3605 1784 3660 frumentum
1817 3621 1947 3661 sum

302 3700 540 3767 Christi,
573 3719 603 3753 η
636 3706 747 3756 etc.
810 3701 987 3764 Dixit,
1047 3701 1374 3769 exponunt,
1425 3695 1635 3750 locutus
1683 3701 1780 3762 est,
1831 3712 1947 3750 non

297 3791 538 3860 scripsit.
565 3792 682 3861 Ego
703 3806 861 3856 vero,
887 3806 1021 3845 cum
1050 3787 1293 3843 verbum
1324 3786 1475 3841 dimit
1506 3785 1578 3840 ad
1610 3801 1948 3840 sermonem

300 3884 357 3932 et
387 3879 458 3933 ad
492 3880 847 3950 scripturam
878 3877 1123 3949 perinde
1170 3876 1479 3937 referatur,
1522 3891 1776 3944 cumque
1802 3891 1945 3929 con-

300 3973 412 4023 stet
436 3985 502 4023 ex
532 3968 684 4023 Actis
716 3972 775 4022 et
797 3968 923 4021 Vita
950 3965 1176 4039 Ignatii,
1201 3970 1377 4035 atque
1409 3980 1479 4018 ex
1514 3964 1867 4033 Hieronymo
1889 3967 1949 4016 et

294 4057 522 4125 Adone,
557 4073 627 4112 ea
671 4056 849 4111 verba
895 4072 929 4110 a
976 4054 1298 4109 fortissimo
1340 4058 1597 4123 martyre
1651 4052 1711 4105 in
1756 4067 1943 4122 agone

296 4163 531 4219 quoque
554 4147 682 4218 ipso
705 4147 886 4202 fuisse
919 4144 1319 4216 pronuntiata,
1346 4158 1452 4197 cur
1467 4140 1622 4211 apud
1650 4142 1942 4195 Irenaeum

291 4236 602 4304 epistolam
651 4236 847 4306 potius
898 4233 1221 4298 intelligam
1266 4248 1444 4301 quam
1494 4245 1716 4294 vocem,
1766 4244 1943 4284 causa

2064 3245 2473 3301 convellentur
2497 3247 2670 3303 facile
2699 3249 2984 3321 pleraque
3005 3254 3314 3309 vetustatis
3344 3254 3502 3311 haud
3536 3256 3729 3313 dubia

2062 3342 2451 3391 monumenta
2469 3336 2496 3392 ?
2514 3338 2810 3394 Nauseant
2831 3340 3001 3410 pauci
3024 3341 3099 3396 ad
3116 3343 3389 3413 quaedam
3410 3345 3730 3417 Ignatiana

2059 3423 2165 3478 sed
2194 3425 2421 3481 caeteris
2468 3426 2678 3481 fortior
2734 3434 2823 3483 est
2877 3430 3236 3486 stomachus.
3292 3432 3444 3489 Sane
3474 3436 3722 3491 veniam

2057 3513 2398 3570 merebatur
2419 3515 2831 3572 sanctissimus
2849 3522 3095 3590 martyr,
3123 3519 3470 3591 quod,inter
3484 3522 3724 3578 milites

2053 3602 2367 3674 leopardos
2399 3604 2685 3675 scribens,
2715 3621 3017 3678 unamque
3046 3609 3277 3679 spirans
3303 3612 3579 3683 martyrii
3613 3629 3723 3668 co-

2054 3709 2286 3759 ronam,
2319 3694 2651 3765 nequiverit
2679 3696 2958 3767 epistolas
3004 3714 3140 3753 suas
3185 3699 3480 3771 perpolire
3509 3718 3584 3757 ac
3619 3719 3727 3759 va-

2055 3783 2427 3854 riare.Atque
2442 3785 2567 3840 hanc
2582 3785 3101 3856 inpraesentiarum
3116 3788 3249 3844 sufﬁ
3259 3804 3390 3845 cere
3406 3795 3727 3862 poterunt,

2052 3870 2312 3926 broviter
2333 3872 2491 3927 dicta
2514 3890 2619 3944 pro
2642 3875 2870 3930 ratione
2894 3882 3190 3947 notarum,
3213 3878 3403 3934 donec
3420 3880 3735 3950 prodeant

2054 3959 2423 4015 eruditorum
2454 3961 2763 4017 hominum
2796 3980 2901 4034 pro
2947 3965 3170 4037 Ignatio
3203 3974 3555 4038 exspectatis
3591 3970 3731 4026 dis-

2052 4049 2424 4105 sertationes.
2456 4052 2680 4106 Paucos
2713 4052 2988 4108 existimo
3017 4053 3142 4110 fore
3175 4056 3275 4127 qui
3321 4056 3520 4124 trium,
3570 4057 3729 4115 licet

2050 4140 2245 4211 magni
2276 4141 2489 4196 merito
2520 4141 2782 4198 nominis
2813 4144 3178 4211 criticorum,
3212 4145 3498 4212 Salmasii,
3521 4147 3689 4205 Blon
3709 4180 3727 4193 -

2048 4228 2211 4291 delli,
2239 4229 2464 4297 Dallaei,
2498 4247 2809 4287 censuram
2840 4234 3160 4304 praeferant
3181 4235 3406 4306 judicio
3438 4236 3728 4309 Eusebii,

289 4330 379 4378 est
412 4330 533 4378 tum
568 4323 887 4378 auctoritas
918 4323 1172 4387 Eusebii,
1238 4320 1339 4390 qui
1398 4320 1479 4373 ita
1530 4318 1780 4389 accepit,
1815 4324 1939 4372 tum
2045 4319 2376 4381 Athanasii,
2412 4320 2774 4391 Hieronymi,
2826 4322 3185 4389 Theodoriti,
3218 4324 3515 4395 totiusque
3548 4328 3727 4382 anti-

290 4413 447 4484 quod
482 4413 742 4467 lrenaeus
774 4429 893 4466 non
944 4410 1247 4481 scripserit
1278 4409 1666 4481 θηριομαχῶν,
1701 4423 1815 4461 cvm
1846 4407 1933 4461 be-

2048 4407 2315 4476 quitatis,
2356 4424 2589 4463 necnon
2649 4410 2900 4479 hujusce
2954 4412 3240 4482 temporis
3272 4412 3732 4474 catholicorum

290 4505 411 4557 stiis
436 4517 714 4572 pugnans,
741 4507 843 4555 aut
873 4500 1015 4570 quid
1049 4499 1265 4564 simile,
1291 4497 1394 4553 sed
1424 4494 1767 4568 κατακριθεὶς
1797 4493 1932 4565 πρὸς
1970 4490 2012 4553 C
2051 4496 2340 4563 omnium,
2372 4513 2441 4552 ac
2490 4498 2989 4555 heterodoxorum
3045 4499 3460 4572 plurimorum.
3494 4505 3725 4563 Dicam

292 4589 475 4663 θηρία,
510 4591 801 4646 damnatus
827 4591 901 4644 ad
931 4592 1147 4644 bestias.
1182 4589 1463 4659 Origenes
1494 4585 1735 4657 prologo
1780 4586 1938 4637 Com-

287 4682 685 4736 mentariorum
730 4682 789 4734 in
836 4679 1118 4734 Canticum
1164 4676 1548 4733 canticorum:
1608 4694 1636 4722 «
1675 4672 1936 4743 Denique

290 4770 537 4826 memini
561 4769 817 4840 aliquem
840 4774 1176 4824 sanctorum
1197 4763 1733 4835 dixisse,lgnatium
1752 4762 1939 4817 nomi-

288 4876 384 4928 ne,
416 4860 487 4914 de
516 4860 744 4914 Christo
769 4875 782 4912 :
817 4861 968 4915 Meus
988 4863 1167 4912 autem
1199 4869 1355 4911 amor
1381 4853 1674 4921 cruciﬁxus
1704 4857 1800 4907 est.
1832 4873 1861 4903 δ)

2048 4590 2246 4639 autem
2270 4584 2341 4639 de
2365 4603 2613 4641 numero
2637 4587 3020 4659 epistolarum
3047 4589 3108 4643 in
3136 4590 3298 4646 illam
3321 4591 3396 4647 ad
3423 4593 3728 4665 Polycar-

2047 4689 2223 4743 pum;
2245 4673 2317 4729 de
2340 4674 2605 4746 epistolis
2625 4693 2760 4731 vero
2787 4677 3156 4748 interpolatis
3183 4684 3243 4736 et
3271 4679 3343 4736 de
3375 4680 3730 4741 subdititiis

2047 4779 2153 4819 suo
2187 4765 2364 4821 etiam
2397 4764 2526 4821 loco
2568 4766 2910 4823 disseretur.
