3974 6134
320 268 397 327 39
1385 257 1448 316 S.
1495 252 1889 316 lGNATlUS.
1936 284 2012 300 -—
2058 255 2668 320 PROLEGOMENA.
3645 259 3719 317 40

319 415 451 457 sum
497 403 555 454 et
610 395 886 453 Ecclesiae
964 391 1367 465 perniciosum
1435 390 1650 462 dogma
1709 387 1979 444 deducat.
2004 388 2059 455 Α
2093 389 2164 446 ed
2188 391 2567 463 juventutem
2603 389 3156 465 episcopidenotat.
3188 388 3530 447 Blondellus
3556 389 3725 447 verba

386 486 443 541 Si
475 486 636 541 enim
667 483 1098 540 concederetur
1129 484 1188 535 et
1213 483 1518 535 auctorem
1582 476 1854 550 epistolae
1899 474 1975 532 ad

316 574 644 647 Magnesios
671 573 1056 644 impostorem
1087 569 1297 639 fuisse,
1329 573 1389 623 et
1420 567 1826 640 episcopatum
1866 581 1973 620 no-

317 664 532 719 veliam
562 662 999 718 institutionem
1029 676 1290 727 vocasse,
1321 657 1488 713 nullo
1516 656 1690 712 modo
1724 654 1972 712 manife-

318 760 477 808 stum
509 759 664 808 esset
695 751 1182 807 constitutionem
1227 748 1299 803 de
1331 747 1592 820 episcopi
1623 745 1974 801 auctoritate

320 848 456 914 post
484 859 708 898 annum
750 859 785 898 a
839 840 1054 895 Christi
1113 839 1549 894 resurrectione
1609 837 1710 890 150
1756 834 1972 890 factam

313 933 519 987 fuisse.
545 933 687 987 Nam
712 932 926 1003 primo,
963 930 1009 986 si
1043 929 1334 1001 impostor
1364 932 1540 991 esset,
1576 941 1697 980 non
1727 938 1973 979 necesse

318 1028 474 1077 esset
513 1027 577 1076 ut
631 1023 697 1076 de
751 1036 847 1075 suo
897 1027 1138 1090 tempore
1193 1017 1585 1089 loqueretur;
1628 1013 1971 1087 fingendum

317 1112 477 1166 enim
509 1111 623 1166 sibi
656 1111 978 1182 sumpsisse
998 1107 1286 1163 dicendus
1304 1111 1460 1162 esset
1478 1110 1737 1160 veterem
1759 1110 1818 1159 et
1836 1119 1974 1175 apo-

316 1201 591 1256 stolicum
622 1199 912 1268 virum,ab
935 1197 1220 1270 apostolis
1241 1195 1577 1251 ordinatum
1601 1194 1970 1265 episcOpum,

315 1296 373 1347 et
401 1290 577 1363 paulo
600 1293 736 1362 post
766 1290 822 1344 S.
845 1287 1088 1343 Joannis
1119 1285 1374 1357 apostoli
1411 1285 1639 1340 obitum
1687 1282 1972 1354 martyrio

315 1388 683 1439 coronatum.
718 1379 885 1444 Quod
916 1379 964 1433 si
998 1378 1384 1449 impostorem
1440 1374 1594 1430 bene
1623 1377 1843 1447 ageret,
1897 1371 1973 1427 ad

315 1489 447 1529 eam
477 1476 712 1526 aetatem
736 1468 939 1525 omnia
966 1467 1188 1523 referre
1216 1465 1422 1521 debuit
1453 1479 1467 1532 ;
1496 1468 1555 1520 et
1584 1463 1657 1520 ad
1693 1461 1846 1518 illud
1867 1480 1971 1518 saa-

313 1563 515 1619 culum
543 1560 672 1615 haec
693 1560 823 1632 ipsa
854 1575 989 1614 eum
1023 1573 1145 1611 non
1204 1555 1502 1620 retulisse,
1536 1552 1776 1626 probari
1801 1551 1970 1607 nullo

314 1649 492 1708 modo
524 1652 738 1720 potest.
793 1644 954 1701 Nihil
1011 1644 1189 1716 igitur
1239 1642 1401 1699 aliud
1457 1658 1528 1698 ex
1585 1639 1810 1712 duplici
1867 1639 1973 1696 illa

317 1738 699 1795 concessione
775 1735 1065 1806 sequitur,
1104 1749 1282 1805 quam
1340 1731 1497 1804 quod
1555 1747 1626 1787 ex
1681 1730 1972 1801 imposto-

311 1829 395 1884 ris
424 1827 723 1883 sententia
751 1824 1222 1898 episcopatus,ut
1249 1820 1665 1893 presbyteratu
1696 1818 1971 1890 superior

313 1922 573 1983 esttunc
605 1915 838 1971 novella
866 1914 1163 1969 institutio
1183 1911 1522 1979 fuerit,cum
1555 1909 1971 1980 sanctuslgna-

310 2008 430 2061 tius
452 2006 527 2060 ad
550 2005 899 2077 martyrium
923 2018 1030 2074 per
1051 2002 1247 2057 Asiam
1279 1999 1615 2056 duceretur.
1633 1999 1752 2052 Hoc
1771 2001 1971 2052 autem

317 2096 536 2151 factum
573 2100 663 2150 est
694 2094 851 2149 intra
908 2094 977 2147 75
1034 2107 1226 2146 annos
1280 2094 1413 2161 post
1469 2086 1970 2143 resurrectionem

319 2184 556 2253 Christi,
589 2184 743 2238 intra
772 2184 803 2236 8
838 2186 969 2253 post
1003 2186 1252 2235 mortem
1296 2179 1352 2234 S.
1406 2177 1648 2233 Joannis
1670 2174 1922 2247 apostoli
1953 2196 1967 2243 ;

319 2281 384 2331 ut
419 2275 791 2346 episcopatus
814 2277 872 2328 et
898 2271 1133 2327 novella
1166 2268 1460 2324 institutio
1492 2268 1627 2328 dici.
1663 2272 1722 2322 et
1769 2273 1968 2322 tamen

312 2363 675 2435 apostolicus
698 2378 826 2417 esse
858 2359 1262 2432 potuerit.Sub
1285 2358 1581 2413 Antonino
1613 2357 1704 2411 vel
1726 2355 1966 2411 Aurelio

310 2453 526 2507 vixisse
557 2453 946 2523 impostorem
979 2467 1153 2505 suum
1176 2449 1295 2504 vult
1321 2447 1831 2516 Salmasius,unde
1861 2464 1969 2519 pro

316 2561 480 2600 more
508 2561 613 2599 suo
646 2543 951 2599 concludit
975 2560 987 2597 :
1014 2563 1043 2591 «
1066 2543 1144 2596 Eo
1178 2539 1391 2596 saeculo
1423 2539 1620 2612 palam
1641 2544 1751 2606 est,
1777 2556 1964 2591 νεωτει

321 2631 474 2706 ρικὴν
508 2632 676 2687 illam
704 2631 853 2698 τάξιν
882 2630 1142 2702 episcopi
1176 2646 1358 2701 supra
1380 2628 1759 2700 presbyteros
1779 2628 1968 2682 intro-

317 2723 554 2777 ductam
571 2726 872 2789 esse,utex
891 2721 1001 2775 hac
1020 2719 1274 2791 epistola
1291 2717 1412 2774 sole
1431 2718 1654 2773 clarius
1685 2716 1968 2772 dilucet.»

315 2815 409 2879 At,
437 2812 483 2866 si
514 2811 802 2883 impostor
837 2809 939 2866 ille
971 2808 1079 2864 sub
1135 2809 1248 2864 hoc
1304 2807 1396 2862 vel
1446 2807 1549 2862 illo
1610 2808 1967 2877 imperatore

311 2901 543 2970 vixerit,
570 2900 763 2971 palam
783 2915 904 2953 non
934 2905 1034 2963 est,
1067 2896 1396 2968 νεωτερικὴν
1426 2894 1572 2966 τάξιν
1604 2911 1763 2949 nunc
1784 2894 1967 2949 fuisse

334 2989 717 3046 ntroductam
742 3003 757 3054 ;
790 2986 921 3042 ﬁeri
953 2987 1113 3040 enim
1134 2985 1421 3056 potuisse,
1444 2989 1513 3039 ut
1532 2983 1741 3053 Ignatii
1759 2983 1968 3037 simius

315 3087 639 3153 martyrem
672 3080 867 3150 ipsum
908 3081 1385 3149 repraesentaret,
1419 3075 1492 3131 ad
1551 3092 1680 3130 eam
1732 3080 1967 3130 aetatem

319 3189 437 3243 qua
465 3171 725 3243 Ignatius
756 3169 917 3237 vixit,
937 3174 996 3224 et
1015 3170 1226 3223 Damas
1259 3165 1703 3237 adhucjuvenis
1726 3166 1966 3237 Magne-

320 3263 542 3316 siorum
574 3260 887 3332 episcopus
917 3257 1048 3325 fuit,
1078 3257 1421 3327 respiceret,
1473 3271 1682 3310 omnes
1732 3254 1967 3309 vident:

319 3350 476 3406 unde
508 3349 778 3419 sequitur
809 3364 938 3403 eam
990 3345 1279 3401 novellam
1312 3344 1746 3399 institutionem
1778 3344 1968 3415 primo

318 3435 529 3492 smculo
556 3436 850 3492 introduci
884 3435 1145 3507 potuisse
1174 3436 1460 3488 litrevera
1485 3433 1969 3488 constitutionem

318 3528 687 3584 auctoritatis
713 3527 1067 3599 episcopalis
1098 3526 1173 3581 ad
1203 3540 1427 3579 annum
1462 3526 1563 3578 1250
1583 3529 1718 3594 post
1754 3522 1969 3578 Christi

314 3619 837 3684 resurrectionem,
871 3616 985 3671 hoc
1008 3620 1118 3682 est,
1165 3613 1240 3669 ad
1289 3612 1546 3685 vulgaris
1577 3630 1709 3667 aera:
1740 3627 1966 3667 annum

320 3709 420 3761 183
452 3708 696 3775 referre,
721 3722 791 3761 ex
822 3709 993 3760 mtate
1042 3703 1403 3774 impostoris,
1438 3701 1510 3757 ab
1542 3701 1702 3756 omni
1736 3700 1966 3756 ratione

319 3796 582 3852 alienum
616 3800 724 3861 est,
758 3811 893 3850 cum
924 3793 1012 3847 illi
1072 3793 1173 3864 qui
1219 3809 1357 3848 eum
1405 3793 1788 3863 impostorem
1837 3806 1966 3845 esse

318 3886 546 3951 volunt,
581 3884 652 3939 de
687 3885 816 3955 ejus
849 3888 1020 3938 mtate
1051 3882 1366 3937 convenire
1397 3896 1704 3951 nunquam
1760 3886 1957 3951 potuev

315 3975 454 4029 rint.
492 3975 659 4029 Circa
689 3972 953 4028 medium
996 3971 1241 4027 secundi
1273 3970 1475 4027 saeculi
1532 3970 1845 4041 epistolam
1894 3969 1967 4025 ad

318 4062 645 4133 Magnesios
677 4060 956 4132 scriptam
989 4059 1171 4114 fuisse
1203 4056 1736 4113 sensitAlbertinus
1759 4055 1967 4127 ;paulo

316 4151 612 4221 posterius
641 4150 791 4205 forte
842 4148 1186 4204 Salmasius.
1226 4151 1303 4202 At
1355 4146 1403 4202 si
1454 4145 1688 4201 novella
1726 4162 1795 4200 eo
1826 4150 1969 4198 tem-

312 4257 455 4311 pore
486 4239 779 4294 institutio
810 4238 1241 4302 fuit,institutio
1274 4242 1469 4291 tamen
1500 4236 1612 4290 luit
1640 4239 1697 4289 et
1725 4234 1966 4305 quidem

314 4334 450 4383 ante
482 4329 627 4383 illud
650 4333 883 4399 tempus
904 4327 1059 4383 facta
1082 4347 1096 4394 ;
1121 4326 1416 4398 quomodo
1440 4325 1617 4397 igitur
1636 4324 1753 4378 dici
1773 4324 1968 4395 potuit

315 4420 441 4472 haec
481 4417 825 4473 constitutio
855 4423 991 4489 post
1017 4433 1241 4473 annum
1272 4415 1426 4471 facta
1458 4414 1600 4469 182?
1621 4413 1964 4468 Blondellus

2058 481 2293 554 'Ignatii
2350 481 2594 553 notavit,
2626 482 2829 538 Latine
2887 497 3009 538 non
3065 480 3364 537 reddidit:
3409 478 3718 536 Salmasius

2081 573 2351 629 omnium
2381 574 2612 646 primus
2647 572 2976 647 νεωτερικὴν
3020 570 3192 642 τάξιν,
3219 574 3427 627 contra
3470 570 3718 644 Ignatia-

2080 677 2224 717 num
2250 662 2535 734 loquendi
2567 680 2819 733 morem,
2870 666 3078 719 contra
3122 661 3505 718 manifestum
3547 660 3718 715 totius

2080 756 2393 809 contextus
2415 768 2682 819 sensum,
2717 757 2925 809 contra
2953 758 3215 808 mentem
3248 749 3553 822 scriptoris
3583 747 3715 805 alibi

2080 843 2224 899 satis
2255 841 2631 915 explicatam,
2680 858 2880 898 novam
2935 841 3336 898 institutionem
3387 838 3480 894 vel
3531 853 3721 893 novum

2079 932 2323 988 ordinem
2346 930 2719 987 reddidit.Ad
2738 931 2890 988 hanc
2904 929 3351 987 translationem
3369 928 3721 984 conﬁrman-

2078 1022 2214 1079 dam
2234 1022 2433 1079 locum
2464 1022 2669 1095 lgnatii
2698 1023 2914 1079 misere
2926 1021 3208 1088 detorsit;
3233 1026 3290 1077 et
3307 1036 3442 1076 cum
3462 1024 3721 1075 nostrum

2077 1112 2442 1169 locutionem
2462 1113 2516 1168 S.
2543 1112 2709 1168 Pauli
2735 1113 2993 1168 maxime
3011 1116 3281 1167 secutum
3300 1126 3429 1166 esse
3453 1108 3721 1177 novisset,

2077 1202 2243 1259 illum
2276 1202 2453 1257 etiam
2476 1217 2787 1273 perperam
2830 1206 2890 1256 et
2935 1206 3135 1257 coacte
3166 1199 3590 1271 interpretatus
3618 1201 3720 1252 est.

2076 1295 2141 1349 1n
2228 1290 2474 1363 Epistola
2545 1291 2731 1362 Pauli,
2808 1290 3024 1363 inquit,
3103 1290 3177 1346 ad
3260 1286 3599 1344 Timotheum
3657 1287 3722 1353 ll,

2078 1399 2206 1455 cap.
2240 1399 2300 1447 ιι,
2334 1385 2421 1450 22,
2453 1378 2770 1454 νεωτερικαὶ
2799 1376 3085 1453 ἐπιθυμίαι
3115 1395 3226 1435 non
3263 1383 3393 1435 sunt
3432 1376 3724 1451 juveniles

2077 1471 2455 1545 cupiditates,
2493 1471 2589 1528 sed
2616 1487 2804 1541 novin,
2833 1470 2918 1526 vel
2938 1486 3225 1526 novarum
3253 1484 3479 1536 rerum,
3497 1472 3564 1523 ut
3591 1466 3722 1522 alibi

2075 1578 2173 1618 nos
2227 1562 2648 1632 explicabimus.
2700 1560 2946 1627 Idcirco,
3004 1563 3073 1615 ut
3128 1559 3240 1614 hoc
3316 1560 3726 1630 argumentum

2078 1649 3146 1724 prorsus:,explodatur,primo,lector
3165 1646 3539 1717 benevole,S.
3568 1644 3727 1702 Pauli

2000 1749 2048 1816 Β
2077 1742 2450 1813 locus,quem
2474 1747 2744 1798 secutum
2776 1740 2871 1797 hic
2896 1745 2964 1795 ut
2981 1739 3124 1796 alibi
3154 1743 3427 1795 nostrum
3458 1754 3590 1795 esse
3615 1752 3728 1792 non

2080 1831 2308 1903 injusta
2333 1830 2593 1904 suspicio
2625 1829 3136 1901 est,explicabitur
3158 1845 3171 1898 ;
3196 1828 3480 1895 secundo,
3517 1824 3721 1900 Ignatii

2077 1921 2257 1977 verba
2288 1921 2444 1976 nude
2476 1926 2535 1975 et
2555 1925 2758 1993 aperte
2792 1924 3248 1991 exponentur,et
3274 1918 3348 1974 ab
3376 1915 3728 1989 importunis

2080 2011 2551 2068 adversariorum
2583 2010 2796 2083 glossis
2825 2008 3304 2064 vindicabuntur.

2150 2097 2286 2155 Νέον
2318 2117 2476 2155 nunc
2497 2100 2777 2170 juvenem,
2802 2114 2964 2154 nunc
2992 2114 3193 2153 novum
3224 2097 3566 2170 signiﬁcare
3609 2112 3728 2151 om-

2078 2206 2186 2244 nes
2208 2194 2449 2245 norunt.
2482 2187 2843 2243 Glossarium
2874 2188 3084 2242 Vetus:
3107 2182 3223 2247 νὲος
3247 2183 3559 2256 ἄνθρωπος,
3574 2187 3731 2256 juve-

2076 2282 2183 2345 nis,
2206 2278 2324 2338 νέος
2358 2278 2532 2342 οἶκος,
2559 2273 2595 2346 ἤ
2619 2271 2805 2350 ἕτερόν
2837 2295 2912 2339 τι,
2943 2292 3134 2344 novus,
3184 2275 3430 2331 novellus
3456 2294 3478 2341 ;
3540 2293 3575 2331 a
3619 2271 3733 2334 νὲος

2076 2366 2339 2441 νεώτερος
2370 2368 2595 2440 pariter
2621 2365 2716 2423 vel
2736 2367 2958 2437 junior,
2979 2365 3071 2422 vel
3091 2368 3361 2421 recentior
3385 2381 3399 2432 ;
3431 2370 3537 2421 aut
3562 2365 3734 2420 etiam

2068 2461 2314 2532 juvenis,
2350 2457 2699 2530 Hesychius,
2729 2456 3019 2528 νεώτερον,
3051 2454 3117 2509 οὐ
3153 2453 3318 2527 μόνον
3354 2455 3732 2528 συγκριτικῶς,

2077 2546 2339 2603 ἀλλὰκαὶ
2368 2548 2487 2601 νέον
2529 2543 2789 2602 Ἀττικοί.
2844 2548 3021 2601 Vetus
3074 2544 3462 2614 Glossarium,
3511 2542 3731 2614 junior,

2074 2638 2355 2711 νεώτερος,
2382 2638 2625 2708 juvenis,
2646 2634 2929 2709 νεώτερος.
2961 2637 3032 2690 Et
3062 2635 3124 2688 in
3147 2633 3469 2705 Excerptis,
3486 2634 3730 2703 juvenis,

2076 2726 2361 2801 νεώτερος,
2417 2742 2452 2782 a
2506 2722 2769 2798 νεώτερος
2843 2740 2952 2779 vox
3011 2721 3344 2794 possessiva
3392 2717 3733 2795 νεωτερικός,

2067 2815 2359 2888 juvenilis.
2384 2814 2749 2870 Glossarium
2794 2811 3300 2868 Graaco-Latinum
3340 2824 3356 2864 :
3388 2805 3733 2883 νεωτερικός,

2067 2903 2382 2976 juvenilis:
2429 2902 2962 2966 Latino-Graecum,
3017 2898 3313 2970 juvenilis,
3361 2896 3733 2972 νεωτερικόςς

2068 2993 2338 3064 juvenile,
2377 2987 2711 3062 νεωτερικόν.
2764 2986 3100 3063 Νεωτερικός
3158 2988 3337 3061 igitur
3385 3002 3418 3041 a
3469 2983 3735 3057 νεώτερος

2069 3081 2362 3154 juvenilis,
2388 3096 2509 3135 non
2558 3095 2742 3135 rerum
2768 3095 3038 3134 novarum
3076 3078 3328 3149 cupidus,
3388 3073 3488 3147 qui
3538 3074 3738 3131 Graece

2079 3168 2490 3245 νεωτεριστικός
2539 3169 2777 3237 dicitur,
2827 3186 2862 3224 a
2916 3167 3094 3223 verbo
3140 3163 3502 3240 νεωτερίζειν.
3572 3162 3736 3220 Unde

2077 3262 2235 3317 inter
2258 3260 2471 3314 vitiosa
2493 3264 2553 3314 et
2571 3257 2964 3329 vituperanda
2992 3256 3247 3313 oratoris
3292 3261 3396 3311 aut
3424 3251 3737 3325 demagogi

2077 3352 2340 3424 epitheta
2366 3351 2490 3405 haec
2531 3355 2959 3405 enumerantur
2986 3366 3021 3405 a
3065 3348 3215 3404 Julio
3245 3347 3511 3412 Polluce,
3558 3362 3733 3418 παρα-

2075 3441 2312 3515 τρέπων,
2345 3438 2703 3511 νεωτερίζων,
2757 3438 3137 3511 νεωτεριστῆς,
3194 3432 3627 3508 νεωτεριστικός.
3657 3434 3733 3487 Εο

2075 3531 2255 3603 igitur
2285 3531 2434 3600 loco,
2465 3528 2566 3584 ubi
2608 3528 2719 3583 hoc
2776 3527 3081 3582 Timotheo
3138 3524 3456 3597 Apostolus
3512 3537 3737 3595 praece-

2075 3626 2241 3692 ptum
2274 3619 2413 3675 dat:
2445 3616 2557 3677 Τᾶς
2591 3613 2648 3671 δὲ
2695 3614 3020 3688 νεωτερικὰς
3055 3612 3350 3686 ἐπιθυμίας
3382 3614 3569 3689 φεῦγε,
3600 3630 3732 3665 νεω-

2072 3706 2290 3783 τερικὸις
2322 3705 2615 3779 ἐπιθυμίας
2651 3722 2773 3761 non
2814 3722 3002 3775 novas,
3054 3704 3160 3760 sed
3213 3703 3491 3775 juveniles
3519 3699 3737 3772 cupidi-

2076 3806 2214 3854 tates
2241 3797 2412 3854 reddi
2434 3796 2673 3861 debere,
2733 3795 3012 3850 omnibus
3078 3798 3242 3849 recte
3294 3787 3732 3863 interpretandi

2072 3887 2405 3943 rationibus
2434 3884 2992 3956 probabimus.Nam
3023 3881 3366 3955 primo,sive
3387 3896 3514 3936 rem
3538 3879 3733 3950 ipsam

2075 3994 2206 4049 quas
2235 3980 2466 4031 vetatur
2494 3973 2871 4046 spectes,sive
2902 3988 3219 4044 personam
3248 3971 3343 4027 cui
3366 3972 3734 4041 praeceptum

2075 4067 2249 4123 datur
2266 4063 2816 4137 respicias,utrique
2843 4063 2971 4117 haec
3002 4059 3412 4132 interpretatio
3435 4056 3734 4128 imprimis

2074 4155 2521 4212 convenit.Nam
2542 4154 2737 4224 reipsa
2759 4149 3063 4222 ἐπιθυμίαι,
3084 4150 3204 4206 sive
3230 4148 3580 4220 cupiditates,
3612 4145 3735 4200 sive

2074 4244 2478 4313 libidines,sive
2501 4243 2794 4307 desideria,
2820 4241 2939 4296 sive
2960 4242 3242 4311 appetitus
3262 4237 3353 4293 vel
3380 4234 3737 4307 appetentias

2070 4340 2298 4390 vertere
2329 4334 2581 4405 placeat,
2617 4331 2690 4386 ab
2722 4329 3002 4385 omnibus
3031 4344 3270 4400 semper
3289 4324 3538 4398 juvenili
3571 4323 3734 4379 astuti

2071 4424 2371 4497 praecipue
2401 4421 2625 4476 tributa
2655 4426 2818 4477 sunt.
2887 4418 3256 4488 Aristoteles,
3306 4413 3733 4472 Rhetoricorum

315 4508 574 4579 Ignatius
608 4500 1014 4579 ὑποϐολιμαῖον
1046 4511 1182 4577 post
1230 4504 1550 4561 Clementis
1574 4502 1961 4558 Alexandrini

2084 4514 2172 4568 lib.
2208 4530 2265 4581 ιῐ,
2296 4528 2424 4584 cap.
2461 4512 2522 4567 11
2555 4525 2569 4565 :
2619 4510 2688 4566 Οἱ
2736 4509 2831 4582 μὶν
2876 4506 2969 4563 οὗν
3031 4508 3144 4562 νὲοι
3191 4505 3261 4562 τὰ
3314 4501 3408 4575 ἔθη
3437 4502 3574 4559 εἰσὶν
3609 4500 3733 4558 im-

314 4596 684 4664 obitum,hoc
714 4596 1220 4669 est,postinitium
1240 4594 1398 4649 tertii
1429 4592 1660 4660 sazculi;
1686 4592 1958 4663 Dallmus,

313 4691 414 4742 aut
439 4686 601 4743 circa
630 4687 812 4743 ﬁnem
839 4686 1018 4753 tertii,
1052 4690 1155 4740 aut
1182 4684 1421 4739 initium
1451 4681 1679 4753 quarti;
1714 4682 1963 4737 Bcchar-

310 4781 428 4845 tus,
461 4778 569 4833 sub
614 4778 865 4851 imperio
915 4775 1311 4842 Constantini,
1352 4773 1661 4844 scripsisse
1711 4772 1958 4840 statuit;

312 4882 490 4921 nemo
525 4871 722 4921 autem
756 4882 936 4920 sanus
963 4864 1208 4925 diceret,
1234 4879 1304 4917 ea
1349 4866 1522 4916 astate
1553 4860 1962 4933 episcopatum

313 4955 605 5011 novellam
640 4954 1076 5010 institutionem
1115 4952 1323 5008 fuisse.

382 5046 495 5101 Sed
514 5050 791 5100 neutrum
807 5041 1256 5099 concedendum
1272 5045 1387 5095 est:
1404 5056 1523 5095 non
1536 5038 1966 5112 primum,quia

313 5141 518 5190 auctor
539 5134 804 5206 epistola:
835 5133 908 5187 ad
938 5130 1357 5203 Magnesios,ut
1378 5134 1435 5184 et
1460 5144 1559 5185 sex
1574 5128 1964 5200 reliquarum,

315 5240 434 5278 non
466 5225 771 5295 impostor,
799 5222 903 5277 sed
928 5238 1101 5276 verus
1161 5219 1436 5291 lgnatius,
1481 5219 1805 5274 Antiochiae
1838 5221 1966 5292 epi-

315 5329 527 5383 scopus
556 5313 691 5382 fuit,
718 5317 785 5366 ut
804 5316 928 5366 toto
959 5310 1070 5364 hoc
1111 5325 1287 5381 opere
1332 5307 1646 5380 probatum
1679 5315 1768 5364 est
1795 5323 1809 5377 ;
1840 5327 1963 5366 non

316 5402 664 5471 secundum,
687 5401 826 5474 quia
850 5401 1103 5472 scriptor
1132 5398 1255 5466 ille,
1288 5397 1557 5469 quisquis
1586 5398 1715 5457 fuit.
1742 5401 1966 5472 episco-

310 5498 517 5566 patum
541 5492 833 5547 novellam
867 5490 1307 5546 institutionem
1363 5504 1671 5559 nunquam
1719 5494 1962 5551 vocavit.

315 5583 423 5639 llla
455 5582 612 5638 enim
634 5600 742 5639 vox
770 5581 1062 5657 νεωτερική
1084 5596 1205 5637 non
1223 5578 1542 5637 novitatem
1567 5579 1962 5657 episcopatus,

2070 4598 2389 4674 θυμητικοί.
2422 4603 2505 4655 Ac
2534 4615 2742 4655 rursus
2774 4615 2789 4656 :
2822 4591 3203 4672 Εὖμετάϐολοι
3236 4591 3295 4650 δὶ
3345 4593 3436 4649 καὶ
3466 4589 3730 4667 ἁψίκοροι

2068 4690 2205 4766 πρὸς
2238 4687 2549 4764 ἐπιθυμίας.
2581 4689 2767 4758 Idem,
2802 4691 3125 4761 Topicorum
3152 4686 3259 4742 lib.
3284 4701 3369 4754 ιιι,
3391 4700 3445 4739 c.
3475 4685 3544 4737 2:
3566 4678 3732 4738 Μᾶλο

2071 4778 2167 4836 λον
2194 4781 2301 4855 γὰρ
2334 4778 2386 4833 οἳ
2415 4779 2531 4833 vso:
2586 4781 2694 4832 τῶν
2727 4771 3108 4852 πρεσϐυτέρων
3141 4774 3247 4829 ὑπὸ
3274 4776 3385 4828 τῶν
3417 4770 3728 4843 ἐπιθυμιῶν

2071 4869 2448 4946 ἐνοχλοῦνται.
2482 4867 2626 4923 Inde
2658 4869 2840 4924 Varro
2873 4868 2935 4922 in
2965 4866 3217 4922 Tithono
3248 4862 3406 4935 apud
3436 4860 3730 4918 Nonium:

2072 4965 2247 5028 Quam
2275 4960 2574 5030 dereliquit
2603 4955 2983 5028 multicupida
3002 4949 3727 5026 juvenilitas.S.Basilius:

2074 5054 2283 5127 Κοῦφον
2315 5049 2350 5118 ἡ
2381 5046 2574 5117 νεότης
2606 5045 2697 5101 καὶ
2749 5044 3034 5116 εὐκίνητον
3092 5043 3228 5119 πρὸς
3282 5040 3351 5096 τὰ
3380 5036 3584 5118 φαῦλα,
3618 5034 3735 5091 ἑπι-

2071 5138 2260 5213 θυμίαι
2292 5134 2663 5201 δυσκάθεκτοι.
2718 5137 2873 5202 Quas
2921 5134 3098 5209 ὁρμὰς
3158 5128 3548 5194 δυσκαθέκτους
3617 5143 3733 5198 ap-

2072 5230 2315 5303 pellavit
2338 5228 2510 5283 Philo
2540 5226 3347 5296 Judaeus.S.Cbrysostomus,
3382 5218 3520 5293 Πρὸς
3554 5216 3735 5289 θυμὸν

2071 5317 2162 5372 καὶ
2195 5316 2331 5391 πρὸς
2360 5314 2654 5387 ἐπιθυμίας
2711 5310 3059 5385 εὖέμπτωτος
3091 5307 3307 5385 μᾶλλόν
3360 5306 3499 5361 ἐστιν
3530 5306 3561 5359 ὁ
3589 5304 3733 5365 νέος.

2073 5410 2215 5475 Quis
2247 5407 2425 5480 igitur
2454 5422 2590 5462 cum
2621 5402 2912 5477 ἰπιθυμίας
2940 5401 3150 5458 vetitas
3178 5398 3604 5466 cernat,iisque
3635 5410 3734 5450 vo-

2074 5514 2204 5555 cem
2223 5492 2547 5570 νεωτερικάς
2575 5494 2921 5567 adjunctam
2952 5489 3402 5559 animadvertat,
3449 5500 3575 5543 non
3604 5490 3734 5542 sta-

2074 5587 2181 5643 tim
2215 5602 2317 5643 eas
2337 5586 2615 5658 juveniles
2645 5601 2776 5643 esse
2798 5581 3094 5658 judicabit
3114 5581 3144 5637 τ
3172 5580 3274 5638 Est
3292 5579 3455 5637 enim
3482 5592 3739 5650 νεωτερι-

3911 5748 3914 5969 Ι
