3974 6134
334 365 413 423 47

1400 353 1465 414 S.
1511 348 1896 413 IGNATIUS.
1943 382 2021 393 -
2063 350 2668 411 PROLEGOMENA.

3661 354 3739 411 48

336 495 729 553 ambitionem
762 492 1369 560 introductam,quam
1395 505 1428 543 a
1449 484 1981 559 presbyteris,dum

2131 489 2285 539 onat.
2309 486 2397 540 Ita
2416 486 2595 558 igitur
2613 490 2797 554 verto,
2824 483 2885 538 οὐ
2920 485 3376 563 προσειληφότας,
3418 507 3442 538 α
3468 503 3589 541 non
3638 504 3741 541 co-

339 586 440 641 alii
468 585 668 640 nescio
702 583 802 654 qui
836 598 964 638 eam
993 578 1369 635 introducere
1401 581 1780 642 conarentur,
1811 591 1984 646 repu-

341 675 584 729 diatam.
624 671 735 727 Sed
765 671 946 726 talem
969 668 1403 723 institutionem
1422 672 1523 721 aut
1544 681 1807 735 unquam
1831 663 1985 717 obti-

344 762 677 827 nuisse,aut
702 766 845 814 tunc
901 756 1273 828 repudiatam
1305 771 1434 810 esse
1491 759 1704 808 neuter
1754 751 1984 823 probat.

346 852 721 907 Timotheum
753 848 1027 903 Ecclesia;
1053 845 1387 917 Ephesium,
1413 849 1473 899 et
1492 844 1737 898 Damam
1758 843 1986 913 Magne-

346 942 532 996 sianm
556 938 858 1011 juniorem
884 936 1267 1008 praepositum
1297 933 1478 989 fuisse
1523 933 1778 987 fatemur
1810 948 1822 985 :
1886 929 1990 984 sed

350 1029 593 1100 quinam
628 1027 707 1082 illi
739 1025 1085 1094 fuerint,qui
1118 1046 1145 1073 «
1178 1028 1245 1078 ut
1274 1021 1645 1092 antiquitatis
1674 1019 1825 1074 ratio
1847 1035 1993 1089 pra:-

349 1119 521 1189 cipue
548 1117 864 1171 duceretur
888 1131 994 1185 per
1018 1112 1307 1167 ambitum
1339 1116 1396 1166 et
1417 1111 1734 1164 factionem
1764 1123 1993 1179 pugna-

345 1208 542 1274 bant,»
580 1204 848 1261 nondum
880 1202 1286 1275 intelligimus.
1319 1202 1464 1254 Nam
1505 1199 1661 1269 quod
1694 1196 1990 1269 ejusmodi

347 1297 532 1352 fuisse
564 1294 1009 1350 contentionem
1039 1291 1206 1346 illam
1240 1289 1443 1345 credat
1472 1287 1765 1355 Petavius,
1800 1303 1924 1356 qua:
1960 1302 1995 1340 a

349 1385 651 1440 Clemente
673 1382 984 1454 epistolam
1007 1380 1081 1435 ad
1103 1379 1441 1435 Corinthios
1465 1375 1840 1448 expressit,id
1866 1376 1993 1429 sine

347 1474 469 1529 ullo
484 1473 872 1528 fundamento
896 1468 1230 1524 diciturllli
1254 1468 1415 1522 enim
1436 1488 1463 1515 «
1482 1482 1637 1520 unus
1656 1470 1715 1519 et
1730 1464 1882 1518 alter
1904 1486 1930 1513 »
1947 1464 1994 1517 si

351 1580 412 1619 se
444 1562 778 1635 praeteritos
810 1576 939 1615 esse
971 1558 1298 1625 doluerint,
1334 1563 1452 1611 tam
1478 1555 1754 1625 juniores
1814 1570 1993 1625 quam

353 1653 616 1708 seniores
647 1656 920 1715 esse,tam
952 1664 1059 1720 pro
1091 1647 1305 1701 merito
1347 1661 1523 1715 quam
1559 1660 1662 1715 pro
1684 1647 1849 1698 aetatr
1886 1660 1998 1713 pu-

353 1755 533 1812 gnare
572 1741 913 1808 potuerunt.
955 1735 1302 1803 Quicunque
1349 1737 1546 1786 autem
1598 1730 1841 1795 fuerint,
1897 1745 1997 1784 eos

2094 574 2365 645 gitantes,
2392 592 2509 629 non
2535 575 2996 641 considerantes,
3033 592 3153 630 non
3184 576 3591 647 respicientes.
3620 600 3648 627 »
3674 579 3745 634 Ut

2095 665 2539 735 Paraphrastes,
2574 662 2633 716 οὐ
2684 665 2821 738 πρὸς
2880 664 2977 730 τήν
3038 664 3364 738 φαινὸμένην
3420 662 3742 743 ἀφορῶντας

2093 751 2344 821 νεότητα.
2373 754 2501 808 Non
2535 754 2695 807 enim
2727 753 2822 808 hic
2852 755 3159 826 Ignatiana
3188 755 3492 810 miserrime
3513 773 3747 826 perver-

2098 843 2163 894 tit
2193 841 2315 910 ille,
2348 846 2413 896 ut
2441 842 2563 896 vult
2614 843 2959 913 Salmasius,
3011 844 3113 898 sed
3161 844 3416 899 ﬁdeliter
3460 850 3519 900 et
3567 846 3747 918 plane

2101 930 2380 1001 explicat.

2171 1020 2382 1087 Quare,
2424 1036 2558 1075 cum
2607 1022 2734 1075 haec
2783 1025 3012 1075 aetatem
3065 1021 3261 1077 Dama)
3314 1024 3747 1096 Magnesiorum

2104 1108 2365 1179 episcopi
2398 1109 2806 1164 tantummodo
2839 1111 3179 1180 respiciant,
3212 1129 3347 1167 cum
3374 1119 3582 1168 auctor
3608 1115 3747 1185 Epi-

2104 1198 2388 1252 stolarum
2414 1198 2632 1268 ubique
2664 1199 3066 1270 episcopatum
3090 1217 3124 1255 a
3154 1202 3383 1257 Christo
3407 1203 3748 1260 institutum

2103 1303 2229 1341 esse
2254 1288 2566 1358 significet,
2591 1305 2725 1343 cum
2765 1289 3104 1344 Christanos
3136 1308 3366 1360 omnes,
3413 1294 3590 1348 etiam
3622 1312 3754 1365 pre-

2103 1376 2390 1446 sbyteros,
2424 1394 2571 1446 quos
2619 1393 2653 1431 a
2712 1378 2831 1431 Deo
2882 1378 3184 1434 institutos
3231 1380 3411 1435 fuisse
3462 1382 3650 1449 docet,
3687 1390 3754 1438 ut

2105 1465 2379 1536 episcopo
2412 1471 2659 1536 pareant
2690 1472 3036 1521 constanter
3063 1475 3323 1536 moneat,
3375 1487 3508 1526 cum
3541 1488 3754 1528 omnes

2106 1554 2207 1622 qui
2242 1554 2329 1607 illi
2355 1553 2481 1623 jam
2514 1554 2659 1624 ipsis
2689 1556 3146 1626 superimposito
3179 1558 3572 1630 refragantur,
3595 1562 3759 1616 mala

2107 1643 2471 1697 conscientia
2502 1644 2714 1713 premi,
2750 1650 2808 1698 et
2836 1643 3069 1699 diabolo
3102 1645 3385 1702 inservire
3438 1650 3752 1719 ostendat;

2108 1730 2301 1801 palam
2333 1737 2441 1788 est.
2474 1731 2633 1786 hunc
2661 1732 2856 1787 locum
2888 1732 2959 1787 de
2992 1735 3223 1790 novella
3254 1736 3628 1809 episcopatus
3659 1739 3755 1794 in-

357 1829 481 1898 ipse
513 1842 632 1880 non
670 1825 740 1879 de
774 1824 1138 1896 episcopatu,
1174 1820 1276 1876 sed
1308 1820 1723 1892 presbyteratu
1747 1823 1995 1873 conten-
2031 1850 2079 1915 B
2109 1820 2413 1875 stitutione
2445 1821 2689 1893 intelligi
2722 1839 2842 1876 non
2892 1840 3086 1893 posse.
3117 1826 3231 1879 Ant
3280 1826 3327 1879 si
3368 1827 3498 1896 quis
3547 1828 3623 1881 sit
3652 1829 3761 1898 qui

360 1917 517 1972 disse
548 1916 785 1981 fatetur,
845 1919 903 1967 et
951 1912 1355 1983 conjecturam
1410 1925 1578 1965 suam
1637 1908 2003 1963 Salmasiana

361 2004 838 2059 verisimiliorem
866 2007 1098 2056 tantum
1122 2016 1250 2054 esse
1282 1998 1442 2065 dicit,
1467 2014 1571 2068 pro
1602 1998 1847 2052 veritate
1879 1997 2006 2066 ejus

360 2094 682 2151 asserenda
711 2093 862 2148 nihil
893 2092 1081 2147 affert.
1117 2090 1228 2144 Sed
1260 2089 1425 2143 video
1484 2088 1642 2143 unde
1673 2088 1731 2141 in
1780 2092 2004 2142 tantam

361 2179 1206 2251 incertitudinem,tamqueim
1214 2178 1584 2249 probabilem
1600 2176 2004 2247 conjecturam

360 2273 639 2328 inciderit
665 2271 751 2324 vir
781 2269 1181 2324 doctissimus.
1215 2266 1406 2321 Verba
1438 2266 1539 2320 illa
1575 2265 1885 2337 lgnotiana
1943 2262 2005 2316 οὐ

359 2356 801 2432 προσειληφοτας
833 2355 988 2411 male
1012 2354 1725 2426 coepit.0mnino,inquit,«
1760 2353 2011 2425 presby-

363 2455 523 2502 teros
544 2447 887 2518 repudiasse
921 2461 1029 2500 nec
1060 2444 1387 2499 adminisse
1417 2442 1566 2497 illud
1593 2441 2013 2512 asserit,quod-

368 2554 603 2607 cunque
637 2535 879 2592 tandem
910 2533 1236 2607 νεωτερικήν
1267 2531 1412 2600 τάξιν
1474 2532 1753 2604 appellat,
1788 2553 1815 2581 »
1865 2532 2010 2586 Cum

369 2627 549 2698 igitur
576 2642 685 2681 nec
711 2625 1107 2696 juventutem,
1141 2640 1251 2677 nec
1284 2621 1681 2693 episcopalem
1739 2620 2009 2674 ordinem

370 2715 815 2786 repudiaverint
872 2710 1173 2785 Magnesii,
1206 2718 1272 2766 ut
1302 2727 1371 2765 ex
1402 2711 1528 2780 ipso
1577 2709 1708 2764 loco
1741 2714 2009 2776 constat;

374 2804 535 2860 aliud
566 2803 787 2873 aliquid
808 2801 1260 2875 excogitandum
1291 2799 1521 2872 putavit
1546 2798 2015 2869 Petavius,quod

375 2894 447 2947 ab
505 2892 626 2947 illis
683 2891 1061 2963 repudiatum
1138 2895 1247 2955 est,
1339 2887 1615 2957 quodque
1686 2886 2017 2960 νεωτερικήιι

372 2981 518 3050 τάξις
548 2982 741 3037 vocari
783 2987 1002 3053 posset.
1037 2983 1105 3034 Et
1137 2995 1344 3034 omnes
1375 2978 1615 3048 quidem
1663 2980 1763 3049 qui
1821 2996 2016 3029 νεωτε-

374 3071 531 3144 ρικὴν
564 3070 713 3139 τάξιν
745 3070 1017 3125 novellam
1048 3070 1454 3123 institutionem
1482 3065 1759 3135 reddunt,
1794 3067 1854 3120 in
1914 3064 2018 3118 illa

374 3177 511 3215 voce
568 3156 1007 3237 προσειληφότας
1063 3157 1414 3228 explicanda
1495 3156 1745 3211 haerent.
1817 3151 2009 3213 Καθὼς

374 3246 544 3325 ἔγνων
572 3247 662 3301 καὶ
720 3247 844 3308 τοὺς
876 3245 1056 3320 ἁγίους
1112 3238 1531 3319 πρεσϐυτέρους,
1593 3242 1654 3297 οὐ
1712 3238 2014 3316 προσειλη-

376 3335 545 3414 φότας
601 3336 700 3404 τήν
761 3335 1089 3411 φαινομένην
1146 3335 1471 3407 νεωτερικήν
1525 3331 1696 3402 τάξιν,
1754 3327 1883 3385 ἀλλ’
1942 3328 2016 3389 ὠς

378 3425 677 3505 φρονίμους
732 3420 784 3479 ἔν
840 3429 957 3495 Θεῷ
1013 3425 1436 3500 συγχωροῦντας
1513 3418 1680 3490 αὐτῷ,
1742 3417 1981 3482 stur-gn:

2052 3205 2094 3271 C

2108 1908 2299 1962 adhuc
2330 1908 2578 1978 dubitet,
2603 1925 2677 1963 an
2710 1910 2835 1964 haec
2856 1912 3058 1965 omnia
3079 1911 3153 1966 ad
3184 1918 3416 1968 aetatem
3452 1916 3645 1971 Damae
3671 1933 3764 1971 re-

2108 1996 2247 2051 ferri
2307 1996 2599 2062 debeant;
2661 2014 2797 2051 eum
2850 2000 3093 2053 omnino
3149 2008 3379 2071 oportet
3430 2004 3762 2076 νεωτερικήν

2108 2083 2251 2152 τάξιν
2282 2084 2354 2139 de
2385 2085 2630 2154 recenti,
2689 2103 2807 2140 non
2859 2088 3231 2159 episcopatus
3282 2107 3386 2145 seu
3417 2092 3618 2161 officii,
3654 2093 3765 2148 sed

2110 2174 2370 2228 hominis
2396 2192 2501 2229 seu
2523 2175 2785 2246 episcopi
2807 2176 3182 2232 ordinatione
3206 2178 3582 2251 interpretari
3609 2200 3622 2249 ;
3644 2184 3766 2238 nisi

2112 2264 2251 2319 velit
2268 2264 2575 2335 scriptoris
2598 2265 2870 2321 instituto
2885 2272 3085 2338 aperte
3100 2269 3526 2326 contradicere.
3551 2272 3771 2327 Fateor

2114 2355 2273 2408 enim
2305 2372 2507 2410 vocem
2549 2355 2877 2429 νεωτερικὴν
2928 2356 2997 2410 de
3030 2375 3093 2413 re
3140 2358 3342 2429 aliqua
3370 2362 3612 2430 recenti,
3657 2380 3773 2419 seu

2118 2444 2402 2499 moderna
2433 2446 2707 2516 usurpari
2738 2462 2928 2516 posse.
2972 2452 3031 2501 et
3079 2449 3223 2503 satis
3272 2450 3513 2520 quidem
3546 2452 3769 2523 origini

2118 2552 2237 2589 sua;
2270 2552 2542 2607 congrue.
2565 2536 2636 2589 Ut
2654 2536 2725 2590 de
2750 2536 2990 2591 Hierace
3014 2538 3400 2609 Epiphanius,
3426 2541 3638 2597 haaresi
3661 2546 3771 2599 67:

2116 2619 2374 2695 ψαλμοὺς
2428 2620 2674 2683 πολλοὺς
2741 2623 3094 2699 νεωτερικοὺς
3168 2624 3463 2684 ἒπλάτατο.
3522 2634 3775 2689 Psalmos

2121 2715 2423 2784 complures
2479 2720 2735 2782 recentes,
2801 2732 2905 2769 seu
2952 2718 3188 2771 novitios
3240 2721 3527 2787 conﬁnxit.
3567 2723 3636 2776 Et
3662 2724 3774 2793 qui

2120 2804 2204 2857 ita
2232 2803 2389 2857 hunc
2446 2803 2793 2872 scriptorem
2852 2804 3217 2860 intellexerit
3277 2808 3347 2862 de
3390 2810 3774 2869 ordinatione

2120 2893 2315 2945 Dama)
2343 2897 2614 2943 recenter
2650 2891 2824 2958 facta,
2856 2891 3188 2948 doctrinam
3234 2897 3598 2967 Ignatianam
3628 2901 3778 2957 alibi

2120 2979 2356 3049 copiose
2390 2978 2742 3048 explicatam
2774 2980 2933 3035 haud
2963 2981 3244 3050 violabit;
3279 2987 3384 3041 sed
3414 3004 3592 3058 quam
3624 3006 3778 3046 con-

2119 3083 2330 3138 gruum
2352 3067 2490 3121 huic
2508 3066 2635 3122 loco
2656 3085 2897 3123 sensum
2912 3087 2982 3124 ea
3004 3072 3491 3143 interpretatione
3510 3078 3781 3135 tribuere

2124 3155 2327 3227 possit,
2364 3154 2489 3226 ipse
2518 3155 2749 3211 viderit.
2789 3159 2905 3213 Vox
2937 3160 3097 3215 enim
3133 3161 3235 3217 illa
3258 3163 3589 3239 φαινομένην
3616 3184 3784 3237 prai-

2125 3250 2216 3299 ter
2243 3244 2359 3298 alia
2393 3244 2663 3315 superius
2693 3245 2950 3303 adducta
2978 3250 3122 3303 mihi
3166 3253 3460 3321 postulare
3514 3253 3784 3325 videtur,

2124 3338 2191 3386 ut
2229 3333 2520 3401 νειυτερική
2565 3330 2711 3402 τᾶξις
2761 3336 2834 3391 ad
2881 3342 3114 3393 aetatem
3163 3341 3471 3396 referatur.
3522 3343 3791 3401 Denotat

2086 3410 2246 3480 Hos,
2272 3418 2453 3500 ξξξςὶηθ
2487 3423 2666 3478 dubio
2699 3425 2923 3495 aliquid
2946 3427 3103 3497 quod
3134 3446 3203 3483 ex
3234 3437 3553 3500 conspectu
3576 3433 3786 3490 Damm

383 3496 471 3571 dit
499 3496 816 3571 salmasius
846 3532 908 3568 :«
933 3496 1361 3581 Sicut'cognovi
1387 3504 1783 3583 presbyteyﬂt-
1809 3501 1985 3572 Urget
2078 3496 2451 3593 Baltparebat
2477 3528 2489 3577 ;
2517 3518 2584 3566 ut
2615 3496 3110 3571 ostendereteum
3143 3518 3303 3572 vultu
3327 3496 3793 3591 juvenem,mo—

386 3605 742 3676 accipientes
774 3620 1063 3674 eam,quze
1091 3620 1239 3658 nova
1278 3605 1539 3675 apparet,
1566 3594 2005 3653 imm-tuam

2131 3600 2293 3654 ribus
2329 3600 2538 3655 virum.
2571 3603 2693 3666 Quo
2749 3603 2925 3657 etiam
2960 3604 3077 3670 illa,
3118 3605 3210 3659 τὸν
3260 3606 3555 3662 ἐπίσκοπον
3584 3612 3793 3667 τοῦτον

388 3696 490 3751 sed
523 3701 805 3765 tanquam
830 3694 1153 3765 prudentes
1175 3694 1238 3748 in
1268 3682 1691 3771 Deo,ce;ﬂentes
1722 3685 1893 3757 ipsi.»
1918 3688 2024 3743 Ubi

388 3786 580 3857 primo
609 3782 699 3836 καί
725 3784 1077 3856 particulam
1112 3782 1351 3846 omittit,
1386 3785 1447 3834 ut
1480 3774 1857 3845 explicationi
1906 3794 2025 3832 suae

390 3873 717 3939 inimicam,
752 3872 910 3943 quod
938 3890 1008 3928 ea
1037 3870 1309 3927 ostendat
1338 3860 1683 3935 scriptorem
1715 3865 1786 3920 de
1820 3867 2026 3921 eadem

392 3981 455 4019 re
486 3963 671 4034 loqui,
702 3980 836 4019 cum
866 3964 1347 4034 presbyterorum
1368 3948 1701 4026 exemplum
1724 3956 2022 4026 proponit,

387 4053 457 4108 de
489 4069 605 4123 qua
635 4052 922 4124 populum
950 4050 1282 4105 monuerat,
1319 4044 1562 4112 scilicet,
1598 4043 1669 4097 de
1703 4048 1873 4098 mtate
1907 4045 2026 4115 epi-

381 4141 543 4213 scopi
570 4158 582 4194 :
627 4141 799 4195 aliter
830 4140 991 4194 enim
1021 4134 1199 4193 καθὼς
1231 4133 1320 4186 καί
1356 4133 1570 4203 exponi
1604 4149 1723 4186 non
1754 4139 2022 4204 possunt.

378 4229 670 4300 Secundo,
701 4229 970 4285 vcculam
998 4229 1055 4281 ut
1085 4223 1155 4278 de
1188 4240 1294 4279 suo
1353 4222 1620 4286 addidit;
1653 4220 1800 4275 vidit
1837 4222 2019 4291 enim,

377 4336 489 4374 non
521 4321 876 4390 accipientes,
898 4316 993 4370 hic
1024 4314 1221 4368 lbcum
1251 4312 1470 4367 habere
1498 4327 1615 4365 non
1647 4327 1841 4381 posse.
1874 4311 2019 4367 The-

378 4423 509 4462 seos
567 4406 919 4478 Capellianaa
979 4407 1185 4456 auctor
1237 4400 1408 4456 aliter
1463 4400 1793 4455 versionem
1852 4417 2020 4456 suam

377 4496 745 4569 temperavit:
770 4519 795 4543 ‹‹
812 4491 1114 4553 Quomodo
1130 4506 1341 4546 censeo
1361 4494 1594 4544 sanctos
1610 4489 1984 4560 presbyteros
2005 4506 2018 4557 ;

2131 3686 2221 3741 τὸν
2259 3686 2621 3761 βλεπόμενον,
2654 3707 2782 3759 quae
2816 3692 3013 3746 statim
3047 3694 3107 3748 in
3141 3696 3346 3751 eadem
3377 3699 3656 3768 periocha
3685 3719 3799 3758 se-

2135 3782 2418 3847 quuntur,
2453 3784 2739 3848 spectant.

2204 3868 2353 3922 Dum
2376 3868 2522 3932 haec,
2548 3885 2723 3938 opere
2755 3870 2991 3939 penitus
3028 3871 3217 3943 ﬁnito,
3241 3874 3444 3931 Lector
3473 3876 3801 3950 benevole,

2134 3956 2347 4022 scribo,
2385 3964 2779 4026 pervenerunt
2818 3959 2891 4013 ad
2916 3975 3125 4015 manus
3149 3979 3330 4032 meas,
3356 3987 3382 4013 ‹‹
3409 3966 3498 4020 SS.
3537 3969 3799 4026 Patrum

2134 4045 2235 4115 qui
2268 4045 2634 4116 temporibus
2688 4049 3030 4117 apostolicis
3060 4050 3391 4108 floruerunt
3438 4055 3652 4126 Opera,
3690 4081 3722 4108 ››
3763 4078 3803 4116 a

2130 4135 2355 4189 Joanne
2412 4135 2673 4205 Baptista
2729 4137 3044 4204 Cotelerio,
3096 4141 3396 4198 societatis
3450 4145 3811 4205 Sorbonicaa

2133 4224 2397 4294 theologo
2431 4223 2795 4293 doctissimo,
2843 4226 3021 4283 edita.
3068 4229 3190 4293 Quo
3236 4230 3386 4286 libro
3436 4244 3804 4307 conspecto,

2131 4313 2290 4367 hisce
2322 4313 2686 4383 temporibus
2734 4330 2853 4368 non
2910 4318 3073 4386 potui
3104 4335 3225 4373 non
3274 4321 3427 4376 serio
3466 4324 3798 4393 gratulari,

2129 4400 2288 4473 quod
2320 4402 2500 4457 etiam
2532 4402 2593 4455 in
2623 4402 2881 4457 Ecclesia
2903 4405 3223 4475 Gallicana,
3252 4407 3627 4467 libertatibus
3649 4418 3795 4470 suis

2129 4491 2350 4561 Optime
2383 4506 2508 4550 usa.
2542 4490 2799 4562 theologi
2831 4509 2900 4546 ex
2923 4495 3083 4548 omni
3115 4496 3324 4552 ordine
3354 4501 3610 4555 maxime
3634 4519 3801 4559 eru-

375 4581 423 4641 Si
442 4587 639 4641 minus
658 4581 1250 4653 recipiantnovellam
1273 4580 1445 4635 istam
1466 4578 1728 4650 qumjam
1748 4579 2016 4633 estinsti-
2049 4556 2095 4619 D
2128 4579 2233 4633 diti
2269 4595 2386 4633 non
2420 4583 2647 4633 tantum
2672 4596 2776 4650 pro
2808 4581 2957 4636 veris
2981 4582 3238 4654 antiquae
3263 4587 3539 4642 Ecclesiae
3564 4556 3802 4647 monu-

376 4671 909 4737 tutionem,saltem
932 4675 1213 4741 tanquam
1238 4669 1560 4741 prudentes
1582 4669 1644 4722 in
1664 4669 1778 4723 Deo
1803 4667 2018 4723 cedant

373 4763 710 4833 episcopo,»
743 4764 825 4824 ut,
859 4776 995 4815 cum
1034 4760 1236 4814 omnia
1265 4758 1621 4825 confuderit,
1653 4757 1804 4811 nihil
1836 4757 2010 4812 dicat.

370 4849 638 4905 Petavius
669 4865 703 4904 a
732 4849 999 4905 versione
1032 4853 1200 4905 caute
1232 4848 1537 4915 abstinuit,
1570 4847 1695 4901 haec
1726 4846 2011 4901 observa-

368 4942 530 4997 tione
563 4946 900 5010 contentus,
962 4942 1339 5013 presbyteros
1391 4938 1489 5006 τήν
1547 4936 1869 5010 νεωτερικὴν
1924 4936 2013 4989 τά-

367 5031 444 5101 ξιν
475 5030 841 5102 repudiasse.
876 5031 1019 5086 Mira
1049 5031 1175 5085 haec
1206 5047 1349 5085 sane
1381 5027 1791 5099 interpretatio
1824 5026 2003 5095 illius,

367 5119 468 5190 qui
499 5120 813 5191 profitetur
842 5120 1133 5192 Ignatium
1166 5119 1376 5174 iisdem
1408 5118 1599 5173 verbis
1632 5115 2006 5186 presbyteros

358 5208 515 5278 plebi
535 5225 844 5279 proponere
871 5209 1189 5264 imitandos.
1225 5207 1339 5263 Sed
1369 5205 1599 5275 hi,quid
1658 5205 1733 5259 sit
1784 5223 2010 5276 προσει-

368 5295 635 5369 ληφότας,
677 5299 786 5353 hoc
816 5298 945 5354 loco
977 5315 1098 5353 non
1129 5297 1417 5351 viderunt.
1456 5294 1741 5350 Patricius
1798 5293 2007 5348 Junius

364 5386 509 5459 legit
537 5386 598 5440 οὐ
638 5385 1093 5462 προειληφότας,,
1118 5403 1228 5441 ηοη
1254 5390 1639 5455 przoccupato
1670 5381 1859 5437 animo
1887 5397 2005 5435 res-

355 5478 809 5546 picientes,haud
832 5478 1019 5544 male;
1046 5476 1148 5531 sed
1168 5480 1235 5529 ut
1255 5473 1512 5527 litteram
1532 5472 2005 5540 omitteret,opus

364 5583 485 5622 non
517 5568 903 5636 erat.Suidas,
939 5562 1404 5639 Προσειλήφεσαν,
1442 5556 1733 5631 ὑπέλαϐον,
1776 5557 1993 5616 ἐνόουν.

364 5655 525 5711 Nihil
585 5657 747 5714 aliud
800 5657 897 5712 hic
954 5649 1418 5728 προσειληφότας,
1473 5666 1651 5721 quam
1703 5651 2000 5718 νοήσαντας

2130 4668 2348 4723 mentis
2380 4673 2617 4723 strenue
2649 4676 3014 4737 concertent,
3044 4671 3147 4727 sed
3182 4680 3239 4728 et
3265 4674 3335 4729 de
3368 4675 3534 4730 libris
3557 4681 3804 4748 spuriis

2125 4763 2183 4813 et
2212 4757 2623 4828 supposititiis,
2656 4759 2757 4828 qui
2777 4759 3059 4815 hactenes
3090 4762 3312 4817 muudo
3336 4764 3798 4842 imposuerunt,

2124 4852 2181 4902 et
2205 4847 2363 4902 suavi
2387 4847 2692 4901 vetustatis
2712 4849 2942 4903 somnio
2964 4850 3195 4906 animos
3218 4852 3527 4907 hominum
3551 4853 3800 4913 delini-

2122 4941 2349 4991 verunt.
2383 4936 2510 4990 sine
2542 4937 2705 4990 omni
2737 4938 2996 5007 partium
3029 4939 3224 4994 studio
3248 4940 3523 5011 judicent
3554 4960 3566 5009 ;
3610 4951 3798 5014 quod

2121 5029 2253 5096 post
2311 5024 2716 5091 Sirmondum,
2778 5024 3097 5093 Petavium,
3151 5030 3392 5083 Petrum
3441 5031 3513 5086 de
3558 5034 3799 5110 Marca,

2120 5113 2430 5177 Morinum,
2496 5111 3027 5184 Launoium,.post
3111 5117 3427 5187 Valesium,
3492 5121 3799 5183 Huetium

2118 5202 2385 5272 aliosque
2419 5199 2777 5269 complures,
2810 5202 2989 5257 etiam
3041 5204 3369 5260 Cotelerius
3414 5208 3669 5265 candide
3712 5215 3804 5273 de

2118 5291 2209 5343 his
2242 5288 2417 5343 rebus
2450 5290 2815 5358 pronuntiet,
2853 5292 3222 5349 eruditorum
3248 5294 3404 5349 inter
3434 5304 3669 5353 nostros
3700 5306 3801 5359 vi.

2117 5395 2317 5433 rerum
2343 5376 2712 5448 diligentiam
2739 5396 2894 5450 sazpe
2922 5380 3153 5451 probet,
3189 5383 3514 5456 eademque
3540 5404 3679 5443 cum
3711 5391 3797 5448 li.

2115 5468 2341 5521 bertate
2365 5467 2567 5522 omnia
2603 5467 2901 5523 discutiat.
2949 5470 3112 5524 Unde
3140 5488 3275 5543 spes
3306 5480 3413 5539 est,
3447 5475 3802 5547 aliquando

2116 5558 2266 5623 fore,
2292 5562 2357 5611 ut
2376 5556 2752 5629 dogmatibus
2790 5557 3208 5615 ecclesiasticis
3251 5563 3445 5635 major
3467 5564 3569 5621 lux
3592 5568 3799 5627 aﬂ‘ul-

2112 5652 2264 5719 geat,
2303 5650 2697 5700 controversae
2731 5646 2791 5701 in
2825 5646 3047 5702 scholis
3076 5650 3337 5721 agitatae,
3360 5652 3641 5723 pudendo
3669 5658 3818 5719 im-
