3974 6134
189 338 252 397 49

889 349 949 410 J.
992 347 1406 410 PEARSONll
1450 349 1830 411 VINDICLE
1874 350 2354 417 lGNATIANzE.
2405 392 2478 404 —-
2523 361 3012 425 PROEMIUM.
3586 367 3665 426 50

196 477 919 568 postorumvpatrocinio
951 480 1206 548 nudata,
1239 488 1297 536 et
1348 483 1486 538 ﬁcta
1528 482 1900 554 antiquitatis
1930 484 1982 550 Α
2014 485 2215 541 milem
2258 489 2382 545 fere
2440 491 2707 548 locorum
2752 496 3205 566 explicationem
3267 496 3661 568 deprehendo.

200 559 345 618 larva
371 566 699 637 spoliata,
737 571 980 639 aquius
1011 570 1249 626 tandem
1290 577 1348 626 et
1393 572 1656 628 sedatius
1698 576 1903 630 termi-

206 660 442 721 nentur,
480 659 823 729 animique
856 660 1169 716 hominum
1203 678 1291 730 ea,
1326 680 1444 733 qua
1473 681 1581 735 par
1606 670 1712 729 est,
1742 683 1904 721 reve-

213 745 400 800 rentia
466 747 862 818 primitivam
921 750 1265 821 Ecclesium,
1343 769 1449 808 sua
1519 754 1899 826 simplicitate

224 835 627 906 conspicuam,
666 854 786 893 nec
836 838 1050 894 alienis
1099 839 1399 897 coloribus
1448 842 1767 914 depictam,
1800 851 1903 901 aut

228 928 412 1001 potius
449 928 889 998 deformatam,
937 939 1393 1002 prosequantur.
1442 934 1604 989 Inter
1649 936 1774 991 hac
1834 939 1897 992 Β.

231 1018 428 1091 Ignatii
458 1020 648 1090 Epist.
692 1021 884 1076 etiam
914 1023 1072 1077 notis
1103 1022 1379 1079 Cotelerii
1411 1025 1721 1081 illustrata
1767 1045 1898 1099 pro-

239 1109 493 1163 dierunt:
526 1125 684 1179 quas
704 1110 843 1181 jam
875 1111 951 1166 ad
983 1112 1305 1167 editionem
1334 1119 1676 1169 nostrorum
1725 1116 1894 1171 festi-

235 1215 392 1265 nans,
442 1198 636 1261 avide,
692 1207 995 1269 quantum
1028 1219 1133 1272 per
1182 1204 1467 1273 temporis
1499 1206 1799 1275 angustias
1822 1206 1897 1261 li-

233 1288 365 1348 cuit.
393 1287 689 1357 percurri.
726 1288 917 1343 Video
948 1296 1167 1357 autem,
1201 1292 1318 1345 nisi
1354 1308 1445 1347 me
1478 1294 1777 1350 festinatio
1809 1296 1892 1351 fe-

232 1375 390 1438 fellit,
420 1377 525 1429 viri
556 1376 904 1432 doctissimi
932 1382 1288 1436 sententiam
1323 1398 1453 1437 cum
1488 1390 1690 1440 nostra
1720 1386 1893 1456 plane

231 1466 663 1537 conspirantem
693 1486 707 1534 ;
744 1468 914 1523 idem
945 1470 1012 1524 de
1042 1472 1695 1544 Ignatianisjudicium,
1729 1492 1895 1531 eam-

229 1554 358 1610 dem
387 1556 458 1609 de
488 1559 882 1629 argumentis
913 1559 1380 1617 adversariorum
1422 1565 1786 1635 opinionem,
1820 1566 1894 1621 si-

2014 580 2175 635 Unde
2206 582 2353 635 mihi
2385 583 2543 638 haud
2576 585 2728 639 male
2748 586 3021 656 augurari
3053 586 3273 653 videor,
3306 588 3663 642 sententiam

2011 675 2275 726 nostram
2307 672 2445 727 viris
2477 673 2686 743 doctis,
2720 680 2777 728 et
2816 676 2876 729 in
2904 675 3016 730 hoc
3064 675 3397 731 litterarum
3446 693 3662 747 genere

2009 759 2232 830 optime
2263 762 2508 816 versatis
2538 763 2930 834 approbatum
2961 764 3053 829 iri,
3096 781 3315 836 eosque
3349 765 3547 820 statim
3570 766 3666 837 ju~

2008 847 2329 915 dicaturos,
2363 866 2457 904 me
2489 851 2637 905 nihil
2668 852 2731 907 in
2761 853 2854 907 his
2883 853 3157 908 molitum
3180 870 3329 923 esse,
3363 854 3521 925 quod
3541 872 3662 909 non

2008 939 2137 994 aliis
2168 940 2375 995 eadem
2404 942 2800 996 tractantibus
2845 942 3075 997 veritati
3107 943 3365 998 maxime
3412 944 3660 1015 apertis~

2008 1029 2274 1099 simeque
2298 1036 2768 1085 consentaneum
2799 1031 2991 1101 prima
3013 1032 3159 1087 facie
3189 1032 3474 1087 videatur.
3497 1032 3663 1096 Quod

2008 1119 2056 1174 si
2107 1135 2176 1174 ea
2223 1137 2354 1190 qua
2404 1119 2596 1174 obiter
2637 1120 2900 1186 tractavi,
2958 1125 3013 1174 et
3042 1121 3103 1174 in
3162 1121 3244 1174 tui
3285 1120 3660 1191 potissimum

2005 1208 2274 1280 gratiam,
2302 1210 2507 1265 Lector
2525 1208 2831 1276 benevole,
2856 1209 3377 1265 dissertationibus
3410 1210 3657 1277 inserui,

2005 1299 2230 1371 (qualia
2269 1299 2424 1354 haud
2457 1316 2644 1371 pauca
2672 1301 2735 1353 in
2762 1299 2983 1355 nostris
3016 1299 3302 1369 invenies)
3333 1303 3435 1353 aut
3461 1299 3659 1353 minus

2002 1397 2161 1444 recte
2206 1395 2310 1444 aut
2350 1391 2551 1444 minus
2597 1394 2870 1445 accurate
2917 1389 3074 1443 dicta
3113 1388 3473 1459 judicaveris
3502 1404 3515 1440 :
3549 1403 3658 1441 no-

2009 1479 2109 1534 lim
2166 1496 2237 1534 ea
2294 1497 2429 1535 cum
2473 1496 2666 1535 causa
2698 1486 2983 1550 suscepta
3041 1478 3262 1549 injuria
3308 1479 3657 1549 coujungas,

2005 1567 2109 1624 sed
2139 1568 2435 1623 desiderio
2466 1569 2664 1640 potius
2712 1567 2818 1621 tibi
2851 1566 3124 1638 placendi
3173 1567 3450 1637 imputes.
3498 1565 3657 1621 Vale-

235 1713 3629 1741 Μ

973 1869 1805 2037 VINDIUIZE
1920 1876 2927 2014 lGNATlANZE

1558 2135 2309 2235 PROCEMIUM.

908 2323 993 2388 De
1053 2330 1232 2404 ortu,
1310 2345 1673 2408 progressu
1735 2334 1801 2391 et
1856 2327 2191 2397 hodierno
2250 2336 2427 2398 statu
2492 2335 2987 2399 controversia.

766 2546 1006 2600 CAPUT
1042 2548 1339 2603 PRIMUM.

407 2657 629 2713 Occasio
659 2658 947 2713 scribendi
976 2666 1027 2713 et
1070 2662 1327 2716 Prooemii
1354 2663 1693 2720 distributio.

302 2772 553 2827 Celebris
584 2779 697 2843 est,
751 2774 870 2828 hoc
899 2777 1228 2845 prasertim
1279 2778 1517 2844 saculo,
1563 2779 1633 2835 de
1666 2780 1892 2836 ordinis

238 2863 577 2936 episcopalis
607 2883 643 2922 a
674 2868 1090 2938 presbyteratu
1122 2869 1524 2937 distinctione,
1547 2874 1637 2928 vel
1669 2875 1880 2930 saltem

232 2953 624 3010 distinctionis
646 2957 879 3029 origine
906 2960 1323 3014 controversia.
1365 2962 1424 3014 in
1457 2978 1527 3016 ea
1552 2968 1749 3017 autem
1775 2969 1888 3019 tra-

231 3043 441 3098 ctanda
456 3045 655 3115 magni
678 3046 964 3116 ponderis
985 3048 1197 3103 merito
1236 3048 1440 3104 habita
1475 3056 1564 3105 est
1597 3052 1653 3106 S.
1682 3052 1889 3123 lgnatii

232 3132 334 3186 viri
373 3136 685 3203 apostolici
717 3142 777 3189 et
806 3137 1084 3206 martyris
1109 3140 1469 3205 auctoritas;
1501 3140 1670 3211 cujus
1704 3141 1893 3196 diser-

233 3224 459 3278 tissimo
492 3224 1082 3296 locupletissimoque
1115 3228 1454 3282 testimonio
1486 3246 1621 3283 cum
1663 3231 1893 3301 episco-

231 3313 380 3383 palis
434 3330 613 3368 causa
662 3314 964 3382 fulciatur,
1024 3321 1082 3371 et
1135 3318 1404 3388 paritatis
1452 3318 1892 3390 presbyterana

233 3403 556 3473 antiquitas
587 3420 781 3475 nuper
809 3406 1140 3477 excogitata
1185 3406 1492 3473 concidat;
1545 3425 1614 3463 eo
1648 3408 1886 3463 tandem

235 3490 550 3546 deventum
585 3499 694 3561 est,
714 3498 780 3546 ut
807 3493 909 3563 qui
934 3493 1108 3549 aliter
1138 3496 1498 3550 sententiam
1519 3496 1881 3568 episc0patui

232 3581 597 3652 iniquiorem
624 3582 775 3636 tueri
801 3582 970 3637 nullo
1000 3582 1175 3638 modo
1196 3590 1460 3655 possent,
1485 3602 1692 3640 omnes
1722 3588 1891 3657 Igna-

234 3672 297 3725 tii
330 3670 615 3742 epistolas
674 3670 1095 3737 convellerent,
1156 3674 1270 3729 aS.
1323 3679 1582 3746 martyre
1635 3675 1890 3746 scriptas

232 3766 541 3833 negarent,
576 3760 745 3815 fictas
775 3766 836 3816 et
866 3763 1273 3833 supposititias
1308 3764 1783 3833 pronuntiarent.

1924 2558 1969 2619 Β
1998 2569 2164 2622 nere,
2197 2571 2328 2625 qua
2359 2555 2715 2612 labefactare
2746 2555 3078 2625 videantur,
3111 2556 3386 2612 refellere
3408 2561 3465 2612 et
3494 2554 3656 2611 refu-

2000 2646 2149 2697 tare.

2071 2732 2217 2785 Cum
2249 2738 2448 2787 autem
2472 2734 2599 2788 hac
2628 2735 2875 2803 quastio
2908 2734 3112 2789 multis
3150 2735 3280 2806 jam
3326 2733 3520 2788 modis
3552 2733 3660 2787 im-

1997 2820 2213 2891 plicata
2241 2826 2300 2875 et
2344 2822 2629 2891 involuta,
2684 2822 2991 2892 doctisque
3041 2821 3437 2893 plurimorum
3485 2822 3652 2876 lucu-

1995 2909 2367 2965 brationibus
2395 2910 2550 2966 facta
2582 2911 2659 2965 sit
2688 2911 3033 2979 obscurior;
3064 2916 3128 2965 ut
3175 2927 3245 2966 ea
3275 2926 3407 2980 qua
3440 2911 3655 2965 dicturi

1996 3016 2204 3055 sumus
2235 2999 2493 3055 dilucide
2523 3000 2952 3072 perspicueque
2984 3001 3313 3069 tradantur,
3346 3000 3535 3055 visum
3566 3004 3657 3054 est

1998 3089 2294 3160 imprimis
2325 3092 2749 3158 necessarium,
2784 3090 2888 3145 illa
2916 3091 3297 3162 pramittere,
3331 3106 3463 3160 qua
3495 3089 3655 3144 diffi—

1999 3179 2232 3233 cultatis
2275 3180 2535 3233 rationes
2584 3180 2918 3251 expediant,
2953 3197 3084 3251 qua
3130 3179 3456 3234 sententias
3501 3178 3655 3233 viro—

1997 3284 2131 3322 rum
2164 3266 2470 3322 doctorum
2502 3268 2823 3340 explicent,
2848 3285 2978 3339 qua
3009 3274 3224 3335 ortum,
3251 3283 3654 3341 progressum,

1999 3362 2058 3411 et
2107 3362 2463 3427 prasentem
2510 3357 2924 3412 controversia
2974 3363 3193 3414 statum
3253 3361 3547 3427 enarrent,
3591 3362 3650 3411 et

1998 3445 2194 3500 inutili
2227 3445 2609 3502 altercatione
2655 3446 2924 3517 pracisa,
2970 3445 3044 3501 ad
3090 3447 3351 3502 futuram
3378 3446 3644 3518 disputa-

2001 3535 2227 3591 tionem
2258 3534 2587 3590 faciliorem
2619 3535 2847 3591 aditum
2877 3535 3257 3607 patefaciant.

2070 3623 2361 3696 Ignatium
2380 3624 2564 3679 fuisse
2582 3625 2965 3681 Antiochena
2983 3624 3260 3681 Ecclesia
3279 3624 3649 3695 episcopum,

1999 3718 2367 3784 agnoverunt
2397 3719 2688 3784 quotquot
2717 3714 2874 3769 illius
2913 3714 3268 3769 mentionem
3308 3713 3538 3768 fecere:
3572 3713 3645 3767 ab

1999 3801 2283 3872 apostolis
2339 3802 2678 3857 ordinatum
2710 3803 2927 3857 diserte
2975 3801 3347 3857 tradiderunt
3385 3802 3440 3856 S.
3475 3799 3652 3872 Chry-

302 3871 466 3925 lnter
495 3871 606 3924 hos
638 3870 723 3923 vir
764 3870 1168 3939 doctissimus,
1212 3873 1467 3928 Joannes
1516 3872 1790 3941 Dallaus,
1825 3873 1870 3928 ir

381 3963 615 3984 II..5......_
667 3961 1071 3984 μ-..--....,....ιε-
1141 3960 1444 3984 j:I!_-_L-_
1490 3968 1751 3984 _--..__1___
1828 3964 1870 3984 ξ-

2009 3870 2296 3944 sostomus
2319 3894 2377 3944 et
2396 3890 2813 3945 Theodoretus.
2838 3891 3004 3946 Hunc
3019 3890 3412 3962 apostolicum
3432 3870 3646 3955 virum,

230 3960 328 4015 SS.
376 3963 620 4013 Patrum
667 3961 1073 4016 monumentis
1135 3960 1445 4033 diligenter
1490 3968 1776 4028 versatus,
1826 3964 1889 4017 in

228 4049 643 4105 discernendis
686 4050 968 4121 operibus
1017 4051 1237 4123 spuriis
1293 4052 1611 4107 admodum
1658 4059 1886 4124 acutus,

226 4144 364 4210 post
390 4139 766 4194 velitationes
795 4139 1089 4207 Salmasii,
1120 4145 1297 4211 atque
1328 4141 1641 4211 Blondelli,
1667 4142 1885 4197 librum

227 4230 576 4299 nuperrime
634 4227 821 4282 edidit
858 4229 1000 4283 satis
1044 4229 1363 4298 prolixum,
1424 4247 1540 4301 quo
1598 4231 1887 4302 Epistolas

226 4317 434 4390 Ignatii
470 4319 651 4373 etiam
680 4318 1128 4390 purgatissimas
1177 4319 1551 4388 maximeque
1602 4322 1884 4390 sinceras,

230 4415 285 4461 et
314 4414 582 4463 veterum
630 4408 980 4462 auctoritate
1028 4409 1287 4463 munitas
1338 4413 1391 4463 et
1425 4410 1663 4480 propria
1705 4427 1887 4480 pras-

231 4497 417 4551 tantia
445 4495 819 4566 conspicuas,
851 4495 1309 4566 quamplurimis
1338 4498 1702 4569 argumentis
1735 4498 1889 4554 vide-

234 4591 326 4639 tur
356 4585 494 4650 sibi,
525 4585 792 4654 suisque,
825 4588 890 4638 ut
920 4584 1149 4654 opinor,
1182 4584 1549 4639 adulterinas
1577 4586 1882 4656 probasse,

237 4680 291 4727 et
347 4673 833 4729 doctissimorum
884 4672 1165 4741 virorum,
1217 4673 1645 4745 archiepiscopi
1675 4677 1881 4730 Arma-

237 4763 424 4827 chani,
456 4762 645 4817 lsaaci
672 4761 889 4827 Vossii,
924 4767 983 4815 et
1010 4760 1268 4815 doctoris
1296 4762 1651 4817 Hammondi
1702 4763 1884 4818 ratio-

238 4868 338 4907 nes
366 4869 594 4919 omnes,
628 4867 772 4906 sane
805 4851 1195 4918 ﬁrmissimas,
1232 4851 1499 4906 diluisse.

303 4960 487 5031 Hujus
530 4958 641 5012 viri
687 4956 1165 5028 prastantissimi
1212 4957 1517 5028 stupenda
1557 4958 1883 5027 diligentia

234 5064 365 5102 cum
388 5055 446 5102 et
473 5047 680 5119 Ignatii
711 5044 1020 5103 sanctitae.
1055 5050 1112 5098 et
1141 5045 1516 5115 episcopatus
1547 5047 1884 5101 neeessaria

233 5137 570 5201 auctoritas,
605 5140 664 5190 et
695 5134 788 5187 bis
819 5132 1074 5187 maxime
1123 5133 1330 5203 iniqua
1355 5133 1676 5189 adversarii
1726 5134 1885 5190 fama

230 5230 404 5296 atque
433 5223 753 5279 celebritas
800 5226 869 5275 ut
898 5220 1121 5290 aliquid
1166 5228 1485 5292 reponatur
1523 5222 1879 5295 efﬂagitent;

2002 3977 2075 4032 ab
2104 3978 2419 4033 Antiochia
2450 3981 2695 4034 Romam
2716 3983 2995 4049 tractum,
3028 3979 3233 4035 bestiis
3262 3979 3552 4046 oblatum,
3577 3994 3646 4033 ac

1998 4068 2280 4138 martyrio
2313 4073 2661 4123 coronatum
2712 4073 3006 4123 testantur
3044 4073 3310 4137 veteros;
3365 4067 3647 4138 epistolas

1999 4157 2308 4228 scripsisse
2340 4157 2415 4211 ad
2443 4158 2734 4213 Ecclesias
2774 4158 3104 4228 prasertim
3154 4158 3215 4211 in
3240 4157 3476 4221 itinere,
3507 4174 3649 4227 pro-

2000 4245 2148 4301 dunt
2176 4246 2557 4316 antiquorum
2590 4245 2850 4316 plurimi,
2886 4247 3119 4317 negavit
3138 4251 3241 4301 aut
3260 4244 3563 4300 dubitasse
3584 4262 3648 4300 se

1998 4335 2147 4389 dixit
2176 4351 2383 4390 eorum
2412 4351 2610 4389 nemo.
2645 4339 2713 4389 Et
2739 4334 3094 4390 sanctissimi
3146 4334 3389 4405 quidem
3420 4339 3648 4405 marty-

1996 4424 2078 4478 ris
2101 4424 2439 4495 justissima
2469 4424 2830 4479 existimatio
2863 4425 3043 4480 etiam
3074 4425 3365 4480 hactenus
3414 4423 3644 4479 illibata

1998 4518 2057 4567 et
2118 4514 2470 4570 intemerata
2509 4514 2875 4585 permansit;
2936 4514 3008 4568 de
3067 4514 3332 4585 epistolis
3391 4518 3642 4582 tantum,

1997 4618 2129 4671 qua
2160 4601 2269 4656 sub
2300 4601 2460 4656 illius
2490 4602 2731 4657 nomine
2762 4601 3131 4674 prodierunt,
3165 4608 3223 4657 et
3253 4600 3327 4657 ad
3375 4607 3642 4657 nostram

1995 4704 2183 4757 usque
2235 4693 2468 4744 atatem
2516 4688 3005 4760 perduraverunt,
3054 4689 3128 4744 lis
3179 4695 3285 4744 est.
3337 4690 3538 4759 Neque
3569 4688 3641 4742 de

1994 4777 2234 4833 illarum
2265 4778 2638 4846 auctoritate,
2672 4779 2719 4832 si
2740 4779 3059 4850 Ignatiana
3079 4778 3265 4832 fuisse
3293 4782 3638 4848 appareant,

1994 4868 2365 4938 disputatur:
2420 4868 2525 4923 sed
2581 4884 2657 4923 an
2704 4884 2905 4924 revera
2935 4868 3122 4939 ipsius
3169 4868 3379 4939 Ignatii
3421 4868 3644 4921 fuerint

1994 4956 2177 5025 quari
2186 4962 2297 5013 tur.

2067 5046 2138 5100 Ut
2158 5052 2358 5101 autem
2380 5047 2565 5119 origo,
2591 5062 2957 5117 progressus,
2976 5050 3036 5100 et
3056 5060 3318 5117 prasens
3340 5043 3643 5098 hodierna

1995 5135 2409 5190 controversia
2459 5141 2670 5201 status,
2722 5135 2903 5191 etiam
2933 5135 3005 5189 iis
3055 5134 3156 5205 qui
3196 5134 3482 5188 hactenus
3514 5149 3646 5188 eam

1993 5225 2191 5278 minus
2222 5230 2445 5280 attente
2470 5223 2947 5289 considerarunt,
2970 5224 3298 5278 innotescat
3325 5238 3338 5287 ;
3371 5238 3496 5277 rem
3516 5238 3646 5277 om-

227 5331 419 5386 opera
441 5314 704 5386 pretium
726 5327 859 5365 esse
881 5308 1146 5365 duximus
1166 5311 1645 5368 dissertationem
1679 5318 1881 5383 totam,
1915 5282 1963 5347 D
1995 5329 2133 5367 nem
2156 5312 2335 5382 (quod
2354 5329 2388 5367 a
2408 5312 2648 5367 nemine
2671 5311 2865 5368 adhuc
2885 5313 3105 5367 factum
3128 5328 3255 5366 esse
3276 5310 3467 5383 video)
3485 5312 3643 5367 clare

228 5412 443 5475 quanta
465 5407 694 5475 quanta
716 5406 827 5466 est,
852 5398 926 5453 ad
947 5415 1194 5454 examen
1216 5416 1450 5465 vocare,
1472 5402 1733 5457 rationes
1755 5419 1886 5458 mo-

224 5500 422 5549 mento
456 5509 567 5548 suo
598 5488 958 5561 ponderare,
983 5487 1215 5559 singula
1236 5506 1368 5559 qua
1400 5506 1505 5544 nos
1520 5496 1585 5545 et
1606 5491 1880 5547 Ecclesia

222 5583 314 5638 SS.
341 5585 547 5638 Patres
569 5579 692 5635 ullo
715 5575 897 5632 modo
920 5582 1186 5647 spectant
1207 5583 1502 5643 excutere,
1526 5580 1726 5634 omnia
1747 5597 1877 5651 qua

215 5671 637 5728 auctoritatem
667 5666 725 5722 S.
778 5662 990 5735 Ignatii
1028 5663 1382 5720 conﬁrmare
1428 5665 1659 5736 possint
1695 5683 1874 5738 expo-

1996 5409 2051 5457 et
2087 5400 2337 5456 ﬁdeliter
2367 5417 2717 5472 proponam.
2752 5399 3086 5455 Sententias
3118 5401 3426 5456 doctorum
3475 5402 3638 5456 viro-

1991 5508 2145 5559 rum,
2170 5490 2579 5562 cujuscunque
2603 5490 2898 5562 opinionis
2914 5488 3157 5556 fuerint,
3183 5506 3251 5545 eo
3275 5491 3403 5561 ipso
3426 5491 3632 5546 ordine

1990 5597 2107 5651 quo
2138 5579 2506 5649 scripserunt
2529 5578 2805 5645 referam,
2838 5577 3126 5633 editiones
3172 5579 3568 5649 Epistolarum
3599 5596 3629 5634 e

1989 5682 2132 5725 mss.
2157 5674 2460 5725 erutarum
2480 5668 2691 5739 varias,
2718 5673 2777 5723 et
2797 5683 2833 5723 a
2852 5684 2912 5723 se
2945 5683 3183 5739 quoquo
3204 5668 3382 5725 modo
3411 5669 3629 5723 discre-
