  <div class='ocr_page' id='page_1' title='image "/cluster/home/n/w/nwhite01/storage/ocr_20150623/5/mdp.39015015401063/039.png"; bbox 0 0 3974 6134; ppageno 0'>
   <div class='ocr_carea' id='block_1_1' title="bbox 325 300 3747 385">
    <p class='ocr_par' dir='ltr' id='par_1_1' title="bbox 325 300 3747 385">
     <span class='ocr_line' id='line_1_1' title="bbox 325 300 3747 385; baseline -0.003 -6"><span class='ocrx_word' id='word_1_1' title='bbox 325 310 397 383; x_wconf 65' lang='grc'>81</span> <span class='ocrx_word' id='word_1_2' title='bbox 1386 307 1452 385; x_wconf 70' lang='grc' dir='ltr'>ὃ,</span> <span class='ocrx_word' id='word_1_3' title='bbox 1498 306 1898 379; x_wconf 68' lang='grc' dir='ltr'>ῙϐΝΛρἸῚυῦι</span> <span class='ocrx_word' id='word_1_4' title='bbox 1945 337 2024 367; x_wconf 44' lang='lat' dir='ltr'>ea</span> <span class='ocrx_word' id='word_1_5' title='bbox 2068 300 2684 383; x_wconf 63' lang='lat' dir='ltr'>PBDLEGOMENA,</span> <span class='ocrx_word' id='word_1_6' title='bbox 3668 310 3747 379; x_wconf 67' lang='grc' dir='ltr'><strong><em>ΞΒ</em></strong></span> 
     </span>
    </p>
   </div>
   <div class='ocr_carea' id='block_1_2' title="bbox 327 439 3745 527">
    <p class='ocr_par' dir='ltr' id='par_1_2' title="bbox 327 439 3745 527">
     <span class='ocr_line' id='line_1_2' title="bbox 327 439 3745 527; baseline 0 -28"><span class='ocrx_word' id='word_1_7' title='bbox 327 450 563 518; x_wconf 71' lang='lat' dir='ltr'>parites.</span> <span class='ocrx_word' id='word_1_8' title='bbox 588 442 891 521; x_wconf 70' lang='lat' dir='ltr'>sigillatim</span> <span class='ocrx_word' id='word_1_9' title='bbox 913 443 1129 509; x_wconf 83' lang='lat' dir='ltr'>notabo</span> <span class='ocrx_word' id='word_1_10' title='bbox 1155 460 1166 499; x_wconf 95' lang='lat'>:</span> <span class='ocrx_word' id='word_1_11' title='bbox 1192 447 1258 507; x_wconf 83' lang='lat' dir='ltr'>ut</span> <span class='ocrx_word' id='word_1_12' title='bbox 1277 443 1457 511; x_wconf 82' lang='lat' dir='ltr'>simul</span> <span class='ocrx_word' id='word_1_13' title='bbox 1488 448 1544 509; x_wconf 81' lang='lat' dir='ltr'>et</span> <span class='ocrx_word' id='word_1_14' title='bbox 1571 442 1763 512; x_wconf 79' lang='lat' dir='ltr'>qualis</span> <span class='ocrx_word' id='word_1_15' title='bbox 1805 442 1978 513; x_wconf 76' lang='lat' dir='ltr'>Igna-</span> <span class='ocrx_word' id='word_1_16' title='bbox 2008 446 2061 527; x_wconf 60' lang='grc' dir='ltr'><strong>Α</strong></span> <span class='ocrx_word' id='word_1_17' title='bbox 2097 439 2300 507; x_wconf 79' lang='lat' dir='ltr'>Latine</span> <span class='ocrx_word' id='word_1_18' title='bbox 2333 444 2563 509; x_wconf 80' lang='lat' dir='ltr'>tantum</span> <span class='ocrx_word' id='word_1_19' title='bbox 2597 443 2897 508; x_wconf 72' lang='lat' dir='ltr'>exstarent</span> <span class='ocrx_word' id='word_1_20' title='bbox 2926 441 3018 505; x_wconf 66' lang='lat' dir='ltr'>ha;</span> <span class='ocrx_word' id='word_1_21' title='bbox 3049 440 3345 513; x_wconf 74' lang='lat' dir='ltr'>Epistolas.</span> <span class='ocrx_word' id='word_1_22' title='bbox 3371 445 3511 511; x_wconf 79' lang='lat' dir='ltr'>Post</span> <span class='ocrx_word' id='word_1_23' title='bbox 3541 449 3745 499; x_wconf 88' lang='lat' dir='ltr'>autem</span> 
     </span>
    </p>
   </div>
   <div class='ocr_carea' id='block_1_3' title="bbox 343 530 1982 606">
    <p class='ocr_par' dir='ltr' id='par_1_3' title="bbox 343 530 1982 606">
     <span class='ocr_line' id='line_1_3' title="bbox 343 530 1982 606; baseline -0.002 -18"><span class='ocrx_word' id='word_1_24' title='bbox 343 535 460 599; x_wconf 87' lang='lat' dir='ltr'>tius</span> <span class='ocrx_word' id='word_1_25' title='bbox 483 533 822 606; x_wconf 86' lang='lat' dir='ltr'>epistolicus</span> <span class='ocrx_word' id='word_1_26' title='bbox 853 550 921 588; x_wconf 90' lang='lat' dir='ltr'>eo</span> <span class='ocrx_word' id='word_1_27' title='bbox 949 539 1236 604; x_wconf 87' lang='lat' dir='ltr'>tempore,</span> <span class='ocrx_word' id='word_1_28' title='bbox 1278 549 1392 603; x_wconf 92' lang='lat' dir='ltr'>quo</span> <span class='ocrx_word' id='word_1_29' title='bbox 1426 532 1676 603; x_wconf 81' lang='lat' dir='ltr'>quisque</span> <span class='ocrx_word' id='word_1_30' title='bbox 1725 530 1982 605; x_wconf 77' lang='lat' dir='ltr'>scripsit,</span> 
     </span>
    </p>
   </div>
   <div class='ocr_carea' id='block_1_4' title="bbox 332 608 1988 695">
    <p class='ocr_par' dir='ltr' id='par_1_4' title="bbox 332 608 1988 695">
     <span class='ocr_line' id='line_1_4' title="bbox 332 608 1988 695; baseline -0.002 -17"><span class='ocrx_word' id='word_1_31' title='bbox 332 624 692 695; x_wconf 81' lang='lat' dir='ltr'>apparuerit,</span> <span class='ocrx_word' id='word_1_32' title='bbox 724 628 1101 694; x_wconf 89' lang='lat' dir='ltr'>perspectum</span> <span class='ocrx_word' id='word_1_33' title='bbox 1122 620 1333 675; x_wconf 81' lang='lat' dir='ltr'>habeat</span> <span class='ocrx_word' id='word_1_34' title='bbox 1363 608 1662 689; x_wconf 45' lang='lat' dir='ltr'>lector,&#39;ct</span> <span class='ocrx_word' id='word_1_35' title='bbox 1687 619 1758 673; x_wconf 89' lang='lat' dir='ltr'>de</span> <span class='ocrx_word' id='word_1_36' title='bbox 1781 620 1988 685; x_wconf 87' lang='lat' dir='ltr'>unius-</span> 
     </span>
    </p>
   </div>
   <div class='ocr_carea' id='block_1_5' title="bbox 330 707 1982 793">
    <p class='ocr_par' dir='ltr' id='par_1_5' title="bbox 330 707 1982 793">
     <span class='ocr_line' id='line_1_5' title="bbox 330 707 1982 793; baseline -0.002 -28"><span class='ocrx_word' id='word_1_37' title='bbox 330 714 618 793; x_wconf 82' lang='lat' dir='ltr'>cujusque</span> <span class='ocrx_word' id='word_1_38' title='bbox 653 712 952 765; x_wconf 78' lang='lat' dir='ltr'>sententia</span> <span class='ocrx_word' id='word_1_39' title='bbox 976 709 1269 793; x_wconf 61' lang='lat' dir='ltr'>judicium</span> <span class='ocrx_word' id='word_1_40' title='bbox 1302 709 1450 762; x_wconf 83' lang='lat' dir='ltr'>ferat</span> <span class='ocrx_word' id='word_1_41' title='bbox 1481 708 1645 769; x_wconf 84' lang='lat' dir='ltr'>nullo</span> <span class='ocrx_word' id='word_1_42' title='bbox 1692 707 1982 791; x_wconf 80' lang='lat' dir='ltr'>praejudi-</span> 
     </span>
    </p>
   </div>
   <div class='ocr_carea' id='block_1_6' title="bbox 333 788 1985 883">
    <p class='ocr_par' dir='ltr' id='par_1_6' title="bbox 333 788 1985 883">
     <span class='ocr_line' id='line_1_6' title="bbox 333 788 1985 883; baseline -0.002 -29"><span class='ocrx_word' id='word_1_43' title='bbox 333 802 424 867; x_wconf 87' lang='lat' dir='ltr'>cio</span> <span class='ocrx_word' id='word_1_44' title='bbox 457 788 796 881; x_wconf 78' lang='lat' dir='ltr'>occupatus.</span> <span class='ocrx_word' id='word_1_45' title='bbox 834 788 1093 883; x_wconf 82' lang='lat' dir='ltr'>Denique</span> <span class='ocrx_word' id='word_1_46' title='bbox 1134 815 1268 869; x_wconf 67' lang='lat' dir='ltr'>quin</span> <span class='ocrx_word' id='word_1_47' title='bbox 1317 798 1391 857; x_wconf 91' lang='lat' dir='ltr'>sit</span> <span class='ocrx_word' id='word_1_48' title='bbox 1425 797 1647 865; x_wconf 65' lang='lat' dir='ltr'>Dallaai,</span> <span class='ocrx_word' id='word_1_49' title='bbox 1699 788 1985 873; x_wconf 73' lang='lat' dir='ltr'>postremi</span> 
     </span>
    </p>
   </div>
   <div class='ocr_carea' id='block_1_7' title="bbox 333 888 1980 966">
    <p class='ocr_par' dir='ltr' id='par_1_7' title="bbox 333 888 1980 966">
     <span class='ocr_line' id='line_1_7' title="bbox 333 888 1980 966; baseline -0.001 -23"><span class='ocrx_word' id='word_1_50' title='bbox 333 892 775 966; x_wconf 84' lang='lat' dir='ltr'>Ignatianorum</span> <span class='ocrx_word' id='word_1_51' title='bbox 808 891 1011 959; x_wconf 82' lang='lat' dir='ltr'>hostis,</span> <span class='ocrx_word' id='word_1_52' title='bbox 1046 889 1343 955; x_wconf 70' lang='lat' dir='ltr'>sententia</span> <span class='ocrx_word' id='word_1_53' title='bbox 1372 888 1659 959; x_wconf 77' lang='lat' dir='ltr'>referam;</span> <span class='ocrx_word' id='word_1_54' title='bbox 1692 904 1866 959; x_wconf 76' lang='lat' dir='ltr'>quam</span> <span class='ocrx_word' id='word_1_55' title='bbox 1889 904 1980 953; x_wconf 78' lang='lat' dir='ltr'>os-</span> 
     </span>
    </p>
   </div>
   <div class='ocr_carea' id='block_1_8' title="bbox 332 977 1981 1055">
    <p class='ocr_par' dir='ltr' id='par_1_8' title="bbox 332 977 1981 1055">
     <span class='ocr_line' id='line_1_8' title="bbox 332 977 1981 1055; baseline -0.002 -16"><span class='ocrx_word' id='word_1_56' title='bbox 332 987 445 1049; x_wconf 81' lang='lat' dir='ltr'>tra,</span> <span class='ocrx_word' id='word_1_57' title='bbox 480 997 549 1034; x_wconf 89' lang='lat' dir='ltr'>ex</span> <span class='ocrx_word' id='word_1_58' title='bbox 579 981 822 1036; x_wconf 86' lang='lat' dir='ltr'>adverso</span> <span class='ocrx_word' id='word_1_59' title='bbox 871 996 1183 1049; x_wconf 75' lang='lat' dir='ltr'>exponam,</span> <span class='ocrx_word' id='word_1_60' title='bbox 1238 983 1297 1043; x_wconf 84' lang='lat' dir='ltr'>et</span> <span class='ocrx_word' id='word_1_61' title='bbox 1323 978 1465 1050; x_wconf 90' lang='lat' dir='ltr'>quid</span> <span class='ocrx_word' id='word_1_62' title='bbox 1498 995 1532 1045; x_wconf 83' lang='lat' dir='ltr'>a</span> <span class='ocrx_word' id='word_1_63' title='bbox 1574 994 1669 1045; x_wconf 81' lang='lat' dir='ltr'>me</span> <span class='ocrx_word' id='word_1_64' title='bbox 1724 977 1981 1055; x_wconf 83' lang='lat' dir='ltr'>proban-</span> 
     </span>
    </p>
   </div>
   <div class='ocr_carea' id='block_1_9' title="bbox 333 1066 1980 1145">
    <p class='ocr_par' dir='ltr' id='par_1_9' title="bbox 333 1066 1980 1145">
     <span class='ocr_line' id='line_1_9' title="bbox 333 1066 1980 1145; baseline -0.002 -21"><span class='ocrx_word' id='word_1_65' title='bbox 333 1068 495 1135; x_wconf 83' lang='lat' dir='ltr'>dum,</span> <span class='ocrx_word' id='word_1_66' title='bbox 531 1069 670 1145; x_wconf 88' lang='lat' dir='ltr'>quid</span> <span class='ocrx_word' id='word_1_67' title='bbox 701 1067 1095 1135; x_wconf 76' lang='lat' dir='ltr'>refellendum</span> <span class='ocrx_word' id='word_1_68' title='bbox 1128 1068 1318 1137; x_wconf 83' lang='lat' dir='ltr'>sentio</span> <span class='ocrx_word' id='word_1_69' title='bbox 1351 1068 1605 1127; x_wconf 73' lang='lat' dir='ltr'>breviter</span> <span class='ocrx_word' id='word_1_70' title='bbox 1645 1066 1980 1133; x_wconf 81' lang='lat' dir='ltr'>declarabo.</span> 
     </span>
    </p>
   </div>
   <div class='ocr_carea' id='block_1_10' title="bbox 994 1184 1326 1246">
    <p class='ocr_par' dir='ltr' id='par_1_10' title="bbox 994 1184 1326 1246">
     <span class='ocr_line' id='line_1_10' title="bbox 994 1184 1326 1246; baseline -0.003 -8"><span class='ocrx_word' id='word_1_71' title='bbox 994 1184 1220 1246; x_wconf 84' lang='lat' dir='ltr'>CAPUT</span> <span class='ocrx_word' id='word_1_72' title='bbox 1257 1185 1326 1238; x_wconf 92' lang='lat' dir='ltr'>II.</span> 
     </span>
    </p>
   </div>
   <div class='ocr_carea' id='block_1_11' title="bbox 330 1299 1985 1369">
    <p class='ocr_par' dir='ltr' id='par_1_11' title="bbox 330 1299 1985 1369">
     <span class='ocr_line' id='line_1_11' title="bbox 330 1299 1985 1369; baseline 0.001 -16"><span class='ocrx_word' id='word_1_73' title='bbox 330 1300 520 1354; x_wconf 76' lang='lat' dir='ltr'>Prima</span> <span class='ocrx_word' id='word_1_74' title='bbox 572 1301 783 1367; x_wconf 75' lang='lat' dir='ltr'>Ignotii</span> <span class='ocrx_word' id='word_1_75' title='bbox 821 1300 991 1354; x_wconf 82' lang='lat' dir='ltr'>editio</span> <span class='ocrx_word' id='word_1_76' title='bbox 1048 1302 1246 1354; x_wconf 81' lang='lat' dir='ltr'>Latina</span> <span class='ocrx_word' id='word_1_77' title='bbox 1286 1306 1518 1357; x_wconf 77' lang='lat' dir='ltr'>tantum.</span> <span class='ocrx_word' id='word_1_78' title='bbox 1560 1299 1820 1369; x_wconf 66' lang='lat' dir='ltr'>Epistolas</span> <span class='ocrx_word' id='word_1_79' title='bbox 1867 1301 1985 1368; x_wconf 83' lang='lat' dir='ltr'>ejus</span> 
     </span>
    </p>
   </div>
   <div class='ocr_carea' id='block_1_12' title="bbox 828 1372 1471 1442">
    <p class='ocr_par' dir='ltr' id='par_1_12' title="bbox 828 1372 1471 1442">
     <span class='ocr_line' id='line_1_12' title="bbox 828 1372 1471 1442; baseline 0.002 -17"><span class='ocrx_word' id='word_1_80' title='bbox 828 1388 935 1442; x_wconf 80' lang='lat' dir='ltr'>pro</span> <span class='ocrx_word' id='word_1_81' title='bbox 965 1372 1219 1440; x_wconf 76' lang='lat' dir='ltr'>genuinis</span> <span class='ocrx_word' id='word_1_82' title='bbox 1244 1372 1471 1427; x_wconf 66' lang='lat' dir='ltr'>habitae.</span> 
     </span>
    </p>
   </div>
   <div class='ocr_carea' id='block_1_13' title="bbox 406 1470 1984 1542">
    <p class='ocr_par' dir='ltr' id='par_1_13' title="bbox 406 1470 1984 1542">
     <span class='ocr_line' id='line_1_13' title="bbox 406 1470 1984 1542; baseline -0.004 -12"><span class='ocrx_word' id='word_1_83' title='bbox 406 1470 526 1530; x_wconf 81' lang='lat' dir='ltr'>Sub</span> <span class='ocrx_word' id='word_1_84' title='bbox 553 1471 760 1542; x_wconf 87' lang='lat' dir='ltr'>Ignatii</span> <span class='ocrx_word' id='word_1_85' title='bbox 791 1471 1037 1529; x_wconf 86' lang='lat' dir='ltr'>nomine</span> <span class='ocrx_word' id='word_1_86' title='bbox 1066 1472 1256 1542; x_wconf 89' lang='lat' dir='ltr'>primo</span> <span class='ocrx_word' id='word_1_87' title='bbox 1279 1477 1398 1526; x_wconf 87' lang='lat' dir='ltr'>tres</span> <span class='ocrx_word' id='word_1_88' title='bbox 1420 1470 1687 1542; x_wconf 63' lang='lat' dir='ltr'>epistolas</span> <span class='ocrx_word' id='word_1_89' title='bbox 1712 1471 1984 1526; x_wconf 87' lang='lat' dir='ltr'>inlucem</span> 
     </span>
    </p>
   </div>
   <div class='ocr_carea' id='block_1_14' title="bbox 335 1559 1985 1625">
    <p class='ocr_par' dir='ltr' id='par_1_14' title="bbox 335 1559 1985 1625">
     <span class='ocr_line' id='line_1_14' title="bbox 335 1559 1985 1625; baseline -0.001 -11"><span class='ocrx_word' id='word_1_90' title='bbox 335 1559 512 1614; x_wconf 67' lang='lat' dir='ltr'>editas</span> <span class='ocrx_word' id='word_1_91' title='bbox 548 1566 690 1614; x_wconf 91' lang='lat' dir='ltr'>sunt</span> <span class='ocrx_word' id='word_1_92' title='bbox 718 1560 960 1615; x_wconf 76' lang='lat' dir='ltr'>Parisiis</span> <span class='ocrx_word' id='word_1_93' title='bbox 1012 1561 1211 1617; x_wconf 84' lang='lat' dir='ltr'>Latine</span> <span class='ocrx_word' id='word_1_94' title='bbox 1256 1566 1508 1625; x_wconf 87' lang='lat' dir='ltr'>tantum,</span> <span class='ocrx_word' id='word_1_95' title='bbox 1542 1576 1698 1615; x_wconf 89' lang='lat' dir='ltr'>anno</span> <span class='ocrx_word' id='word_1_96' title='bbox 1748 1559 1985 1615; x_wconf 87' lang='lat' dir='ltr'>Domini</span> 
     </span>
    </p>
   </div>
   <div class='ocr_carea' id='block_1_15' title="bbox 337 1648 1987 1722">
    <p class='ocr_par' dir='ltr' id='par_1_15' title="bbox 337 1648 1987 1722">
     <span class='ocr_line' id='line_1_15' title="bbox 337 1648 1987 1722; baseline 0.001 -20"><span class='ocrx_word' id='word_1_97' title='bbox 337 1651 496 1722; x_wconf 67' lang='lat'>1495,</span> <span class='ocrx_word' id='word_1_98' title='bbox 530 1648 605 1702; x_wconf 91' lang='lat' dir='ltr'>ad</span> <span class='ocrx_word' id='word_1_99' title='bbox 635 1650 721 1721; x_wconf 69' lang='lat' dir='ltr'>B.,</span> <span class='ocrx_word' id='word_1_100' title='bbox 755 1648 995 1704; x_wconf 88' lang='lat' dir='ltr'>Mariam</span> <span class='ocrx_word' id='word_1_101' title='bbox 1022 1665 1161 1720; x_wconf 69' lang='lat' dir='ltr'>una,</span> <span class='ocrx_word' id='word_1_102' title='bbox 1218 1649 1289 1703; x_wconf 89' lang='lat' dir='ltr'>ad</span> <span class='ocrx_word' id='word_1_103' title='bbox 1324 1651 1378 1703; x_wconf 93' lang='lat' dir='ltr'>S.</span> <span class='ocrx_word' id='word_1_104' title='bbox 1430 1651 1716 1720; x_wconf 79' lang='lat' dir='ltr'>Joannem</span> <span class='ocrx_word' id='word_1_105' title='bbox 1749 1655 1987 1721; x_wconf 84' lang='lat' dir='ltr'>aposto-</span> 
     </span>
    </p>
   </div>
   <div class='ocr_carea' id='block_1_16' title="bbox 336 1736 1982 1808">
    <p class='ocr_par' dir='ltr' id='par_1_16' title="bbox 336 1736 1982 1808">
     <span class='ocr_line' id='line_1_16' title="bbox 336 1736 1982 1808; baseline 0.001 -17"><span class='ocrx_word' id='word_1_106' title='bbox 336 1737 463 1791; x_wconf 89' lang='lat' dir='ltr'>lum</span> <span class='ocrx_word' id='word_1_107' title='bbox 494 1736 646 1791; x_wconf 73' lang='lat' dir='ltr'>duaa.</span> <span class='ocrx_word' id='word_1_108' title='bbox 674 1740 843 1792; x_wconf 85' lang='lat' dir='ltr'>Anno</span> <span class='ocrx_word' id='word_1_109' title='bbox 878 1739 1034 1803; x_wconf 84' lang='grc'>1498,</span> <span class='ocrx_word' id='word_1_110' title='bbox 1067 1737 1346 1792; x_wconf 88' lang='lat' dir='ltr'>undecim</span> <span class='ocrx_word' id='word_1_111' title='bbox 1377 1738 1654 1808; x_wconf 61' lang='lat' dir='ltr'>Epistolas</span> <span class='ocrx_word' id='word_1_112' title='bbox 1695 1738 1847 1803; x_wconf 67' lang='lat' dir='ltr'>aliae,</span> <span class='ocrx_word' id='word_1_113' title='bbox 1878 1738 1982 1792; x_wconf 82' lang='lat' dir='ltr'>La-</span> 
     </span>
    </p>
   </div>
   <div class='ocr_carea' id='block_1_17' title="bbox 340 1825 1978 1899">
    <p class='ocr_par' dir='ltr' id='par_1_17' title="bbox 340 1825 1978 1899">
     <span class='ocr_line' id='line_1_17' title="bbox 340 1825 1978 1899; baseline 0.002 -20"><span class='ocrx_word' id='word_1_114' title='bbox 340 1825 479 1879; x_wconf 69' lang='lat' dir='ltr'>tinas</span> <span class='ocrx_word' id='word_1_115' title='bbox 510 1826 751 1897; x_wconf 84' lang='lat' dir='ltr'>pariter,</span> <span class='ocrx_word' id='word_1_116' title='bbox 786 1843 854 1880; x_wconf 84' lang='lat' dir='ltr'>ex</span> <span class='ocrx_word' id='word_1_117' title='bbox 886 1826 1067 1887; x_wconf 81' lang='lat' dir='ltr'>veteri</span> <span class='ocrx_word' id='word_1_118' title='bbox 1108 1826 1400 1895; x_wconf 71' lang='lat' dir='ltr'>versione,</span> <span class='ocrx_word' id='word_1_119' title='bbox 1451 1827 1714 1897; x_wconf 76' lang='lat' dir='ltr'>nondum</span> <span class='ocrx_word' id='word_1_120' title='bbox 1743 1844 1978 1899; x_wconf 89' lang='lat' dir='ltr'>compa-</span> 
     </span>
    </p>
   </div>
   <div class='ocr_carea' id='block_1_18' title="bbox 339 1914 1990 1991">
    <p class='ocr_par' dir='ltr' id='par_1_18' title="bbox 339 1914 1990 1991">
     <span class='ocr_line' id='line_1_18' title="bbox 339 1914 1990 1991; baseline 0.002 -23"><span class='ocrx_word' id='word_1_121' title='bbox 339 1924 507 1969; x_wconf 88' lang='lat' dir='ltr'>rente</span> <span class='ocrx_word' id='word_1_122' title='bbox 539 1914 861 1986; x_wconf 84' lang='lat' dir='ltr'>exemplari</span> <span class='ocrx_word' id='word_1_123' title='bbox 893 1916 1115 1981; x_wconf 70' lang='lat' dir='ltr'>Graeco,</span> <span class='ocrx_word' id='word_1_124' title='bbox 1154 1932 1189 1971; x_wconf 88' lang='lat' dir='ltr'>a</span> <span class='ocrx_word' id='word_1_125' title='bbox 1219 1916 1402 1971; x_wconf 88' lang='lat' dir='ltr'>Fabro</span> <span class='ocrx_word' id='word_1_126' title='bbox 1454 1916 1786 1991; x_wconf 66' lang='lat' dir='ltr'>Stapulensi</span> <span class='ocrx_word' id='word_1_127' title='bbox 1836 1917 1990 1989; x_wconf 78' lang='lat' dir='ltr'>typis</span> 
     </span>
    </p>
   </div>
   <div class='ocr_carea' id='block_1_19' title="bbox 342 2005 1989 2076">
    <p class='ocr_par' dir='ltr' id='par_1_19' title="bbox 342 2005 1989 2076">
     <span class='ocr_line' id='line_1_19' title="bbox 342 2005 1989 2076; baseline 0.001 -18"><span class='ocrx_word' id='word_1_128' title='bbox 342 2008 481 2058; x_wconf 92' lang='lat' dir='ltr'>sunt</span> <span class='ocrx_word' id='word_1_129' title='bbox 511 2005 837 2075; x_wconf 65' lang='lat' dir='ltr'>impressas.</span> <span class='ocrx_word' id='word_1_130' title='bbox 885 2008 1016 2059; x_wconf 73' lang='lat' dir='ltr'>Haec</span> <span class='ocrx_word' id='word_1_131' title='bbox 1065 2010 1263 2059; x_wconf 88' lang='lat' dir='ltr'>autem</span> <span class='ocrx_word' id='word_1_132' title='bbox 1309 2006 1585 2076; x_wconf 88' lang='lat' dir='ltr'>princeps</span> <span class='ocrx_word' id='word_1_133' title='bbox 1645 2005 1824 2059; x_wconf 86' lang='lat' dir='ltr'>editio</span> <span class='ocrx_word' id='word_1_134' title='bbox 1856 2007 1989 2076; x_wconf 85' lang='lat' dir='ltr'>fuit,</span> 
     </span>
    </p>
   </div>
   <div class='ocr_carea' id='block_1_20' title="bbox 343 2093 1991 2165">
    <p class='ocr_par' dir='ltr' id='par_1_20' title="bbox 343 2093 1991 2165">
     <span class='ocr_line' id='line_1_20' title="bbox 343 2093 1991 2165; baseline 0.002 -19"><span class='ocrx_word' id='word_1_135' title='bbox 343 2098 492 2147; x_wconf 87' lang='lat' dir='ltr'>teste</span> <span class='ocrx_word' id='word_1_136' title='bbox 523 2093 791 2164; x_wconf 88' lang='lat' dir='ltr'>Philippo</span> <span class='ocrx_word' id='word_1_137' title='bbox 827 2093 1075 2161; x_wconf 88' lang='lat' dir='ltr'>Labbeo,</span> <span class='ocrx_word' id='word_1_138' title='bbox 1120 2093 1220 2162; x_wconf 91' lang='lat' dir='ltr'>qui</span> <span class='ocrx_word' id='word_1_139' title='bbox 1272 2093 1376 2148; x_wconf 90' lang='lat' dir='ltr'>has</span> <span class='ocrx_word' id='word_1_140' title='bbox 1406 2094 1679 2148; x_wconf 90' lang='lat' dir='ltr'>undecim</span> <span class='ocrx_word' id='word_1_141' title='bbox 1712 2095 1991 2165; x_wconf 76' lang='lat' dir='ltr'>epistolas</span> 
     </span>
    </p>
   </div>
   <div class='ocr_carea' id='block_1_21' title="bbox 344 2183 1990 2255">
    <p class='ocr_par' dir='ltr' id='par_1_21' title="bbox 344 2183 1990 2255">
     <span class='ocr_line' id='line_1_21' title="bbox 344 2183 1990 2255; baseline 0.004 -21"><span class='ocrx_word' id='word_1_142' title='bbox 344 2187 484 2236; x_wconf 90' lang='lat' dir='ltr'>tunc</span> <span class='ocrx_word' id='word_1_143' title='bbox 510 2199 757 2237; x_wconf 85' lang='lat' dir='ltr'>excusas</span> <span class='ocrx_word' id='word_1_144' title='bbox 780 2183 938 2237; x_wconf 91' lang='lat' dir='ltr'>inter</span> <span class='ocrx_word' id='word_1_145' title='bbox 967 2184 1190 2253; x_wconf 90' lang='lat' dir='ltr'>primas</span> <span class='ocrx_word' id='word_1_146' title='bbox 1221 2184 1512 2238; x_wconf 85' lang='lat' dir='ltr'>editiones</span> <span class='ocrx_word' id='word_1_147' title='bbox 1542 2191 1838 2253; x_wconf 85' lang='lat' dir='ltr'>numerat,</span> <span class='ocrx_word' id='word_1_148' title='bbox 1859 2202 1990 2255; x_wconf 73' lang='lat' dir='ltr'>quae</span> 
     </span>
    </p>
   </div>
   <div class='ocr_carea' id='block_1_22' title="bbox 340 2269 1989 2343">
    <p class='ocr_par' dir='ltr' id='par_1_22' title="bbox 340 2269 1989 2343">
     <span class='ocr_line' id='line_1_22' title="bbox 340 2269 1989 2343; baseline 0.004 -21"><span class='ocrx_word' id='word_1_149' title='bbox 340 2269 401 2323; x_wconf 92' lang='lat' dir='ltr'>in</span> <span class='ocrx_word' id='word_1_150' title='bbox 462 2272 640 2341; x_wconf 81' lang='lat' dir='ltr'>Regia</span> <span class='ocrx_word' id='word_1_151' title='bbox 698 2271 1061 2325; x_wconf 87' lang='lat' dir='ltr'>Bibliotheca</span> <span class='ocrx_word' id='word_1_152' title='bbox 1118 2273 1359 2341; x_wconf 74' lang='lat' dir='ltr'>Parisiis</span> <span class='ocrx_word' id='word_1_153' title='bbox 1419 2276 1989 2343; x_wconf 82' lang='lat' dir='ltr'>asservantur.Tum</span> 
     </span>
    </p>
   </div>
   <div class='ocr_carea' id='block_1_23' title="bbox 338 2360 1990 2433">
    <p class='ocr_par' dir='ltr' id='par_1_23' title="bbox 338 2360 1990 2433">
     <span class='ocr_line' id='line_1_23' title="bbox 338 2360 1990 2433; baseline 0.004 -22"><span class='ocrx_word' id='word_1_154' title='bbox 338 2375 474 2412; x_wconf 80' lang='lat' dir='ltr'>vero</span> <span class='ocrx_word' id='word_1_155' title='bbox 510 2360 978 2430; x_wconf 85' lang='lat' dir='ltr'>Symphorianus</span> <span class='ocrx_word' id='word_1_156' title='bbox 1007 2361 1394 2431; x_wconf 88' lang='lat' dir='ltr'>Champerius</span> <span class='ocrx_word' id='word_1_157' title='bbox 1427 2362 1850 2433; x_wconf 81' lang='lat' dir='ltr'>Lugdunensis,</span> <span class='ocrx_word' id='word_1_158' title='bbox 1884 2363 1990 2418; x_wconf 91' lang='lat' dir='ltr'>has</span> 
     </span>
    </p>
   </div>
   <div class='ocr_carea' id='block_1_24' title="bbox 339 2446 1990 2523">
    <p class='ocr_par' dir='ltr' id='par_1_24' title="bbox 339 2446 1990 2523">
     <span class='ocr_line' id='line_1_24' title="bbox 339 2446 1990 2523; baseline 0.004 -24"><span class='ocrx_word' id='word_1_159' title='bbox 339 2462 373 2500; x_wconf 93' lang='lat' dir='ltr'>a</span> <span class='ocrx_word' id='word_1_160' title='bbox 399 2446 585 2500; x_wconf 84' lang='lat' dir='ltr'>Fabro</span> <span class='ocrx_word' id='word_1_161' title='bbox 618 2447 807 2501; x_wconf 88' lang='lat' dir='ltr'>editas</span> <span class='ocrx_word' id='word_1_162' title='bbox 838 2465 973 2502; x_wconf 91' lang='lat' dir='ltr'>cum</span> <span class='ocrx_word' id='word_1_163' title='bbox 1005 2449 1197 2503; x_wconf 89' lang='lat' dir='ltr'>tribus</span> <span class='ocrx_word' id='word_1_164' title='bbox 1228 2450 1360 2504; x_wconf 91' lang='lat' dir='ltr'>aliis</span> <span class='ocrx_word' id='word_1_165' title='bbox 1392 2451 1464 2505; x_wconf 90' lang='lat' dir='ltr'>ab</span> <span class='ocrx_word' id='word_1_166' title='bbox 1504 2452 1607 2505; x_wconf 92' lang='lat' dir='ltr'>illo</span> <span class='ocrx_word' id='word_1_167' title='bbox 1641 2453 1899 2523; x_wconf 80' lang='lat' dir='ltr'>rejectis,</span> <span class='ocrx_word' id='word_1_168' title='bbox 1933 2456 1990 2507; x_wconf 90' lang='lat' dir='ltr'>et</span> 
     </span>
    </p>
   </div>
   <div class='ocr_carea' id='block_1_25' title="bbox 345 2535 1989 2610">
    <p class='ocr_par' dir='ltr' id='par_1_25' title="bbox 345 2535 1989 2610">
     <span class='ocr_line' id='line_1_25' title="bbox 345 2535 1989 2610; baseline 0.004 -21"><span class='ocrx_word' id='word_1_169' title='bbox 345 2541 558 2604; x_wconf 86' lang='lat' dir='ltr'>quarta</span> <span class='ocrx_word' id='word_1_170' title='bbox 604 2536 677 2591; x_wconf 87' lang='lat' dir='ltr'>ad</span> <span class='ocrx_word' id='word_1_171' title='bbox 735 2535 975 2593; x_wconf 80' lang='lat' dir='ltr'>Mariam</span> <span class='ocrx_word' id='word_1_172' title='bbox 1025 2537 1451 2594; x_wconf 84' lang='lat' dir='ltr'>Gassobolitam</span> <span class='ocrx_word' id='word_1_173' title='bbox 1505 2556 1813 2610; x_wconf 86' lang='lat' dir='ltr'>nunquam</span> <span class='ocrx_word' id='word_1_174' title='bbox 1854 2547 1989 2596; x_wconf 84' lang='lat' dir='ltr'>ante</span> 
     </span>
    </p>
   </div>
   <div class='ocr_carea' id='block_1_26' title="bbox 341 2621 1988 2700">
    <p class='ocr_par' dir='ltr' id='par_1_26' title="bbox 341 2621 1988 2700">
     <span class='ocr_line' id='line_1_26' title="bbox 341 2621 1988 2700; baseline 0.007 -25"><span class='ocrx_word' id='word_1_175' title='bbox 341 2621 662 2692; x_wconf 85' lang='lat' dir='ltr'>publicata.</span> <span class='ocrx_word' id='word_1_176' title='bbox 694 2623 783 2677; x_wconf 91' lang='lat' dir='ltr'>edi</span> <span class='ocrx_word' id='word_1_177' title='bbox 819 2626 1076 2692; x_wconf 86' lang='lat' dir='ltr'>curavit;</span> <span class='ocrx_word' id='word_1_178' title='bbox 1112 2633 1287 2697; x_wconf 90' lang='lat' dir='ltr'>atque</span> <span class='ocrx_word' id='word_1_179' title='bbox 1333 2629 1416 2684; x_wconf 89' lang='lat' dir='ltr'>ita</span> <span class='ocrx_word' id='word_1_180' title='bbox 1463 2630 1703 2684; x_wconf 84' lang='lat' dir='ltr'>tandem</span> <span class='ocrx_word' id='word_1_181' title='bbox 1735 2631 1988 2700; x_wconf 89' lang='lat' dir='ltr'>quinde-</span> 
     </span>
    </p>
   </div>
   <div class='ocr_carea' id='block_1_27' title="bbox 343 2711 1411 2783">
    <p class='ocr_par' dir='ltr' id='par_1_27' title="bbox 343 2711 1411 2783">
     <span class='ocr_line' id='line_1_27' title="bbox 343 2711 1411 2783; baseline 0.009 -20"><span class='ocrx_word' id='word_1_182' title='bbox 343 2711 459 2765; x_wconf 90' lang='lat' dir='ltr'>cim</span> <span class='ocrx_word' id='word_1_183' title='bbox 492 2711 701 2781; x_wconf 78' lang='lat' dir='ltr'>lguatii</span> <span class='ocrx_word' id='word_1_184' title='bbox 735 2713 1004 2783; x_wconf 75' lang='lat' dir='ltr'>epistolae</span> <span class='ocrx_word' id='word_1_185' title='bbox 1035 2718 1411 2774; x_wconf 82' lang='lat' dir='ltr'>exstiterunt.</span> 
     </span>
    </p>
   </div>
   <div class='ocr_carea' id='block_1_28' title="bbox 415 2800 1989 2873">
    <p class='ocr_par' dir='ltr' id='par_1_28' title="bbox 415 2800 1989 2873">
     <span class='ocr_line' id='line_1_28' title="bbox 415 2800 1989 2873; baseline 0.006 -20"><span class='ocrx_word' id='word_1_186' title='bbox 415 2801 484 2855; x_wconf 87' lang='lat' dir='ltr'>Et</span> <span class='ocrx_word' id='word_1_187' title='bbox 504 2800 631 2855; x_wconf 75' lang='lat' dir='ltr'>ham</span> <span class='ocrx_word' id='word_1_188' title='bbox 651 2800 893 2870; x_wconf 88' lang='lat' dir='ltr'>quidem</span> <span class='ocrx_word' id='word_1_189' title='bbox 914 2803 1095 2861; x_wconf 80' lang='lat' dir='ltr'>facies</span> <span class='ocrx_word' id='word_1_190' title='bbox 1118 2806 1173 2859; x_wconf 84' lang='lat'>8.</span> <span class='ocrx_word' id='word_1_191' title='bbox 1207 2807 1415 2872; x_wconf 75' lang='lat' dir='ltr'>Ignatii</span> <span class='ocrx_word' id='word_1_192' title='bbox 1441 2807 1548 2861; x_wconf 88' lang='lat' dir='ltr'>sub</span> <span class='ocrx_word' id='word_1_193' title='bbox 1579 2808 1750 2862; x_wconf 88' lang='lat' dir='ltr'>initio</span> <span class='ocrx_word' id='word_1_194' title='bbox 1774 2808 1989 2873; x_wconf 81' lang='lat' dir='ltr'>decimi</span> 
     </span>
    </p>
   </div>
   <div class='ocr_carea' id='block_1_29' title="bbox 343 2888 1988 2967">
    <p class='ocr_par' dir='ltr' id='par_1_29' title="bbox 343 2888 1988 2967">
     <span class='ocr_line' id='line_1_29' title="bbox 343 2888 1988 2967; baseline 0.004 -24"><span class='ocrx_word' id='word_1_195' title='bbox 343 2888 493 2944; x_wconf 83' lang='lat' dir='ltr'>sexti</span> <span class='ocrx_word' id='word_1_196' title='bbox 517 2889 717 2945; x_wconf 61' lang='lat' dir='ltr'>saeculi</span> <span class='ocrx_word' id='word_1_197' title='bbox 750 2889 900 2959; x_wconf 84' lang='lat' dir='ltr'>fuit;</span> <span class='ocrx_word' id='word_1_198' title='bbox 927 2909 1059 2949; x_wconf 84' lang='lat' dir='ltr'>cum</span> <span class='ocrx_word' id='word_1_199' title='bbox 1092 2894 1217 2963; x_wconf 90' lang='lat' dir='ltr'>ipse</span> <span class='ocrx_word' id='word_1_200' title='bbox 1239 2896 1424 2949; x_wconf 86' lang='lat' dir='ltr'>Faber</span> <span class='ocrx_word' id='word_1_201' title='bbox 1446 2896 1836 2965; x_wconf 83' lang='lat' dir='ltr'>Stapulensis,</span> <span class='ocrx_word' id='word_1_202' title='bbox 1870 2897 1988 2967; x_wconf 84' lang='lat' dir='ltr'>pri-</span> 
     </span>
    </p>
   </div>
   <div class='ocr_carea' id='block_1_30' title="bbox 342 2977 1989 3054">
    <p class='ocr_par' dir='ltr' id='par_1_30' title="bbox 342 2977 1989 3054">
     <span class='ocr_line' id='line_1_30' title="bbox 342 2977 1989 3054; baseline 0.005 -22"><span class='ocrx_word' id='word_1_203' title='bbox 342 2994 456 3033; x_wconf 76' lang='lat' dir='ltr'>mae</span> <span class='ocrx_word' id='word_1_204' title='bbox 487 2977 765 3035; x_wconf 81' lang='lat' dir='ltr'>editionis</span> <span class='ocrx_word' id='word_1_205' title='bbox 788 2986 1043 3049; x_wconf 88' lang='lat' dir='ltr'>curator,</span> <span class='ocrx_word' id='word_1_206' title='bbox 1068 2983 1195 3054; x_wconf 82' lang='lat' dir='ltr'>ejus</span> <span class='ocrx_word' id='word_1_207' title='bbox 1214 2984 1563 3038; x_wconf 85' lang='lat' dir='ltr'>auctoritate</span> <span class='ocrx_word' id='word_1_208' title='bbox 1595 2990 1875 3054; x_wconf 86' lang='lat' dir='ltr'>tanquam</span> <span class='ocrx_word' id='word_1_209' title='bbox 1900 2986 1989 3040; x_wconf 91' lang='lat' dir='ltr'>in-</span> 
     </span>
    </p>
   </div>
   <div class='ocr_carea' id='block_1_31' title="bbox 344 3067 1986 3144">
    <p class='ocr_par' dir='ltr' id='par_1_31' title="bbox 344 3067 1986 3144">
     <span class='ocr_line' id='line_1_31' title="bbox 344 3067 1986 3144; baseline 0.002 -20"><span class='ocrx_word' id='word_1_210' title='bbox 344 3067 631 3144; x_wconf 74' lang='lat' dir='ltr'>dubitata,</span> <span class='ocrx_word' id='word_1_211' title='bbox 656 3067 717 3122; x_wconf 90' lang='lat' dir='ltr'>in</span> <span class='ocrx_word' id='word_1_212' title='bbox 735 3067 930 3124; x_wconf 89' lang='lat' dir='ltr'>libello</span> <span class='ocrx_word' id='word_1_213' title='bbox 948 3071 1019 3125; x_wconf 85' lang='lat' dir='ltr'>De</span> <span class='ocrx_word' id='word_1_214' title='bbox 1031 3072 1215 3135; x_wconf 76' lang='lat' dir='ltr'>triduo</span> <span class='ocrx_word' id='word_1_215' title='bbox 1238 3073 1436 3127; x_wconf 75' lang='lat' dir='ltr'>Christi</span> <span class='ocrx_word' id='word_1_216' title='bbox 1454 3074 1658 3129; x_wconf 83' lang='lat' dir='ltr'>utitur.</span> <span class='ocrx_word' id='word_1_217' title='bbox 1684 3095 1706 3126; x_wconf 74' lang='grc' dir='ltr'>ι</span> <span class='ocrx_word' id='word_1_218' title='bbox 1728 3074 1986 3129; x_wconf 85' lang='lat' dir='ltr'>Tametsi</span> 
     </span>
    </p>
   </div>
   <div class='ocr_carea' id='block_1_32' title="bbox 343 3156 2061 3235">
    <p class='ocr_par' dir='ltr' id='par_1_32' title="bbox 343 3156 2061 3235">
     <span class='ocr_line' id='line_1_32' title="bbox 343 3156 2061 3235; baseline 0.003 -22"><span class='ocrx_word' id='word_1_219' title='bbox 343 3156 491 3213; x_wconf 87' lang='lat' dir='ltr'>mihi</span> <span class='ocrx_word' id='word_1_220' title='bbox 522 3157 888 3227; x_wconf 85' lang='lat' dir='ltr'>impossibile</span> <span class='ocrx_word' id='word_1_221' title='bbox 918 3158 996 3214; x_wconf 87' lang='lat' dir='ltr'>sit</span> <span class='ocrx_word' id='word_1_222' title='bbox 1021 3175 1090 3217; x_wconf 81' lang='lat' dir='ltr'>ex</span> <span class='ocrx_word' id='word_1_223' title='bbox 1120 3176 1214 3215; x_wconf 84' lang='lat' dir='ltr'>me</span> <span class='ocrx_word' id='word_1_224' title='bbox 1236 3160 1312 3216; x_wconf 90' lang='lat' dir='ltr'>ad</span> <span class='ocrx_word' id='word_1_225' title='bbox 1337 3161 1501 3216; x_wconf 86' lang='lat' dir='ltr'>illam</span> <span class='ocrx_word' id='word_1_226' title='bbox 1528 3163 1986 3235; x_wconf 83' lang='lat' dir='ltr'>intelligentiam</span> <span class='ocrx_word' id='word_1_227' title='bbox 2019 3174 2061 3235; x_wconf 73' lang='grc' dir='ltr'>ο</span> 
     </span>
    </p>
   </div>
   <div class='ocr_carea' id='block_1_33' title="bbox 342 3248 1990 3323">
    <p class='ocr_par' dir='ltr' id='par_1_33' title="bbox 342 3248 1990 3323">
     <span class='ocr_line' id='line_1_33' title="bbox 342 3248 1990 3323; baseline 0.004 -22"><span class='ocrx_word' id='word_1_228' title='bbox 342 3250 694 3316; x_wconf 83' lang='lat' dir='ltr'>penetrare;</span> <span class='ocrx_word' id='word_1_229' title='bbox 728 3263 859 3305; x_wconf 84' lang='lat' dir='ltr'>eam</span> <span class='ocrx_word' id='word_1_230' title='bbox 890 3251 1090 3303; x_wconf 86' lang='lat' dir='ltr'>tamen</span> <span class='ocrx_word' id='word_1_231' title='bbox 1121 3248 1182 3313; x_wconf 87' lang='lat' dir='ltr'>in</span> <span class='ocrx_word' id='word_1_232' title='bbox 1213 3249 1321 3305; x_wconf 88' lang='lat' dir='ltr'>hac</span> <span class='ocrx_word' id='word_1_233' title='bbox 1354 3268 1418 3309; x_wconf 88' lang='lat' dir='ltr'>re</span> <span class='ocrx_word' id='word_1_234' title='bbox 1451 3269 1579 3306; x_wconf 90' lang='lat' dir='ltr'>esse</span> <span class='ocrx_word' id='word_1_235' title='bbox 1609 3260 1772 3323; x_wconf 89' lang='lat' dir='ltr'>puto,</span> <span class='ocrx_word' id='word_1_236' title='bbox 1810 3269 1990 3323; x_wconf 90' lang='lat' dir='ltr'>quam</span> 
     </span>
    </p>
   </div>
   <div class='ocr_carea' id='block_1_34' title="bbox 343 3334 1990 3411">
    <p class='ocr_par' dir='ltr' id='par_1_34' title="bbox 343 3334 1990 3411">
     <span class='ocr_line' id='line_1_34' title="bbox 343 3334 1990 3411; baseline 0.005 -24"><span class='ocrx_word' id='word_1_237' title='bbox 343 3334 530 3395; x_wconf 85' lang='lat' dir='ltr'>deifer</span> <span class='ocrx_word' id='word_1_238' title='bbox 548 3335 811 3404; x_wconf 82' lang='lat' dir='ltr'>Iguatius</span> <span class='ocrx_word' id='word_1_239' title='bbox 831 3336 891 3393; x_wconf 90' lang='lat' dir='ltr'>in</span> <span class='ocrx_word' id='word_1_240' title='bbox 913 3336 1104 3407; x_wconf 86' lang='lat' dir='ltr'>prima</span> <span class='ocrx_word' id='word_1_241' title='bbox 1124 3339 1531 3411; x_wconf 71' lang='lat' dir='ltr'>epistola,quaa</span> <span class='ocrx_word' id='word_1_242' title='bbox 1556 3347 1647 3396; x_wconf 90' lang='lat' dir='ltr'>est</span> <span class='ocrx_word' id='word_1_243' title='bbox 1662 3341 1736 3395; x_wconf 90' lang='lat' dir='ltr'>ad</span> <span class='ocrx_word' id='word_1_244' title='bbox 1756 3340 1990 3396; x_wconf 85' lang='lat' dir='ltr'>Trallia-</span> 
     </span>
    </p>
   </div>
   <div class='ocr_carea' id='block_1_35' title="bbox 343 3426 1989 3501">
    <p class='ocr_par' dir='ltr' id='par_1_35' title="bbox 343 3426 1989 3501">
     <span class='ocr_line' id='line_1_35' title="bbox 343 3426 1989 3501; baseline 0.002 -18"><span class='ocrx_word' id='word_1_245' title='bbox 343 3441 472 3493; x_wconf 83' lang='lat' dir='ltr'>nos,</span> <span class='ocrx_word' id='word_1_246' title='bbox 491 3426 681 3495; x_wconf 85' lang='lat' dir='ltr'>aperit</span> <span class='ocrx_word' id='word_1_247' title='bbox 699 3426 770 3481; x_wconf 91' lang='lat' dir='ltr'>de</span> <span class='ocrx_word' id='word_1_248' title='bbox 786 3427 1036 3483; x_wconf 90' lang='lat' dir='ltr'>Domino</span> <span class='ocrx_word' id='word_1_249' title='bbox 1060 3430 1143 3484; x_wconf 89' lang='lat' dir='ltr'>sic</span> <span class='ocrx_word' id='word_1_250' title='bbox 1166 3430 1449 3501; x_wconf 85' lang='lat' dir='ltr'>loquens:</span> <span class='ocrx_word' id='word_1_251' title='bbox 1474 3454 1501 3481; x_wconf 76' lang='grc' dir='ltr'>ι)</span> <span class='ocrx_word' id='word_1_252' title='bbox 1522 3434 1673 3486; x_wconf 85' lang='lat' dir='ltr'>Ante</span> <span class='ocrx_word' id='word_1_253' title='bbox 1693 3449 1826 3487; x_wconf 87' lang='lat' dir='ltr'>vero</span> <span class='ocrx_word' id='word_1_254' title='bbox 1847 3433 1989 3486; x_wconf 79' lang='lat' dir='ltr'>solis</span> 
     </span>
    </p>
   </div>
   <div class='ocr_carea' id='block_1_36' title="bbox 346 3514 1988 3587">
    <p class='ocr_par' dir='ltr' id='par_1_36' title="bbox 346 3514 1988 3587">
     <span class='ocr_line' id='line_1_36' title="bbox 346 3514 1988 3587; baseline 0.006 -21"><span class='ocrx_word' id='word_1_255' title='bbox 346 3529 619 3567; x_wconf 84' lang='lat' dir='ltr'>occasum</span> <span class='ocrx_word' id='word_1_256' title='bbox 641 3514 711 3567; x_wconf 90' lang='lat' dir='ltr'>de</span> <span class='ocrx_word' id='word_1_257' title='bbox 734 3531 907 3573; x_wconf 87' lang='lat' dir='ltr'>cruce</span> <span class='ocrx_word' id='word_1_258' title='bbox 930 3516 1235 3587; x_wconf 88' lang='lat' dir='ltr'>depositus</span> <span class='ocrx_word' id='word_1_259' title='bbox 1261 3526 1370 3585; x_wconf 90' lang='lat' dir='ltr'>est,</span> <span class='ocrx_word' id='word_1_260' title='bbox 1396 3526 1505 3576; x_wconf 90' lang='lat' dir='ltr'>etc.</span> <span class='ocrx_word' id='word_1_261' title='bbox 1530 3522 1787 3576; x_wconf 87' lang='lat' dir='ltr'>Joannes</span> <span class='ocrx_word' id='word_1_262' title='bbox 1808 3522 1988 3576; x_wconf 88' lang='lat' dir='ltr'>etiam</span> 
     </span>
    </p>
   </div>
   <div class='ocr_carea' id='block_1_37' title="bbox 351 3602 1990 3682">
    <p class='ocr_par' dir='ltr' id='par_1_37' title="bbox 351 3602 1990 3682">
     <span class='ocr_line' id='line_1_37' title="bbox 351 3602 1990 3682; baseline 0.008 -26"><span class='ocrx_word' id='word_1_263' title='bbox 351 3602 662 3673; x_wconf 84' lang='lat' dir='ltr'>episcopus</span> <span class='ocrx_word' id='word_1_264' title='bbox 686 3605 998 3674; x_wconf 74' lang='lat' dir='ltr'>Rolfensis,</span> <span class='ocrx_word' id='word_1_265' title='bbox 1022 3607 1221 3663; x_wconf 89' lang='lat' dir='ltr'>libello</span> <span class='ocrx_word' id='word_1_266' title='bbox 1244 3611 1336 3664; x_wconf 92' lang='lat' dir='ltr'>cui</span> <span class='ocrx_word' id='word_1_267' title='bbox 1382 3611 1612 3679; x_wconf 90' lang='lat' dir='ltr'>titulus,</span> <span class='ocrx_word' id='word_1_268' title='bbox 1654 3616 1849 3668; x_wconf 70' lang='lat' dir='ltr'>Petrus</span> <span class='ocrx_word' id='word_1_269' title='bbox 1875 3617 1990 3682; x_wconf 77' lang='lat' dir='ltr'>fuit</span> 
     </span>
    </p>
   </div>
   <div class='ocr_carea' id='block_1_38' title="bbox 343 3694 1988 3775">
    <p class='ocr_par' dir='ltr' id='par_1_38' title="bbox 343 3694 1988 3775">
     <span class='ocr_line' id='line_1_38' title="bbox 343 3694 1988 3775; baseline 0.007 -26"><span class='ocrx_word' id='word_1_270' title='bbox 343 3695 541 3759; x_wconf 71' lang='lat' dir='ltr'>Romae,</span> <span class='ocrx_word' id='word_1_271' title='bbox 566 3694 722 3751; x_wconf 89' lang='lat' dir='ltr'>inter</span> <span class='ocrx_word' id='word_1_272' title='bbox 743 3697 967 3766; x_wconf 88' lang='lat' dir='ltr'>primos</span> <span class='ocrx_word' id='word_1_273' title='bbox 989 3700 1096 3753; x_wconf 88' lang='lat' dir='ltr'>has</span> <span class='ocrx_word' id='word_1_274' title='bbox 1118 3701 1398 3770; x_wconf 87' lang='lat' dir='ltr'>epistolas</span> <span class='ocrx_word' id='word_1_275' title='bbox 1417 3703 1616 3757; x_wconf 77' lang='lat' dir='ltr'>citavit</span> <span class='ocrx_word' id='word_1_276' title='bbox 1640 3719 1654 3769; x_wconf 87' lang='lat'><strong>;</strong></span> <span class='ocrx_word' id='word_1_277' title='bbox 1674 3728 1701 3754; x_wconf 88' lang='grc'>‹‹</span> <span class='ocrx_word' id='word_1_278' title='bbox 1732 3706 1988 3775; x_wconf 86' lang='lat' dir='ltr'>Ignatius</span> 
     </span>
    </p>
   </div>
   <div class='ocr_carea' id='block_1_39' title="bbox 340 3783 1989 3861">
    <p class='ocr_par' dir='ltr' id='par_1_39' title="bbox 340 3783 1989 3861">
     <span class='ocr_line' id='line_1_39' title="bbox 340 3783 1989 3861; baseline 0.008 -25"><span class='ocrx_word' id='word_1_279' title='bbox 340 3787 541 3837; x_wconf 88' lang='lat' dir='ltr'>autem</span> <span class='ocrx_word' id='word_1_280' title='bbox 566 3788 624 3837; x_wconf 88' lang='lat' dir='ltr'>et</span> <span class='ocrx_word' id='word_1_281' title='bbox 653 3783 778 3854; x_wconf 88' lang='lat' dir='ltr'>ipse</span> <span class='ocrx_word' id='word_1_282' title='bbox 810 3792 1342 3858; x_wconf 87' lang='lat' dir='ltr'>contemporaneus</span> <span class='ocrx_word' id='word_1_283' title='bbox 1364 3793 1666 3861; x_wconf 86' lang='lat' dir='ltr'>apostolis,</span> <span class='ocrx_word' id='word_1_284' title='bbox 1691 3794 1989 3850; x_wconf 85' lang='lat' dir='ltr'>Christum</span> 
     </span>
    </p>
   </div>
   <div class='ocr_carea' id='block_1_40' title="bbox 340 3878 1986 3954">
    <p class='ocr_par' dir='ltr' id='par_1_40' title="bbox 340 3878 1986 3954">
     <span class='ocr_line' id='line_1_40' title="bbox 340 3878 1986 3954; baseline 0.006 -26"><span class='ocrx_word' id='word_1_285' title='bbox 340 3886 475 3929; x_wconf 79' lang='lat' dir='ltr'>cum</span> <span class='ocrx_word' id='word_1_286' title='bbox 489 3878 956 3931; x_wconf 85' lang='lat' dir='ltr'>essetannorum</span> <span class='ocrx_word' id='word_1_287' title='bbox 975 3878 1214 3949; x_wconf 76' lang='lat' dir='ltr'>triginta</span> <span class='ocrx_word' id='word_1_288' title='bbox 1226 3880 1404 3935; x_wconf 79' lang='lat' dir='ltr'>fuisse</span> <span class='ocrx_word' id='word_1_289' title='bbox 1424 3881 1779 3951; x_wconf 85' lang='lat' dir='ltr'>baptizatum</span> <span class='ocrx_word' id='word_1_290' title='bbox 1801 3890 1986 3954; x_wconf 86' lang='lat' dir='ltr'>putat,</span> 
     </span>
    </p>
   </div>
   <div class='ocr_carea' id='block_1_41' title="bbox 340 3963 1988 4041">
    <p class='ocr_par' dir='ltr' id='par_1_41' title="bbox 340 3963 1988 4041">
     <span class='ocr_line' id='line_1_41' title="bbox 340 3963 1988 4041; baseline 0.008 -26"><span class='ocrx_word' id='word_1_291' title='bbox 340 3964 400 4015; x_wconf 88' lang='lat' dir='ltr'>et</span> <span class='ocrx_word' id='word_1_292' title='bbox 429 3964 546 4016; x_wconf 86' lang='lat' dir='ltr'>tres</span> <span class='ocrx_word' id='word_1_293' title='bbox 576 3977 762 4017; x_wconf 88' lang='lat' dir='ltr'>annos</span> <span class='ocrx_word' id='word_1_294' title='bbox 790 3963 949 4018; x_wconf 87' lang='lat' dir='ltr'>ultra</span> <span class='ocrx_word' id='word_1_295' title='bbox 981 3966 1272 4020; x_wconf 87' lang='lat' dir='ltr'>docuisse.</span> <span class='ocrx_word' id='word_1_296' title='bbox 1308 3968 1403 4022; x_wconf 86' lang='lat' dir='ltr'>Sic</span> <span class='ocrx_word' id='word_1_297' title='bbox 1433 3971 1592 4023; x_wconf 90' lang='lat' dir='ltr'>enim</span> <span class='ocrx_word' id='word_1_298' title='bbox 1625 3972 1886 4041; x_wconf 86' lang='lat' dir='ltr'>Epistola</span> <span class='ocrx_word' id='word_1_299' title='bbox 1915 3973 1988 4028; x_wconf 92' lang='lat' dir='ltr'>ad</span> 
     </span>
    </p>
   </div>
   <div class='ocr_carea' id='block_1_42' title="bbox 338 4047 1990 4128">
    <p class='ocr_par' dir='ltr' id='par_1_42' title="bbox 338 4047 1990 4128">
     <span class='ocr_line' id='line_1_42' title="bbox 338 4047 1990 4128; baseline 0.006 -22"><span class='ocrx_word' id='word_1_300' title='bbox 338 4047 664 4106; x_wconf 82' lang='lat' dir='ltr'>Trallianos</span> <span class='ocrx_word' id='word_1_301' title='bbox 697 4051 921 4106; x_wconf 84' lang='lat' dir='ltr'>scribit.</span> <span class='ocrx_word' id='word_1_302' title='bbox 968 4054 1229 4124; x_wconf 81' lang='lat' dir='ltr'>Triginta</span> <span class='ocrx_word' id='word_1_303' title='bbox 1278 4071 1467 4110; x_wconf 87' lang='lat' dir='ltr'>annos</span> <span class='ocrx_word' id='word_1_304' title='bbox 1517 4073 1695 4128; x_wconf 83' lang='lat' dir='ltr'>agens</span> <span class='ocrx_word' id='word_1_305' title='bbox 1724 4061 1990 4116; x_wconf 86' lang='lat' dir='ltr'>Christus</span> 
     </span>
    </p>
   </div>
   <div class='ocr_carea' id='block_1_43' title="bbox 338 4134 1991 4217">
    <p class='ocr_par' dir='ltr' id='par_1_43' title="bbox 338 4134 1991 4217">
     <span class='ocr_line' id='line_1_43' title="bbox 338 4134 1991 4217; baseline 0.01 -29"><span class='ocrx_word' id='word_1_306' title='bbox 338 4134 664 4206; x_wconf 75' lang='lat' dir='ltr'>baptizatus</span> <span class='ocrx_word' id='word_1_307' title='bbox 694 4144 783 4194; x_wconf 86' lang='lat' dir='ltr'>est</span> <span class='ocrx_word' id='word_1_308' title='bbox 812 4157 847 4194; x_wconf 89' lang='lat' dir='ltr'>a</span> <span class='ocrx_word' id='word_1_309' title='bbox 873 4142 1120 4208; x_wconf 83' lang='lat' dir='ltr'>Joanne,</span> <span class='ocrx_word' id='word_1_310' title='bbox 1154 4149 1212 4206; x_wconf 83' lang='lat' dir='ltr'>et</span> <span class='ocrx_word' id='word_1_311' title='bbox 1242 4144 1429 4198; x_wconf 86' lang='lat' dir='ltr'>tribus</span> <span class='ocrx_word' id='word_1_312' title='bbox 1460 4147 1631 4200; x_wconf 90' lang='lat' dir='ltr'>annis</span> <span class='ocrx_word' id='word_1_313' title='bbox 1653 4149 1991 4217; x_wconf 73' lang='lat' dir='ltr'>praedicavit</span> 
     </span>
    </p>
   </div>
   <div class='ocr_carea' id='block_1_44' title="bbox 338 4224 1990 4296">
    <p class='ocr_par' dir='ltr' id='par_1_44' title="bbox 338 4224 1990 4296">
     <span class='ocr_line' id='line_1_44' title="bbox 338 4224 1990 4296; baseline 0.01 -19"><span class='ocrx_word' id='word_1_314' title='bbox 338 4224 737 4296; x_wconf 80' lang='lat' dir='ltr'>Evangelium.</span> <span class='ocrx_word' id='word_1_315' title='bbox 758 4249 786 4278; x_wconf 79' lang='grc'>››</span> <span class='ocrx_word' id='word_1_316' title='bbox 805 4228 1139 4291; x_wconf 85' lang='lat' dir='ltr'>Quinetiam</span> <span class='ocrx_word' id='word_1_317' title='bbox 1155 4231 1410 4287; x_wconf 87' lang='lat' dir='ltr'>Joannes</span> <span class='ocrx_word' id='word_1_318' title='bbox 1424 4235 1637 4289; x_wconf 88' lang='lat' dir='ltr'>Driedo</span> <span class='ocrx_word' id='word_1_319' title='bbox 1656 4236 1906 4291; x_wconf 87' lang='lat' dir='ltr'>celebris</span> <span class='ocrx_word' id='word_1_320' title='bbox 1919 4255 1990 4293; x_wconf 90' lang='lat' dir='ltr'>ea</span> 
     </span>
    </p>
   </div>
   <div class='ocr_carea' id='block_1_45' title="bbox 339 4315 1990 4389">
    <p class='ocr_par' dir='ltr' id='par_1_45' title="bbox 339 4315 1990 4389">
     <span class='ocr_line' id='line_1_45' title="bbox 339 4315 1990 4389; baseline 0.007 -19"><span class='ocrx_word' id='word_1_321' title='bbox 339 4319 511 4371; x_wconf 52' lang='lat' dir='ltr'>astate</span> <span class='ocrx_word' id='word_1_322' title='bbox 536 4315 866 4386; x_wconf 83' lang='lat' dir='ltr'>theologus,</span> <span class='ocrx_word' id='word_1_323' title='bbox 890 4317 1041 4371; x_wconf 81' lang='lat' dir='ltr'>libro</span> <span class='ocrx_word' id='word_1_324' title='bbox 1064 4321 1138 4373; x_wconf 82' lang='lat' dir='ltr'>De</span> <span class='ocrx_word' id='word_1_325' title='bbox 1166 4322 1510 4389; x_wconf 76' lang='lat' dir='ltr'>dogmatibus</span> <span class='ocrx_word' id='word_1_326' title='bbox 1530 4326 1908 4382; x_wconf 77' lang='lat' dir='ltr'>ecclesiasticis</span> <span class='ocrx_word' id='word_1_327' title='bbox 1937 4334 1990 4382; x_wconf 81' lang='lat' dir='ltr'>et</span> 
     </span>
    </p>
   </div>
   <div class='ocr_carea' id='block_1_46' title="bbox 339 4402 1985 4488">
    <p class='ocr_par' dir='ltr' id='par_1_46' title="bbox 339 4402 1985 4488">
     <span class='ocr_line' id='line_1_46' title="bbox 339 4402 1985 4488; baseline 0.012 -37"><span class='ocrx_word' id='word_1_328' title='bbox 339 4402 696 4471; x_wconf 77' lang='lat' dir='ltr'>apocryphis,</span> <span class='ocrx_word' id='word_1_329' title='bbox 731 4405 1172 4475; x_wconf 87' lang='lat' dir='ltr'>quamplurima</span> <span class='ocrx_word' id='word_1_330' title='bbox 1211 4412 1489 4466; x_wconf 59' lang='lat' dir='ltr'>Romana;</span> <span class='ocrx_word' id='word_1_331' title='bbox 1540 4414 1815 4469; x_wconf 71' lang='lat' dir='ltr'>Ecclesiae</span> <span class='ocrx_word' id='word_1_332' title='bbox 1846 4416 1985 4488; x_wconf 86' lang='lat' dir='ltr'>dog-</span> 
     </span>
    </p>
   </div>
   <div class='ocr_carea' id='block_1_47' title="bbox 339 4490 2062 4597">
    <p class='ocr_par' dir='ltr' id='par_1_47' title="bbox 339 4490 2062 4597">
     <span class='ocr_line' id='line_1_47' title="bbox 339 4490 2062 4597; baseline 0.01 -54"><span class='ocrx_word' id='word_1_333' title='bbox 339 4496 520 4588; x_wconf 73' lang='lat' dir='ltr'>mata,</span> <span class='ocrx_word' id='word_1_334' title='bbox 547 4490 725 4588; x_wconf 78' lang='lat' dir='ltr'>longa</span> <span class='ocrx_word' id='word_1_335' title='bbox 756 4495 1192 4597; x_wconf 65' lang='lat' dir='ltr'>sententiarum</span> <span class='ocrx_word' id='word_1_336' title='bbox 1224 4500 1375 4554; x_wconf 89' lang='lat' dir='ltr'>serie</span> <span class='ocrx_word' id='word_1_337' title='bbox 1407 4518 1478 4557; x_wconf 89' lang='lat' dir='ltr'>ex</span> <span class='ocrx_word' id='word_1_338' title='bbox 1506 4504 1786 4573; x_wconf 88' lang='lat' dir='ltr'>Epistolis</span> <span class='ocrx_word' id='word_1_339' title='bbox 1826 4506 1988 4575; x_wconf 88' lang='lat' dir='ltr'>lgna-</span> <span class='ocrx_word' id='word_1_340' title='bbox 2020 4534 2062 4597; x_wconf 82' lang='lat' dir='ltr'>D</span> 
     </span>
    </p>
   </div>
   <div class='ocr_carea' id='block_1_48' title="bbox 343 4578 1990 4651">
    <p class='ocr_par' dir='ltr' id='par_1_48' title="bbox 343 4578 1990 4651">
     <span class='ocr_line' id='line_1_48' title="bbox 343 4578 1990 4651; baseline 0.01 -21"><span class='ocrx_word' id='word_1_341' title='bbox 343 4578 408 4639; x_wconf 84' lang='lat' dir='ltr'>tii</span> <span class='ocrx_word' id='word_1_342' title='bbox 439 4578 624 4648; x_wconf 87' lang='lat' dir='ltr'>petita</span> <span class='ocrx_word' id='word_1_343' title='bbox 649 4580 1005 4637; x_wconf 78' lang='lat' dir='ltr'>confirmare</span> <span class='ocrx_word' id='word_1_344' title='bbox 1028 4584 1256 4651; x_wconf 76' lang='lat' dir='ltr'>nititur.</span> <span class='ocrx_word' id='word_1_345' title='bbox 1291 4590 1359 4641; x_wconf 88' lang='lat' dir='ltr'>Et</span> <span class='ocrx_word' id='word_1_346' title='bbox 1389 4591 1670 4644; x_wconf 80' lang='lat' dir='ltr'>Martinus</span> <span class='ocrx_word' id='word_1_347' title='bbox 1718 4592 1990 4647; x_wconf 87' lang='lat' dir='ltr'>Peresius</span> 
     </span>
    </p>
   </div>
   <div class='ocr_carea' id='block_1_49' title="bbox 340 4666 1993 4747">
    <p class='ocr_par' dir='ltr' id='par_1_49' title="bbox 340 4666 1993 4747">
     <span class='ocr_line' id='line_1_49' title="bbox 340 4666 1993 4747; baseline 0.009 -27"><span class='ocrx_word' id='word_1_348' title='bbox 340 4666 531 4733; x_wconf 81' lang='lat' dir='ltr'>Aiola,</span> <span class='ocrx_word' id='word_1_349' title='bbox 564 4668 817 4738; x_wconf 90' lang='lat' dir='ltr'>scriptor</span> <span class='ocrx_word' id='word_1_350' title='bbox 846 4670 1002 4726; x_wconf 90' lang='lat' dir='ltr'>inter</span> <span class='ocrx_word' id='word_1_351' title='bbox 1026 4675 1364 4743; x_wconf 80' lang='lat' dir='ltr'>pontiﬁcios</span> <span class='ocrx_word' id='word_1_352' title='bbox 1386 4694 1505 4732; x_wconf 90' lang='lat' dir='ltr'>non</span> <span class='ocrx_word' id='word_1_353' title='bbox 1529 4680 1828 4747; x_wconf 72' lang='lat' dir='ltr'>ignobilis,</span> <span class='ocrx_word' id='word_1_354' title='bbox 1854 4682 1993 4735; x_wconf 88' lang='lat' dir='ltr'>inde</span> 
     </span>
    </p>
   </div>
   <div class='ocr_carea' id='block_1_50' title="bbox 343 4754 1997 4828">
    <p class='ocr_par' dir='ltr' id='par_1_50' title="bbox 343 4754 1997 4828">
     <span class='ocr_line' id='line_1_50' title="bbox 343 4754 1997 4828; baseline 0.009 -20"><span class='ocrx_word' id='word_1_355' title='bbox 343 4754 684 4817; x_wconf 83' lang='lat' dir='ltr'>testimonia</span> <span class='ocrx_word' id='word_1_356' title='bbox 715 4756 1040 4826; x_wconf 64' lang='lat' dir='ltr'>saepissime</span> <span class='ocrx_word' id='word_1_357' title='bbox 1072 4762 1382 4828; x_wconf 80' lang='lat' dir='ltr'>adhibuit;</span> <span class='ocrx_word' id='word_1_358' title='bbox 1416 4771 1476 4819; x_wconf 90' lang='lat' dir='ltr'>et</span> <span class='ocrx_word' id='word_1_359' title='bbox 1521 4767 1594 4820; x_wconf 90' lang='lat' dir='ltr'>ad</span> <span class='ocrx_word' id='word_1_360' title='bbox 1644 4769 1997 4823; x_wconf 79' lang='lat' dir='ltr'>confirman-</span> 
     </span>
    </p>
   </div>
   <div class='ocr_carea' id='block_1_51' title="bbox 340 4842 1994 4926">
    <p class='ocr_par' dir='ltr' id='par_1_51' title="bbox 340 4842 1994 4926">
     <span class='ocr_line' id='line_1_51' title="bbox 340 4842 1994 4926; baseline 0.004 -21"><span class='ocrx_word' id='word_1_361' title='bbox 340 4842 446 4905; x_wconf 80' lang='lat' dir='ltr'>das</span> <span class='ocrx_word' id='word_1_362' title='bbox 479 4842 829 4903; x_wconf 82' lang='lat' dir='ltr'>traditiones</span> <span class='ocrx_word' id='word_1_363' title='bbox 860 4863 982 4902; x_wconf 90' lang='lat' dir='ltr'>non</span> <span class='ocrx_word' id='word_1_364' title='bbox 1014 4851 1267 4921; x_wconf 85' lang='lat' dir='ltr'>scriptas</span> <span class='ocrx_word' id='word_1_365' title='bbox 1319 4870 1526 4908; x_wconf 89' lang='lat' dir='ltr'>omnes</span> <span class='ocrx_word' id='word_1_366' title='bbox 1556 4856 1663 4910; x_wconf 90' lang='lat' dir='ltr'>has</span> <span class='ocrx_word' id='word_1_367' title='bbox 1714 4858 1994 4926; x_wconf 87' lang='lat' dir='ltr'>epistolas</span> 
     </span>
    </p>
   </div>
   <div class='ocr_carea' id='block_1_52' title="bbox 339 4931 1993 5005">
    <p class='ocr_par' dir='ltr' id='par_1_52' title="bbox 339 4931 1993 5005">
     <span class='ocr_line' id='line_1_52' title="bbox 339 4931 1993 5005; baseline 0.009 -19"><span class='ocrx_word' id='word_1_368' title='bbox 339 4931 667 4999; x_wconf 87' lang='lat' dir='ltr'>deﬂoravit,</span> <span class='ocrx_word' id='word_1_369' title='bbox 708 4934 842 4989; x_wconf 77' lang='lat' dir='ltr'>Haec</span> <span class='ocrx_word' id='word_1_370' title='bbox 874 4937 1115 5005; x_wconf 90' lang='lat' dir='ltr'>quidem</span> <span class='ocrx_word' id='word_1_371' title='bbox 1148 4940 1255 4993; x_wconf 91' lang='lat' dir='ltr'>illi.</span> <span class='ocrx_word' id='word_1_372' title='bbox 1292 4942 1581 4998; x_wconf 88' lang='lat' dir='ltr'>hactenus</span> <span class='ocrx_word' id='word_1_373' title='bbox 1626 4944 1697 4998; x_wconf 91' lang='lat' dir='ltr'>de</span> <span class='ocrx_word' id='word_1_374' title='bbox 1739 4947 1993 5001; x_wconf 87' lang='lat' dir='ltr'>auctori-</span> 
     </span>
    </p>
   </div>
   <div class='ocr_carea' id='block_1_53' title="bbox 342 5022 1995 5103">
    <p class='ocr_par' dir='ltr' id='par_1_53' title="bbox 342 5022 1995 5103">
     <span class='ocr_line' id='line_1_53' title="bbox 342 5022 1995 5103; baseline 0.008 -28"><span class='ocrx_word' id='word_1_375' title='bbox 342 5026 461 5083; x_wconf 75' lang='lat' dir='ltr'>tate</span> <span class='ocrx_word' id='word_1_376' title='bbox 519 5022 963 5091; x_wconf 78' lang='lat' dir='ltr'>Ignatianurum</span> <span class='ocrx_word' id='word_1_377' title='bbox 1039 5026 1213 5096; x_wconf 87' lang='lat' dir='ltr'>plane</span> <span class='ocrx_word' id='word_1_378' title='bbox 1270 5032 1503 5086; x_wconf 88' lang='lat' dir='ltr'>securi:</span> <span class='ocrx_word' id='word_1_379' title='bbox 1572 5049 1766 5103; x_wconf 90' lang='lat' dir='ltr'>neque</span> <span class='ocrx_word' id='word_1_380' title='bbox 1834 5035 1995 5089; x_wconf 92' lang='lat' dir='ltr'>enim</span> 
     </span>
    </p>
   </div>
   <div class='ocr_carea' id='block_1_54' title="bbox 335 5112 1998 5194">
    <p class='ocr_par' dir='ltr' id='par_1_54' title="bbox 335 5112 1998 5194">
     <span class='ocr_line' id='line_1_54' title="bbox 335 5112 1998 5194; baseline 0.004 -23"><span class='ocrx_word' id='word_1_381' title='bbox 335 5126 708 5179; x_wconf 73' lang='lat' dir='ltr'>quamquam</span> <span class='ocrx_word' id='word_1_382' title='bbox 740 5112 898 5179; x_wconf 88' lang='lat' dir='ltr'>novi,</span> <span class='ocrx_word' id='word_1_383' title='bbox 934 5115 1034 5182; x_wconf 90' lang='lat' dir='ltr'>qui</span> <span class='ocrx_word' id='word_1_384' title='bbox 1070 5131 1138 5170; x_wconf 90' lang='lat' dir='ltr'>ea</span> <span class='ocrx_word' id='word_1_385' title='bbox 1167 5124 1338 5173; x_wconf 66' lang='lat' dir='ltr'>aetate</span> <span class='ocrx_word' id='word_1_386' title='bbox 1371 5120 1442 5174; x_wconf 89' lang='lat' dir='ltr'>de</span> <span class='ocrx_word' id='word_1_387' title='bbox 1477 5120 1789 5175; x_wconf 88' lang='lat' dir='ltr'>duodecim</span> <span class='ocrx_word' id='word_1_388' title='bbox 1846 5140 1998 5194; x_wconf 65' lang='lat' dir='ltr'>prse-</span> 
     </span>
    </p>
   </div>
   <div class='ocr_carea' id='block_1_55' title="bbox 337 5199 1194 5272">
    <p class='ocr_par' dir='ltr' id='par_1_55' title="bbox 337 5199 1194 5272">
     <span class='ocr_line' id='line_1_55' title="bbox 337 5199 1194 5272; baseline 0.012 -20"><span class='ocrx_word' id='word_1_389' title='bbox 337 5199 543 5259; x_wconf 83' lang='lat' dir='ltr'>sertim</span> <span class='ocrx_word' id='word_1_390' title='bbox 571 5199 856 5272; x_wconf 69' lang='lat' dir='ltr'>Apistolis</span> <span class='ocrx_word' id='word_1_391' title='bbox 890 5202 1194 5262; x_wconf 76' lang='lat' dir='ltr'>dubitavit.</span> 
     </span>
    </p>
   </div>
   <div class='ocr_carea' id='block_1_56' title="bbox 992 5321 1358 5377">
    <p class='ocr_par' dir='ltr' id='par_1_56' title="bbox 992 5321 1358 5377">
     <span class='ocr_line' id='line_1_56' title="bbox 992 5321 1358 5377; baseline 0.014 -6"><span class='ocrx_word' id='word_1_392' title='bbox 992 5321 1226 5376; x_wconf 84' lang='lat' dir='ltr'>CAPUT</span> <span class='ocrx_word' id='word_1_393' title='bbox 1265 5323 1358 5377; x_wconf 90' lang='lat' dir='ltr'>III.</span> 
     </span>
    </p>
   </div>
   <div class='ocr_carea' id='block_1_57' title="bbox 336 5417 2004 5501">
    <p class='ocr_par' dir='ltr' id='par_1_57' title="bbox 336 5417 2004 5501">
     <span class='ocr_line' id='line_1_57' title="bbox 336 5417 2004 5501; baseline 0.012 -32"><span class='ocrx_word' id='word_1_394' title='bbox 336 5417 604 5484; x_wconf 64' lang='lat' dir='ltr'>Epistola:</span> <span class='ocrx_word' id='word_1_395' title='bbox 631 5419 839 5488; x_wconf 80' lang='lat' dir='ltr'>Ignatii</span> <span class='ocrx_word' id='word_1_396' title='bbox 869 5425 1115 5501; x_wconf 84' lang='lat' dir='ltr'>primum</span> <span class='ocrx_word' id='word_1_397' title='bbox 1134 5427 1331 5501; x_wconf 72' lang='lat' dir='ltr'>Graece</span> <span class='ocrx_word' id='word_1_398' title='bbox 1361 5429 1539 5484; x_wconf 75' lang='lat' dir='ltr'>editae.</span> <span class='ocrx_word' id='word_1_399' title='bbox 1594 5432 1879 5501; x_wconf 72' lang='lat' dir='ltr'>Doctorum</span> <span class='ocrx_word' id='word_1_400' title='bbox 1926 5433 2004 5497; x_wconf 59' lang='lat' dir='ltr'>vi:</span> 
     </span>
    </p>
   </div>
   <div class='ocr_carea' id='block_1_58' title="bbox 712 5499 1607 5568">
    <p class='ocr_par' dir='ltr' id='par_1_58' title="bbox 712 5499 1607 5568">
     <span class='ocr_line' id='line_1_58' title="bbox 712 5499 1607 5568; baseline 0.012 -24"><span class='ocrx_word' id='word_1_401' title='bbox 712 5508 897 5547; x_wconf 81' lang='lat' dir='ltr'>rerum</span> <span class='ocrx_word' id='word_1_402' title='bbox 923 5499 1079 5551; x_wconf 83' lang='lat' dir='ltr'>varia</span> <span class='ocrx_word' id='word_1_403' title='bbox 1111 5500 1175 5552; x_wconf 83' lang='lat' dir='ltr'>de</span> <span class='ocrx_word' id='word_1_404' title='bbox 1206 5502 1337 5567; x_wconf 72' lang='lat' dir='ltr'>ipsis</span> <span class='ocrx_word' id='word_1_405' title='bbox 1358 5501 1607 5568; x_wconf 49' lang='lat' dir='ltr'>juvlicia.</span> 
     </span>
    </p>
   </div>
   <div class='ocr_carea' id='block_1_59' title="bbox 416 5604 2002 5698">
    <p class='ocr_par' dir='ltr' id='par_1_59' title="bbox 416 5604 2002 5698">
     <span class='ocr_line' id='line_1_59' title="bbox 416 5604 2002 5698; baseline 0.021 -43"><span class='ocrx_word' id='word_1_406' title='bbox 416 5604 606 5675; x_wconf 81' lang='lat' dir='ltr'>Atque</span> <span class='ocrx_word' id='word_1_407' title='bbox 630 5608 753 5679; x_wconf 58' lang='lat' dir='ltr'>hinc</span> <span class='ocrx_word' id='word_1_408' title='bbox 772 5608 1027 5681; x_wconf 82' lang='lat' dir='ltr'>breviter</span> <span class='ocrx_word' id='word_1_409' title='bbox 1048 5614 1120 5683; x_wconf 83' lang='lat' dir='ltr'>de</span> <span class='ocrx_word' id='word_1_410' title='bbox 1138 5615 1449 5687; x_wconf 73' lang='lat' dir='ltr'>hominum</span> <span class='ocrx_word' id='word_1_411' title='bbox 1464 5618 1713 5698; x_wconf 65' lang='lat' dir='ltr'>judicio,</span> <span class='ocrx_word' id='word_1_412' title='bbox 1734 5618 2002 5695; x_wconf 61' lang='lat' dir='ltr'>quanam</span> 
     </span>
    </p>
   </div>
   <div class='ocr_carea' id='block_1_60' title="bbox 2098 528 3749 604">
    <p class='ocr_par' dir='ltr' id='par_1_60' title="bbox 2098 528 3749 604">
     <span class='ocr_line' id='line_1_60' title="bbox 2098 528 3749 604; baseline 0.002 -21"><span class='ocrx_word' id='word_1_413' title='bbox 2098 530 2403 601; x_wconf 79' lang='lat' dir='ltr'>sexaginta</span> <span class='ocrx_word' id='word_1_414' title='bbox 2433 545 2640 595; x_wconf 85' lang='lat' dir='ltr'>annos,</span> <span class='ocrx_word' id='word_1_415' title='bbox 2689 528 2956 593; x_wconf 83' lang='lat' dir='ltr'>Andreas</span> <span class='ocrx_word' id='word_1_416' title='bbox 3005 532 3318 604; x_wconf 70' lang='lat' dir='ltr'>Gesnerus,</span> <span class='ocrx_word' id='word_1_417' title='bbox 3371 532 3419 597; x_wconf 82' lang='lat' dir='ltr'>si</span> <span class='ocrx_word' id='word_1_418' title='bbox 3470 533 3583 603; x_wconf 88' lang='lat' dir='ltr'>ipsi</span> <span class='ocrx_word' id='word_1_419' title='bbox 3618 550 3749 595; x_wconf 83' lang='lat' dir='ltr'>ere.-</span> 
     </span>
    </p>
   </div>
   <div class='ocr_carea' id='block_1_61' title="bbox 2097 618 3745 693">
    <p class='ocr_par' dir='ltr' id='par_1_61' title="bbox 2097 618 3745 693">
     <span class='ocr_line' id='line_1_61' title="bbox 2097 618 3745 693; baseline 0 -16"><span class='ocrx_word' id='word_1_420' title='bbox 2097 618 2355 681; x_wconf 84' lang='lat' dir='ltr'>dendum</span> <span class='ocrx_word' id='word_1_421' title='bbox 2383 619 2477 685; x_wconf 91' lang='lat' dir='ltr'>sit,</span> <span class='ocrx_word' id='word_1_422' title='bbox 2514 619 2792 690; x_wconf 83' lang='lat' dir='ltr'>epistolas</span> <span class='ocrx_word' id='word_1_423' title='bbox 2824 619 3138 681; x_wconf 82' lang='lat' dir='ltr'>duodecim</span> <span class='ocrx_word' id='word_1_424' title='bbox 3161 623 3378 689; x_wconf 62' lang='lat' dir='ltr'>Graece,</span> <span class='ocrx_word' id='word_1_425' title='bbox 3416 621 3745 693; x_wconf 78' lang='lat' dir='ltr'>interprete</span> 
     </span>
    </p>
   </div>
   <div class='ocr_carea' id='block_1_62' title="bbox 2094 708 3743 781">
    <p class='ocr_par' dir='ltr' id='par_1_62' title="bbox 2094 708 3743 781">
     <span class='ocr_line' id='line_1_62' title="bbox 2094 708 3743 781; baseline 0.003 -20"><span class='ocrx_word' id='word_1_426' title='bbox 2094 708 2319 773; x_wconf 81' lang='lat' dir='ltr'>Joanne</span> <span class='ocrx_word' id='word_1_427' title='bbox 2369 709 2695 775; x_wconf 80' lang='lat' dir='ltr'>Brunnero.</span> <span class='ocrx_word' id='word_1_428' title='bbox 2748 709 2977 779; x_wconf 89' lang='lat' dir='ltr'>primus</span> <span class='ocrx_word' id='word_1_429' title='bbox 3026 711 3295 765; x_wconf 90' lang='lat' dir='ltr'>omnium</span> <span class='ocrx_word' id='word_1_430' title='bbox 3328 711 3533 781; x_wconf 87' lang='lat' dir='ltr'>edidit,</span> <span class='ocrx_word' id='word_1_431' title='bbox 3586 729 3638 766; x_wconf 89' lang='lat' dir='ltr'>a.</span> <span class='ocrx_word' id='word_1_432' title='bbox 3674 714 3743 779; x_wconf 76' lang='grc' dir='ltr'>Β,</span> 
     </span>
    </p>
   </div>
   <div class='ocr_carea' id='block_1_63' title="bbox 2097 793 3749 867">
    <p class='ocr_par' dir='ltr' id='par_1_63' title="bbox 2097 793 3749 867">
     <span class='ocr_line' id='line_1_63' title="bbox 2097 793 3749 867; baseline 0.007 -21"><span class='ocrx_word' id='word_1_433' title='bbox 2097 793 2253 863; x_wconf 65' lang='lat'>{559,</span> <span class='ocrx_word' id='word_1_434' title='bbox 2286 794 2372 849; x_wconf 82' lang='lat' dir='ltr'>ita</span> <span class='ocrx_word' id='word_1_435' title='bbox 2402 794 2565 859; x_wconf 84' lang='lat' dir='ltr'>enim</span> <span class='ocrx_word' id='word_1_436' title='bbox 2604 794 2667 851; x_wconf 91' lang='lat' dir='ltr'>in</span> <span class='ocrx_word' id='word_1_437' title='bbox 2709 795 3061 861; x_wconf 73' lang='lat' dir='ltr'>Praefatione</span> <span class='ocrx_word' id='word_1_438' title='bbox 3109 796 3408 866; x_wconf 82' lang='lat' dir='ltr'>loquitur:</span> <span class='ocrx_word' id='word_1_439' title='bbox 3457 800 3749 867; x_wconf 75' lang='lat' dir='ltr'>Ignotium</span> 
     </span>
    </p>
   </div>
   <div class='ocr_carea' id='block_1_64' title="bbox 2093 884 3752 963">
    <p class='ocr_par' dir='ltr' id='par_1_64' title="bbox 2093 884 3752 963">
     <span class='ocr_line' id='line_1_64' title="bbox 2093 884 3752 963; baseline 0.004 -26"><span class='ocrx_word' id='word_1_440' title='bbox 2093 899 2221 941; x_wconf 79' lang='lat' dir='ltr'>vero</span> <span class='ocrx_word' id='word_1_441' title='bbox 2250 899 2371 949; x_wconf 82' lang='lat' dir='ltr'>cum</span> <span class='ocrx_word' id='word_1_442' title='bbox 2410 884 2504 941; x_wconf 85' lang='lat' dir='ltr'>ille</span> <span class='ocrx_word' id='word_1_443' title='bbox 2534 884 2844 954; x_wconf 78' lang='lat' dir='ltr'>(Henricus</span> <span class='ocrx_word' id='word_1_444' title='bbox 2874 885 3030 949; x_wconf 72' lang='lat' dir='ltr'>Petri</span> <span class='ocrx_word' id='word_1_445' title='bbox 3047 884 3291 963; x_wconf 82' lang='lat' dir='ltr'>scilicet)</span> <span class='ocrx_word' id='word_1_446' title='bbox 3326 908 3353 937; x_wconf 88' lang='grc'>‹‹</span> <span class='ocrx_word' id='word_1_447' title='bbox 3390 888 3589 951; x_wconf 85' lang='lat' dir='ltr'>Latine</span> <span class='ocrx_word' id='word_1_448' title='bbox 3624 894 3752 945; x_wconf 84' lang='lat' dir='ltr'>tan-</span> 
     </span>
    </p>
   </div>
   <div class='ocr_carea' id='block_1_65' title="bbox 2097 974 3750 1055">
    <p class='ocr_par' dir='ltr' id='par_1_65' title="bbox 2097 974 3750 1055">
     <span class='ocr_line' id='line_1_65' title="bbox 2097 974 3750 1055; baseline 0.001 -26"><span class='ocrx_word' id='word_1_449' title='bbox 2097 981 2220 1041; x_wconf 83' lang='lat' dir='ltr'>tum</span> <span class='ocrx_word' id='word_1_450' title='bbox 2252 974 2524 1043; x_wconf 85' lang='lat' dir='ltr'>ediderit,</span> <span class='ocrx_word' id='word_1_451' title='bbox 2570 990 2674 1045; x_wconf 85' lang='lat' dir='ltr'>ego</span> <span class='ocrx_word' id='word_1_452' title='bbox 2708 976 2975 1035; x_wconf 60' lang='lat' dir='ltr'>Grazcum</span> <span class='ocrx_word' id='word_1_453' title='bbox 3020 976 3326 1055; x_wconf 82' lang='lat' dir='ltr'>exemplar</span> <span class='ocrx_word' id='word_1_454' title='bbox 3373 988 3482 1039; x_wconf 81' lang='lat' dir='ltr'>ms.</span> <span class='ocrx_word' id='word_1_455' title='bbox 3535 982 3750 1037; x_wconf 85' lang='lat' dir='ltr'>nactus</span> 
     </span>
    </p>
   </div>
   <div class='ocr_carea' id='block_1_66' title="bbox 2094 1063 3753 1138">
    <p class='ocr_par' dir='ltr' id='par_1_66' title="bbox 2094 1063 3753 1138">
     <span class='ocr_line' id='line_1_66' title="bbox 2094 1063 3753 1138; baseline 0.002 -19"><span class='ocrx_word' id='word_1_456' title='bbox 2094 1081 2163 1119; x_wconf 88' lang='lat' dir='ltr'>ex</span> <span class='ocrx_word' id='word_1_457' title='bbox 2195 1064 2559 1130; x_wconf 85' lang='lat' dir='ltr'>Bibliotheca</span> <span class='ocrx_word' id='word_1_458' title='bbox 2606 1063 2679 1118; x_wconf 90' lang='lat' dir='ltr'>cl.</span> <span class='ocrx_word' id='word_1_459' title='bbox 2717 1080 2763 1119; x_wconf 88' lang='lat' dir='ltr'>v.</span> <span class='ocrx_word' id='word_1_460' title='bbox 2817 1065 2928 1138; x_wconf 65' lang='lat' dir='ltr'>pias</span> <span class='ocrx_word' id='word_1_461' title='bbox 2974 1066 3276 1129; x_wconf 68' lang='lat' dir='ltr'>memoriae</span> <span class='ocrx_word' id='word_1_462' title='bbox 3327 1068 3392 1121; x_wconf 91' lang='lat' dir='ltr'>D.</span> <span class='ocrx_word' id='word_1_463' title='bbox 3441 1067 3681 1138; x_wconf 85' lang='lat' dir='ltr'>Gaspari</span> <span class='ocrx_word' id='word_1_464' title='bbox 3718 1084 3753 1135; x_wconf 81' lang='lat' dir='ltr'>a</span> 
     </span>
    </p>
   </div>
   <div class='ocr_carea' id='block_1_67' title="bbox 2092 1153 3746 1229">
    <p class='ocr_par' dir='ltr' id='par_1_67' title="bbox 2092 1153 3746 1229">
     <span class='ocr_line' id='line_1_67' title="bbox 2092 1153 3746 1229; baseline 0.004 -22"><span class='ocrx_word' id='word_1_465' title='bbox 2092 1153 2428 1229; x_wconf 74' lang='lat' dir='ltr'>Nydpryck,</span> <span class='ocrx_word' id='word_1_466' title='bbox 2463 1153 2794 1219; x_wconf 82' lang='lat' dir='ltr'>existimavi</span> <span class='ocrx_word' id='word_1_467' title='bbox 2833 1171 3026 1226; x_wconf 85' lang='lat' dir='ltr'>neque</span> <span class='ocrx_word' id='word_1_468' title='bbox 3047 1155 3297 1215; x_wconf 82' lang='lat' dir='ltr'>Henrico</span> <span class='ocrx_word' id='word_1_469' title='bbox 3333 1157 3490 1211; x_wconf 84' lang='lat' dir='ltr'>Petri</span> <span class='ocrx_word' id='word_1_470' title='bbox 3525 1158 3746 1221; x_wconf 75' lang='lat' dir='ltr'>moles:</span> 
     </span>
    </p>
   </div>
   <div class='ocr_carea' id='block_1_68' title="bbox 2095 1243 3751 1317">
    <p class='ocr_par' dir='ltr' id='par_1_68' title="bbox 2095 1243 3751 1317">
     <span class='ocr_line' id='line_1_68' title="bbox 2095 1243 3751 1317; baseline 0.002 -20"><span class='ocrx_word' id='word_1_471' title='bbox 2095 1250 2239 1315; x_wconf 87' lang='lat' dir='ltr'>tum,</span> <span class='ocrx_word' id='word_1_472' title='bbox 2274 1243 2553 1301; x_wconf 89' lang='lat' dir='ltr'>studiosis</span> <span class='ocrx_word' id='word_1_473' title='bbox 2585 1248 2783 1309; x_wconf 80' lang='lat' dir='ltr'>autem</span> <span class='ocrx_word' id='word_1_474' title='bbox 2816 1243 3117 1316; x_wconf 84' lang='lat' dir='ltr'>plerisque</span> <span class='ocrx_word' id='word_1_475' title='bbox 3146 1249 3377 1317; x_wconf 85' lang='lat' dir='ltr'>gratum</span> <span class='ocrx_word' id='word_1_476' title='bbox 3408 1245 3554 1313; x_wconf 76' lang='lat' dir='ltr'>fore,</span> <span class='ocrx_word' id='word_1_477' title='bbox 3592 1246 3639 1312; x_wconf 88' lang='lat' dir='ltr'>si</span> <span class='ocrx_word' id='word_1_478' title='bbox 3676 1263 3751 1313; x_wconf 79' lang='lat' dir='ltr'>ea</span> 
     </span>
    </p>
   </div>
   <div class='ocr_carea' id='block_1_69' title="bbox 2095 1332 3752 1405">
    <p class='ocr_par' dir='ltr' id='par_1_69' title="bbox 2095 1332 3752 1405">
     <span class='ocr_line' id='line_1_69' title="bbox 2095 1332 3752 1405; baseline 0.002 -18"><span class='ocrx_word' id='word_1_479' title='bbox 2095 1351 2226 1405; x_wconf 79' lang='lat' dir='ltr'>quae</span> <span class='ocrx_word' id='word_1_480' title='bbox 2274 1333 2562 1397; x_wconf 85' lang='lat' dir='ltr'>hactenus</span> <span class='ocrx_word' id='word_1_481' title='bbox 2610 1332 2809 1395; x_wconf 84' lang='lat' dir='ltr'>Latine</span> <span class='ocrx_word' id='word_1_482' title='bbox 2861 1338 3090 1399; x_wconf 84' lang='lat' dir='ltr'>tantum</span> <span class='ocrx_word' id='word_1_483' title='bbox 3149 1334 3752 1405; x_wconf 81' lang='lat' dir='ltr'>circumferebantur,</span> 
     </span>
    </p>
   </div>
   <div class='ocr_carea' id='block_1_70' title="bbox 2093 1422 3749 1493">
    <p class='ocr_par' dir='ltr' id='par_1_70' title="bbox 2093 1422 3749 1493">
     <span class='ocr_line' id='line_1_70' title="bbox 2093 1422 3749 1493; baseline 0 -15"><span class='ocrx_word' id='word_1_484' title='bbox 2093 1424 2288 1491; x_wconf 81' lang='lat' dir='ltr'>Graece</span> <span class='ocrx_word' id='word_1_485' title='bbox 2320 1422 2498 1486; x_wconf 84' lang='lat' dir='ltr'>simul</span> <span class='ocrx_word' id='word_1_486' title='bbox 2529 1427 2588 1477; x_wconf 90' lang='lat' dir='ltr'>et</span> <span class='ocrx_word' id='word_1_487' title='bbox 2620 1422 2821 1485; x_wconf 81' lang='lat' dir='ltr'>Latine</span> <span class='ocrx_word' id='word_1_488' title='bbox 2847 1439 2881 1479; x_wconf 89' lang='lat' dir='ltr'>a</span> <span class='ocrx_word' id='word_1_489' title='bbox 2912 1439 3004 1477; x_wconf 90' lang='lat' dir='ltr'>me</span> <span class='ocrx_word' id='word_1_490' title='bbox 3056 1423 3309 1479; x_wconf 85' lang='lat' dir='ltr'>fuissent</span> <span class='ocrx_word' id='word_1_491' title='bbox 3344 1423 3520 1487; x_wconf 81' lang='lat' dir='ltr'>edita.</span> <span class='ocrx_word' id='word_1_492' title='bbox 3555 1447 3583 1479; x_wconf 74' lang='grc' dir='ltr'><strong><em>υ</em></strong></span> <span class='ocrx_word' id='word_1_493' title='bbox 3627 1424 3749 1493; x_wconf 76' lang='lat' dir='ltr'>Sed</span> 
     </span>
    </p>
   </div>
   <div class='ocr_carea' id='block_1_71' title="bbox 2094 1511 3751 1593">
    <p class='ocr_par' dir='ltr' id='par_1_71' title="bbox 2094 1511 3751 1593">
     <span class='ocr_line' id='line_1_71' title="bbox 2094 1511 3751 1593; baseline 0.003 -28"><span class='ocrx_word' id='word_1_494' title='bbox 2094 1512 2383 1593; x_wconf 85' lang='lat' dir='ltr'>quidquid</span> <span class='ocrx_word' id='word_1_495' title='bbox 2415 1511 2630 1569; x_wconf 85' lang='lat' dir='ltr'>dixerit</span> <span class='ocrx_word' id='word_1_496' title='bbox 2661 1513 2977 1581; x_wconf 80' lang='lat' dir='ltr'>Gesnerus,</span> <span class='ocrx_word' id='word_1_497' title='bbox 3008 1519 3144 1577; x_wconf 84' lang='lat' dir='ltr'>ante</span> <span class='ocrx_word' id='word_1_498' title='bbox 3178 1530 3313 1577; x_wconf 83' lang='lat' dir='ltr'>eum</span> <span class='ocrx_word' id='word_1_499' title='bbox 3360 1514 3414 1571; x_wconf 87' lang='lat' dir='ltr'>S.</span> <span class='ocrx_word' id='word_1_500' title='bbox 3450 1515 3751 1585; x_wconf 66' lang='lat' dir='ltr'>Ignotium</span> 
     </span>
    </p>
   </div>
   <div class='ocr_carea' id='block_1_72' title="bbox 2093 1602 3749 1674">
    <p class='ocr_par' dir='ltr' id='par_1_72' title="bbox 2093 1602 3749 1674">
     <span class='ocr_line' id='line_1_72' title="bbox 2093 1602 3749 1674; baseline 0 -17"><span class='ocrx_word' id='word_1_501' title='bbox 2093 1604 2288 1657; x_wconf 75' lang='lat' dir='ltr'>Graece</span> <span class='ocrx_word' id='word_1_502' title='bbox 2322 1618 2391 1656; x_wconf 90' lang='lat' dir='ltr'>ex</span> <span class='ocrx_word' id='word_1_503' title='bbox 2421 1603 2780 1673; x_wconf 71' lang='lat' dir='ltr'>Augustanaa</span> <span class='ocrx_word' id='word_1_504' title='bbox 2828 1602 3205 1657; x_wconf 60' lang='lat' dir='ltr'>Bibliotheca</span> <span class='ocrx_word' id='word_1_505' title='bbox 3253 1603 3577 1674; x_wconf 86' lang='lat' dir='ltr'>exemplari</span> <span class='ocrx_word' id='word_1_506' title='bbox 3634 1605 3749 1657; x_wconf 82' lang='lat' dir='ltr'>Va-</span> 
     </span>
    </p>
   </div>
   <div class='ocr_carea' id='block_1_73' title="bbox 2095 1690 3751 1762">
    <p class='ocr_par' dir='ltr' id='par_1_73' title="bbox 2095 1690 3751 1762">
     <span class='ocr_line' id='line_1_73' title="bbox 2095 1690 3751 1762; baseline 0.001 -16"><span class='ocrx_word' id='word_1_507' title='bbox 2095 1692 2357 1746; x_wconf 88' lang='lat' dir='ltr'>lentinus</span> <span class='ocrx_word' id='word_1_508' title='bbox 2397 1693 2635 1745; x_wconf 71' lang='lat' dir='ltr'>Pacazus</span> <span class='ocrx_word' id='word_1_509' title='bbox 2678 1690 3099 1761; x_wconf 87' lang='lat' dir='ltr'>publicaverat,</span> <span class='ocrx_word' id='word_1_510' title='bbox 3133 1708 3182 1745; x_wconf 90' lang='lat' dir='ltr'>a.</span> <span class='ocrx_word' id='word_1_511' title='bbox 3235 1692 3300 1746; x_wconf 92' lang='lat' dir='ltr'>D.</span> <span class='ocrx_word' id='word_1_512' title='bbox 3356 1694 3515 1757; x_wconf 77' lang='grc'>1557,</span> <span class='ocrx_word' id='word_1_513' title='bbox 3563 1709 3751 1762; x_wconf 87' lang='lat' dir='ltr'>quem</span> 
     </span>
    </p>
   </div>
   <div class='ocr_carea' id='block_1_74' title="bbox 2096 1779 3751 1852">
    <p class='ocr_par' dir='ltr' id='par_1_74' title="bbox 2096 1779 3751 1852">
     <span class='ocr_line' id='line_1_74' title="bbox 2096 1779 3751 1852; baseline 0.001 -19"><span class='ocrx_word' id='word_1_514' title='bbox 2096 1780 2355 1852; x_wconf 92' lang='lat' dir='ltr'>primum</span> <span class='ocrx_word' id='word_1_515' title='bbox 2386 1779 2447 1833; x_wconf 89' lang='lat' dir='ltr'>in</span> <span class='ocrx_word' id='word_1_516' title='bbox 2479 1779 2673 1833; x_wconf 89' lang='lat' dir='ltr'>lucem</span> <span class='ocrx_word' id='word_1_517' title='bbox 2706 1795 2805 1833; x_wconf 90' lang='lat' dir='ltr'>eas</span> <span class='ocrx_word' id='word_1_518' title='bbox 2837 1779 3095 1833; x_wconf 88' lang='lat' dir='ltr'>edidisse</span> <span class='ocrx_word' id='word_1_519' title='bbox 3128 1783 3377 1834; x_wconf 89' lang='lat' dir='ltr'>testatur</span> <span class='ocrx_word' id='word_1_520' title='bbox 3423 1780 3751 1849; x_wconf 85' lang='lat' dir='ltr'>Morellius,</span> 
     </span>
    </p>
   </div>
   <div class='ocr_carea' id='block_1_75' title="bbox 2038 1867 3750 1939">
    <p class='ocr_par' dir='ltr' id='par_1_75' title="bbox 2038 1867 3750 1939">
     <span class='ocr_line' id='line_1_75' title="bbox 2038 1867 3750 1939; baseline 0.002 -15"><span class='ocrx_word' id='word_1_521' title='bbox 2038 1867 2053 1885; x_wconf 73' lang='grc'><strong>⁷</strong></span> <span class='ocrx_word' id='word_1_522' title='bbox 2096 1870 2197 1939; x_wconf 93' lang='lat' dir='ltr'>qui</span> <span class='ocrx_word' id='word_1_523' title='bbox 2225 1868 2460 1937; x_wconf 76' lang='lat' dir='ltr'>easdem</span> <span class='ocrx_word' id='word_1_524' title='bbox 2490 1867 2732 1933; x_wconf 77' lang='lat' dir='ltr'>Parisiis</span> <span class='ocrx_word' id='word_1_525' title='bbox 2763 1868 3131 1938; x_wconf 69' lang='lat' dir='ltr'>recpdgndas</span> <span class='ocrx_word' id='word_1_526' title='bbox 3152 1868 3377 1923; x_wconf 88' lang='lat' dir='ltr'>curavit</span> <span class='ocrx_word' id='word_1_527' title='bbox 3404 1886 3455 1924; x_wconf 89' lang='lat' dir='ltr'>a.</span> <span class='ocrx_word' id='word_1_528' title='bbox 3485 1870 3547 1923; x_wconf 92' lang='lat' dir='ltr'>D.</span> <span class='ocrx_word' id='word_1_529' title='bbox 3586 1872 3750 1928; x_wconf 80' lang='grc'>1558.</span> 
     </span>
    </p>
   </div>
   <div class='ocr_carea' id='block_1_76' title="bbox 2096 1958 3753 2029">
    <p class='ocr_par' dir='ltr' id='par_1_76' title="bbox 2096 1958 3753 2029">
     <span class='ocr_line' id='line_1_76' title="bbox 2096 1958 3753 2029; baseline 0.001 -18"><span class='ocrx_word' id='word_1_530' title='bbox 2096 1960 2357 2028; x_wconf 90' lang='lat' dir='ltr'>Eamque</span> <span class='ocrx_word' id='word_1_531' title='bbox 2413 1974 2447 2011; x_wconf 89' lang='lat' dir='ltr'>a</span> <span class='ocrx_word' id='word_1_532' title='bbox 2501 1959 2705 2011; x_wconf 65' lang='lat' dir='ltr'>Pacaeo</span> <span class='ocrx_word' id='word_1_533' title='bbox 2780 1961 3156 2027; x_wconf 88' lang='lat' dir='ltr'>procuratam</span> <span class='ocrx_word' id='word_1_534' title='bbox 3223 1958 3552 2029; x_wconf 88' lang='lat' dir='ltr'>principem</span> <span class='ocrx_word' id='word_1_535' title='bbox 3614 1976 3753 2014; x_wconf 88' lang='lat' dir='ltr'>esse</span> 
     </span>
    </p>
   </div>
   <div class='ocr_carea' id='block_1_77' title="bbox 2098 2047 3763 2118">
    <p class='ocr_par' dir='ltr' id='par_1_77' title="bbox 2098 2047 3763 2118">
     <span class='ocr_line' id='line_1_77' title="bbox 2098 2047 3763 2118; baseline -0.001 -16"><span class='ocrx_word' id='word_1_536' title='bbox 2098 2049 2432 2103; x_wconf 65' lang='lat' dir='ltr'>Graecarum</span> <span class='ocrx_word' id='word_1_537' title='bbox 2463 2047 2862 2118; x_wconf 91' lang='lat' dir='ltr'>Epistolarum</span> <span class='ocrx_word' id='word_1_538' title='bbox 2892 2047 3236 2114; x_wconf 90' lang='lat' dir='ltr'>editionem,</span> <span class='ocrx_word' id='word_1_539' title='bbox 3291 2047 3490 2115; x_wconf 85' lang='lat' dir='ltr'>ﬁdem,</span> <span class='ocrx_word' id='word_1_540' title='bbox 3524 2048 3763 2103; x_wconf 80' lang='lat' dir='ltr'>faciunt.</span> 
     </span>
    </p>
   </div>
   <div class='ocr_carea' id='block_1_78' title="bbox 2096 2136 3761 2208">
    <p class='ocr_par' dir='ltr' id='par_1_78' title="bbox 2096 2136 3761 2208">
     <span class='ocr_line' id='line_1_78' title="bbox 2096 2136 3761 2208; baseline 0.001 -18"><span class='ocrx_word' id='word_1_541' title='bbox 2096 2137 2200 2207; x_wconf 78' lang='lat' dir='ltr'>illa</span> <span class='ocrx_word' id='word_1_542' title='bbox 2221 2136 2695 2205; x_wconf 73' lang='lat' dir='ltr'>centuriatorum</span> <span class='ocrx_word' id='word_1_543' title='bbox 2725 2136 3312 2208; x_wconf 84' lang='lat' dir='ltr'>Magdeburgensium</span> <span class='ocrx_word' id='word_1_544' title='bbox 3344 2153 3356 2191; x_wconf 93' lang='lat'><strong>:</strong></span> <span class='ocrx_word' id='word_1_545' title='bbox 3381 2160 3407 2185; x_wconf 76' lang='grc' dir='ltr'>α</span> <span class='ocrx_word' id='word_1_546' title='bbox 3430 2139 3533 2191; x_wconf 88' lang='lat' dir='ltr'>Est</span> <span class='ocrx_word' id='word_1_547' title='bbox 3558 2143 3615 2191; x_wconf 91' lang='lat' dir='ltr'>et</span> <span class='ocrx_word' id='word_1_548' title='bbox 3635 2138 3761 2192; x_wconf 86' lang='lat' dir='ltr'>hoc</span> 
     </span>
    </p>
   </div>
   <div class='ocr_carea' id='block_1_79' title="bbox 2097 2226 3759 2298">
    <p class='ocr_par' dir='ltr' id='par_1_79' title="bbox 2097 2226 3759 2298">
     <span class='ocr_line' id='line_1_79' title="bbox 2097 2226 3759 2298; baseline 0 -17"><span class='ocrx_word' id='word_1_549' title='bbox 2097 2226 2521 2291; x_wconf 87' lang='lat' dir='ltr'>adnotandum,</span> <span class='ocrx_word' id='word_1_550' title='bbox 2555 2226 2712 2296; x_wconf 92' lang='lat' dir='ltr'>quod</span> <span class='ocrx_word' id='word_1_551' title='bbox 2743 2226 2854 2280; x_wconf 89' lang='lat' dir='ltr'>hoc</span> <span class='ocrx_word' id='word_1_552' title='bbox 2885 2242 3042 2281; x_wconf 89' lang='lat' dir='ltr'>anno</span> <span class='ocrx_word' id='word_1_553' title='bbox 3077 2228 3208 2280; x_wconf 74' lang='lat'><strong>1558</strong></span> <span class='ocrx_word' id='word_1_554' title='bbox 3236 2226 3513 2298; x_wconf 71' lang='lat' dir='ltr'>Epistolaa</span> <span class='ocrx_word' id='word_1_555' title='bbox 3539 2227 3759 2297; x_wconf 86' lang='lat' dir='ltr'>Ignatii</span> 
     </span>
    </p>
   </div>
   <div class='ocr_carea' id='block_1_80' title="bbox 2098 2315 3759 2387">
    <p class='ocr_par' dir='ltr' id='par_1_80' title="bbox 2098 2315 3759 2387">
     <span class='ocr_line' id='line_1_80' title="bbox 2098 2315 3759 2387; baseline 0.001 -17"><span class='ocrx_word' id='word_1_556' title='bbox 2098 2320 2293 2371; x_wconf 67' lang='lat' dir='ltr'>Graece</span> <span class='ocrx_word' id='word_1_557' title='bbox 2326 2315 2446 2370; x_wconf 89' lang='lat' dir='ltr'>sint</span> <span class='ocrx_word' id='word_1_558' title='bbox 2474 2316 2779 2385; x_wconf 68' lang='lat' dir='ltr'>impressa)</span> <span class='ocrx_word' id='word_1_559' title='bbox 2830 2322 2886 2370; x_wconf 90' lang='lat' dir='ltr'>et</span> <span class='ocrx_word' id='word_1_560' title='bbox 2929 2316 3241 2387; x_wconf 63' lang='lat' dir='ltr'>publicatae</span> <span class='ocrx_word' id='word_1_561' title='bbox 3290 2333 3421 2387; x_wconf 66' lang='lat' dir='ltr'>quas</span> <span class='ocrx_word' id='word_1_562' title='bbox 3460 2316 3759 2371; x_wconf 89' lang='lat' dir='ltr'>hactenus</span> 
     </span>
    </p>
   </div>
   <div class='ocr_carea' id='block_1_81' title="bbox 2097 2405 3755 2477">
    <p class='ocr_par' dir='ltr' id='par_1_81' title="bbox 2097 2405 3755 2477">
     <span class='ocr_line' id='line_1_81' title="bbox 2097 2405 3755 2477; baseline 0.001 -18"><span class='ocrx_word' id='word_1_563' title='bbox 2097 2422 2203 2477; x_wconf 90' lang='lat' dir='ltr'>per</span> <span class='ocrx_word' id='word_1_564' title='bbox 2257 2405 2483 2476; x_wconf 90' lang='lat' dir='ltr'>aliquot</span> <span class='ocrx_word' id='word_1_565' title='bbox 2541 2406 2758 2460; x_wconf 82' lang='lat' dir='ltr'>saecula</span> <span class='ocrx_word' id='word_1_566' title='bbox 2813 2406 3137 2461; x_wconf 82' lang='lat' dir='ltr'>latuerunt.</span> <span class='ocrx_word' id='word_1_567' title='bbox 3190 2408 3379 2471; x_wconf 88' lang='lat' dir='ltr'>Quare</span> <span class='ocrx_word' id='word_1_568' title='bbox 3430 2405 3755 2461; x_wconf 90' lang='lat' dir='ltr'>duodecim</span> 
     </span>
    </p>
   </div>
   <div class='ocr_carea' id='block_1_82' title="bbox 2096 2494 3760 2571">
    <p class='ocr_par' dir='ltr' id='par_1_82' title="bbox 2096 2494 3760 2571">
     <span class='ocr_line' id='line_1_82' title="bbox 2096 2494 3760 2571; baseline 0.002 -22"><span class='ocrx_word' id='word_1_569' title='bbox 2096 2494 2362 2566; x_wconf 67' lang='lat' dir='ltr'>epistola:</span> <span class='ocrx_word' id='word_1_570' title='bbox 2385 2499 2521 2549; x_wconf 89' lang='lat' dir='ltr'>ante</span> <span class='ocrx_word' id='word_1_571' title='bbox 2552 2511 2587 2549; x_wconf 88' lang='lat' dir='ltr'>a</span> <span class='ocrx_word' id='word_1_572' title='bbox 2618 2496 2953 2571; x_wconf 77' lang='lat' dir='ltr'>Stapulensi</span> <span class='ocrx_word' id='word_1_573' title='bbox 2984 2501 3085 2565; x_wconf 88' lang='lat' dir='ltr'>aut</span> <span class='ocrx_word' id='word_1_574' title='bbox 3116 2496 3467 2565; x_wconf 87' lang='lat' dir='ltr'>Champerio</span> <span class='ocrx_word' id='word_1_575' title='bbox 3521 2496 3760 2552; x_wconf 87' lang='lat' dir='ltr'>Latine.</span> 
     </span>
    </p>
   </div>
   <div class='ocr_carea' id='block_1_83' title="bbox 2095 2586 3763 2663">
    <p class='ocr_par' dir='ltr' id='par_1_83' title="bbox 2095 2586 3763 2663">
     <span class='ocr_line' id='line_1_83' title="bbox 2095 2586 3763 2663; baseline 0.001 -22"><span class='ocrx_word' id='word_1_576' title='bbox 2095 2603 2252 2641; x_wconf 91' lang='lat' dir='ltr'>nunc</span> <span class='ocrx_word' id='word_1_577' title='bbox 2283 2603 2317 2639; x_wconf 89' lang='lat' dir='ltr'>a</span> <span class='ocrx_word' id='word_1_578' title='bbox 2347 2587 2573 2653; x_wconf 79' lang='lat' dir='ltr'>Pacaco,</span> <span class='ocrx_word' id='word_1_579' title='bbox 2607 2602 2678 2640; x_wconf 83' lang='lat' dir='ltr'>ex</span> <span class='ocrx_word' id='word_1_580' title='bbox 2708 2588 3047 2657; x_wconf 82' lang='lat' dir='ltr'>Augustano</span> <span class='ocrx_word' id='word_1_581' title='bbox 3069 2586 3350 2663; x_wconf 86' lang='lat' dir='ltr'>primum,</span> <span class='ocrx_word' id='word_1_582' title='bbox 3387 2587 3579 2657; x_wconf 76' lang='lat' dir='ltr'>deina</span> <span class='ocrx_word' id='word_1_583' title='bbox 3612 2589 3763 2642; x_wconf 88' lang='lat' dir='ltr'>Ges-</span> 
     </span>
    </p>
   </div>
   <div class='ocr_carea' id='block_1_84' title="bbox 2095 2675 3409 2748">
    <p class='ocr_par' dir='ltr' id='par_1_84' title="bbox 2095 2675 3409 2748">
     <span class='ocr_line' id='line_1_84' title="bbox 2095 2675 3409 2748; baseline -0.002 -16"><span class='ocrx_word' id='word_1_584' title='bbox 2095 2694 2239 2732; x_wconf 89' lang='lat' dir='ltr'>nero</span> <span class='ocrx_word' id='word_1_585' title='bbox 2271 2694 2300 2730; x_wconf 88' lang='lat' dir='ltr'>c</span> <span class='ocrx_word' id='word_1_586' title='bbox 2332 2676 2778 2748; x_wconf 84' lang='lat' dir='ltr'>Nydprucciano</span> <span class='ocrx_word' id='word_1_587' title='bbox 2805 2675 3006 2731; x_wconf 89' lang='lat' dir='ltr'>codice</span> <span class='ocrx_word' id='word_1_588' title='bbox 3041 2676 3213 2730; x_wconf 70' lang='lat' dir='ltr'>editas</span> <span class='ocrx_word' id='word_1_589' title='bbox 3248 2681 3409 2730; x_wconf 91' lang='lat' dir='ltr'>sunt.</span> 
     </span>
    </p>
   </div>
   <div class='ocr_carea' id='block_1_85' title="bbox 2167 2763 3760 2834">
    <p class='ocr_par' dir='ltr' id='par_1_85' title="bbox 2167 2763 3760 2834">
     <span class='ocr_line' id='line_1_85' title="bbox 2167 2763 3760 2834; baseline 0.001 -16"><span class='ocrx_word' id='word_1_590' title='bbox 2167 2765 2310 2818; x_wconf 85' lang='lat' dir='ltr'>Cum</span> <span class='ocrx_word' id='word_1_591' title='bbox 2335 2764 2465 2833; x_wconf 89' lang='lat' dir='ltr'>jam</span> <span class='ocrx_word' id='word_1_592' title='bbox 2522 2764 2722 2818; x_wconf 76' lang='lat' dir='ltr'>Graaca</span> <span class='ocrx_word' id='word_1_593' title='bbox 2778 2763 3140 2834; x_wconf 81' lang='lat' dir='ltr'>exemplaria</span> <span class='ocrx_word' id='word_1_594' title='bbox 3191 2768 3511 2827; x_wconf 87' lang='lat' dir='ltr'>exstarent,</span> <span class='ocrx_word' id='word_1_595' title='bbox 3572 2765 3760 2834; x_wconf 90' lang='lat' dir='ltr'>primi</span> 
     </span>
    </p>
   </div>
   <div class='ocr_carea' id='block_1_86' title="bbox 2095 2851 3760 2923">
    <p class='ocr_par' dir='ltr' id='par_1_86' title="bbox 2095 2851 3760 2923">
     <span class='ocr_line' id='line_1_86' title="bbox 2095 2851 3760 2923; baseline 0.001 -16"><span class='ocrx_word' id='word_1_596' title='bbox 2095 2852 2362 2908; x_wconf 83' lang='lat' dir='ltr'>omnium</span> <span class='ocrx_word' id='word_1_597' title='bbox 2409 2851 2850 2906; x_wconf 88' lang='lat' dir='ltr'>Centuriatores</span> <span class='ocrx_word' id='word_1_598' title='bbox 2899 2851 3328 2923; x_wconf 73' lang='lat' dir='ltr'>Magdehurgici</span> <span class='ocrx_word' id='word_1_599' title='bbox 3376 2853 3760 2922; x_wconf 86' lang='lat' dir='ltr'>suspiciones</span> 
     </span>
    </p>
   </div>
   <div class='ocr_carea' id='block_1_87' title="bbox 2097 2939 3762 3012">
    <p class='ocr_par' dir='ltr' id='par_1_87' title="bbox 2097 2939 3762 3012">
     <span class='ocr_line' id='line_1_87' title="bbox 2097 2939 3762 3012; baseline 0.002 -18"><span class='ocrx_word' id='word_1_600' title='bbox 2097 2957 2254 3005; x_wconf 87' lang='lat' dir='ltr'>suas,</span> <span class='ocrx_word' id='word_1_601' title='bbox 2281 2939 2383 2995; x_wconf 88' lang='lat' dir='ltr'>sed</span> <span class='ocrx_word' id='word_1_602' title='bbox 2405 2945 2574 2995; x_wconf 86' lang='lat' dir='ltr'>caute</span> <span class='ocrx_word' id='word_1_603' title='bbox 2597 2941 2740 2994; x_wconf 89' lang='lat' dir='ltr'>satis</span> <span class='ocrx_word' id='word_1_604' title='bbox 2757 2939 3179 3010; x_wconf 88' lang='lat' dir='ltr'>moderateque</span> <span class='ocrx_word' id='word_1_605' title='bbox 3205 2945 3563 3012; x_wconf 87' lang='lat' dir='ltr'>proponunt.</span> <span class='ocrx_word' id='word_1_606' title='bbox 3591 2964 3620 2989; x_wconf 83' lang='grc'>‹‹</span> <span class='ocrx_word' id='word_1_607' title='bbox 3649 2943 3762 2996; x_wconf 84' lang='lat' dir='ltr'>Le-</span> 
     </span>
    </p>
   </div>
   <div class='ocr_carea' id='block_1_88' title="bbox 2096 3028 3763 3101">
    <p class='ocr_par' dir='ltr' id='par_1_88' title="bbox 2096 3028 3763 3101">
     <span class='ocr_line' id='line_1_88' title="bbox 2096 3028 3763 3101; baseline -0.001 -16"><span class='ocrx_word' id='word_1_608' title='bbox 2096 3029 2241 3085; x_wconf 86' lang='lat' dir='ltr'>ctori</span> <span class='ocrx_word' id='word_1_609' title='bbox 2265 3035 2463 3084; x_wconf 90' lang='lat' dir='ltr'>autem</span> <span class='ocrx_word' id='word_1_610' title='bbox 2486 3029 2582 3099; x_wconf 91' lang='lat' dir='ltr'>pio</span> <span class='ocrx_word' id='word_1_611' title='bbox 2604 3034 2663 3083; x_wconf 84' lang='lat' dir='ltr'>et</span> <span class='ocrx_word' id='word_1_612' title='bbox 2683 3033 2906 3083; x_wconf 90' lang='lat' dir='ltr'>attento</span> <span class='ocrx_word' id='word_1_613' title='bbox 2929 3028 3430 3093; x_wconf 86' lang='lat' dir='ltr'>considerandum</span> <span class='ocrx_word' id='word_1_614' title='bbox 3453 3029 3763 3101; x_wconf 85' lang='lat' dir='ltr'>relinqui-</span> 
     </span>
    </p>
   </div>
   <div class='ocr_carea' id='block_1_89' title="bbox 2102 3117 3763 3189">
    <p class='ocr_par' dir='ltr' id='par_1_89' title="bbox 2102 3117 3763 3189">
     <span class='ocr_line' id='line_1_89' title="bbox 2102 3117 3763 3189; baseline 0.001 -16"><span class='ocrx_word' id='word_1_615' title='bbox 2102 3124 2548 3189; x_wconf 86' lang='lat' dir='ltr'>mus,quantum</span> <span class='ocrx_word' id='word_1_616' title='bbox 2563 3117 2639 3171; x_wconf 90' lang='lat' dir='ltr'>sit</span> <span class='ocrx_word' id='word_1_617' title='bbox 2659 3117 2780 3171; x_wconf 90' lang='lat' dir='ltr'>illis</span> <span class='ocrx_word' id='word_1_618' title='bbox 2806 3118 3079 3188; x_wconf 78' lang='lat' dir='ltr'>Epistolis</span> <span class='ocrx_word' id='word_1_619' title='bbox 3091 3119 3471 3173; x_wconf 89' lang='lat' dir='ltr'>tribuendum</span> <span class='ocrx_word' id='word_1_620' title='bbox 3506 3144 3526 3169; x_wconf 77' lang='grc' dir='ltr'><strong><em>ι</em></strong></span> <span class='ocrx_word' id='word_1_621' title='bbox 3541 3121 3729 3175; x_wconf 87' lang='lat' dir='ltr'>ltailli</span> <span class='ocrx_word' id='word_1_622' title='bbox 3745 3138 3763 3175; x_wconf 90' lang='lat'><strong><em>:</em></strong></span> 
     </span>
    </p>
   </div>
   <div class='ocr_carea' id='block_1_90' title="bbox 2102 3207 3760 3278">
    <p class='ocr_par' dir='ltr' id='par_1_90' title="bbox 2102 3207 3760 3278">
     <span class='ocr_line' id='line_1_90' title="bbox 2102 3207 3760 3278; baseline 0.001 -16"><span class='ocrx_word' id='word_1_623' title='bbox 2102 3214 2304 3273; x_wconf 82' lang='lat' dir='ltr'>etcum</span> <span class='ocrx_word' id='word_1_624' title='bbox 2331 3213 2585 3277; x_wconf 85' lang='lat' dir='ltr'>quatuor</span> <span class='ocrx_word' id='word_1_625' title='bbox 2604 3212 2952 3277; x_wconf 81' lang='lat' dir='ltr'>argumenta</span> <span class='ocrx_word' id='word_1_626' title='bbox 2967 3207 3352 3274; x_wconf 81' lang='lat' dir='ltr'>adduxissent</span> <span class='ocrx_word' id='word_1_627' title='bbox 3381 3225 3514 3278; x_wconf 74' lang='lat' dir='ltr'>quae</span> <span class='ocrx_word' id='word_1_628' title='bbox 3538 3209 3760 3263; x_wconf 90' lang='lat' dir='ltr'>merito</span> 
     </span>
    </p>
   </div>
   <div class='ocr_carea' id='block_1_91' title="bbox 2101 3297 3756 3369">
    <p class='ocr_par' dir='ltr' id='par_1_91' title="bbox 2101 3297 3756 3369">
     <span class='ocr_line' id='line_1_91' title="bbox 2101 3297 3756 3369; baseline -0.001 -16"><span class='ocrx_word' id='word_1_629' title='bbox 2101 3301 2404 3368; x_wconf 86' lang='lat' dir='ltr'>suspectas</span> <span class='ocrx_word' id='word_1_630' title='bbox 2427 3297 2674 3365; x_wconf 82' lang='lat' dir='ltr'>reddere</span> <span class='ocrx_word' id='word_1_631' title='bbox 2693 3297 3053 3364; x_wconf 85' lang='lat' dir='ltr'>viderentur,</span> <span class='ocrx_word' id='word_1_632' title='bbox 3079 3299 3149 3352; x_wconf 87' lang='lat' dir='ltr'>De</span> <span class='ocrx_word' id='word_1_633' title='bbox 3168 3298 3756 3369; x_wconf 79' lang='lat' dir='ltr'>doctrina,inquiunt,</span> 
     </span>
    </p>
   </div>
   <div class='ocr_carea' id='block_1_92' title="bbox 2101 3385 3760 3458">
    <p class='ocr_par' dir='ltr' id='par_1_92' title="bbox 2101 3385 3760 3458">
     <span class='ocr_line' id='line_1_92' title="bbox 2101 3385 3760 3458; baseline 0.001 -17"><span class='ocrx_word' id='word_1_634' title='bbox 2101 3408 2129 3442; x_wconf 77' lang='lat' dir='ltr'>tt</span> <span class='ocrx_word' id='word_1_635' title='bbox 2157 3386 2360 3458; x_wconf 83' lang='lat' dir='ltr'>Ignatii</span> <span class='ocrx_word' id='word_1_636' title='bbox 2379 3385 2530 3441; x_wconf 87' lang='lat' dir='ltr'>nihil</span> <span class='ocrx_word' id='word_1_637' title='bbox 2552 3386 2714 3440; x_wconf 89' lang='lat' dir='ltr'>aliud</span> <span class='ocrx_word' id='word_1_638' title='bbox 2727 3386 3014 3441; x_wconf 89' lang='lat' dir='ltr'>habemus</span> <span class='ocrx_word' id='word_1_639' title='bbox 3036 3388 3146 3441; x_wconf 89' lang='lat' dir='ltr'>nisi</span> <span class='ocrx_word' id='word_1_640' title='bbox 3165 3387 3323 3457; x_wconf 90' lang='lat' dir='ltr'>quod</span> <span class='ocrx_word' id='word_1_641' title='bbox 3337 3388 3463 3441; x_wconf 62' lang='lat' dir='ltr'>ha);</span> <span class='ocrx_word' id='word_1_642' title='bbox 3480 3389 3760 3457; x_wconf 76' lang='lat' dir='ltr'>ejusmo-</span> 
     </span>
    </p>
   </div>
   <div class='ocr_carea' id='block_1_93' title="bbox 2099 3475 3757 3547">
    <p class='ocr_par' dir='ltr' id='par_1_93' title="bbox 2099 3475 3757 3547">
     <span class='ocr_line' id='line_1_93' title="bbox 2099 3475 3757 3547; baseline 0.001 -17"><span class='ocrx_word' id='word_1_643' title='bbox 2099 3475 2459 3543; x_wconf 87' lang='lat' dir='ltr'>numenta,si</span> <span class='ocrx_word' id='word_1_644' title='bbox 2485 3480 2682 3531; x_wconf 87' lang='lat' dir='ltr'>tamen</span> <span class='ocrx_word' id='word_1_645' title='bbox 2697 3475 2824 3545; x_wconf 87' lang='lat' dir='ltr'>ejus</span> <span class='ocrx_word' id='word_1_646' title='bbox 2844 3476 3540 3547; x_wconf 74' lang='lat' dir='ltr'>sunt,complectuntur.»</span> <span class='ocrx_word' id='word_1_647' title='bbox 3560 3477 3716 3541; x_wconf 83' lang='lat' dir='ltr'>Quin</span> <span class='ocrx_word' id='word_1_648' title='bbox 3730 3508 3757 3519; x_wconf 81' lang='grc'><strong><em>-</em></strong></span> 
     </span>
    </p>
   </div>
   <div class='ocr_carea' id='block_1_94' title="bbox 2101 3564 3763 3636">
    <p class='ocr_par' dir='ltr' id='par_1_94' title="bbox 2101 3564 3763 3636">
     <span class='ocr_line' id='line_1_94' title="bbox 2101 3564 3763 3636; baseline 0.001 -17"><span class='ocrx_word' id='word_1_649' title='bbox 2101 3565 2278 3629; x_wconf 87' lang='lat' dir='ltr'>etiam</span> <span class='ocrx_word' id='word_1_650' title='bbox 2328 3564 2528 3620; x_wconf 86' lang='lat' dir='ltr'>statim</span> <span class='ocrx_word' id='word_1_651' title='bbox 2576 3565 2765 3636; x_wconf 80' lang='lat' dir='ltr'>gravis</span> <span class='ocrx_word' id='word_1_652' title='bbox 2814 3564 2914 3619; x_wconf 90' lang='lat' dir='ltr'>illa</span> <span class='ocrx_word' id='word_1_653' title='bbox 2941 3564 3179 3620; x_wconf 89' lang='lat' dir='ltr'>Joannis</span> <span class='ocrx_word' id='word_1_654' title='bbox 3224 3564 3444 3619; x_wconf 85' lang='lat' dir='ltr'>Calvini</span> <span class='ocrx_word' id='word_1_655' title='bbox 3492 3582 3763 3627; x_wconf 83' lang='lat' dir='ltr'>censura</span> 
     </span>
    </p>
   </div>
   <div class='ocr_carea' id='block_1_95' title="bbox 2098 3653 3761 3724">
    <p class='ocr_par' dir='ltr' id='par_1_95' title="bbox 2098 3653 3761 3724">
     <span class='ocr_line' id='line_1_95' title="bbox 2098 3653 3761 3724; baseline 0.001 -16"><span class='ocrx_word' id='word_1_656' title='bbox 2098 3653 2338 3724; x_wconf 86' lang='lat' dir='ltr'>prodiit,</span> <span class='ocrx_word' id='word_1_657' title='bbox 2370 3653 2473 3709; x_wconf 89' lang='lat' dir='ltr'>lib.</span> <span class='ocrx_word' id='word_1_658' title='bbox 2535 3671 2572 3720; x_wconf 79' lang='grc' dir='ltr'>ι,</span> <span class='ocrx_word' id='word_1_659' title='bbox 2612 3670 2740 3724; x_wconf 89' lang='lat' dir='ltr'>cap.</span> <span class='ocrx_word' id='word_1_660' title='bbox 2774 3656 2804 3707; x_wconf 87' lang='lat'><strong>3</strong></span> <span class='ocrx_word' id='word_1_661' title='bbox 2860 3656 3301 3723; x_wconf 83' lang='lat' dir='ltr'>Institutionum,</span> <span class='ocrx_word' id='word_1_662' title='bbox 3354 3655 3479 3723; x_wconf 86' lang='lat' dir='ltr'>jam</span> <span class='ocrx_word' id='word_1_663' title='bbox 3534 3657 3761 3710; x_wconf 88' lang='lat' dir='ltr'>tumin</span> 
     </span>
    </p>
   </div>
   <div class='ocr_carea' id='block_1_96' title="bbox 2100 3742 3764 3815">
    <p class='ocr_par' dir='ltr' id='par_1_96' title="bbox 2100 3742 3764 3815">
     <span class='ocr_line' id='line_1_96' title="bbox 2100 3742 3764 3815; baseline 0.004 -19"><span class='ocrx_word' id='word_1_664' title='bbox 2100 3743 2567 3798; x_wconf 84' lang='lat' dir='ltr'>commodiorem</span> <span class='ocrx_word' id='word_1_665' title='bbox 2580 3742 2832 3798; x_wconf 88' lang='lat' dir='ltr'>formam</span> <span class='ocrx_word' id='word_1_666' title='bbox 2846 3744 3276 3803; x_wconf 79' lang='lat' dir='ltr'>redactarum.«</span> <span class='ocrx_word' id='word_1_667' title='bbox 3288 3744 3575 3815; x_wconf 85' lang='lat' dir='ltr'>lgnatium</span> <span class='ocrx_word' id='word_1_668' title='bbox 3594 3747 3764 3814; x_wconf 89' lang='lat' dir='ltr'>quod</span> 
     </span>
    </p>
   </div>
   <div class='ocr_carea' id='block_1_97' title="bbox 2099 3831 3769 3905">
    <p class='ocr_par' dir='ltr' id='par_1_97' title="bbox 2099 3831 3769 3905">
     <span class='ocr_line' id='line_1_97' title="bbox 2099 3831 3769 3905; baseline 0.003 -21"><span class='ocrx_word' id='word_1_669' title='bbox 2099 3831 2503 3905; x_wconf 71' lang='lat' dir='ltr'>obtendunt,si</span> <span class='ocrx_word' id='word_1_670' title='bbox 2524 3833 3042 3904; x_wconf 81' lang='lat' dir='ltr'>velintquidquam</span> <span class='ocrx_word' id='word_1_671' title='bbox 3058 3833 3275 3899; x_wconf 82' lang='lat' dir='ltr'>habere</span> <span class='ocrx_word' id='word_1_672' title='bbox 3294 3834 3603 3900; x_wconf 84' lang='lat' dir='ltr'>momenti,</span> <span class='ocrx_word' id='word_1_673' title='bbox 3627 3852 3769 3905; x_wconf 87' lang='lat' dir='ltr'>pro-</span> 
     </span>
    </p>
   </div>
   <div class='ocr_carea' id='block_1_98' title="bbox 2100 3922 3767 3995">
    <p class='ocr_par' dir='ltr' id='par_1_98' title="bbox 2100 3922 3767 3995">
     <span class='ocr_line' id='line_1_98' title="bbox 2100 3922 3767 3995; baseline 0.002 -20"><span class='ocrx_word' id='word_1_674' title='bbox 2100 3922 2553 3992; x_wconf 75' lang='lat' dir='ltr'>bentapostolos</span> <span class='ocrx_word' id='word_1_675' title='bbox 2571 3923 2759 3995; x_wconf 81' lang='lat' dir='ltr'>legem</span> <span class='ocrx_word' id='word_1_676' title='bbox 2780 3923 2985 3983; x_wconf 80' lang='lat' dir='ltr'>tulisse</span> <span class='ocrx_word' id='word_1_677' title='bbox 3003 3923 3074 3977; x_wconf 90' lang='lat' dir='ltr'>de</span> <span class='ocrx_word' id='word_1_678' title='bbox 3090 3922 3573 3994; x_wconf 73' lang='lat' dir='ltr'>Quadragesima,</span> <span class='ocrx_word' id='word_1_679' title='bbox 3600 3931 3660 3976; x_wconf 91' lang='lat' dir='ltr'>et</span> <span class='ocrx_word' id='word_1_680' title='bbox 3688 3926 3767 3979; x_wconf 88' lang='lat' dir='ltr'>si-</span> 
     </span>
    </p>
   </div>
   <div class='ocr_carea' id='block_1_99' title="bbox 2099 4011 3764 4083">
    <p class='ocr_par' dir='ltr' id='par_1_99' title="bbox 2099 4011 3764 4083">
     <span class='ocr_line' id='line_1_99' title="bbox 2099 4011 3764 4083; baseline 0.001 -19"><span class='ocrx_word' id='word_1_681' title='bbox 2099 4011 2336 4077; x_wconf 82' lang='lat' dir='ltr'>milibus</span> <span class='ocrx_word' id='word_1_682' title='bbox 2356 4013 2733 4083; x_wconf 85' lang='lat' dir='ltr'>corruptelis;</span> <span class='ocrx_word' id='word_1_683' title='bbox 2759 4013 2909 4080; x_wconf 79' lang='lat' dir='ltr'>uihil</span> <span class='ocrx_word' id='word_1_684' title='bbox 2931 4012 3089 4073; x_wconf 89' lang='lat' dir='ltr'>enim</span> <span class='ocrx_word' id='word_1_685' title='bbox 3106 4012 3317 4078; x_wconf 58' lang='lat' dir='ltr'>neniis</span> <span class='ocrx_word' id='word_1_686' title='bbox 3338 4011 3618 4081; x_wconf 71' lang='lat' dir='ltr'>illis,quaa</span> <span class='ocrx_word' id='word_1_687' title='bbox 3643 4013 3764 4081; x_wconf 72' lang='lat' dir='ltr'>sub</span> 
     </span>
    </p>
   </div>
   <div class='ocr_carea' id='block_1_100' title="bbox 2101 4100 3767 4173">
    <p class='ocr_par' dir='ltr' id='par_1_100' title="bbox 2101 4100 3767 4173">
     <span class='ocr_line' id='line_1_100' title="bbox 2101 4100 3767 4173; baseline 0 -17"><span class='ocrx_word' id='word_1_688' title='bbox 2101 4100 2307 4173; x_wconf 71' lang='lat' dir='ltr'>ignaui</span> <span class='ocrx_word' id='word_1_689' title='bbox 2332 4101 2571 4169; x_wconf 80' lang='lat' dir='ltr'>nomine</span> <span class='ocrx_word' id='word_1_690' title='bbox 2595 4101 2767 4159; x_wconf 72' lang='lat' dir='ltr'>editae</span> <span class='ocrx_word' id='word_1_691' title='bbox 2792 4107 2948 4167; x_wconf 84' lang='lat' dir='ltr'>sunt,</span> <span class='ocrx_word' id='word_1_692' title='bbox 2974 4101 3257 4173; x_wconf 79' lang='lat' dir='ltr'>putidius.</span> <span class='ocrx_word' id='word_1_693' title='bbox 3278 4102 3402 4167; x_wconf 78' lang='lat' dir='ltr'>Quo</span> <span class='ocrx_word' id='word_1_694' title='bbox 3426 4102 3626 4157; x_wconf 89' lang='lat' dir='ltr'>minus</span> <span class='ocrx_word' id='word_1_695' title='bbox 3659 4109 3767 4163; x_wconf 82' lang='lat' dir='ltr'>to-</span> 
     </span>
    </p>
   </div>
   <div class='ocr_carea' id='block_1_101' title="bbox 2100 4190 3767 4261">
    <p class='ocr_par' dir='ltr' id='par_1_101' title="bbox 2100 4190 3767 4261">
     <span class='ocr_line' id='line_1_101' title="bbox 2100 4190 3767 4261; baseline 0.001 -17"><span class='ocrx_word' id='word_1_696' title='bbox 2100 4190 2359 4255; x_wconf 81' lang='lat' dir='ltr'>lerabilis</span> <span class='ocrx_word' id='word_1_697' title='bbox 2390 4197 2481 4245; x_wconf 89' lang='lat' dir='ltr'>est</span> <span class='ocrx_word' id='word_1_698' title='bbox 2506 4206 2710 4244; x_wconf 86' lang='lat' dir='ltr'>eorum</span> <span class='ocrx_word' id='word_1_699' title='bbox 2733 4190 3104 4261; x_wconf 84' lang='lat' dir='ltr'>impudentia</span> <span class='ocrx_word' id='word_1_700' title='bbox 3125 4192 3227 4260; x_wconf 84' lang='lat' dir='ltr'>qui</span> <span class='ocrx_word' id='word_1_701' title='bbox 3250 4190 3665 4255; x_wconf 81' lang='lat' dir='ltr'>talibuslarvis</span> <span class='ocrx_word' id='word_1_702' title='bbox 3682 4193 3767 4257; x_wconf 73' lang='lat' dir='ltr'>ad,</span> 
     </span>
    </p>
   </div>
   <div class='ocr_carea' id='block_1_102' title="bbox 2097 4280 3765 4351">
    <p class='ocr_par' dir='ltr' id='par_1_102' title="bbox 2097 4280 3765 4351">
     <span class='ocr_line' id='line_1_102' title="bbox 2097 4280 3765 4351; baseline 0.002 -19"><span class='ocrx_word' id='word_1_703' title='bbox 2097 4280 2425 4343; x_wconf 80' lang='lat' dir='ltr'>fallendum</span> <span class='ocrx_word' id='word_1_704' title='bbox 2440 4298 2499 4347; x_wconf 81' lang='lat' dir='ltr'>se</span> <span class='ocrx_word' id='word_1_705' title='bbox 2520 4281 2840 4347; x_wconf 86' lang='lat' dir='ltr'>instruunt.</span> <span class='ocrx_word' id='word_1_706' title='bbox 2868 4302 2896 4332; x_wconf 87' lang='lat'>»</span> <span class='ocrx_word' id='word_1_707' title='bbox 2914 4282 3001 4345; x_wconf 83' lang='lat' dir='ltr'>lta</span> <span class='ocrx_word' id='word_1_708' title='bbox 3020 4280 3116 4335; x_wconf 90' lang='lat' dir='ltr'>ille</span> <span class='ocrx_word' id='word_1_709' title='bbox 3138 4298 3243 4351; x_wconf 82' lang='lat' dir='ltr'>pro</span> <span class='ocrx_word' id='word_1_710' title='bbox 3264 4297 3428 4349; x_wconf 76' lang='lat' dir='ltr'>more</span> <span class='ocrx_word' id='word_1_711' title='bbox 3467 4298 3574 4337; x_wconf 89' lang='lat' dir='ltr'>suo</span> <span class='ocrx_word' id='word_1_712' title='bbox 3599 4285 3765 4339; x_wconf 86' lang='lat' dir='ltr'>acri-</span> 
     </span>
    </p>
   </div>
   <div class='ocr_carea' id='block_1_103' title="bbox 2094 4369 3762 4439">
    <p class='ocr_par' dir='ltr' id='par_1_103' title="bbox 2094 4369 3762 4439">
     <span class='ocr_line' id='line_1_103' title="bbox 2094 4369 3762 4439; baseline 0.002 -14"><span class='ocrx_word' id='word_1_713' title='bbox 2094 4374 2185 4430; x_wconf 86' lang='lat' dir='ltr'>ter</span> <span class='ocrx_word' id='word_1_714' title='bbox 2214 4370 2355 4435; x_wconf 77' lang='lat' dir='ltr'>satis</span> <span class='ocrx_word' id='word_1_715' title='bbox 2383 4375 2442 4424; x_wconf 88' lang='lat' dir='ltr'>et</span> <span class='ocrx_word' id='word_1_716' title='bbox 2470 4370 2756 4434; x_wconf 84' lang='lat' dir='ltr'>animose.</span> <span class='ocrx_word' id='word_1_717' title='bbox 2793 4372 2896 4425; x_wconf 86' lang='lat' dir='ltr'>Nec</span> <span class='ocrx_word' id='word_1_718' title='bbox 2947 4377 3129 4433; x_wconf 81' lang='lat' dir='ltr'>tamen</span> <span class='ocrx_word' id='word_1_719' title='bbox 3167 4371 3400 4439; x_wconf 73' lang='lat' dir='ltr'>offendit</span> <span class='ocrx_word' id='word_1_720' title='bbox 3452 4369 3762 4428; x_wconf 77' lang='lat' dir='ltr'>Calvinum</span> 
     </span>
    </p>
   </div>
   <div class='ocr_carea' id='block_1_104' title="bbox 2092 4458 3765 4530">
    <p class='ocr_par' dir='ltr' id='par_1_104' title="bbox 2092 4458 3765 4530">
     <span class='ocr_line' id='line_1_104' title="bbox 2092 4458 3765 4530; baseline 0.001 -14"><span class='ocrx_word' id='word_1_721' title='bbox 2092 4458 2363 4528; x_wconf 81' lang='lat' dir='ltr'>Ignatius,</span> <span class='ocrx_word' id='word_1_722' title='bbox 2414 4460 2508 4517; x_wconf 79' lang='lat' dir='ltr'>sed</span> <span class='ocrx_word' id='word_1_723' title='bbox 2564 4459 2608 4525; x_wconf 79' lang='lat' dir='ltr'>ii</span> <span class='ocrx_word' id='word_1_724' title='bbox 2655 4462 2753 4529; x_wconf 74' lang='lat' dir='ltr'>qui</span> <span class='ocrx_word' id='word_1_725' title='bbox 2800 4462 3082 4529; x_wconf 78' lang='lat' dir='ltr'>Ignat-ium</span> <span class='ocrx_word' id='word_1_726' title='bbox 3130 4467 3519 4529; x_wconf 71' lang='lat' dir='ltr'>corruperunt,</span> <span class='ocrx_word' id='word_1_727' title='bbox 3552 4462 3765 4530; x_wconf 86' lang='lat' dir='ltr'>inquit</span> 
     </span>
    </p>
   </div>
   <div class='ocr_carea' id='block_1_105' title="bbox 2093 4547 3764 4619">
    <p class='ocr_par' dir='ltr' id='par_1_105' title="bbox 2093 4547 3764 4619">
     <span class='ocr_line' id='line_1_105' title="bbox 2093 4547 3764 4619; baseline 0 -16"><span class='ocrx_word' id='word_1_728' title='bbox 2093 4547 2367 4615; x_wconf 79' lang='lat' dir='ltr'>Bivetus:</span> <span class='ocrx_word' id='word_1_729' title='bbox 2402 4547 2563 4617; x_wconf 88' lang='lat' dir='ltr'>quod</span> <span class='ocrx_word' id='word_1_730' title='bbox 2612 4554 2769 4603; x_wconf 89' lang='lat' dir='ltr'>recte</span> <span class='ocrx_word' id='word_1_731' title='bbox 2819 4549 2891 4603; x_wconf 89' lang='lat' dir='ltr'>ab</span> <span class='ocrx_word' id='word_1_732' title='bbox 2925 4566 2992 4611; x_wconf 86' lang='lat' dir='ltr'>eo</span> <span class='ocrx_word' id='word_1_733' title='bbox 3047 4548 3421 4611; x_wconf 81' lang='lat' dir='ltr'>observatum</span> <span class='ocrx_word' id='word_1_734' title='bbox 3476 4549 3659 4613; x_wconf 84' lang='lat' dir='ltr'>tradit</span> <span class='ocrx_word' id='word_1_735' title='bbox 3696 4550 3764 4619; x_wconf 68' lang='lat' dir='ltr'>in</span> 
     </span>
    </p>
   </div>
   <div class='ocr_carea' id='block_1_106' title="bbox 2107 4636 3769 4710">
    <p class='ocr_par' dir='ltr' id='par_1_106' title="bbox 2107 4636 3769 4710">
     <span class='ocr_line' id='line_1_106' title="bbox 2107 4636 3769 4710; baseline 0.001 -18"><span class='ocrx_word' id='word_1_736' title='bbox 2107 4636 2410 4702; x_wconf 79' lang='lat' dir='ltr'>academia</span> <span class='ocrx_word' id='word_1_737' title='bbox 2424 4638 2747 4703; x_wconf 80' lang='lat' dir='ltr'>Genevensi</span> <span class='ocrx_word' id='word_1_738' title='bbox 2770 4638 3069 4710; x_wconf 76' lang='lat' dir='ltr'>professor</span> <span class='ocrx_word' id='word_1_739' title='bbox 3096 4638 3367 4694; x_wconf 86' lang='lat' dir='ltr'>Vedelius</span> <span class='ocrx_word' id='word_1_740' title='bbox 3393 4655 3405 4703; x_wconf 89' lang='lat'><strong>;</strong></span> <span class='ocrx_word' id='word_1_741' title='bbox 3430 4643 3486 4699; x_wconf 88' lang='lat' dir='ltr'>et</span> <span class='ocrx_word' id='word_1_742' title='bbox 3508 4656 3603 4693; x_wconf 90' lang='lat' dir='ltr'>res</span> <span class='ocrx_word' id='word_1_743' title='bbox 3628 4638 3769 4707; x_wconf 85' lang='lat' dir='ltr'>ipsa</span> 
     </span>
    </p>
   </div>
   <div class='ocr_carea' id='block_1_107' title="bbox 2106 4726 3770 4797">
    <p class='ocr_par' dir='ltr' id='par_1_107' title="bbox 2106 4726 3770 4797">
     <span class='ocr_line' id='line_1_107' title="bbox 2106 4726 3770 4797; baseline 0.002 -17"><span class='ocrx_word' id='word_1_744' title='bbox 2106 4727 2248 4791; x_wconf 82' lang='lat' dir='ltr'>satis</span> <span class='ocrx_word' id='word_1_745' title='bbox 2269 4726 2494 4788; x_wconf 85' lang='lat' dir='ltr'>indicat</span> <span class='ocrx_word' id='word_1_746' title='bbox 2515 4745 2528 4792; x_wconf 86' lang='lat'><strong>;</strong></span> <span class='ocrx_word' id='word_1_747' title='bbox 2553 4728 2965 4789; x_wconf 70' lang='lat' dir='ltr'>auctoritatem</span> <span class='ocrx_word' id='word_1_748' title='bbox 2988 4726 3145 4781; x_wconf 86' lang='lat' dir='ltr'>enim</span> <span class='ocrx_word' id='word_1_749' title='bbox 3169 4727 3375 4797; x_wconf 76' lang='lat' dir='ltr'>lgnatii</span> <span class='ocrx_word' id='word_1_750' title='bbox 3401 4726 3770 4795; x_wconf 66' lang='lat' dir='ltr'>rejecittjal—</span> 
     </span>
    </p>
   </div>
   <div class='ocr_carea' id='block_1_108' title="bbox 2108 4814 3769 4887">
    <p class='ocr_par' dir='ltr' id='par_1_108' title="bbox 2108 4814 3769 4887">
     <span class='ocr_line' id='line_1_108' title="bbox 2108 4814 3769 4887; baseline 0.004 -19"><span class='ocrx_word' id='word_1_751' title='bbox 2108 4816 2274 4869; x_wconf 91' lang='lat' dir='ltr'>vinus</span> <span class='ocrx_word' id='word_1_752' title='bbox 2303 4816 2374 4870; x_wconf 91' lang='lat' dir='ltr'>ab</span> <span class='ocrx_word' id='word_1_753' title='bbox 2411 4816 2815 4882; x_wconf 63' lang='lat' dir='ltr'>Antitrinariis</span> <span class='ocrx_word' id='word_1_754' title='bbox 2858 4816 3174 4887; x_wconf 69' lang='lat' dir='ltr'>obiectam,</span> <span class='ocrx_word' id='word_1_755' title='bbox 3210 4832 3281 4873; x_wconf 85' lang='lat' dir='ltr'>ex</span> <span class='ocrx_word' id='word_1_756' title='bbox 3325 4814 3582 4886; x_wconf 85' lang='lat' dir='ltr'>Epistola</span> <span class='ocrx_word' id='word_1_757' title='bbox 3626 4815 3769 4874; x_wconf 87' lang='lat' dir='ltr'>sine</span> 
     </span>
    </p>
   </div>
   <div class='ocr_carea' id='block_1_109' title="bbox 2109 4904 3770 4981">
    <p class='ocr_par' dir='ltr' id='par_1_109' title="bbox 2109 4904 3770 4981">
     <span class='ocr_line' id='line_1_109' title="bbox 2109 4904 3770 4981; baseline 0.001 -22"><span class='ocrx_word' id='word_1_758' title='bbox 2109 4904 2288 4973; x_wconf 76' lang='lat' dir='ltr'>dubio</span> <span class='ocrx_word' id='word_1_759' title='bbox 2314 4904 2386 4974; x_wconf 76' lang='lat' dir='ltr'>ad</span> <span class='ocrx_word' id='word_1_760' title='bbox 2416 4906 2753 4979; x_wconf 70' lang='lat' dir='ltr'>Tarsenses,</span> <span class='ocrx_word' id='word_1_761' title='bbox 2805 4922 2935 4981; x_wconf 69' lang='lat' dir='ltr'>quas</span> <span class='ocrx_word' id='word_1_762' title='bbox 2968 4922 3073 4976; x_wconf 85' lang='lat' dir='ltr'>pro</span> <span class='ocrx_word' id='word_1_763' title='bbox 3114 4905 3375 4979; x_wconf 77' lang='lat' dir='ltr'>genuina</span> <span class='ocrx_word' id='word_1_764' title='bbox 3422 4921 3541 4971; x_wconf 83' lang='lat' dir='ltr'>non</span> <span class='ocrx_word' id='word_1_765' title='bbox 3575 4921 3770 4976; x_wconf 80' lang='lat' dir='ltr'>agno-</span> 
     </span>
    </p>
   </div>
   <div class='ocr_carea' id='block_1_110' title="bbox 2110 4993 3769 5067">
    <p class='ocr_par' dir='ltr' id='par_1_110' title="bbox 2110 4993 3769 5067">
     <span class='ocr_line' id='line_1_110' title="bbox 2110 4993 3769 5067; baseline -0.008 -4"><span class='ocrx_word' id='word_1_766' title='bbox 2110 4994 2310 5063; x_wconf 70' lang='lat' dir='ltr'>scitur.</span> <span class='ocrx_word' id='word_1_767' title='bbox 2341 5000 2399 5063; x_wconf 65' lang='lat' dir='ltr'>et</span> <span class='ocrx_word' id='word_1_768' title='bbox 2426 4993 2947 5066; x_wconf 72' lang='lat' dir='ltr'>Quadragesimam</span> <span class='ocrx_word' id='word_1_769' title='bbox 2979 4995 3241 5067; x_wconf 79' lang='lat' dir='ltr'>aliasque</span> <span class='ocrx_word' id='word_1_770' title='bbox 3274 4994 3626 5061; x_wconf 72' lang='lat' dir='ltr'>traditiones</span> <span class='ocrx_word' id='word_1_771' title='bbox 3657 4994 3769 5049; x_wconf 88' lang='lat' dir='ltr'>0b-</span> 
     </span>
    </p>
   </div>
   <div class='ocr_carea' id='block_1_111' title="bbox 2104 5082 3604 5161">
    <p class='ocr_par' dir='ltr' id='par_1_111' title="bbox 2104 5082 3604 5161">
     <span class='ocr_line' id='line_1_111' title="bbox 2104 5082 3604 5161; baseline -0.001 -25"><span class='ocrx_word' id='word_1_772' title='bbox 2104 5083 2258 5155; x_wconf 83' lang='lat' dir='ltr'>jicit,</span> <span class='ocrx_word' id='word_1_773' title='bbox 2291 5100 2421 5161; x_wconf 60' lang='lat' dir='ltr'>qua;</span> <span class='ocrx_word' id='word_1_774' title='bbox 2452 5082 2514 5151; x_wconf 79' lang='lat' dir='ltr'>in</span> <span class='ocrx_word' id='word_1_775' title='bbox 2546 5082 2900 5149; x_wconf 81' lang='lat' dir='ltr'>assumentis</span> <span class='ocrx_word' id='word_1_776' title='bbox 2934 5088 3163 5143; x_wconf 85' lang='lat' dir='ltr'>tantum</span> <span class='ocrx_word' id='word_1_777' title='bbox 3196 5083 3604 5147; x_wconf 86' lang='lat' dir='ltr'>inveniuntur.</span> 
     </span>
    </p>
   </div>
   <div class='ocr_carea' id='block_1_112' title="bbox 2183 5170 3774 5242">
    <p class='ocr_par' dir='ltr' id='par_1_112' title="bbox 2183 5170 3774 5242">
     <span class='ocr_line' id='line_1_112' title="bbox 2183 5170 3774 5242; baseline 0.003 -18"><span class='ocrx_word' id='word_1_778' title='bbox 2183 5172 2328 5241; x_wconf 76' lang='lat' dir='ltr'>Tum</span> <span class='ocrx_word' id='word_1_779' title='bbox 2377 5170 2672 5241; x_wconf 67' lang='lat' dir='ltr'>Marianos</span> <span class='ocrx_word' id='word_1_780' title='bbox 2738 5172 3024 5231; x_wconf 75' lang='lat' dir='ltr'>Victorius</span> <span class='ocrx_word' id='word_1_781' title='bbox 3067 5173 3128 5226; x_wconf 88' lang='lat' dir='ltr'>in</span> <span class='ocrx_word' id='word_1_782' title='bbox 3177 5172 3232 5225; x_wconf 89' lang='lat' dir='ltr'>S.</span> <span class='ocrx_word' id='word_1_783' title='bbox 3296 5172 3774 5242; x_wconf 73' lang='lat' dir='ltr'>Hieronymum:</span> 
     </span>
    </p>
   </div>
   <div class='ocr_carea' id='block_1_113' title="bbox 2116 5259 3777 5335">
    <p class='ocr_par' dir='ltr' id='par_1_113' title="bbox 2116 5259 3777 5335">
     <span class='ocr_line' id='line_1_113' title="bbox 2116 5259 3777 5335; baseline 0.004 -27"><span class='ocrx_word' id='word_1_784' title='bbox 2116 5280 2143 5321; x_wconf 75' lang='grc' dir='ltr'><strong>‹ς</strong></span> <span class='ocrx_word' id='word_1_785' title='bbox 2167 5261 2341 5327; x_wconf 65' lang='lat' dir='ltr'>ﬂecte</span> <span class='ocrx_word' id='word_1_786' title='bbox 2371 5259 2708 5335; x_wconf 78' lang='lat' dir='ltr'>[lgnatium]</span> <span class='ocrx_word' id='word_1_787' title='bbox 2740 5261 3131 5332; x_wconf 76' lang='lat' dir='ltr'>apostolicum</span> <span class='ocrx_word' id='word_1_788' title='bbox 3163 5265 3330 5319; x_wconf 87' lang='lat' dir='ltr'>vocat</span> <span class='ocrx_word' id='word_1_789' title='bbox 3368 5259 3594 5335; x_wconf 73' lang='lat' dir='ltr'>virum;</span> <span class='ocrx_word' id='word_1_790' title='bbox 3628 5259 3777 5329; x_wconf 75' lang='lat' dir='ltr'>vixit</span> 
     </span>
    </p>
   </div>
   <div class='ocr_carea' id='block_1_114' title="bbox 2115 5336 3781 5423">
    <p class='ocr_par' dir='ltr' id='par_1_114' title="bbox 2115 5336 3781 5423">
     <span class='ocr_line' id='line_1_114' title="bbox 2115 5336 3781 5423; baseline 0.003 -21"><span class='ocrx_word' id='word_1_791' title='bbox 2115 5349 2276 5415; x_wconf 79' lang='lat' dir='ltr'>enim</span> <span class='ocrx_word' id='word_1_792' title='bbox 2298 5336 2701 5420; x_wconf 75' lang='lat' dir='ltr'>apostolorum</span> <span class='ocrx_word' id='word_1_793' title='bbox 2736 5355 3090 5422; x_wconf 83' lang='lat' dir='ltr'>tempore,et</span> <span class='ocrx_word' id='word_1_794' title='bbox 3112 5350 3357 5417; x_wconf 83' lang='lat' dir='ltr'>Joannis</span> <span class='ocrx_word' id='word_1_795' title='bbox 3382 5349 3781 5423; x_wconf 66' lang='lat' dir='ltr'>Evangelista)</span> 
     </span>
    </p>
   </div>
   <div class='ocr_carea' id='block_1_115' title="bbox 2116 5436 3780 5517">
    <p class='ocr_par' dir='ltr' id='par_1_115' title="bbox 2116 5436 3780 5517">
     <span class='ocr_line' id='line_1_115' title="bbox 2116 5436 3780 5517; baseline 0.005 -28"><span class='ocrx_word' id='word_1_796' title='bbox 2116 5436 2442 5509; x_wconf 63' lang='lat' dir='ltr'>discipulus</span> <span class='ocrx_word' id='word_1_797' title='bbox 2459 5437 2835 5517; x_wconf 72' lang='lat' dir='ltr'>fuit,scripsit</span> <span class='ocrx_word' id='word_1_798' title='bbox 2848 5439 3074 5501; x_wconf 83' lang='lat' dir='ltr'>litteras</span> <span class='ocrx_word' id='word_1_799' title='bbox 3093 5439 3167 5507; x_wconf 80' lang='lat' dir='ltr'>ad</span> <span class='ocrx_word' id='word_1_800' title='bbox 3181 5438 3481 5507; x_wconf 78' lang='lat' dir='ltr'>sacratissi</span> <span class='ocrx_word' id='word_1_801' title='bbox 3493 5454 3653 5508; x_wconf 84' lang='lat' dir='ltr'>mam</span> <span class='ocrx_word' id='word_1_802' title='bbox 3669 5438 3780 5505; x_wconf 69' lang='lat' dir='ltr'>Vir-</span> 
     </span>
    </p>
   </div>
   <div class='ocr_carea' id='block_1_116' title="bbox 2116 5524 3781 5599">
    <p class='ocr_par' dir='ltr' id='par_1_116' title="bbox 2116 5524 3781 5599">
     <span class='ocr_line' id='line_1_116' title="bbox 2116 5524 3781 5599; baseline 0.008 -22"><span class='ocrx_word' id='word_1_803' title='bbox 2116 5524 2169 5597; x_wconf 82' lang='lat' dir='ltr'>gi</span> <span class='ocrx_word' id='word_1_804' title='bbox 2180 5526 2442 5597; x_wconf 73' lang='lat' dir='ltr'>nein,t)ei</span> <span class='ocrx_word' id='word_1_805' title='bbox 2460 5526 2811 5595; x_wconf 80' lang='lat' dir='ltr'>Genitricem</span> <span class='ocrx_word' id='word_1_806' title='bbox 2831 5528 3159 5597; x_wconf 73' lang='lat' dir='ltr'>Mariamet</span> <span class='ocrx_word' id='word_1_807' title='bbox 3174 5528 3320 5593; x_wconf 82' lang='lat' dir='ltr'>alias</span> <span class='ocrx_word' id='word_1_808' title='bbox 3336 5544 3467 5599; x_wconf 66' lang='lat' dir='ltr'>quae</span> <span class='ocrx_word' id='word_1_809' title='bbox 3482 5534 3781 5589; x_wconf 68' lang='lat' dir='ltr'>exstant.»</span> 
     </span>
    </p>
   </div>
   <div class='ocr_carea' id='block_1_117' title="bbox 2122 5616 3776 5691">
    <p class='ocr_par' dir='ltr' id='par_1_117' title="bbox 2122 5616 3776 5691">
     <span class='ocr_line' id='line_1_117' title="bbox 2122 5616 3776 5691; baseline 0.008 -10"><span class='ocrx_word' id='word_1_810' title='bbox 2122 5618 2201 5683; x_wconf 67' lang='grc' dir='ltr'>Ας</span> <span class='ocrx_word' id='word_1_811' title='bbox 2220 5616 2417 5689; x_wconf 68' lang='lat' dir='ltr'>statim</span> <span class='ocrx_word' id='word_1_812' title='bbox 2440 5617 2619 5687; x_wconf 68' lang='lat' dir='ltr'>etiam</span> <span class='ocrx_word' id='word_1_813' title='bbox 2648 5633 2718 5689; x_wconf 62' lang='lat' dir='ltr'>ex</span> <span class='ocrx_word' id='word_1_814' title='bbox 2742 5617 2978 5690; x_wconf 72' lang='lat' dir='ltr'>Lutheri</span> <span class='ocrx_word' id='word_1_815' title='bbox 3022 5618 3230 5690; x_wconf 64' lang='lat' dir='ltr'>scitula</span> <span class='ocrx_word' id='word_1_816' title='bbox 3249 5616 3499 5691; x_wconf 60' lang='lat' dir='ltr'>celebris</span> <span class='ocrx_word' id='word_1_817' title='bbox 3520 5616 3776 5689; x_wconf 66' lang='lat' dir='ltr'>Theolo-</span> 
     </span>
    </p>
   </div>
  </div>
