3974 6134
306 372 384 431 55
1375 368 1441 427 S.
1489 363 1887 428 IGNATIUS.
1933 394 2007 407 -
2062 356 2685 418 PROLEGOMENA.
3654 371 3732 429 56

307 504 467 557 hunc
499 501 744 557 modum
793 499 1095 556 concludit
1123 519 1135 567 ;
1195 523 1215 551 ι
1263 501 1414 568 Fuit,
1472 501 1785 567 nimirum,
1818 497 1970 552 liber
1996 498 2051 562 Α
2084 491 2313 546 litteras
2335 492 2740 562 conscripSit.o
2771 493 3049 565 Epistolas
3078 497 3261 569 igitur
3289 500 3739 575 Ignatianaa,ju-

308 593 419 644 iste
455 612 482 639 ››
532 590 931 663 Epistolarum
980 590 1213 662 Ignatii,
1257 614 1284 642 «
1348 591 1848 661 quandocumque
1909 586 1969 641 id

308 680 534 734 factum
566 680 768 745 fuerit,
821 679 892 733 ab
939 679 1012 733 iis
1060 681 1278 752 partim
1328 680 1702 752 depravatus,
1752 677 1969 749 partim

313 768 492 823 etiam
544 769 1016 838 consarcinatus,
1068 769 1171 839 qui
1232 768 1611 841 tyrannidem
1661 769 1973 838 episcopo-

311 874 464 925 rum,
498 873 619 910 non
652 857 714 910 in
746 858 1075 913 Ecclesiam
1105 864 1354 927 tantum,
1415 859 1517 913 sed
1550 858 1610 912 in
1644 854 1969 927 rempubli-

314 963 442 1001 cam
474 962 731 1017 quoque,
778 952 986 1002 contra
1035 965 1208 1003 omne
1240 949 1343 1020 jus
1394 949 1621 1020 fasque,
1655 947 1970 1011 invectam,

311 1035 697 1090 vehementer
726 1037 1084 1106 probabant,
1117 1054 1183 1092 ac
1217 1036 1481 1092 stabilire
1501 1036 1791 1091 volebant.
1826 1056 1855 1085 »
1888 1036 1975 1087 Ita

327 1124 429 1179 ille
457 1123 519 1178 in
551 1124 902 1181 defensione
932 1126 1152 1197 prioris
1174 1125 1722 1181 animadversionis.

387 1213 567 1269 Paulo
589 1220 724 1286 post
745 1215 1087 1285 Rodolphus
1112 1215 1509 1285 Hospinianus
1526 1214 1837 1284 Tigurinus
1854 1214 1976 1266 His-

317 1305 470 1359 toriae
491 1306 941 1359 sacramentm‘ize
962 1303 1001 1356 l.
1023 1320 1138 1370 u,c.
1166 1308 1213 1371 1,
1235 1304 1524 1375 Ignatium
1548 1308 1817 1358 nostrum
1842 1307 1976 1357 tan-

317 1409 495 1463 quam
507 1397 717 1446 testem
732 1391 1259 1461 locupletissimum
1276 1392 1682 1449 laudat.«Cum
1698 1397 1828 1463 post
1844 1408 1979 1462 apo-

325 1480 613 1535 stolorum
648 1485 915 1552 tempora
940 1481 1204 1535 haeretici
1241 1482 1543 1537 turmatim
1573 1487 1974 1552 erumperent,

319 1575 379 1625 et
392 1570 639 1626 sincerae
652 1570 1057 1641 apostolorum
1069 1569 1354 1624 doctrinae
1367 1570 1738 1642 impudenter
1748 1575 1980 1625 contra-

319 1659 1053 1729 dicerent,lgnatius,unus
1067 1674 1139 1713 ex
1156 1658 1976 1726 senioribns,cumAntiochia

318 1753 561 1805 Romam
579 1748 842 1818 captivus
858 1747 1426 1816 traheretur,bestiis
1439 1747 1978 1819 objiciendus,ﬁde-

318 1839 392 1893 lis
406 1854 472 1892 ac
486 1836 726 1891 solliciti
742 1836 995 1907 pastoris
1018 1836 1213 1891 ofﬁcio
1230 1837 1570 1910 fungens,in
1589 1837 1801 1891 itinere
1817 1836 1975 1891 mul-
2010 1867 2053 1932 Β

318 1932 408 1981 tas
422 1924 712 1980 Ecclesias
724 1930 845 1980 tam
860 1925 983 1980 viva
1002 1942 1347 1995 voce,quam
1370 1926 1637 1997 epistolis
1658 1925 1901 1980 conﬁrm
1911 1942 1966 1981 a-

314 2016 392 2069 vit
401 2013 846 2084 ;admonuitque
859 2014 1006 2069 utab
1021 2015 1314 2070 haereticis
1329 2021 1386 2069 et
1399 2015 1786 2070 clandestinis
1800 2014 1969 2070 sedu-

320 2103 582 2159 ctoribus
603 2109 911 2169 caverent;
940 2104 1039 2174 qui
1070 2104 1247 2169 clam,
1271 2104 1476 2158 insciis
1501 2103 1814 2175 episcopis.
1838 2119 1967 2158 sese

316 2193 708 2254 insinuantes.
731 2192 1065 2263 simplicem
1091 2193 1464 2265 plebeculam
1503 2192 1884 2261 seducebant,
1911 2197 1969 2246 et

315 2282 541 2354 privata
569 2281 857 2353 cogebant
888 2281 1316 2337 conventicula.
1354 2284 1514 2337 Inter
1530 2288 1744 2337 caetera
1766 2287 1965 2337 autem

315 2372 703 2442 Smyrnenses
725 2387 962 2442 quoque
979 2372 1345 2427 adhortatus.
1370 2394 1396 2420 »
1429 2374 1555 2426 Non
1576 2371 1733 2441 licet,
1757 2373 1964 2441 inquit,

317 2461 444 2515 sine
467 2460 766 2532 episcopo,
791 2478 987 2532 neque
1007 2464 1244 2530 offerre,
1268 2478 1462 2532 neque
1485 2462 1843 2518 sacriﬁcium
1862 2462 1967 2515 im-

314 2549 565 2618 molare,
606 2565 802 2621 neque
854 2550 1097 2621 aliquod
1142 2551 1302 2605 aliud
1350 2551 1657 2623 publicum
1703 2551 1966 2605 ofﬁcium

316 2638 500 2693 obire.
534 2661 561 2687 ι‹
597 2643 663 2693 Et
708 2639 768 2692 in
800 2639 1065 2709 Epistola
1105 2639 1178 2694 ad
1209 2640 1540 2695 Trallianos
1571 2640 1716 2693 dicit
1740 2639 1965 2694 inﬁdeli

317 2727 673 2783 deteriorem
695 2728 951 2799 esse,qui
969 2728 1185 2783 audeat
1200 2728 1427 2799 aliquid
1452 2729 1611 2784 circa
1630 2729 1832 2783 altaris
1853 2729 1967 2783 mi-

316 2818 629 2873 nisterium
651 2818 864 2887 facere,
896 2817 1012 2871 nisi
1034 2818 1366 2889 episcopus,
1396 2825 1498 2874 aut
1517 2819 1964 2889 presbyterfue-

316 2907 413 2959 rit.
438 2892 479 2955 ὐ
522 2907 593 2959 Et
624 2906 800 2977 paulo
838 2911 971 2976 post
1006 2906 1200 2961 locum
1235 2907 1307 2962 de
1334 2908 1548 2978 poculo
1575 2908 1964 2962 eucharistico

317 2995 609 3050 universis
629 2994 943 3049 distributo
969 3010 1037 3049 ex
1059 2996 1324 3066 Epistola
1344 2996 1418 3051 ad
1434 2996 1966 3068 Philadelphenses

318 3084 637 3139 adductum
661 3082 919 3154 appellat
941 3105 968 3132 ι(
992 3090 1263 3154 apertum
1284 3085 1696 3139 testimonium
1731 3085 1963 3157 Ignatii,

319 3173 419 3242 qui
447 3172 692 3227 Joannis
722 3173 1108 3243 Evangelistze
1139 3174 1468 3244 discipulus
1489 3174 1618 3228 fuit.
1655 3197 1684 3224 »

2084 580 2213 636 dice
2246 579 2578 647 Bilsono,et
2610 582 2736 653 ipso
2767 584 2919 652 vivo,
2944 591 3001 640 et
3032 586 3103 640 ab
3136 588 3264 659 ipso
3291 598 3429 644 sunt
3461 594 3733 647 conscri-

2082 674 2219 741 ptae.
2242 668 2350 733 Qui
2384 670 2653 740 ejusdem
2682 673 2882 728 oneris
2913 677 3104 746 capite
3138 679 3200 731 14
3234 694 3437 735 earum
3469 684 3737 753 antiqui-

2084 763 2268 813 tatem
2301 758 2521 814 diserte
2554 761 2768 815 asserit
2793 779 2805 816 :
2828 779 2960 818 cum
2987 766 3145 820 enim
3176 769 3736 845 Tertullianum,Cy-

2084 848 2361 919 prianum
2384 854 2441 902 et
2470 849 2895 922 Hieronymum
2915 856 3283 912 nominasset
3307 874 3319 911 :
3353 860 3413 914 Si
3431 860 3732 931 hi,inquit,

2090 959 2111 987 ι
2141 939 2283 993 satis
2296 939 2525 1008 antiqui
2545 940 2635 994 vel
2652 941 2870 996 sinceri
2886 944 3049 999 vobis
3066 951 3244 1002 testes
3261 965 3380 1003 non
3395 950 3731 1021 videantur,

2086 1027 2285 1081 audite
2320 1027 2463 1098 quid
2483 1028 2765 1099 lgnatius,
2787 1033 3115 1089 Antiochiae
3141 1037 3477 1108 episcopus,
3507 1040 3737 1096 Joanne

2084 1115 2351 1186 apostolo
2371 1116 2687 1172 etiamdum
2703 1119 2893 1173 invita
2913 1126 3467 1198 manente,ejusque
3481 1128 3742 1200 discipu-

2085 1203 2340 1275 lus,post
2360 1221 2537 1275 quam
2556 1212 2687 1260 octo
2705 1205 2827 1261 fere
2849 1209 3022 1263 annis
3044 1214 3327 1283 martyrio
3354 1216 3600 1270 allectus
3619 1222 3732 1287 est,

2086 1292 2159 1348 ad
2192 1293 2454 1349 diversas
2486 1296 2772 1351 Ecclesias
2802 1296 2874 1352 de
2926 1300 3339 1371 episcoporum
3378 1307 3734 1361 auctoritate

2088 1382 2459 1439 scribat.»lta
2472 1384 2902 1441 Bilsonuslocis
2914 1390 3350 1461 quamplurimis
3362 1394 3715 1464 SJgnatium
3727 1438 3742 1466 ,

2087 1476 2152 1526 ut
2170 1472 2649 1542 antiquissimum
2666 1478 2725 1528 et
2741 1474 3214 1532 sincerissimum
3239 1485 3450 1535 testem
3472 1482 3738 1538 adducit.

2155 1560 2528 1616 Abrahamus
2562 1562 2875 1632 Scultctus,
2910 1565 2971 1619 in
3024 1568 3265 1623 Medulla
3291 1572 3541 1639 Patrum,
3593 1590 3739 1643 pro-

2087 1649 2297 1720 positis
2329 1666 2397 1704 ex
2428 1656 2679 1721 utraque
2709 1660 2875 1723 parte
2908 1655 3256 1725 rationibus,
3290 1665 3348 1712 et
3393 1677 3595 1715 eorum
3626 1663 3736 1732 qui

2086 1739 2313 1809 lgnatio
2344 1739 2452 1794 has
2486 1741 2768 1810 epistolas
2800 1743 3160 1813 tribuebant,
3196 1753 3254 1801 et
3284 1764 3487 1804 eorum
3519 1751 3620 1821 qui
3652 1767 3735 1805 an

2087 1832 2245 1882 recte
2260 1828 2313 1882 ei
2329 1828 2734 1884 tribuerentur
2747 1829 3361 1901 dubitabant,tandem
3380 1838 3463 1891 ita
3475 1856 3737 1909 pronun-

2087 1917 2223 1972 tiat:
2247 1939 2274 1966 ‹‹
2301 1917 2649 1973 Rationibus
2672 1920 2734 1973 in
2756 1936 2995 1976 omnem
3020 1930 3249 1993 partem
3279 1926 3462 1996 probe
3480 1928 3737 1999 diligen-

2078 2010 2287 2077 terque
2323 2008 2608 2075 excussis,
2642 2009 2701 2063 in
2737 2011 2970 2065 tertiam
3030 2014 3305 2068 nonnulli
3351 2024 3736 2073 secesserunt

2080 2096 2459 2164 sententiam,
2494 2102 2947 2168 statueruntque
2982 2117 3109 2156 esse
3156 2104 3393 2172 quidem
3444 2105 3733 2176 epistolas

2079 2184 2258 2239 hasce
2291 2185 2524 2256 Ignatii,
2585 2185 2688 2239 sed
2739 2186 3119 2259 adulteratas,
3153 2191 3256 2245 sed
3313 2193 3733 2264 interpolatas.

2081 2276 2345 2339 Quorum
2376 2275 2437 2329 in
2462 2275 2690 2346 judicio
2724 2283 2783 2331 et
2810 2294 2919 2332 nos
2952 2280 3387 2350 acquiescimus
3422 2305 3471 2338 ».

2147 2364 2524 2419 Possevimus
2552 2370 2751 2420 autem
2794 2366 3103 2423 adhmrens
3146 2371 3434 2426 Baronio:
3484 2375 3636 2429 Licet
3664 2376 3730 2431 S.

2075 2454 2727 2524 Hieronymus,inquit,«
2747 2460 2973 2510 tantum
2998 2459 3583 2532 memineritseptem
3607 2466 3742 2534 epi-

2078 2541 2701 2609 stolarum,duodecim
2739 2548 2936 2599 tamen
2968 2545 3127 2601 haud
3157 2548 3350 2603 dubiae
3383 2551 3518 2606 ﬁdei
3546 2552 3743 2609 habe-

2076 2631 2377 2694 mus.Quaa
2409 2647 2542 2684 vero
2568 2635 2687 2686 tres
2719 2633 2848 2687 alia)
2870 2634 3281 2703 feruntur,etsi
3305 2654 3426 2693 non
3458 2645 3578 2695 tam
3601 2659 3741 2697 cer—

2076 2724 2147 2773 tae
2182 2720 2319 2774 ﬁdei
2355 2725 2514 2788 sunt,
2554 2721 2812 2775 citantur
2843 2726 3042 2776 tamen
3072 2740 3107 2777 a
3157 2726 3210 2780 S.
3246 2726 3584 2794 Bernardo;
3620 2747 3741 2787 nec

2076 2809 2317 2864 defuere
2350 2815 2483 2879 post
2513 2808 2681 2863 illum
2713 2810 2819 2863 viri
2852 2810 3031 2878 docti,
3065 2813 3166 2881 qui
3215 2815 3477 2885 ipsarum
3509 2820 3697 2874 memi
3718 2852 3736 2861 -

2075 2902 2312 2952 nerunt.
2347 2918 2373 2946 n
2402 2899 2472 2950 Et
2500 2897 2749 2952 Jacobus
2781 2898 3087 2954 Gretserus
3136 2902 3343 2957 eadem
3395 2922 3598 2975 presse
3631 2925 3737 2963 se-

2077 2987 2281 3057 quitur
2336 2985 2582 3055 vestigia
2634 2985 2706 3040 de
2767 2986 3081 3043 duodecim
3117 2992 3381 3061 epistolis
3406 2995 3735 3065 genuinis;

2076 3091 2329 3146 quarum
2351 3074 2650 3129 Vindicias
2681 3075 2753 3128 ab
2775 3076 2983 3132 eodem
3016 3079 3265 3150 scriptas
3296 3081 3507 3136 alicubi
3540 3082 3737 3140 latere

2076 3169 2328 3219 testatur
2359 3180 2419 3218 se
2451 3164 2745 3219 audivisse
2779 3166 3093 3237 Philippus
3135 3168 3434 3225 [.abbaeus.

389 3261 736 3316 perkinsius
757 3264 1880 3319 autemnostraswmmkemminterim
1901 3266 1963 3320 in
1996 3231 2038 3296 Ε
2148 3257 2293 3309 Tum
2324 3270 2459 3308 vero
2492 3254 2773 3309 Martialis
2802 3257 3339 3326 Mestraeus,doctor
3366 3260 3737 3318 Parisiensis

318 3351 478 3406 hunc
500 3350 742 3405 modum
765 3352 1064 3422 sequitur;
1092 3374 1120 3401 ‹‹
1145 3352 1429 3407 Eusebius
1449 3369 1583 3407 cum
1606 3354 1965 3425 Hieronymo

321 3445 546 3510 septem
560 3440 770 3510 lgnatii
783 3458 892 3512 pro
908 3441 1061 3495 veris
1075 3442 1410 3495 numeravit
1424 3442 1793 3513 epistolaszat
1808 3460 1967 3499 nunc

322 3531 430 3584 sub
446 3530 604 3584 illius
619 3531 860 3585 nomine
874 3531 1170 3585 habentur
1185 3530 1783 3604 duodecim,quarum
1799 3534 1967 3605 quin.

324 3635 438 3689 que
471 3620 688 3691 spuriaa
715 3625 870 3674 sunt.
904 3620 1095 3675 Etiam
1142 3621 1402 3691 Epistola
1439 3622 1512 3676 ad
1542 3623 1828 3693 Ephesios
1868 3631 1970 3679 aut

324 3707 527 3778 spuria
578 3712 687 3775 est,
743 3712 845 3762 aut
893 3706 1103 3761 saltem
1162 3713 1476 3779 corrupta;
1534 3710 1675 3780 quia
1724 3711 1892 3766 locus
1935 3728 1971 3767 a

320 3797 685 3852 Theodoreto
719 3801 779 3851 et
825 3795 1056 3851 Gelasio
1113 3811 1184 3850 ex
1230 3796 1335 3851 illa
1383 3798 1595 3852 citatus
1642 3799 1703 3853 in
1748 3800 1967 3854 nostris

322 3885 757 3955 exemplaribus
786 3901 908 3938 non
939 3884 1253 3939 invenitur.

391 3974 644 4030 Thomas
674 3974 946 4029 Bilsonus
966 3979 1221 4042 nostras,
1260 3974 1349 4027 vir
1375 3976 1577 4047 magni
1618 3977 1678 4030 in
1708 3978 1968 4034 Ecclesia

324 4063 605 4132 nominis,
640 4062 712 4117 de
742 4067 1029 4133 perpetua
1057 4062 1488 4135 gubernatione
1516 4065 1793 4121 Ecclesiae
1823 4068 1966 4122 scric

319 4152 438 4224 psit
482 4152 609 4206 fuse
640 4157 817 4221 atque
867 4152 1117 4221 erudite,
1163 4153 1218 4206 S.
1251 4153 1541 4224 Ignatium
1574 4160 1773 4210 autem
1806 4155 1867 4209 in
1899 4173 1968 4211 eo

321 4256 497 4311 opere
527 4246 593 4295 ut
622 4241 1018 4296 indubitatum
1037 4249 1340 4297 auctorem
1370 4242 1717 4315 frequenter
1745 4245 1967 4315 laudat,

322 4335 380 4382 et
411 4329 551 4384 dum
582 4329 642 4384 in
672 4330 812 4385 vivis
843 4337 1018 4401 esset,
1043 4348 1142 4387 eas
1173 4333 1333 4403 ipsas
1363 4333 1664 4404 epistolas,
1706 4352 1851 4405 quas
1883 4337 1964 4391 ci-

332 4422 435 4481 tat,
469 4418 779 4490 scripsisse
828 4422 1271 4476 sanctissimum
1303 4422 1474 4477 illum
1514 4429 1835 4494 martyrem
1880 4426 1966 4481 af-

321 4506 537 4562 firmat.
562 4509 729 4563 Hunc
748 4513 946 4563 tamen
967 4510 1261 4565 Parkerus
1273 4516 1338 4564 ut
1355 4510 1729 4566 dubitantem
1752 4513 1970 4569 frustra

2077 3344 2180 3414 qui
2209 3344 2500 3414 Ignatium
2527 3344 2723 3414 ipsum
2756 3345 2941 3399 edidit
2972 3351 3030 3401 et
3061 3348 3217 3403 notis
3245 3348 3578 3417 illustravit,
3601 3358 3729 3409 tres

2079 3433 2313 3488 Latinas
2344 3432 2404 3486 in
2437 3433 2969 3489 Commentationum
2997 3438 3442 3507 apocrypharum
3478 3457 3737 3498 numero

2079 3520 2329 3576 collocat
2354 3538 2367 3588 ;
2399 3520 2663 3592 reliquas
2690 3522 3012 3579 duodecim
3041 3542 3194 3593 germ
3208 3543 3342 3581 anas
3368 3534 3420 3581 et
3468 3544 3594 3583 vere
3625 3548 3740 3585 au-

2076 3627 2196 3664 reas
2234 3612 2446 3679 Ignatii
2474 3611 2742 3679 Epistolas
2766 3613 3071 3682 praedicat,
3115 3614 3220 3670 sed
3253 3638 3280 3665 ‹‹
3310 3615 3382 3670 ab
3428 3616 3736 3675 hmreticis

2080 3704 2136 3753 et
2167 3715 2200 3753 a
2230 3698 2509 3753 Graeculis
2539 3700 2968 3769 posterioribus
3000 3702 3218 3757 alicubi
3250 3703 3645 3775 interpolatas
3673 3716 3739 3765 et

2079 3789 2429 3859 depravatas
2459 3809 2486 3835 ››
2519 3788 2758 3843 fatetur.

2150 3875 2429 3947 Georgius
2487 3876 2831 3932 Dounamus
2890 3884 3145 3947 nostras,
3181 3881 3269 3935 vir
3317 3883 3732 3958 doctissimus,

2078 3982 2232 4036 saepe
2262 3964 2665 4021 schismaticos
2698 3973 2756 4020 et
2784 3967 2872 4021 sui
2906 3973 2963 4021 et
2992 3969 3207 4039 prioris
3240 3971 3437 4027 saeculi
3460 3983 3734 4045 accusat,

2079 4054 2237 4125 quod
2264 4071 2421 4110 nunc
2453 4056 2663 4127 Ignatii
2696 4057 3038 4112 testimonia
3067 4058 3129 4112 in
3160 4076 3267 4115 sua
3283 4078 3460 4116 causa
3488 4073 3736 4137 urgent,

2078 4161 2238 4199 nunc
2266 4144 2542 4215 epistolas
2575 4146 2706 4216 ejus
2740 4150 3021 4215 tanquam
3054 4149 3285 4218 spurias
3315 4151 3631 4222 rejiciunt;
3674 4161 3741 4210 et

2081 4238 2304 4304 septem
2340 4233 2471 4288 illas
2494 4233 2564 4288 ab
2597 4234 2851 4288 Eusebio
2884 4242 3241 4293 memoratas
3273 4239 3476 4295 doctas
3507 4247 3567 4295 et
3595 4244 3738 4313 pias

2078 4323 2379 4393 appellat;
2412 4339 2560 4393 quas
2589 4322 2683 4376 vel
2716 4323 2849 4377 ideo
2880 4324 3047 4395 rejici
3079 4342 3197 4380 non
3230 4345 3403 4399 posse
3436 4330 3537 4397 ait,
3564 4336 3739 4401 quod

2079 4410 2151 4464 ab
2182 4410 2436 4464 Eusebio
2470 4417 2895 4467 memorentur.

2153 4516 2312 4568 inter
2325 4516 2674 4571 Socinianos
2689 4517 3082 4590 Hieronymus
3094 4522 3487 4579 Moscorovius
3500 4525 3573 4580 de
3589 4544 3740 4586 vera

321 4606 380 4654 et
396 4596 545 4653 falso
576 4597 869 4668 producit,
900 4597 1432 4669 doetissimumque
1464 4601 1783 4670 praesulem
1817 4603 1963 4657 mire
1996 4594 2041 4658 D
2075 4603 2285 4658 harum
2316 4605 2702 4675 epistolarum
2733 4608 3087 4678 antiquitate
3115 4608 3415 4668 dubitasse
3448 4615 3735 4684 haud,vi-

320 4687 737 4745 calumniatur.
748 4686 1217 4757 Thomas,inquit,
1236 4709 1263 4737 «
1280 4688 1551 4743 Bilsonus
1566 4690 1625 4743 in
1639 4692 1966 4746 canonibus

323 4778 729 4852 apostolorum
754 4775 1032 4831 ﬁdentior
1052 4782 1141 4830 est
1159 4793 1339 4847 quam
1359 4779 1419 4833 in
1446 4778 1689 4849 lgnatio.
1713 4781 1968 4837 Observa

318 4866 590 4923 eamdem
615 4870 819 4919 notam
841 4863 1130 4919 inussisse
1149 4866 1395 4933 lgnatio,
1418 4883 1595 4937 quam
1614 4869 1963 4938 canonibus,

315 4957 551 5013 laudem
573 4972 709 5010 vero
732 4953 1040 5009 vetustatis
1062 4954 1403 5010 attribuisse
1432 4958 1964 5029 canonibus,quam

314 5046 525 5118 lgnatii
544 5044 813 5116 epistolis
831 5061 950 5098 non
972 5043 1262 5111 attribuit,
1283 5061 1416 5100 cum
1450 5046 1619 5101 dicit:
1651 5069 1679 5097 »
1698 5048 1965 5103 Canones

316 5137 417 5206 qui
442 5135 726 5190 dicuntur
746 5132 1172 5205 apostolorum,
1198 5156 1226 5183 α
1251 5141 1453 5205 aperte
1469 5135 1666 5189 innuit
1686 5152 1786 5191 eos
1808 5137 1966 5208 ipso-

311 5240 447 5279 rum
459 5221 862 5293 apostolorum
878 5222 1126 5277 minime
1140 5238 1288 5288 esse,
1299 5223 1470 5278 sicuti
1485 5223 1624 5278 alibi
1639 5231 1843 5296 aperte
1866 5227 1966 5281 do-

313 5318 427 5375 cet,
453 5311 580 5381 pari
595 5312 843 5377 ratione,
868 5328 1002 5367 cum
1017 5310 1187 5365 dicit:
1207 5333 1235 5360 »
1250 5312 1670 5383 Epistola:tu
1691 5313 1967 5369 feruntur

317 5402 551 5473 Ignatii,
613 5418 699 5456 eas
758 5403 962 5469 Ignatii
1020 5416 1130 5454 non
1161 5416 1269 5455 esse
1315 5402 1683 5457 subinsinuat.
1717 5404 1789 5458 At
1836 5404 1963 5459 hac

319 5505 483 5546 mera
513 5494 601 5543 est
630 5490 951 5553 calumnia,
987 5506 1119 5558 quae
1151 5489 1434 5559 proximis
1469 5492 1727 5562 episcopi
1769 5492 1963 5548 verbis

322 5577 652 5635 clarissime
666 5578 973 5633 refutatur.
1010 5576 1218 5631 Statim
1241 5576 1400 5630 enim
1424 5577 1619 5633 addit:
1650 5600 1677 5628 «
1700 5580 1961 5651 Ignatius

312 5668 550 5741 quippe,
586 5683 792 5723 eorum
822 5667 1155 5737 episcopus,
1184 5665 1379 5720 adhuc
1409 5667 1568 5722 vivus
1598 5673 1749 5737 erat,
1777 5675 1837 5724 et
1858 5686 1958 5725 eas

2074 4692 2410 4762 detur,cum
2440 4694 2501 4747 in
2532 4694 2887 4751 refutatione
2917 4699 3273 4768 Appendicis
3303 4703 3532 4756 Martini
3562 4705 3733 4761 Smi-

2074 4784 2244 4853 glecii
2275 4785 2402 4839 hzec
2424 4785 2671 4840 habeat:
2707 4808 2731 4838 (ι
2768 4788 2982 4843 Verum
3011 4805 3085 4843 ne
3109 4791 3219 4845 hoc
3251 4793 3486 4863 quidem
3509 4810 3734 4855 verum

2074 4879 2199 4940 est;
2232 4874 2560 4945 primorum
2594 4876 2948 4932 smculorum
2978 4881 3181 4934 Patres
3213 4897 3370 4950 eum,
3396 4899 3570 4953 quam
3603 4885 3734 4956 ipsi

2072 4962 2851 5033 proﬁteantur,sententiam
2884 4965 3236 5036 prodidisse,
3260 4970 3403 5024 Nam
3437 4972 3734 5044 Ignatius,

2075 5046 2313 5106 Patrum
2381 5053 2538 5124 apud
2595 5054 2851 5122 Latinos,
2903 5072 3158 5125 quorum
3208 5058 3452 5128 quidem
3502 5063 3739 5134 scripta

2077 5141 3176 5215 exstant,vetustissimus,apertissime
3209 5146 3428 5203 fatetur
3459 5150 3519 5203 in
3551 5152 3735 5221 Epis-

2076 5227 2194 5283 tola
2223 5229 2298 5283 ad
2329 5231 2668 5299 Tarsenses,
2705 5233 2865 5302 quod
2895 5233 3162 5289 Christus
3195 5252 3312 5289 non
3346 5238 3423 5291 sit
3461 5237 3558 5293 ille
3621 5245 3738 5312 qui

2074 5323 2163 5370 est
2193 5334 2372 5387 super
2401 5319 2599 5372 omnia
2629 5320 2805 5389 Deus,
2842 5322 2945 5376 sed
2976 5322 3158 5377 Filius
3190 5323 3397 5395 ipsius.

2142 5406 2323 5461 Isaaci
2356 5412 2514 5461 certe
2537 5408 3153 5476 Casauboni,veterum
3184 5413 3537 5482 scriptorum
3568 5421 3739 5485 peri-

2072 5495 2286 5549 tissimi
2312 5495 2563 5567 judicis,
2597 5500 2894 5553 sententia
2926 5499 2983 5552 in
3016 5498 3125 5553 hac
3169 5500 3346 5555 etiam
3379 5519 3557 5558 causa
3590 5521 3735 5563 ma—

2070 5584 2228 5638 xime
2259 5585 2736 5650 notanda.Quare
2768 5587 3062 5642 Parkerus
3095 5589 3251 5643 hunc
3283 5590 3439 5646 inter
3469 5606 3571 5647 eos
3601 5611 3728 5651 nu-

2072 5679 2435 5745 merat,quos
2449 5691 2657 5730 omnes
2668 5676 2877 5746 lgnatii
2892 5676 3172 5747 epistolas
3187 5677 3422 5734 ﬁctitias
3436 5678 3727 5742 docuisse
