3974 6134
192 329 254 386 5Ἰ
896 333 959 394 J.
1007 332 1424 394 PEARSONII
1468 331 1842 393 VlNDlCIE
1880 332 2366 395 lGNA'l‘lAN/E.
2415 367 2490 379 —
2532 332 3008 395 PROEMIUM.
3593 332 3674 393 58

200 465 344 520 vult:
377 468 494 523 sed
531 470 663 525 hoc
682 478 751 526 et
783 470 1070 526 sublesta
1100 470 1214 525 fide
1266 468 1463 537 tradit,
1495 472 1555 523 et
1610 467 1908 523 levissimo
1939 471 1992 536 Α
2023 468 2551 542 velsupposititias,
2567 472 2655 527 vel
2677 471 2824 527 faede
2847 476 3155 537 corruptas
3178 466 3411 540 probari
3425 467 3668 539 possit.»

205 564 563 629 argumento
597 561 884 615 suadere
921 565 1194 627 conatur,
1229 558 1387 629 quod
1430 557 1813 613 Casaubonus
1842 557 1913 612 de
2022 561 2091 614 Et
2123 578 2326 616 rursus
2352 566 2647 632 :«Verum,
2670 568 2734 618 ut
2757 561 3105 617 concludam
3132 560 3526 632 paucis,certo
3550 573 3674 613 cer-

213 648 399 718 prisca
420 648 731 704 Ecclesia:
766 650 1107 721 disciplina
1155 648 1411 713 locutus,
1440 647 1799 718 Cyprianum
1832 652 1917 701 te-
2023 651 2138 704 tius
2161 656 2270 717 est,
2293 652 2399 707 has
2416 652 2696 724 epistolas
2712 652 2797 706 vel
2813 650 3220 722 supposititias
3237 665 3387 715 esse,
3410 646 3672 718 velquod

220 744 361 792 stem
392 737 711 806 adhibuit,
746 740 1063 810 lgnatium
1094 755 1213 792 non
1268 736 1593 791 nominavit
1627 751 1639 789 :
1686 752 1821 790 cum
1854 737 1915 790 in
2023 755 2205 810 supra
2226 742 2453 807 monui,
2487 742 2637 797 foede
2668 747 2997 811 corruptas.
3025 762 3053 788 »
3076 741 3465 809 Quotcunque
3492 737 3671 809 igitur

227 827 788 882 Exercitationibus
825 827 1181 883 Baronianis
1204 826 1256 881 S.
1291 826 1577 897 lgnatium
1609 841 1763 895 smpe
1796 824 1919 880 lau-
2023 834 2125 884 aut
2145 846 2516 901 quaecunque
2538 831 2709 886 ﬁrma
2739 830 3050 885 sententia:
3073 845 3193 883 suae
3224 825 3542 899 probanda;
3575 842 3673 881 ar-

240 916 423 983 det,et
441 916 906 972 nonnullarum
934 916 1066 988 ejus
1087 914 1482 986 Epistolarum
1501 914 1917 984 antiquitatem
2022 924 2303 991 gumenta
2324 919 2523 975 attulit
2553 921 2757 986 Cocus,
2801 919 2861 972 id
2894 924 3123 973 tantum
3172 932 3375 972 revera
3417 915 3668 987 probare

245 1006 399 1061 novis
456 1005 816 1061 rationibus
878 1021 944 1060 se
1006 1005 1294 1060 tuiturum
1327 1002 1711 1074 polliceatur;
1769 1018 1918 1074 quas

254 1100 601 1167 praematura
632 1094 749 1149 viri
784 1094 1042 1149 maximi
1066 1098 1253 1148 morte
1277 1097 1509 1163 ereptas
1529 1091 1704 1146 nobis
1732 1091 1916 1146 fuisse

256 1183 533 1238 dolemus.

326 1290 464 1344 «Sed
479 1305 639 1344 unus
662 1289 918 1360 quidam
941 1289 1268 1359 vir,caatera
1289 1288 1727 1351 doctissimus,»
1752 1293 1817 1341 ut
1837 1292 1918 1342 te—

257 1384 438 1434 statur
457 1379 763 1444 Vedelius,
784 1385 991 1433 «extra
1012 1393 1188 1432 omne
1204 1377 1450 1432 dubium
1472 1376 1915 1448 ponitsupposi-

255 1468 474 1522 tionem
493 1468 716 1521 harum
742 1466 1135 1537 epistolarum
1157 1482 1170 1519 :
1192 1466 1311 1519 imo
1325 1466 1521 1519 dicere
1541 1481 1661 1519 non
1688 1470 1923 1518 veretur

254 1556 546 1627 Ignatium
559 1555 762 1610 nullas
774 1570 1036 1625 unquam
1050 1554 1330 1626 epistolas
1343 1554 1796 1624 scripsissemne
1808 1552 1921 1607 hoc

256 1646 377 1699 viro
398 1645 751 1701 doctissimo
797 1645 1167 1700 altercantur
1205 1644 1477 1698 doctores
1504 1642 1642 1708 duo,
1676 1642 1921 1697 Owenus

255 1740 321 1789 et
340 1734 775 1801 Hammondus;
800 1751 984 1805 quem
1024 1734 1191 1804 quasi
1220 1750 1329 1788 nec
1362 1733 1603 1788 nomine
1634 1748 1743 1786 nec
1775 1730 1921 1787 scri-

2024 1009 2225 1063 omnia
2254 1010 2497 1080 putavit.
2532 1008 2824 1080 Epistolas
2854 1007 3063 1080 lgnatii
3095 1012 3197 1062 aut
3225 1022 3355 1061 esse
3388 1005 3665 1076 supposi-

2024 1098 2206 1165 titias,
2238 1103 2341 1153 aut
2378 1102 2705 1169 corruptas.

2095 1206 2240 1259 Cum
2298 1205 2423 1259 haec
2470 1206 2553 1260 ita
2603 1222 2663 1260 se
2698 1205 3003 1268 haberent,
3056 1202 3327 1258 Nicolaus
3372 1200 3672 1269 Vedelius,

2024 1294 2325 1364 professor
2343 1295 2721 1362 Genevensis,
2753 1310 2879 1349 rem
2915 1298 3099 1348 totam
3131 1292 3205 1347 ad
3222 1306 3472 1347 examen
3502 1307 3674 1345 revo-

2025 1384 2211 1448 cavit;
2244 1383 2574 1455 apologiam
2609 1401 2713 1455 pro
2744 1384 2968 1455 Ignatio
3001 1382 3256 1454 scripsit,
3303 1396 3516 1435 novam
3546 1379 3674 1434 edi-

2024 1472 2249 1526 tionem
2295 1473 2621 1539 adornavit,
2674 1471 3198 1527 exercitationibus
3228 1475 3287 1523 et
3341 1468 3671 1540 appendice

2025 1563 2316 1633 Epistolas
2338 1562 2666 1618 illustravit.
2692 1564 2830 1618 Lres
2852 1562 3030 1633 igitur
3050 1560 3152 1614 ille
3174 1560 3408 1614 Latinas
3425 1558 3670 1613 omnino

2025 1651 2253 1723 rejecit,
2274 1652 2433 1721 quod
2456 1652 2671 1706 «nimis
2700 1656 2904 1723 aperta
2923 1651 3187 1722 ipsarum
3212 1648 3538 1720 suppositio
3558 1669 3587 1697 »
3617 1646 3670 1701 ei

2024 1740 2622 1811 videretnr.Reliquas
2653 1740 2965 1795 duodecim
2990 1740 3048 1794 in
3082 1739 3231 1794 duos
3252 1738 3437 1792 libros
3456 1737 3672 1791 distin-

253 1830 359 1895 pto
389 1831 600 1879 notum
633 1823 1064 1895 producunt,et
1085 1839 1261 1893 quem
1283 1826 1626 1891 Anonymum
1649 1820 1921 1876 ineditum
1952 1841 2000 1904 B
2029 1832 2135 1900 xit,
2167 1847 2419 1901 quorum
2452 1832 2615 1901 ρι-ίοι-
2646 1831 2911 1885 ρι’,ῃιὶηθι
2931 1828 3212 1901 epistolas
3234 1827 3544 1900 genuinas,
3568 1842 3674 1897 po.

253 1912 674 1967 Hammondus
705 1919 894 1967 vocat.
920 1914 1000 1966 Ne
1034 1912 1212 1982 igitur
1239 1927 1526 1966 numerus
1569 1910 1778 1982 lgnatii
1811 1910 1920 1963 ho-

252 2002 444 2056 stium
462 2008 775 2073 augeatur,
808 2007 867 2056 et
899 2008 1115 2073 praeter
1144 2017 1245 2055 eos
1279 2016 1533 2071 quorum
1567 1999 1786 2070 scripta
1815 2015 1920 2053 no.

246 2090 472 2161 vimus,
505 2091 661 2145 alius
694 2090 934 2161 aliquis,
988 2092 1158 2160 isque
1215 2089 1619 2156 doctissimus,
1643 2087 1925 2159 epistolas

248 2178 437 2234 hasce
460 2181 705 2251 penitus
724 2180 1073 2251 repudiasse
1086 2185 1417 2234 censeatur.
1446 2177 1738 2233 ineditum
1756 2178 1925 2232 illum

250 2268 321 2322 in
357 2269 554 2323 lucem
580 2269 1047 2340 potrahendum,
1080 2274 1139 2323 et
1167 2285 1331 2323 svum
1365 2284 1661 2338 anonymo
1702 2283 1923 2321 nomen

243 2356 633 2412 reddendum
657 2374 789 2412 esse
811 2358 1219 2412 duximus.Est
1234 2363 1429 2412 autem
1447 2357 1547 2411 ille
1562 2362 1728 2412 extra
1748 2372 1924 2412 omne

248 2446 511 2500 dubium
540 2447 836 2502 Robertus
866 2447 1185 2513 Parkerus,
1229 2445 1645 2501 schismaticus
1677 2445 1917 2517 Anglus.

252 2535 657 2590 Omniaenim
684 2552 816 2605 qum
840 2535 1117 2591 Vedelius
1138 2552 1174 2590 a
1201 2536 1325 2589 viro
1348 2535 1451 2589 illo
1508 2542 1703 2589 σκίρτα
1730 2534 1925 2589 doctis-

248 2628 398 2679 simo
429 2625 591 2680 dicta
611 2625 930 2696 profert,in
954 2625 1187 2680 Parkeri
1212 2625 1363 2679 libro
1396 2623 1658 2680 secundo
1695 2628 1773 2679 De
1816 2640 1922 2694 po-

254 2713 418 2767 litica
450 2714 818 2769 ecclesiastica
852 2714 1046 2784 capite
1073 2713 1303 2768 decimo
1324 2713 1500 2767 tertio
1523 2713 1921 2784 reperiuntur.

252 2806 423 2871 «Ego
451 2822 585 2859 vero
616 2804 916 2874 Epistolas
948 2803 1155 2875 lgnatii
1177 2820 1211 2857 a
1232 2803 1473 2857 nemine
1495 2819 1760 2873 unquam
1782 2807 1919 2857 ante

260 2894 589 2947 concilium
609 2894 917 2947 Nicaanum
947 2893 1156 2947 citatas
1177 2892 1367 2960 dico,»
1385 2892 1581 2963 inquit
1602 2892 1920 2958 Parkerus;

255 2998 404 3052 qua}
436 2982 612 3036 verba
640 2983 764 3036 viro
796 2996 906 3037 suo
928 2982 1271 3036 doctissimo
1302 2981 1510 3035 tribuit
1529 2980 1837 3047 Vedelius;
1867 2985 1925 3035 et

253 3088 402 3125 cum
443 3072 537 3125 his
565 3078 831 3142 opponat
857 3071 1264 3126 testimonium
1314 3070 1522 3125 Irensei
1550 3087 1562 3123 :
1606 3072 1921 3139 Excipitur,

255 3160 485 3229 inquit,
520 3177 591 3215 «a
616 3161 736 3214 viro
769 3160 1117 3216 doctissimo
1150 3160 1364 3231 primo,
1397 3160 1468 3215 ab
1492 3161 1714 3214 lrenzro
1740 3159 1919 3213 etiam

254 3251 531 3305 Herma-
555 3250 1093 3317 Pastoremucitari,
1122 3266 1298 3320 quem
1322 3255 1521 3305 tamen
1544 3249 1653 3304 sub
1666 3264 1922 3320 persona

256 3340 501 3394 Hermaa
514 3341 721 3394 ﬁctum
737 3344 1306 3412 agnoscuntomnes.
1318 3360 1340 3388 ι
1351 3338 1539 3393 Verba
1556 3344 1694 3393 sunt
1706 3339 1924 3393 Parke-

256 3430 336 3483 ri.
362 3429 612 3483 Secundo
627 3428 1059 3499 excipitdnquit
1083 3428 1697 3494 Videlius,«lrenaaum
1712 3443 1833 3482 non
1844 3427 1926 3482 al-

262 3517 466 3589 legare
487 3518 805 3589 epistolam
825 3517 1085 3588 aliquam
1099 3516 1440 3589 Ignatii,sed
1458 3523 1687 3572 tantum
1701 3518 1923 3572 dictum

261 3607 568 3675 quoddam
582 3605 935 3677 illius.quod
947 3612 1070 3660 tum
1085 3607 1297 3661 circum
1306 3605 1703 3661 ferebatur.Et
1714 3605 1771 3660 id
1786 3606 1924 3662 inde

260 3696 648 3766 probat,quia
667 3712 785 3750 non
806 3696 998 3751 utitur
1016 3712 1205 3761 voce,-
1233 3696 1472 3766 scripsit
1488 3697 1582 3749 sed
1602 3695 1922 3761 voce,dixit.

264 3785 415 3838 Sunt
444 3790 645 3838 autem
680 3789 738 3838 et
788 3784 915 3838 hac
948 3784 1207 3838 Parkeri.
1246 3806 1273 3832 ‹‹
1301 3784 1515 3847 Tertio,
1549 3783 1629 3838 ait
1669 3784 1755 3837 vir
1784 3783 1926 3838 doc-

264 3873 557 3939 tissimus,
592 3872 735 3926 inde
783 3879 985 3943 patere
1017 3871 1298 3942 epistolas
1344 3871 1450 3926 has
1482 3876 1606 3926 tum
1638 3872 1922 3943 temporis

266 3979 390 4016 non
424 3962 746 4027 exstitisse,
781 3961 941 4031 quod
971 3962 1192 4028 Patres,
1219 3966 1277 4015 et
1297 3960 1651 4015 nominatim
1675 3961 1924 4032 Epipha-

266 4051 824 4119 nius,adversentur
854 4050 1100 4118 lgnatio,
1134 4056 1366 4121 tempus
1398 4049 1675 4120 baptismi
1706 4050 1924 4105 Christi

268 4148 403 4213 post
425 4157 652 4195 annum
680 4141 1046 4211 trigesimum
1065 4139 1361 4210 expletum
1386 4139 1698 4195 collocanti
1726 4159 1752 4191 ι
1791 4140 1924 4194 Haec

272 4229 536 4283 V‘idelius
569 4245 641 4282 ex
674 4230 956 4282 Parkero.
1000 4228 1263 4298 Denique
1295 4228 1481 4281 virum
1515 4227 1924 4283 doctissimum

272 4326 484 4392 putare
508 4318 593 4372 ait
614 4317 1031 4372 Casaubonum
1065 4333 1274 4372 omnes
1294 4317 1503 4387 lgnatii
1525 4317 1806 4388 epistolas
1835 4334 1925 4371 re-

262 4407 669 4480 jecisse,quod
686 4407 1167 4476 Parkero,neque
1190 4405 1291 4461 alii
1310 4406 1795 4476 cuiquam,tribui
1820 4422 1925 4477 po-

270 4504 397 4552 test.
409 4497 535 4551 Non
548 4502 641 4549 est
655 4495 835 4567 igitur
846 4494 1000 4548 alius
1018 4494 1241 4549 Videdii
1255 4495 1591 4549 virdoctissi
1603 4512 1733 4550 mus
1746 4512 1923 4565 quam

272 4586 563 4642 Robertus
590 4584 889 4639 Parkerus
916 4589 1169 4650 nostras,
1206 4584 1722 4638 schismaticorum
1744 4601 1921 4655 cory-
1954 4575 2000 4637 Β

268 4677 505 4747 phaeus;
539 4690 717 4744 quem
753 4672 1029 4727 Vedelius
1060 4688 1193 4727 cum
1218 4673 1475 4727 refutare
1505 4673 1701 4735 vellet,
1737 4681 1792 4727 et
1824 4675 1926 4727 Ge-

269 4764 544 4820 nevensis
574 4762 910 4833 disciplinae
940 4778 1239 4816 summum
1267 4767 1584 4832 patronum
1606 4762 1787 4816 fuisse
1816 4779 1920 4816 no~

271 4859 474 4917 sceret,
511 4851 757 4905 honoris
789 4866 969 4905 causa
1010 4850 1318 4905 nominare
1348 4850 1560 4905 noluit.
1597 4851 1700 4905 Hic
1724 4856 1923 4906 autem

269 4939 562 4995 Parkerus
578 4938 863 4993 tredecim
880 4937 1216 4992 rationibus
1230 4937 1511 5008 epistolas
1541 4938 1748 5010 lgnatii
1772 4939 1920 4993 ficti-

270 5030 383 5083 tias
412 5044 543 5082 esse
559 5026 818 5097 probare
839 5032 1087 5080 conatur
1112 5042 1125 5079 :
1149 5026 1318 5095 cujus
1334 5027 1466 5095 conj
1479 5027 1696 5081 ecturis
1718 5026 1922 5081 Dallaei

265 5116 619 5171 disertation
653 5113 917 5168 maxime
946 5113 1305 5184 locupletata
1335 5118 1444 5168 est.

337 5206 479 5259 Post
510 5203 669 5257 hunc
702 5201 996 5257 Robertus
1026 5203 1209 5255 Cocus
1252 5201 1431 5257 etiam
1482 5207 1715 5257 nostras
1741 5202 1927 5257 edidit

263 5296 625 5349 «Censuram
641 5289 1042 5361 quorumdam
1059 5290 1403 5361 scriptorum
1416 5296 1678 5345 veterum
1692 5335 1701 5345 .
1715 5308 1922 5360 "quem

266 5400 389 5440 suae
409 5383 484 5436 de
504 5381 732 5453 lgnatio
750 5395 1020 5433 censuraa
1036 5379 1197 5433 hunc
1219 5379 1457 5435 titulum
1472 5381 1924 5451 prtrscripsisse,

266 5483 475 5551 lgnatii
500 5479 751 5549 epistola?
771 5482 901 5531 sunt
934 5476 1319 5546 supposititiz,
1357 5477 1627 5533 observat
1653 5479 1922 5534 Dallaeus.

262 5571 327 5626 Et
356 5571 437 5624 ita
460 5568 704 5639 quidem
728 5564 979 5632 Titulus,
1012 5564 1115 5620 sed
1146 5564 1409 5621 Censura
1442 5566 1569 5636 ipsa
1618 5567 1794 5622 aliter
1836 5567 1922 5622 lo-

260 5659 659 5731 quitur.«Non
674 5655 895 5711 desunt
907 5659 1252 5726 argumenta
1267 5654 1700 5726 valida,quibus
1712 5671 1921 5712 omnes

2035 1922 2248 1975 sterior
2261 1921 2687 1993 supposititias.
2708 1920 3005 1975 Genuinas
3020 1924 3248 1973 tantum
3272 1916 3535 1989 agnoscit
3548 1931 3676 1987 sep-

2034 2015 2151 2065 tem
2185 2010 2318 2065 illas
2345 2010 2417 2065 ab
2450 2010 2700 2065 Eusebio
2718 2014 3099 2074 memoratas;
3123 2008 3383 2078 reliquas
3409 2006 3673 2077 quinque

2032 2121 2061 2149 ‹‹
2087 2106 2511 2171 autperperam
2535 2099 2872 2170 inscriptas,
2901 2103 3004 2154 aut
3018 2097 3189 2169 plane
3211 2095 3617 2167 supposititias
3647 2113 3675 2148 ι

2032 2206 2161 2244 esse
2184 2190 2408 2245 statuit.
2431 2191 2728 2244 Praeterea
2753 2190 2814 2243 in
2835 2189 2993 2259 ipsas
3017 2185 3534 2258 septemgenuinas
3554 2200 3675 2239 non

2030 2295 2218 2350 pauca
2248 2279 2557 2350 irrepsisse
2590 2277 2933 2333 stellionum
2965 2275 3497 2332 audacissimorum
3546 2287 3674 2327 ves-

2031 2368 2172 2440 tigia
2194 2372 2611 2439 testatur,qum
2633 2372 2700 2421 ut
2738 2384 2774 2422 a
2801 2366 3075 2437 genuinis
3099 2367 3439 2420 secerneret
3469 2377 3673 2417 curam

2030 2457 2257 2526 habuit,
2292 2461 2350 2512 et
2380 2456 2597 2512 notulis
2630 2455 3009 2527 quibusdam,
3044 2454 3106 2509 in
3148 2453 3417 2524 margine
3447 2451 3679 2524 positis,

2032 2564 2163 2619 quae
2198 2564 2267 2601 ex
2293 2548 2635 2617 conjectura
2664 2545 2938 2618 genuinis
2970 2544 3237 2616 epistolis
3255 2543 3327 2598 ab
3358 2540 3680 2612 interpola-

2036 2643 2163 2692 tore
2196 2637 2416 2690 inserta
2450 2636 2722 2701 credidit,
2747 2634 3054 2707 jugulavit.

2102 2727 2291 2791 Quare
2314 2724 2577 2778 Andreas
2609 2725 2867 2788 Rivetus,
2901 2723 3041 2777 lfcet
3070 2723 3131 2776 in
3175 2720 3348 2775 tertia
3395 2718 3677 2784 editione,

2035 2812 2229 2868 Critici
2256 2811 2404 2867 sacri
2428 2816 2667 2867 Censura
2696 2810 2932 2865 Roberti
2987 2810 3119 2864 Coci
3153 2809 3229 2862 sit
3258 2807 3518 2879 adjutus,
3546 2822 3676 2861 mo-

2031 2899 2469 2956 deratissimam
2494 2903 2691 2953 tamen
2718 2896 3073 2952 sententiam
3098 2894 3374 2966 amplecti
3407 2909 3468 2948 se
3500 2893 3680 2964 ρι’οῆ-

2030 2993 2207 3055 tetur,
2233 2987 2477 3055 scilicet,
2506 3009 2532 3037 «
2553 3003 2679 3041 esse
2704 2986 3015 3057 plerasque
3037 2982 3320 3056 epistolas
3342 2981 3579 3054 lgnatii,
3603 2981 3676 3035 ad

2038 3077 2351 3131 minimum
2383 3081 2631 3145 septem;
2658 3075 2762 3129 sed
2787 3074 2897 3129 hoc
2919 3079 3184 3145 tempore
3203 3088 3321 3126 non
3344 3070 3549 3125 haberi
3567 3069 3683 3124 nisi

2035 3165 2417 3221 adulteratas.
2442 3170 2498 3218 et
2521 3164 2722 3219 multis
2748 3164 2808 3218 in
2835 3164 2981 3218 locis
3017 3161 3424 3233 interpolatas.
3457 3161 3676 3225 Hanc,»

2032 3255 2301 3327 inquam,
2326 3278 2352 3304 «
2380 3254 2737 3309 sententiam
2757 3253 3133 3324 amplectitur
3144 3252 3330 3307 fretus
3350 3249 3677 3305 rationibus

2034 3362 2165 3417 qua;
2186 3344 2325 3399 huic
2351 3341 2657 3397 ﬁrmandae
2682 3358 2751 3396 ex
2776 3342 2919 3412 ipsis
2941 3341 3205 3412 epistolis
3226 3340 3679 3395 desumuntur.»

2033 3437 2102 3489 Et
2131 3432 2337 3489 Daniel
2367 3432 2736 3499 Chamierus,
2770 3431 2830 3485 in
2862 3430 3350 3501 responsionibus
3389 3428 3463 3483 ad
3492 3425 3681 3482 Testi-

2034 3524 2235 3578 monia
2264 3538 2298 3578 a
2329 3521 2688 3575 Bellarmino
2720 3519 2993 3584 adducta,
3025 3518 3439 3573 auctoritatem
3473 3514 3679 3588 lgnatii

2033 3626 2340 3683 nunquam
2364 3610 2640 3666 declinat.
2664 3608 2854 3665 Semel
2878 3613 3108 3663 tantum
3137 3606 3254 3662 ait:
3282 3605 3578 3676 «Epistola
3606 3603 3683 3659 ad

2033 3700 2461 3757 Antiochenses
2483 3698 2620 3752 viris
2644 3698 2833 3753 doctis
2856 3712 2977 3752 non
3002 3694 3234 3749 videtur
3251 3691 3682 3764 legitima,quia

2033 3790 2105 3846 ab
2129 3790 2483 3859 Hieronymo
2502 3804 2622 3842 non
2643 3786 2924 3841 adnotata
2954 3787 3017 3839 in
3040 3799 3222 3839 censu
3246 3796 3491 3853 Operum
3520 3782 3684 3851 Igna-

2032 3881 2120 3947 tii,
2152 3880 2417 3951 ipsisque
2448 3878 2594 3933 adeo
2626 3876 2920 3932 veteribus
2953 3876 3030 3930 sit
3057 3874 3376 3945 incognita.

2106 3969 2310 4024 Daniel
2343 3968 2616 4022 Heinsius
2646 3967 2720 4022 ad
2774 3968 2995 4021 Novum
3053 3966 3491 4019 Testamentum
3551 3960 3678 4029 epi-

2033 4059 2216 4115 stolas
2239 4057 2525 4129 quasdam
2553 4073 2756 4112 earum
2791 4072 2920 4125 quas
2950 4054 3121 4109 edita)
3143 4057 3300 4120 sunt,
3330 4050 3539 4122 lgnatii
3582 4065 3679 4103 re-

2034 4165 2166 4203 vera
2196 4148 2378 4203 fuisse
2404 4146 2646 4205 indicat.
2679 4145 2827 4200 alias
2850 4161 2966 4198 non
2994 4143 3154 4196 item.
3184 4140 3447 4195 AdICor.
3472 4155 3563 4205 xv,
3587 4139 3675 4192 10.

2038 4237 2236 4291 «Pauli
2253 4236 2498 4306 apostoli
2515 4252 2719 4305 parum
2737 4234 2997 4304 prudens
3015 4229 3468 4300 imitator,cujus
3480 4244 3681 4283 omnes

2035 4325 2299 4397 epistola:
2313 4324 2421 4378 sub
2435 4323 2639 4393 lgnatii
2656 4322 3344 4393 legunturnomine,cum
3359 4323 3417 4374 et
3429 4317 3677 4374 aliorum

2032 4415 2175 4470 sint.
2209 4437 2235 4463 »
2266 4414 2349 4468 lta
2376 4413 2477 4467 ille
2509 4412 2949 4467 subobscurius.
2999 4410 3113 4465 Sed
3143 4410 3218 4465 ad
3248 4411 3269 4463 Ι
3301 4409 3446 4464 Tim.
3482 4425 3555 4475 iv,
3592 4409 3675 4471 16,

2035 4504 2212 4575 paulo
2236 4502 2455 4558 clarius
2479 4518 2492 4555 :
2515 4504 2649 4567 Quit
2668 4518 2777 4555 v0.1:
2797 4501 3049 4569 (scilicet
3081 4493 3679 4573 ﬁerp-quévov)«inter

2032 4608 2306 4662 eas,quas
2327 4590 2617 4661 expressit
2644 4590 2744 4660 qui
2767 4589 3046 4660 epistolas
3069 4590 3298 4660 lgnatii,
3318 4593 3494 4657 atque
3525 4586 3681 4639 inter

2033 4696 2133 4735 eas
2164 4680 2449 4750 quasdam
2482 4695 2601 4733 non
2627 4679 2807 4746 illius,
2832 4679 3073 4733 nomine
3094 4677 3230 4747 ejss,
3257 4692 3450 4746 neque
3474 4674 3680 4745 dignas

2033 4785 2101 4823 eo
2114 4768 2629 4823 dedit.»Gerardus
2642 4769 2899 4822 Joannes
2920 4766 3206 4833 VOSSlllS,u
3221 4766 3298 4819 De
3320 4763 3500 4819 natali
3521 4778 3679 4817 anno

2035 4857 2306 4925 Christi,»
2328 4863 2470 4912 sect.
2492 4858 2583 4911 4t:
2612 4857 2760 4910 «Alii
2777 4855 3144 4927 respondent
3165 4853 3371 4925 lgnatii
3400 4851 3681 4923 epistolas

2034 4962 2163 5001 esse
2187 4946 2732 5018 supposititias,nec
2754 4946 2861 4999 ulli
2882 4950 3019 4999 ante
3033 4943 3331 4998 Niczenum
3357 4939 3680 4995 concilium

2031 5042 2409 5091 memoratas.
2433 5036 2595 5090 Itane
2614 5035 2779 5089 vero?
2790 5034 2966 5099 Quasi
2981 5049 3102 5087 non
3115 5029 3455 5085 meminerit
3474 5043 3676 5082 earum

2032 5126 2291 5179 Irenmns
2316 5125 2419 5179 lib.
2451 5141 2506 5178 ν.
2536 5139 2661 5194 cap.
2688 5125 2776 5188 28,
2804 5127 2860 5177 et
2892 5139 2958 5176 eo
2990 5120 3292 5191 antiquior
3320 5118 3550 5189 ipsique
3573 5133 3681 5188 par

2034 5213 2259 5285 Ignatio
2284 5213 2664 5283 Polycarpus,
2698 5212 2850 5283 apud
2876 5210 3197 5266 Eusebium
3229 5208 3327 5262 lib.
3351 5225 3430 5276 IlI,
3456 5203 3679 5279 caplc.

2036 5304 2105 5357 Ut
2129 5302 2201 5357 de
2235 5302 2484 5373 Origene
2519 5307 2767 5364 taceam,
2801 5302 2901 5370 qui
2931 5301 3213 5370 quiddam
3245 5298 3385 5353 inde
3417 5297 3679 5361 adducit,

2035 5389 2239 5445 bomil.
2275 5392 2306 5442 6
2348 5390 2406 5442 in
2442 5390 2674 5444 Lucam.
2715 5414 2733 5437 .

2106 5481 2315 5532 Petrus
2340 5482 2538 5532 autem
2570 5477 3192 5541 Halloix,Jesuita,non
3224 5483 3454 5532 tantum
3478 5492 3684 5531 omnes

2034 5569 2264 5622 Graecas
2293 5566 2582 5638 genuinas
2615 5572 2672 5622 et
2690 5583 3001 5638 germanas
3024 5583 3149 5621 esse
3173 5582 3418 5637 operose
3441 5571 3680 5619 conten-

2035 5657 2140 5725 dit,
2169 5656 2273 5711 sed
2306 5661 2365 5710 et
2410 5655 2484 5709 de
2542 5656 2731 5711 tribus
2787 5655 3012 5711 Latinis
3041 5655 3123 5711 ita
3173 5655 3469 5727 judicium
3504 5668 3678 5710 suum
