3974 6134
317 355 396 413 59

1367 352 1432 410 Β.
1481 348 1875 411 IGNA‘TIUB.
1925 382 2000 393 —
2044 348 2232 409 PROI
2257 346 2654 409 EGOMENA.

3660 346 3744 406 ϐῧ

317 484 561 556 profert:
588 504 615 531 ‹‹
643 482 762 537 Nec
793 483 875 539 ita
895 486 1070 538 certas
1093 486 1251 549 sunt,
1276 486 1341 535 ut
1362 481 1757 536 indubitatam
1786 480 1966 544 fidem
1998 483 2049 545 Α
2083 485 2239 547 sunt,
2259 485 2435 550 atque
2466 479 2599 535 ideo
2619 478 2756 549 jure
2788 477 2877 532 vel
2904 476 2968 531 in
2999 475 3249 533 dubium
3308 480 3612 543 vocantur,
3646 476 3739 531 vel

319 575 477 646 apud
499 590 705 628 omnes
736 577 1100 639 mereantur,
1128 588 1239 626 nec
1262 572 1343 626 ita
1373 572 1611 625 incertae
1636 577 1700 625 ut
1729 586 1965 625 omnem

322 664 641 736 perdant.»
679 662 863 716 Aliter
895 666 1094 715 tamen
1127 660 1440 731 Dionysius
1491 661 1781 723 Petavius,
1831 660 1972 713 licet

319 753 587 825 ejusdem
619 751 879 806 ordinis:
933 750 1174 817 Constat,
1209 749 1427 818 inquit,
1460 772 1486 799 ι(
1512 766 1717 805 omnes
1757 748 1965 821 lgnatii

314 841 595 913 epistolas
625 838 1014 908 interpolatas
1037 836 1239 892 fuisse.
1273 838 1417 891 Nam
1439 837 1721 909 pleraque
1754 854 1825 890 ex
1850 836 1969 890 illis

316 932 445 985 loca
466 930 538 984 ab
557 929 817 998 antiquis
836 927 1072 981 laudata
1093 927 1181 981 vel
1204 927 1265 983 in
1289 927 1374 981 eis
1396 927 1644 981 mimine
1667 927 1971 997 reperiun-

312 1026 428 1087 tur,
462 1018 550 1073 vel
577 1017 746 1089 longe
778 1016 952 1071 aliter
981 1021 1291 1086 concepta.
1326 1038 1353 1065 υ

383 1110 453 1160 Et
483 1106 739 1174 denique
772 1104 931 1158 Walo
965 1104 1332 1158 Messalinus:
1356 1126 1382 1154 ε(
1406 1104 1576 1174 Apud
1594 1121 1688 1159 me
1721 1110 1956 1159 constat

316 1213 521 1251 omnes
554 1195 681 1249 illas
704 1193 916 1265 Ignatii
951 1192 1231 1262 epistolas
1263 1193 1671 1263 supposititias
1702 1210 1852 1259 esse,
1880 1194 1968 1248 vel

316 1291 474 1339 certe
495 1283 695 1341 multis
712 1282 855 1345 locis
872 1282 1380 1351 interpolaiasnmt
1394 1283 1592 1352 aliqua
1611 1288 1816 1351 rectat,
1837 1300 1966 1353 qua:

311 1375 448 1430 satis
479 1376 756 1440 evincunt,
783 1372 996 1453 inquit,
1026 1388 1179 1436 «non
1208 1388 1380 1443 posse
1402 1372 1551 1438 illud
1571 1390 1719 1444 opus
1742 1372 1967 1441 auctori

315 1480 490 1534 quem
509 1464 832 1522 ementitur
851 1461 1088 1525 ascribi.
1105 1485 1122 1519 ε
1143 1464 1221 1519 Ac
1242 1478 1467 1526 rursus:
1492 1483 1519 1512 «
1551 1462 1825 1533 Epistolas
1851 1462 1965 1529 ιιιω

315 1559 467 1610 nata:
498 1551 896 1622 etsuppositaa
934 1549 1207 1613 videntur
1253 1550 1690 1618 circuiuitium,
1720 1557 1963 1617 anime-

315 1644 476 1697 dium
493 1641 734 1701 secundi
757 1639 1100 1709 sensumque
1124 1647 1387 1709 tempore
1405 1640 1633 1710 primus
1649 1640 1967 1713 singularis

312 1733 690 1802 episcopatus
724 1744 904 1799 supra
936 1727 1409 1798 presbyteratum
1452 1728 1824 1799 introductus
1858 1735 1965 1795 est.

955 1859 1178 1928 CAPUT
1231 1859 1319 1913 ιν.

312 1985 605 2054 sptium-43
635 1981 900 2059 quadarn
923 1980 1181 2059 auctoris:
1217 1980 1359 2059 Quid
1389 1980 1652 2059 decuriis
1683 1980 1963 2053 [geminum

769 2050 1004 2139 judiciis
1036 2050 1375 2123 sentiendum
1405 2050 1496 2123 sit.

2000 1846 2046 1909 Β

386 2189 700 2257 [lucusque
730 2185 991 2256 vicorum
1041 2185 1349 2241 doctorum
1383 2186 1634 2256 judicia,
1670 2186 1790 2245 sive
1822 2205 1963 2244 0011-:

305 2276 556 2348 jecturaa
614 2275 811 2346 potius
845 2291 1171 2346 progressa:
1220 2282 1377 2341 sunt,
1409 2275 1551 2331 dum
1611 2275 1813 2345 editio,
1847 2294 1968 2349 una

317 2365 535 2430 Graeca,
572 2364 713 2418 licet
744 2380 812 2419 ex
838 2363 1069 2420 duobus
1098 2380 1241 2425 mss.
1268 2364 1732 2435 exemplaribus,
1757 2371 1815 2420 et
1844 2382 1969 2429 una

317 2455 493 2509 etiam
522 2453 933 2524 interpretatio
966 2453 1170 2509 Latina
1194 2460 1377 2521 vetus,
1412 2454 1498 2511 illi
1537 2455 1680 2511 satis
1712 2462 1845 2527 apte
1880 2473 1967 2511 re-

313 2543 634 2613 spondens,
667 2548 769 2597 aut
798 2543 870 2597 ab
897 2543 1029 2597 aliis
1059 2542 1132 2598 ad
1165 2544 1396 2608 Grmcos
1426 2543 1556 2600 illos
1605 2544 1839 2601 codices
1872 2561 1965 2603 re:

310 2634 585 2690 formata.
621 2637 921 2699 exstaret;
983 2632 1054 2687 de
1104 2633 1320 2703 quibus
1350 2633 1732 2704 conjecturis,
1759 2635 1963 2705 prius?

312 2721 769 2793 quam-ulterius
800 2722 1266 2794 progrediamur,
1302 2723 1591 2778 nonnulla
1629 2722 1802 2779 nobis
1852 2740 1965 2789 no-

313 2817 436 2865 tatu
471 2828 584 2864 non
618 2811 861 2879 indigna
894 2811 1080 2865 visum
1112 2817 1202 2866 est
1231 2811 1565 2867 observare.

384 2900 603 2964 Primo,
638 2899 935 2953 sententia
965 2899 1295 2953 decretoria
1318 2899 1559 2953 Parkeri
1584 2907 1642 2954 et
1672 2900 1965 2969 Salmasii,

319 2988 419 3057 qui
445 2993 712 3047 statuunt
741 3002 947 3043 omnes
995 2985 1277 3056 epistolas
1319 2987 1428 3041 sub
1486 2988 1727 3045 nomine
1758 2990 1966 3060 Ignatii

312 3077 520 3135 editas,
558 3092 686 3129 esse
739 3074 915 3145 plane
959 3075 1389 3145 supposititias,
1442 3077 1688 3131 minime
1721 3078 1967 3133 ferenda

312 3170 419 3218 est:
454 3170 577 3217 tum
607 3161 765 3232 quod
799 3177 1002 3218 eorum
1035 3170 1384 3233 argumenta
1414 3164 1562 3220 nihil
1610 3166 1767 3221 aliud
1801 3167 1962 3221 evins

312 3258 455 3307 cunt
487 3267 665 3321 quam
698 3250 853 3320 quod
884 3267 918 3304 a
949 3252 1177 3307 caneris
1198 3253 1496 3313 statuitur.
1518 3271 1729 3325 nempe
1754 3273 1963 3311 omnes

313 3347 417 3396 aut
448 3340 855 3410 supposititias
888 3355 1038 3403 esse,
1075 3345 1175 3395 aut
1198 3340 1583 3412 interpolatas
1616 3345 1770 3410 (cum
1803 3344 1960 3403 enim

315 3429 509 3484 adhuc
543 3428 845 3483 nescirent
874 3429 1064 3498 qualis
1096 3446 1300 3485 revera
1347 3431 1731 3501 interpolatio
1763 3432 1961 3501 fuerit,

316 3517 607 3588 quidquid
639 3517 753 3571 illis
784 3516 1110 3587 displicuit,
1143 3519 1334 3587 potuit
1362 3519 1437 3574 ad
1469 3519 1963 3590 interpolationes

316 3606 639 3678 pertinere)
673 3610 796 3660 tum
830 3605 989 3676 quod
1037 3607 1334 3661 Parkerus
1385 3612 1625 3676 statuat,
1660 3610 1962 3666 neminem

319 3703 454 3752 ante
486 3695 805 3757 concilium
839 3695 1139 3750 Diiceeuum
1173 3712 1373 3750 earum
1407 3698 1770 3765 meminisse,
1806 3702 1964 3770 quod

317 3786 689 3857 apertissime
721 3784 935 3839 falsum
969 3793 1074 3840 est.

390 3874 683 3940 Secundo,
716 3874 924 3943 ingens
955 3873 1277 3930 discrimen
1304 3875 1463 3930 inter
1494 3880 1613 3931 tres
1643 3877 1877 3943 Latinas
1909 3885 1966 3934 et

318 3964 632 4019 duodecim
667 3964 895 4018 Grascas
918 3963 1196 4034 epistolas
1226 3971 1385 4019 recte
1416 3966 1794 4023 observatum
1828 3974 1919 4023 est
1949 3985 1962 4033 ;

318 4054 371 4103 et
405 4049 626 4103 Latinas
660 4048 916 4119 primum
938 4047 1169 4106 emissm
1201 4048 1271 4105 ab
1295 4050 1584 4106 universis
1610 4051 1731 4107 fere
1754 4053 1964 4108 merito

316 4145 454 4193 sunt
484 4137 564 4209 rej
578 4143 719 4193 ectae
745 4154 759 4202 ς
792 4143 915 4191 tum
937 4136 1093 4206 quod
1116 4138 1331 4195 GI‘thlS
1354 4138 1633 4197 omnibus
1649 4140 1967 4197 fuerintins

318 4228 586 4297 cognitae,
641 4242 833 4296 neque
879 4226 1260 4287 Graecismum
1293 4227 1539 4287 omnino
1573 4228 1965 4288 redoleantut

316 4332 437 4369 non
469 4316 540 4368 ab
573 4315 915 4383 interprete,
966 4316 1070 4371 sed
1119 4323 1358 4375 auctare
1392 4318 1593 4375 Latino
1652 4318 1967 4392 videantur

313 4403 612 4474 profectas;
650 4407 771 4456 tum
807 4403 964 4470 quod
1002 4404 1061 4456 in
1094 4406 1512 4465 vetustissimis
1550 4406 1801 4477 Vulgatae
1834 4424 1963 4463 ver-

317 4492 503 4547 sionis
532 4508 673 4545 mss.
708 4490 1010 4545 codicibus
1042 4509 1159 4547 non
1192 4493 1586 4555 inveniantur,
1623 4501 1679 4552 et
1711 4497 1963 4552 seorsim

317 4579 636 4651 aliquando
669 4577 902 4647 scriptae
934 4578 1076 4635 sint.
1097 4586 1155 4634 et
1180 4580 1336 4636 inter
1354 4581 1589 4639 Latinus
1610 4599 1643 4640 a
1668 4584 1961 4643 Bernardo
1997 4560 2043 4631 ί)

317 4677 419 4725 aut
450 4667 926 4723 PseudO-Dcxlro
960 4668 1216 4737 primum
1245 4676 1581 4727 memorata:
1609 4688 1621 4733 ;
1656 4677 1777 4729 tum
1803 4673 1965 4731 deni:

318 4775 432 4830 que
461 4755 619 4828 quod
649 4756 741 4810 vix
776 4757 985 4811 rationi
1021 4761 1353 4826 temporum
1387 4758 1697 4815 videantur
1726 4776 1967 4820 censen-,-

316 4850 447 4912 tire,
482 4853 585 4901 aut
615 4862 747 4900 cum
782 4845 1069 4901 institutis
1097 4845 1303 4915 lgnatii
1336 4845 1619 4915 quidqam
1652 4864 1966 4911 commune

316 4938 573 4993 habere:
638 4959 663 4987 α
701 4951 805 5006 pro
862 4934 1080 5004 quibus
1128 4936 1347 4993 frustra
1377 4936 1649 4993 nonnulli
1707 4955 1966 5008 pugnare

312 5026 571 5098 aggressi
603 5030 742 5081 sunt
780 5031 916 5079 ante
949 5023 1181 5093 aliquot
1207 5041 1417 5091 annos,
1448 5048 1473 5081 ii
1520 5031 1586 5080 ut
1629 5034 1786 5080 recte
1811 5029 1968 5098 judie

313 5116 461 5171 cavit
492 5114 799 5186 Philippus
828 5112 1129 5183 Labhmus.

383 5204 598 5272 Tertio,
633 5218 706 5256 ne
741 5201 884 5271 ipsm
911 5200 1150 5271 quidem
1169 5200 1382 5259 Graecae
1415 5201 1729 5267 duodecim
1762 5221 1964 5275 parem

313 5294 729 5348 auctoritatem
763 5290 873 5345 sibi
898 5289 1200 5346 vindicant
1226 5308 1239 5356 ;
1264 5297 1323 5348 et
1343 5299 1502 5348 recte
1525 5295 1711 5363 posita
1736 5294 1969 5353 videtur

312 5381 493 5435 distin
517 5381 614 5434 -tio
648 5381 804 5433 inter
834 5385 1061 5450 septem
1094 5380 1395 5449 epistolas,
1429 5397 1559 5451 quae
1580 5387 1721 5437 sunt
1746 5383 1818 5437 ab
1853 5386 1962 5438 Eu-

314 5468 1228 5539 sebiomemoratar,reliquisque
1244 5469 1676 5539 antiquissimis
1698 5472 1966 5525 Datribns

312 5559 658 5626 frequenter
688 5556 959 5626 laudatas,
997 5563 1051 5617 ςιι
1072 5558 1337 5628 quinque
1361 5559 1527 5619 alias.
1565 5577 1694 5629 quae
1726 5561 1964 5614 nonnisi

312 5652 446 5717 post
476 5646 705 5717 aliquot
737 5647 953 5711 saecula
985 5647 1056 5705 ab
1082 5647 1196 5705 ulla
1221 5648 1418 5704 Gi'teco
1443 5648 1727 5719 scriptore
1751 5650 1966 5721 agnitus

2077 571 2253 625 ctiam
2289 570 2465 641 plane
2498 568 2888 640 rejiciuntur:
2919 566 3097 637 idque
3152 583 3273 621 non
3307 571 3559 631 tantum,
3593 567 3741 636 quia

2077 660 2397 715 verisimile
2429 675 2549 721 non
2581 663 2690 725 est,
2714 674 2814 713 eas
2845 656 3184 721 Eusebium,
3213 657 3261 710 si
3288 655 3418 725 ejus
3442 673 3562 710 navo
3589 657 3738 711 exti-

2075 751 2308 811 tissent,
2342 749 2527 804 latere
2559 748 2841 819 potuisse,
2876 753 2978 801 aut
3007 746 3079 801 ab
3113 745 3343 814 eodem,
3377 745 3425 799 si
3475 745 3587 815 ipsi
3635 763 3733 800 co-

2076 841 2251 911 gnitae
2284 845 2501 905 essent,
2536 836 2847 908 praeteriri;
2882 835 2985 890 sed
3016 835 3194 890 etiam
3223 835 3363 905 quia
3386 835 3477 889 vel
3502 835 3575 889 ob
3610 851 3738 889 mo-

2079 930 2219 983 dum
2249 929 2552 1000 loquendi,
2575 928 2648 983 ab
2670 926 3019 981 Ensebianis
3034 925 3287 991 multum
3319 925 3737 995 discrepantes

2082 1024 2389 1091 apparent,
2421 1018 2511 1073 vel
2543 1018 2616 1073 ob
2647 1017 2982 1080 materiam,
3032 1015 3315 1069 doctrinae
3348 1015 3646 1069 institutis
3677 1019 3741 1069 et

2075 1109 2342 1163 moribus
2373 1108 2717 1180 posterioris
2765 1105 3042 1161 Ecclesiae
3100 1106 3286 1176 magis
3334 1121 3632 1172 consonm,
3671 1110 3735 1158 et

2074 1199 2394 1265 Ignatianis
2406 1198 2657 1252 Eusebio
2676 1195 3019 1251 memoratis
3036 1195 3161 1250 sola
3178 1195 3694 1265 imitatione,eaqu
3706 1210 3741 1248 e

2074 1290 2252 1345 nimis
2291 1289 2585 1355 aﬁectata,
2622 1286 2871 1345 similes.

2151 1380 2388 1449 Quarto,
2421 1383 2579 1443 recte
2606 1375 3081 1435 animadversum
3104 1378 3195 1430 est
3222 1389 3255 1437 a
3276 1373 3740 1444 quamplurimis

2074 1468 2253 1522 etiam
2280 1467 2414 1522 illas
2432 1473 2661 1537 septem
2679 1463 3126 1533 antiquissimus
3149 1468 3208 1521 et
3237 1463 3492 1524 maxime
3524 1461 3737 1533 genui:

2073 1572 2179 1610 nas
2211 1555 2489 1626 epistolas
2522 1554 2581 1611 in
2613 1553 2874 1612 editione
2908 1552 3108 1619 Graeca
3130 1555 3272 1611 tunc
3295 1550 3580 1621 temperis
3604 1550 3734 1621 vul-

2073 1651 2226 1718 gata,
2271 1643 2657 1713 interpolatae
2688 1647 2747 1696 et
2775 1645 3082 1710 corruptas
3112 1639 3330 1704 fuisse;
3378 1637 3556 1709 idque
3590 1655 3733 1703 cum

2074 1734 2203 1789 loca
2231 1751 2266 1789 a
2296 1733 2591 1789 \etenihus
2620 1730 2893 1791 Patribus
2924 1728 3197 1792 adducta,
3223 1745 3355 1798 quia
3400 1727 3461 1791 in
3501 1744 3569 1791 ea
3601 1727 3739 1790 8di-

2074 1824 2235 1879 tione
2266 1829 2367 1878 aut
2395 1839 2517 1877 non
2549 1824 2916 1891 comparent,
2939 1824 3042 1877 aut
3068 1835 3189 1881 non
3219 1823 3375 1881 recte
3401 1833 3739 1888 repnazsenr

2074 1918 2292 1974 tantur,
2317 1917 2444 1968 tum
2475 1911 2593 1967 alia
2623 1910 2801 1967 etiam
2826 1924 2948 1969 non
2968 1924 3174 1978 pauca.
3199 1924 3330 1977 quae
3354 1923 3546 1976 neque
3570 1907 3740 1971 antis

2075 2002 2307 2072 quirali.
2372 2015 2569 2070 neque
2622 1997 2934 2069 sententiae
2993 1998 3050 2055 8.
3110 1996 3319 2067 Ignatii
3369 2002 3737 2066 congruunt,

2075 2106 2267 2161 neque
2300 2089 2492 2157 teneri
2528 2087 2912 2159 epistolarum
2946 2084 3530 2150 satisceuvenientcr
3560 2085 3731 2148 ἰιιδβο

2076 2186 2312 2246 runtur,
2344 2178 2585 2250 planum
2616 2177 2863 2236 faciunt.

2146 2267 2380 2332 Quinto,
2416 2263 2713 2335 industria
2745 2261 2969 2329 Vedsli,
3010 2276 3189 2331 quam
3223 2261 3297 2326 ad
3346 2261 3478 2329 lace
3507 2262 3568 2325 in
3602 2263 3740 2332 epis

2078 2356 2243 2411 stolis
2274 2354 2529 2411 Eusebio
2561 2351 2909 2413 memoratis
2940 2356 3221 2421 surrupta
3249 2356 3308 2407 et
3362 2351 3742 2421 interpolata

2076 2444 2413 2511 indicanda,
2448 2448 2507 2501 et
2533 2459 2568 2501 a
2623 2441 2899 2513 genuinis
2930 2439 3297 2505 secernenda
3352 2440 3646 2506 adhibuit,
3679 2442 3740 2505 si

2077 2540 2356 2589 conatum
2389 2537 2743 2603 spectemus,
2795 2529 3115 2596 laudanda,
3180 2530 3227 2586 si
3275 2536 3572 2595 eventum,
3608 2530 3739 2593 sive

2078 2619 2861 2692 successum,parviquidem
2885 2617 3739 2682 mstimandavideaturlanta

2078 2713 2237 2768 enim
2269 2712 2580 2784 diligentia
2626 2711 2737 2769 hoc
2770 2709 3005 2771 tandem
3039 2710 3315 2771 effectum
3368 2714 3475 2776 est,
3531 2714 3599 2769 ut
3657 2726 3740 2767 ex

2078 2818 2197 2857 una
2227 2808 2393 2873 parte
2424 2802 2650 2859 inserta
2680 2807 2737 2857 et
2790 2797 3148 2868 inter-palata
3177 2796 3458 2875 pleraque
3491 2804 3743 2868 βαδιεῖ-ο
3824 2864 3831 2871 ,

2078 2892 2408 2957 mittantur,
2434 2905 2501 2945 ac
2531 2905 2637 2960 pro
2668 2886 2944 2959 genuinis
2973 2886 3384 2953 retineantur;
3439 2903 3508 2949 ex
3542 2888 3747 2951 altera,

2078 2996 2236 3044 vero,
2255 2994 2538 3050 germana
2564 2982 2742 3047 atque
2779 2975 3038 3043 genuina
3058 2975 3409 3046 saipiuscule
3439 2992 3543 3045 pro
3575 2978 3748 3035 380i?

2081 3069 2119 3123 ti
2131 3069 2224 3123 tiis
2249 3072 2532 3138 petentur
2562 3071 2621 3124 et
2649 3064 3300 3134 rejiciantur.Quamvis
3324 3065 3501 3141 igitur
3526 3082 3745 3135 quam:

2078 3157 2320 3229 plurimi
2352 3156 2609 3227 Optimae
2667 3155 2873 3225 Iguatii
2909 3154 3190 3225 epistolas
3247 3159 3562 3224 corruptus
3603 3172 3746 3225 esse

2074 3245 2436 3317 judicanent,
2475 3244 2762 3304 hactenus
2798 3249 2995 3305 tamen
3027 3242 3099 3301 ad
3130 3243 3419 3313 genuinas
3458 3260 3493 3298 a
3522 3260 3739 3306 curru:

2068 3335 2243 3406 ptelis
2273 3339 2434 3392 certe
2468 3334 2665 3403 aliquo
2697 3333 2935 3395 eriterit)
2967 3331 3352 3396 vindicandas
3384 3349 3596 3402 parum
3628 3340 3740 3393 aut

2076 3424 2228 3481 nihil
2260 3429 2348 3482 est
2378 3423 2675 3483 eﬂectum.
2710 3424 2781 3481 Ut
2812 3438 3015 3481 verum
3049 3421 3200 3484 illud
3231 3421 3308 3483 sit
3337 3420 3495 3490 quod
3526 3438 3563 3481 ξι
3595 3423 3739 3479 Dal-

2070 3513 2176 3570 lmo
2198 3512 2578 3571 observatur:
2612 3510 2769 3573 «Nisi
2800 3510 3095 3573 sincerius
3127 3508 3433 3580 exemplar
3454 3512 3739 3573 Usserius

2070 3607 2129 3657 et
2156 3601 2392 3659 Vossius
2420 3601 2579 3657 nacti
2606 3598 2993 3666 essent,nulla
3020 3598 3196 3669 plane
3223 3615 3356 3668 spes
3386 3608 3735 3669 superesset

2072 3689 2515 3760 interpolatoris
2544 3689 2802 3749 alienae
2847 3689 2996 3743 veris
3055 3687 3361 3758 ssripturis
3421 3689 3733 3759 internus-

2072 3778 2243 3835 eendi
2276 3784 2334 3834 et
2364 3776 2732 3837 secernendi.
2769 3798 2796 3824 »

2729 3867 2958 3939 CAPUT
2990 3868 3054 3923 v.

2075 3959 2208 4014 Alia
2237 3964 2389 4021 vetus
2420 3959 2621 4013 Latina
2669 3957 2844 4015 versit)
2897 3955 2963 4013 ab.
3007 3955 3360 4015 Armachano
3412 3957 3735 4025 publicata,

2142 4046 2255 4100 qua
2286 4028 2735 4100 interpolation“
2764 4027 2984 4100 detectae
3026 4033 3169 4096 sunt.
3230 4027 3436 4100 graves:
3481 4031 3739 4097 epistulae

2142 4097 2169 4153 ἑ
2222 4097 2460 4163 Medicae
2521 4098 2704 4151 codice
2757 4114 2858 4166 per
2907 4099 3153 4167 lanarum
3237 4097 3487 4151 Vas-siuna
3540 4102 3731 4159 aliter.

2143 4172 2287 4235 Quid
2314 4172 2423 4223 viri
2453 4169 2599 4222 docti
2648 4169 2713 4233 de
2752 4166 2998 4236 epistolis
3044 4172 3121 4221 ita
3148 4171 3409 4237 purgatis
3458 4169 3738 4242 editisque

2141 4244 2430 4295 senserint.
2782 4246 2791 4253 ’

2141 4332 2331 4395 Quare
2360 4329 2611 4384 Iacobus
2642 4327 2932 4393 Usserius,
2980 4327 3461 4396 archiepiscodus
3512 4332 3738 4387 Arma-

2071 4420 2319 4485 chanus,
2355 4418 2651 4473 Hiberniae
2683 4417 2929 4486 primas,
2983 4416 3071 4468 vir
3100 4415 3267 4469 mirae
3300 4416 3360 4469 in
3395 4417 3487 4472 his
3546 4420 3738 4477 rebus

2074 4507 2452 4577 perspicaciae
2484 4506 2763 4575 ﬁdeique,
2792 4521 2924 4558 cum
2946 4504 3168 4557 videret
3188 4504 3407 4559 talibus
3427 4506 3747 4575 conjectu-

2075 4612 2158 4665 ris
2196 4595 2344 4648 nihil
2379 4594 2554 4653 efﬁci,
2590 4593 3202 4660 animadverteretque
3236 4599 3356 4646 tres
3407 4594 3467 4647 in
3515 4598 3746 4663 Anglia

2075 4689 2273 4735 nostra
2309 4681 2611 4749 theologos
2641 4682 2783 4735 olim
2817 4681 3013 4734 lorum
3047 4681 3363 4749 quemdam
3389 4699 3455 4736 ex
3479 4684 3748 4752 epistola

2073 4772 2280 4842 Ignatii
2308 4787 2341 4825 a
2361 4770 2723 4825 Theodoreto
2747 4767 3011 4832 citatum,
3032 4783 3140 4821 nec
3161 4767 3222 4820 in
3246 4768 3503 4822 editione
3526 4771 3750 4829 (ηεροδ,

2076 4865 2177 4913 aut
2213 4858 2456 4929 Vulgata
2486 4857 2755 4911 versione
2786 4861 2927 4910 tunc
2956 4860 3280 4923 repertum,
3314 4856 3519 4911 eodem
3553 4858 3748 4927 plane

2075 4944 2397 5014 modo,qua
2421 4962 2456 5001 a
2475 4944 2840 5004 Theodoreto
2867 4942 3189 5012 productus
3210 4945 3743 5018 l'uerat,laudasse,

2076 5034 2534 5104 circumspicere
2550 5033 2894 5101 cmpit,num
2920 5031 3070 5085 forte
3099 5032 3161 5083 in
3185 5033 3394 5103 Anglia
3426 5037 3747 5107 exemplar

2076 5124 2319 5195 aliquod
2342 5124 2607 5178 Latinum
2633 5123 2827 5175 adhuc
2849 5121 3206 5175 delitescens
3233 5124 3481 5192 reperiri
3502 5137 3741 5195 posset.

2078 5231 2149 5267 ex
2178 5230 2291 5283 quo
2328 5230 2433 5267 sua
2459 5218 2573 5265 tres
2604 5211 2690 5264 illi
2725 5210 2982 5279 theologi
3014 5210 3361 5279 hauserunt,
3396 5219 3456 5266 et
3484 5213 3613 5270 loca
3640 5235 3752 5274 re-

2074 5301 2239 5370 liqua
2270 5317 2303 5353 a
2334 5300 2699 5353 Theodoreto
2730 5298 2981 5367 aliisque
3039 5297 3301 5368 antiquis
3341 5302 3619 5359 Patribus
3653 5309 3749 5363 ci-

2079 5396 2212 5446 tata,
2255 5390 2483 5458 integra
2511 5392 2941 5458 comparerent.
2980 5386 3144 5447 Cum,
3177 5404 3335 5451 ecce,
3371 5391 3556 5447 libros
3590 5396 3754 5453 duos

2080 5493 2221 5530 mss.
2254 5482 2463 5530 nactus
2487 5484 2596 5543 est,
2631 5494 2660 5530 e
2692 5476 2929 5546 publica
2952 5474 3187 5545 collegii
3222 5478 3473 5537 Gunvilli
3508 5489 3569 5535 et
3617 5488 3745 5542 tjaii

2080 5565 2236 5633 apud
2273 5565 2789 5633 Cantabrigienses
2816 5570 3051 5617 nostros
3099 5578 3306 5627 unum,
3341 5583 3371 5620 e
3412 5570 3639 5639 privata
3674 5576 3752 5632 Β,

2086 5651 2321 5706 Rioardi
2350 5652 2690 5719 Montacutii
2723 5651 3092 5707 Norvicensis
3118 5666 3315 5722 nuper
3347 5657 3611 5730 episcopi
3648 5662 3750 5718 bi-
