3974 6134
314 344 395 404 33
1401 342 1466 402 s.
1510 340 1908 405 IGNATIUS.
1963 378 2032 391 —
2078 346 2690 411 PROLEGONENA.
3658 345 3737 403 64

323 478 659 551 gnificavit:
693 499 721 528 ‹‹
753 475 1114 541 Blondellus,
1146 492 1373 547 magnae
1396 475 1483 529 vir
1503 475 1844 547 diligentias,
1869 478 1973 534 sed
2003 482 2055 547 Α
2097 481 2384 537 Salmasio
2403 488 2464 538 et
2483 481 2787 538 Blondello
2811 500 2825 550 ;
2849 481 3297 537 dissertationes
3319 482 3593 550 quatuor,
3610 480 3740 549 qui-

321 586 443 624 suaa
461 568 610 640 parti
625 584 805 639 super
817 583 1055 637 aequum
1069 564 1510 636 addictus,quid
1526 563 1596 619 de
1611 565 1903 639 episcopis
1917 572 1977 622 et

327 657 691 728 presbyteris
722 657 959 721 sentiat,
992 673 1063 710 ex
1094 656 1330 726 script,s
1360 656 1490 726 ejus
1520 656 1773 712 antehac
1803 657 1979 714 editis

323 761 444 799 non
460 746 777 801 obscurum
794 744 1277 816 est.Imprimitur
1294 760 1453 799 nunc
1468 744 1895 816 apudBlavium
1910 746 1976 800 1i-

323 834 430 891 ber
444 836 572 907 ejus
589 835 927 907 specialiter
940 834 1009 889 de
1028 850 1096 888 eo
1119 839 1467 904 argumento
1494 834 1762 907 :Cognovi
1779 840 1978 891 autem

327 944 397 983 ex
414 941 686 981 sermone
701 924 886 995 ipsius
901 923 1139 977 omnino
1155 938 1291 977 eum
1307 921 1419 977 hoc
1432 939 1603 995 agere
1616 924 1863 988 velle,ut
1882 924 1980 981 ali-

328 1013 473 1086 quid
496 1014 755 1084 reperiat
774 1012 934 1067 unde
956 1012 1175 1067 famam
1198 1016 1516 1082 spargat,te
1540 1012 1601 1065 in
1623 1029 1692 1067 ea
1713 1030 1778 1067 re
1802 1014 1978 1083 plane

327 1119 530 1159 secum
553 1102 771 1157 sentire
820 1101 1030 1173 Ignatii
1053 1100 1367 1171 Epistolas,
1391 1105 1538 1170 quas
1561 1101 1718 1156 ﬁlius
1749 1107 1884 1158 tuus
1907 1120 1979 1159 ex

324 1193 493 1248 Italia
511 1192 901 1262 attulitpuras
918 1189 990 1246 ab
1009 1189 1287 1246 omnibus
1308 1189 1539 1260 iis,quaa
1559 1190 1769 1245 eruditi
1788 1192 1983 1247 hacte-

327 1299 440 1337 nus
464 1287 738 1353 suspecta
758 1279 1180 1347 habuere,ideo
1203 1278 1516 1333 admittere
1541 1295 1663 1334 non
1688 1280 1982 1351 vult,quia

333 1372 779 1443 episcopatuum
828 1368 1107 1423 vetustati
1156 1366 1380 1422 clarum
1413 1366 1682 1439 praebent
1712 1369 1979 1424 testimo-

327 1461 495 1515 nium
510 1462 894 1531 .Argumento
912 1458 1029 1513 alio
1048 1474 1166 1512 non
1189 1457 1580 1527 utitur,quam
1608 1458 1766 1528 quod
1782 1459 1843 1513 in
1862 1460 1982 1515 illis

330 1549 509 1604 verba
522 1549 792 1620 quasdam
808 1551 1134 1619 appareant
1145 1546 1510 1619 elegantiora
1521 1563 1699 1616 quam
1714 1548 1909 1604 solent
1920 1550 1982 1604 in

333 1638 797 1711 apostolicorum
820 1636 1055 1707 scriptis
1068 1635 1316 1706 reperiri
1335 1651 1347 1689 :
1366 1636 1574 1706 quales
1590 1642 1729 1691 sunt
1744 1635 1982 1705 ἀξιέπαι-

330 1747 438 1797 νοι,
458 1724 977 1798 ἀξιομνημόνευτοι,
999 1729 1057 1779 et
1081 1723 1449 1779 similia.Dixi
1468 1726 1762 1797 ego,paris
1783 1743 1984 1783 mone-

328 1825 405 1874 ιω
428 1816 709 1872 vocabula
732 1833 852 1871 non
882 1831 1070 1887 pauca
1093 1830 1223 1870 esse
1254 1815 1317 1869 in
1345 1814 1669 1870 Clementis
1701 1817 1981 1887 Epistola,

2087 570 2196 625 bus
2219 572 2594 643 episcopatus
2608 573 2747 644 jura
2770 588 2841 627 ex
2856 571 3075 626 sanctis
3093 568 3409 640 Scripturis
3424 572 3483 622 et
3502 568 3738 639 prima:-

2086 675 2155 715 va
2180 660 2535 732 antiquitate
2565 665 2932 725 astruuntur,
2967 658 3175 726 edidit,
3209 664 3266 712 et
3296 673 3500 712 earum
3525 672 3737 712 secun-

2086 748 2224 803 dam
2244 749 2316 805 de
2339 748 2547 822 lgnatii
2569 749 2805 820 scriptis
2828 747 3175 803 instituit.ln
3195 746 3509 801 illaautem
3526 744 3741 801 disser-

2086 838 2310 892 tatione
2331 839 2524 910 primo
2540 838 2827 910 quidquid
2845 837 2919 892 ad
2937 837 3045 892 has
3061 836 3287 907 Ignatio
3311 833 3740 906 abjudicandas

2086 926 2367 997 epistolas
2388 927 2613 983 dictum
2630 927 3099 993 est,solemniter
3119 925 3193 979 ad
3211 940 3461 979 examen
3481 924 3739 988 vocavit;

2088 1018 2349 1073 secundo
2381 1018 2655 1088 quaedam
2705 1016 2954 1084 addidit,
2977 1033 3107 1087 qum
3138 1015 3480 1071 earumdem
3533 1020 3730 1070 aucto-

2086 1107 2326 1161 ritatem
2359 1107 2555 1161 stabili
2564 1112 2684 1162 ant.

2160 1196 2249 1251 Ad
2280 1196 2405 1251 haec
2437 1196 2787 1251 Hammondi
2817 1195 2969 1251 nihil
3005 1195 3349 1260 Salmasius,
3385 1193 3534 1248 nihil
3564 1192 3743 1247 Blon-

2090 1283 2278 1339 dellus
2307 1286 2592 1354 reposuit.
2646 1285 2812 1340 Domi
2863 1290 3062 1340 autem
3110 1283 3442 1355 theologus,
3486 1283 3743 1336 Joannes

2087 1373 2336 1427 Owenus
2386 1379 2622 1429 nostras
2675 1374 2735 1428 in
2785 1373 3138 1429 Praefatione
3187 1371 3443 1442 quadam
3499 1370 3743 1442 Anglice

2093 1462 2316 1533 scripta
2345 1463 2535 1518 multa
2563 1464 2625 1518 in
2657 1463 3129 1519 Hammondiana
3155 1461 3363 1533 Ignatii
3396 1460 3744 1515 defensione

2089 1552 2308 1625 culpat,
2342 1572 2474 1625 qum
2505 1554 2792 1626 peculiari
2824 1554 3065 1626 scripto,
3097 1554 3303 1626 lingua
3332 1553 3511 1608 etiam
3540 1556 3745 1607 nostra

2090 1643 2499 1699 Hammondus
2530 1643 2814 1699 defendit.
2850 1646 2979 1699 Non
3010 1650 3210 1699 tamen
3255 1643 3502 1697 Owenus
3535 1657 3746 1695 eorum

2091 1732 2449 1788 sententiam
2472 1733 2702 1804 probat,
2728 1733 2829 1803 qui
2861 1732 3145 1803 epistolas
3177 1748 3383 1787 omnes
3404 1731 3745 1802 Ignatianas

2094 1826 2373 1892 tanquam
2410 1821 2578 1877 ﬁctas
2610 1828 2670 1876 et
2698 1821 3107 1893 supposititias
3144 1821 3412 1876 absolute
3460 1818 3749 1874 condem-

332 1925 512 1980 quam
536 1882 1021 1978 suspectam-non
1044 1905 1223 1961 habet
1248 1922 1261 1959 :
1286 1905 1605 1962 adhaasisse
1635 1882 1765 1962 huic
1787 1908 1889 1963 diu
1915 1882 1984 1963 es
2014 1882 2061 1946 Β
2092 1882 2239 1965 nant
2265 1926 2278 1964 :
2300 1909 2418 1965 imo
2446 1911 2507 1965 in
2541 1925 2746 1965 earum
2767 1882 3068 1981 aliquibus
3097 1926 3315 1965 suavem
3344 1914 3397 1963 et
3415 1910 3747 1977 gratiosum,

326 1997 588 2053 lectione
620 1997 979 2062 Graecorum,
1012 1996 1113 2066 qui
1144 1994 1391 2050 nitidius
1433 1996 1813 2067 scripserant.
1846 2018 1875 2048 π

411 2086 859 2158 Quamprimum
878 2090 1075 2141 autem
1092 2083 1576 2140 Blondellianain
1588 2084 1781 2141 lucem
1798 2086 1989 2158 prodi-

338 2179 494 2245 rent,
519 2181 578 2230 et
602 2176 835 2230 lsaacus
865 2173 1104 2228 Vossius
1134 2173 1400 2228 codicem
1429 2173 1777 2241 Mediceum,
1810 2192 1987 2247 quem

341 2270 465 2319 tam
491 2264 742 2319 feliciter
759 2262 1043 2329 ediderat,
1068 2267 1188 2317 tam
1214 2262 1371 2318 male
1395 2267 1710 2318 tractatum
1740 2264 1988 2333 videret,

343 2355 542 2409 statim
567 2352 820 2424 epistola
840 2351 914 2406 ad
937 2351 1204 2408 Rivetum
1227 2351 1487 2407 rationes
1512 2353 1992 2424 prescripsit,cur

345 2461 482 2499 eum
514 2460 633 2498 non
664 2443 910 2498 omnino
942 2457 1280 2513 permovere
1326 2442 1627 2513 potuerint
1663 2449 1991 2513 argumenta

343 2532 466 2597 illa,
498 2548 620 2603 qua:
649 2532 825 2586 David
871 2531 1189 2587 Blondellus
1216 2531 1290 2585 ad
1336 2532 1687 2586 evertendam
1717 2532 1986 2603 Epistola-

350 2638 471 2677 rum
492 2623 703 2691 Ignatii
720 2623 1010 2676 veritatem
1031 2621 1239 2674 attulit.
1266 2621 1411 2675 Huic
1433 2620 1695 2692 epistolas
1720 2620 1993 2677 Blondel-

334 2711 431 2765 lus
455 2710 733 2766 adnotata
782 2726 889 2765 sua
931 2710 1203 2781 aspersit,
1254 2715 1313 2764 et
1342 2716 1629 2781 prmterea
1678 2710 1985 2766 stricturas

341 2799 631 2870 quasdam
653 2798 726 2853 ad
750 2797 938 2854 Vossii
963 2800 1140 2853 Notas
1160 2802 1295 2852 ante
1318 2797 1541 2863 editas;
1567 2797 1782 2869 quibus
1806 2798 1993 2854 altera

340 2888 647 2959 prolixiori
666 2887 914 2958 epistola
926 2888 1270 2942 adRivetum
1291 2888 1513 2958 pariter
1528 2888 1740 2943 misssa
1758 2890 1991 2944 Isaacus

340 2982 614 3032 accurate
661 2975 990 3046 respondit.
1025 2975 1157 3029 Haec
1197 2980 1395 3030 autem
1438 2976 1637 3031 omnia
1666 2993 1801 3033 cum
1834 2978 1991 3048 apud

339 3069 536 3139 ipsum
557 3066 832 3121 Vossium
862 3065 964 3119 diu
992 3064 1356 3128 delituerint,
1380 3083 1487 3137 pro
1520 3083 1753 3122 summa
1775 3067 1990 3123 huma-

336 3158 541 3220 nitate,
576 3160 635 3210 et
653 3155 838 3210 bonas
856 3155 1084 3209 litteras
1094 3155 1340 3225 juvandi
1360 3155 1576 3224 studio,
1610 3173 1727 3227 quo
1745 3174 1865 3227 prce
1884 3174 1993 3212 ca:-

2089 2003 2159 2054 ut
2187 2004 2484 2054 nostrates
2509 1999 2859 2070 loquuntur,
2880 1999 3028 2068 ﬁdei,
3053 1998 3385 2061 dilectionis,
3409 1999 3748 2065 sanctitatis,

2091 2097 2146 2145 et
2176 2089 2279 2143 zeli
2310 2088 2407 2144 Dei
2452 2088 2719 2160 spiritum
2772 2089 3076 2159 spirantem
3122 2095 3173 2143 et
3220 2092 3531 2159 operantem
3560 2103 3753 2159 agno-

2096 2179 2226 2235 scit.
2256 2178 2507 2233 Ministri
2532 2178 2711 2233 etiam
2736 2178 3140 2233 Londinenses
3161 2194 3297 2233 cum
3320 2177 3600 2232 Sculteto.
3637 2178 3755 2230 Ve-

2094 2267 2252 2323 delio
2302 2273 2361 2322 et
2408 2267 2609 2323 Riveto
2662 2267 2915 2339 professi
2968 2273 3108 2322 sunt
3136 2283 3198 2322 se
3247 2266 3495 2322 minime
3538 2282 3756 2321 omnes

2094 2356 2415 2428 reprobare
2445 2376 2459 2424 ;
2486 2357 2589 2412 sed
2612 2357 2695 2412 ita
2724 2357 2796 2412 de
2824 2355 3177 2428 corruptelis
3206 2355 3385 2411 locuti
3415 2359 3573 2421 sunt,
3596 2371 3667 2410 ac
3700 2355 3757 2411 si

2095 2444 2389 2500 editiones
2430 2444 2649 2501 Usserii
2701 2445 3013 2516 Vossiique
3062 2460 3370 2515 nunquam
3419 2442 3752 2512 vidissent;

2095 2538 2254 2589 certe
2278 2534 2423 2604 quid
2444 2533 2516 2589 de
2540 2533 2820 2606 Epistolis
2842 2532 3140 2589 defsscatis
3162 2532 3474 2601 sentirent,
3498 2531 3753 2588 minime

2096 2622 2455 2678 indicarunt.

2167 2712 2523 2784 Theophilus
2545 2718 2742 2768 autem
2766 2711 3123 2783 Baynaudus
3145 2711 3207 2765 in
3230 2710 3633 2766 Erotematibus
3651 2727 3758 2765 ne-

2096 2807 2193 2874 gat
2206 2801 2519 2872 epistolam
2538 2802 2613 2856 ad
2626 2801 3183 2872 MariamDeiparam
3201 2817 3332 2855 esse
3354 2800 3753 2870 lgnatianam.

2097 2912 2125 2939 «
2149 2890 2468 2961 Epistolam
2493 2895 2715 2944 tamen.
2742 2892 2948 2959 inquit,
2971 2889 3044 2943 ad
3071 2890 3313 2943 Mariam
3339 2886 3756 2944 Cassoboliten

2097 2995 2226 3033 esse
2258 2980 2315 3034 S.
2352 2979 2561 3049 Ignatii
2593 2977 2795 3033 fastum
2828 2979 3173 3050 genuinum,
3203 2984 3367 3033 extra
3404 2983 3756 3033 controver-

2096 3068 2244 3123 siam
2295 3084 2497 3138 pono;
2543 3067 2833 3137 quidquid
2890 3066 3255 3122 contrarium
3296 3068 3467 3138 pauci
3503 3065 3757 3138 quidam

2099 3155 2333 3211 sectarii
2367 3155 2741 3211 elfutivcrint.
2778 3178 2805 3205 ››

340 3246 484 3301 teris
534 3244 809 3299 omnibus
854 3244 995 3298 viris
1039 3243 1227 3299 doctis
1270 3244 1514 3314 ﬂagrare
1562 3244 1812 3313 videtur,
1844 3246 1985 3300 mihi
2016 3232 2058 3297 C
2170 3243 2515 3300 Edmundus
2540 3246 2718 3299 etiam
2742 3244 3086 3300 Albertinus
3108 3245 3758 3317 Usseriiresponsioni-

344 3335 587 3392 tandem
610 3335 669 3388 in
693 3335 802 3390 hac
821 3349 999 3389 arena
1022 3333 1333 3389 desudanti
1353 3334 1714 3390 amicissime
1737 3352 1996 3391 commu-

347 3424 584 3491 nicavit,
609 3430 667 3478 et
692 3423 1038 3495 efﬂagitanti
1058 3429 1125 3478 ut
1148 3440 1279 3478 cum
1306 3423 1528 3480 nostris
1548 3424 1885 3494 ederentur,
1914 3426 1992 3481 li-

343 3514 692 3570 bentissime
724 3514 1040 3569 concessit.

417 3603 750 3668 Quinetiam
766 3601 1245 3673 archiepiscopus
1263 3603 1671 3658 Armachanus
1688 3604 1749 3657 in
1766 3606 1997 3677 Appen-

346 3693 496 3761 dice,
522 3692 789 3763 proximo
810 3696 947 3762 post
964 3690 1250 3745 Blondelli
1272 3691 1615 3763 Apologiam
1633 3708 1791 3748 anno
1814 3694 1992 3764 edita,

344 3782 548 3839 mirari
577 3782 719 3837 satis
752 3798 812 3835 se
857 3798 975 3835 non
1022 3782 1285 3853 potuisse
1333 3782 1666 3852 profitetur,
1700 3782 1847 3839 duos
1886 3785 1995 3839 hos

348 3872 546 3944 magni
578 3871 838 3925 nominis
888 3871 1063 3937 viros,
1096 3869 1449 3925 Salmasium
1497 3878 1555 3926 et
1592 3872 1993 3943 Blondellum,

348 3962 707 4032 conjecturis
731 3961 852 4017 suis
877 3965 1105 4015 tantum
1130 3960 1569 4021 tribuisse,cum
1598 3962 1902 4033 Polycarpi
1921 3962 1995 4017 ad

348 4053 619 4123 Philippe
632 4068 766 4106 nses
789 4050 1035 4115 litteras,
1063 4049 1277 4119 quibus
1299 4050 1631 4119 lgnatianas
1652 4067 1687 4105 a
1707 4067 1770 4105 se
1795 4051 1997 4122 subje-

350 4149 475 4199 ctas
499 4141 681 4196 fuisse
712 4142 839 4211 ipse
861 4138 1196 4205 conﬁrmat,
1220 4154 1531 4209 germanas
1559 4138 1744 4194 fuisse
1768 4140 1997 4195 fatean-

347 4237 465 4291 tur,
501 4238 558 4285 et
587 4231 694 4284 has
726 4230 884 4299 ipsas
915 4244 1046 4298 quae
1076 4227 1300 4297 lgnatio
1332 4227 1677 4282 tribuuntur
1705 4229 1997 4300 Epistolas

347 4322 409 4376 in
433 4319 693 4373 Mediceo
716 4317 919 4371 codice
942 4332 977 4371 a
998 4316 1239 4370 novitiis
1261 4317 1620 4372 assumentis
1647 4317 1887 4373 demum
1914 4319 1995 4374 li-

349 4410 733 4474 beratas,non
759 4407 955 4460 minus
979 4422 1157 4476 quam
1189 4405 1495 4478 Polycarpi
1524 4408 1734 4478 ipsam,
1760 4408 1996 4463 Eusebii

347 4495 717 4568 temporibus
733 4494 793 4548 in
814 4494 1080 4548 omnium
1098 4494 1374 4549 manibus
1396 4495 1578 4549 fuisse
1601 4512 1720 4550 non
1746 4503 1995 4567 negent;

2101 3336 2212 3391 bus
2243 3341 2301 3391 et
2332 3335 2686 3391 Hammondi
2719 3334 3120 3390 dissertationi
3159 3335 3402 3389 minime
3432 3335 3753 3404 acquievit,

2101 3424 2205 3479 sed
2237 3424 2299 3478 in
2330 3423 2501 3478 libris
2535 3427 2611 3479 De
2647 3424 2999 3479 Eucharistia
3028 3423 3229 3479 Latine
3275 3423 3448 3477 editis
3479 3423 3759 3477 decreto-

2101 3513 2253 3567 riam
2285 3513 2644 3568 sententiam
2676 3513 2738 3567 in
2770 3513 2896 3568 haec
2921 3512 3098 3567 verba
3118 3512 3367 3583 protulit
3392 3529 3406 3566 :
3431 3533 3459 3561 «
3491 3512 3619 3565 Non
3647 3528 3761 3567 ne-

2100 3602 2357 3674 gaverim
2379 3602 2669 3674 Ignatium
2694 3602 2975 3673 epistolas
2996 3602 3226 3673 aliquas
3250 3601 3550 3672 scripsisse
3575 3617 3589 3654 :
3615 3600 3755 3668 sed,

2101 3692 2151 3747 si
2175 3706 2321 3761 quas
2351 3690 2609 3762 scripsit,
2640 3690 2755 3745 illas
2787 3691 3130 3761 perierunt:
3157 3694 3217 3745 et
3245 3690 3443 3761 plures
3473 3688 3604 3745 alia:
3634 3689 3756 3745 sub

2101 3780 2261 3835 illius
2275 3779 2517 3834 nomine
2534 3780 2692 3834 circa
2705 3780 2965 3835 medium
2988 3779 3229 3836 secundi
3246 3778 3445 3834 saeculi
3460 3795 3587 3833 com
3597 3779 3760 3849 posi-

2102 3873 2175 3923 tae
2195 3875 2427 3937 sunt,ac
2444 3870 2677 3924 incaute
2697 3875 2755 3924 et
2770 3870 2993 3941 absque
3012 3870 3284 3924 examine
3303 3885 3335 3923 a
3348 3867 3643 3923 veteribus
3661 3885 3761 3923 re-

2101 3959 2419 4028 ceptas.»Et
2438 3958 2647 4013 eodem
2673 3974 2830 4017 anno
2850 3960 3107 4013 Joannes
3129 3957 3405 4023 Dallaeus,
3436 3956 3590 4011 libro
3613 3980 3641 4006 ι(
3668 3958 3760 4015 De

2094 4050 2345 4121 jejuniis
2375 4056 2435 4104 et
2480 4050 2939 4123 Quadragesima
2975 4053 3155 4110 tertio.
3190 4052 3398 4104 Totum
3448 4049 3560 4104 hoc
3590 4050 3762 4118 quod

2102 4138 2311 4209 Ignatii
2332 4139 2573 4193 nomine
2597 4138 3013 4193 circumfertur
3034 4137 3428 4209 Epistolarum
3446 4154 3595 4209 opus
3617 4155 3762 4210 sup-

2102 4227 2431 4297 posititium
2457 4244 2607 4293 esse,
2624 4227 3120 4296 sanctissimoque
3137 4226 3381 4297 martyri
3400 4243 3522 4281 non
3546 4228 3760 4297 paucis

2105 4321 2239 4385 post
2259 4316 2387 4386 ejus
2412 4321 2663 4371 mortem
2685 4317 2861 4370 annis
2891 4316 3040 4370 falso
3063 4322 3121 4370 et
3144 4332 3248 4387 per
3271 4314 3540 4370 fraudem
3564 4317 3761 4371 ascri-

2105 4410 2270 4475 ptum
2303 4404 2487 4459 fuisse
2523 4410 2639 4459 tam
2674 4404 3043 4459 evidentibus
3072 4410 3237 4475 'patet
3264 4404 3666 4471 documentis,
3691 4412 3761 4461 ut

2105 4493 2323 4548 mirum
2339 4494 2595 4561 sit,hanc
2612 4495 3002 4565 imposturam
3028 4494 3302 4549 homines
3317 4494 3759 4550 eruditissimos

349 4588 411 4642 in
435 4586 595 4639 hisce
621 4589 818 4638 tamen
841 4583 1194 4654 efﬁngendis
1214 4584 1596 4654 impostorem
1619 4583 1876 4654 aliquem
1898 4603 2000 4640 no-
2032 4589 2072 4651 ι)
2108 4583 2312 4637 tandiu
2341 4582 2526 4638 latere
2549 4584 2831 4654 potuisse,
2861 4606 2885 4631 »ι
2911 4588 2969 4637 et
2999 4583 3069 4637 de
3096 4600 3196 4638 sex
3227 4583 3367 4650 illis,
3401 4599 3548 4653 quas
3579 4585 3762 4639 Usse-

352 4691 490 4730 men
524 4673 730 4745 Ignatii
764 4673 1113 4727 ementitum
1147 4689 1298 4736 esse,
1327 4672 1836 4727 confidentissime
1868 4692 1999 4745 pro-

350 4762 909 4834 nuntient.Pupugit
928 4762 1297 4816 Blondellum
1328 4777 1528 4817 severa
1548 4762 1673 4816 hinc
1695 4764 1995 4818 mitissimi

350 4853 509 4909 senis
540 4852 950 4923 reprehensio,
982 4850 1333 4906 admirantis
1380 4856 1607 4906 tantam
1657 4867 1724 4905 ex
1770 4852 1995 4910 levibus

346 4944 711 5016 conjecturis
742 4941 1167 4997 conﬁdentiam
1204 4958 1218 4995 :
1251 4958 1434 5012 quare
1466 4942 1716 5013 epistola
1752 4944 1824 4997 ad
1858 4961 1994 5000 enm

348 5035 504 5097 data,
529 5039 589 5088 et
611 5038 867 5103 quatuor
898 5030 1198 5101 productis
1228 5032 1614 5101 argumentis,
1640 5048 1772 5102 quae
1800 5033 1995 5102 ipsum

347 5123 707 5179 sententiam
738 5124 969 5175 mutare
1001 5124 1287 5187 vetarent,
1316 5120 1542 5175 hmrere
1575 5137 1636 5175 se
1667 5122 1995 5177 etiamnum

348 5212 650 5283 professus
681 5215 790 5265 est.

423 5303 635 5355 Postea
687 5298 936 5371 insignis
967 5298 1285 5354 admodum
1328 5300 1659 5372 theologus,
1708 5301 1995 5356 Henricus

352 5388 920 5457 Hammondus,cum
943 5389 1166 5444 videret
1190 5390 1547 5463 theologicas
1563 5390 1761 5444 theses
1784 5390 1843 5444 in
1864 5390 1995 5445 Gal-

348 5480 429 5534 lia
448 5477 1438 5551 propositas.proclamanles,litem
1457 5483 1517 5533 et
1531 5478 1995 5533 controversiam

354 5568 427 5624 de
453 5569 865 5639 epiSCOporum
892 5585 1072 5639 supra
1092 5567 1466 5639 presbyteros
1488 5567 1871 5637 praerogativa
1891 5565 1996 5621 de-

357 5656 584 5713 ﬁnitam
602 5656 728 5728 jam
751 5657 933 5713 videri
960 5674 995 5711 a
1018 5657 1153 5711 viris
1174 5654 1347 5725 longe
1378 5654 1734 5710 doctissimis
1755 5654 1996 5709 domino

2103 4672 2227 4726 rius
2256 4672 2439 4727 voluit
2463 4690 2593 4728 esse
2622 4689 2757 4728 vere
2779 4674 3114 4745 Ignatianas
3139 4692 3151 4729 :
3178 4694 3206 4722 ‹‹
3231 4673 3341 4727 Sed
3368 4673 3525 4742 quod
3553 4676 3759 4745 magni

2104 4760 2210 4814 viri
2235 4778 2377 4832 pace
2406 4762 2625 4817 dictum
2651 4762 2830 4829 sit,ne
2857 4763 2984 4816 istm
3006 4762 3422 4831 quidem,quas
3446 4761 3545 4817 ille
3564 4761 3760 4832 publi-

2103 4850 2276 4919 cavit,
2310 4867 2341 4904 a
2374 4852 2604 4905 meliori
2633 4868 2809 4921 quam
2834 4857 3062 4905 caetera:
3095 4866 3275 4904 manu
3302 4866 3431 4904 esse
3453 4849 3755 4905 videntur.

2178 4940 2421 4993 Interim
2452 4945 2651 4994 tamen
2683 4956 2801 4994 non
2835 4945 2926 4993 est
2955 4938 3372 5005 omittendum,
3396 4938 3658 4994 nobilem
3694 4942 3758 4996 in

2106 5027 2397 5097 theologia
2429 5028 2721 5095 criticum,
2743 5030 3031 5083 Joannem
3058 5028 3375 5093 Morinum,
3399 5029 3631 5083 collatis
3662 5030 3757 5083 di-

2105 5117 2294 5172 versis
2328 5117 2690 5172 editionibus
2720 5134 2793 5172 ex
2820 5117 3150 5187 Augustino
3181 5123 3240 5172 et
3277 5117 3619 5172 Florentino
3653 5135 3757 5173 co-

2104 5206 2332 5261 dicibus
2357 5206 2741 5276 depromptis,
2767 5206 2826 5261 in
2848 5205 3027 5261 aliam
3050 5204 3225 5276 plane
3250 5206 3540 5261 diversam
3559 5208 3759 5262 maxi-

2104 5314 2317 5368 meque
2340 5297 2672 5353 mirandam
2696 5298 3053 5354 sententiam
3077 5298 3369 5353 incidisse.
3405 5300 3645 5369 Antiqua
3667 5299 3761 5354 in-

2104 5390 2251 5460 quit,
2312 5389 2731 5456 lgnatianarum
2787 5390 3165 5460 Epistolarum
3219 5389 3390 5443 editio
3449 5392 3759 5459 genuinum

2105 5483 2317 5532 textum
2346 5476 2504 5531 nobis
2533 5478 2772 5543 exhibet,
2794 5495 2939 5532 nova
2959 5493 3087 5531 vero
3107 5493 3359 5531 mancum
3380 5482 3431 5532 et
3451 5480 3760 5549 interpola-

2103 5572 2238 5621 tum.

2176 5654 2415 5709 Samuel
2446 5659 2645 5711 autem
2667 5653 3011 5720 Bochartus,
3036 5653 3126 5708 vir
3145 5652 3548 5727 doctissimus,
3574 5655 3639 5710 in
3659 5655 3757 5711 in-
