3974 6134
185 305 247 361 65
881 317 950 376 δ.
1000 317 1442 379 PEARSONII
1483 307 1858 375 vmmcm
1897 300 2371 365 lGNATIANIE.
2418 332 2494 342 —
2538 300 3022 362 PHOGEMIUM.
3591 306 3672 363 es

192 442 334 512 genti
368 458 597 514 Opere,
636 445 1046 513 Hierozoico,
1105 449 1421 520 Epistolam
1456 447 1528 503 ad
1588 449 1906 506 Romanos,
1939 442 1984 506 Α
2018 452 2223 490 revera
2243 432 2694 504 scripsisse.sive
2713 435 2786 490 ad
2809 434 3346 506 Polycarpum,sive
3364 437 3673 508 adPhilip-

183 529 426 586 Eusebio
463 533 706 601 visam,
742 538 1108 608 probatam,
1141 544 1318 608 atque
1350 537 1721 597 deﬂoratam,
1783 547 1904 586 non

193 626 316 674 ante
389 622 827 679 Constantini
922 627 1300 697 imperatoris
1377 642 1564 680 aevum
1622 622 1900 693 scriptam

197 711 391 779 fuisse,
427 729 732 769 asserere
769 733 908 771 non
945 716 1258 773 dubitavit.

902 891 1135 944 CAPUT
1169 890 1258 942 VI.

226 1006 484 1071 Sententia
517 1006 794 1071 _Dall._ci,
883 1007 1094 1071 aliquas
1133 1006 1396 1071 epistolas
1457 1005 1720 1071 [gnatium
1776 1002 1906 1050 scri-

287 1069 451 1133 psisse.
511 1068 812 1133 Epistolas,
873 1067 1009 1133 quas
1035 1067 1310 1133 fiabemuc,
1342 1067 1547 1116 easdem
1595 1080 1716 1122 esse,
1764 1079 1906 1133 Aquas

294 1129 469 1178 habuit
504 1127 797 1181 Eusebius.
849 1127 957 1180 Sex
992 1131 1055 1179 ab
1097 1130 1318 1181 Eusebio
1367 1136 1692 1181 memoratas.
1744 1127 1908 1190 fuisse

296 1209 390 1241 non
425 1193 486 1240 ab
520 1194 738 1253 lgnatio
800 1195 1048 1255 Scriptus,
1086 1193 1175 1241 sed
1201 1193 1266 1241 ab
1322 1193 1620 1255 impostore._
1673 1190 1909 1255 ducentis

302 1261 404 1315 rost
471 1251 564 1317 19ιὶ
588 1259 675 1304 .ῌὶ
709 1251 940 1305 mortem
994 1260 1165 1314 (ninia,
1197 1251 1459 1317 con/ictas.
1517 1252 1806 1317 Epitolan}
1840 1251 1908 1317 ad

308 1313 640 1382 Polycw'ymm
703 1333 815 1367 non
880 1319 1042 1381 fuisse
1101 1313 1317 1382 Eusebio
1372 1313 1654 1382 cognitam,
1702 1314 1802 1382 sed
1843 1313 1908 1362 ab

306 1378 408 1430 alio
463 1383 776 1442 impostore,
813 1378 1049 1430 ducentis
1075 1385 1188 1442 post
1249 1378 1523 1428 Eusebium
1580 1378 1909 1442 απηίελεξρ-

306 1445 542 1505 positum.
582 1439 874 1493 Sententia
930 1439 1125 1492 nostra.
1163 1444 1366 1505 Septem
1415 1441 1661 1505 epistolas
1711 1439 1774 1505 ab
1809 1441 1910 1505 βα-

308 1503 444 1555 sebio
474 1508 770 1555 memorari
799 1520 1026 1570 ;easque
1059 1503 1236 1570 omnes
1259 1506 1421 1567 fuisse
1449 1503 1514 1552 ab
1563 1504 1767 1566 lgnatio
1799 1503 1908 1566 ipso

311 1571 641 1617 sanctissimo
662 1577 902 1631 martyre
931 1569 1257 1631 conscriptas.

322 1706 586 1761 Tandem
619 1708 881 1761 Joannes
913 1705 1187 1771 Dallaeus,
1221 1703 1530 1775 theologus
1555 1719 1585 1756 e
1609 1701 1796 1756 Gallia
1825 1717 1914 1754 ce-

2017 541 2252 598 penses,
2273 523 2390 577 sive
2408 524 2482 578 ad
2502 523 2645 578 alios
2665 524 2924 579 litteras?
2946 525 3120 595 Atqui
3149 543 3267 580 non
3285 526 3428 582 illud
3452 528 3668 598 quaeri-

2019 621 2131 680 tur,
2153 631 2226 668 an
2257 613 2516 684 lgnatius
2539 613 2818 684 epistolas
2851 615 3082 684 aliquas
3115 616 3421 686 scripserit
3450 617 3667 687 (incre-

2018 703 2195 758 dibile
2210 701 2670 772 est,hujusmodi
2695 703 2880 757 virum
2903 703 3098 759 nullas
3113 706 3447 776 scripsisse;
3472 723 3666 776 neque

2017 793 2324 864 scripsisse
2346 792 2578 862 aliquas
2597 793 2911 863 quisquam
2937 794 3130 865 negat)
3151 797 3539 864 quaeritur,an
3563 798 3668 852 has

2019 900 2166 954 quas
2180 899 2339 937 nunc
2364 881 3172 952 habemus.scripserit‘?oNon
3207 884 3386 956 igitur
3414 903 3562 957 opus
3586 892 3674 940 est

2019 980 2084 1028 ut
2112 973 2432 1044 probemus
2453 973 2679 1043 aliquas
2700 973 2772 1026 ab
2806 973 2933 1043 ipso
2970 975 3024 1028 S.
3059 975 3286 1044 lgnatio
3306 977 3670 1048 conscriptas

2019 1063 2202 1118 fuisse
2235 1063 2533 1134 epistolas,
2568 1061 2836 1132 adeoque
2888 1063 3183 1117 exstitisse
3215 1064 3536 1134 aliquando
3562 1067 3668 1121 ali-

2021 1150 2154 1204 cubi
2189 1149 2416 1220 aliquas
2445 1150 2735 1220 genuinas
2762 1166 2774 1213 ;
2810 1149 2867 1203 id
2899 1149 3056 1204 enim
3089 1151 3224 1220 jure
3257 1170 3360 1222 pro
3389 1171 3670 1209 concesso

2021 1238 2475 1292 sumimns.cum
2499 1237 2900 1292 adversarium
2925 1239 3304 1294 confitentem
3325 1241 3666 1298 habeamus.

2094 1328 2362 1382 Secundo
2396 1327 2673 1398 epistolas
2707 1345 2826 1395 eas,
2889 1346 3036 1399 quas
3068 1348 3235 1385 nunc
3294 1332 3582 1387 habemus
3616 1334 3677 1388 in

2025 1416 2386 1471 editionibus
2421 1417 2637 1471 Usserii
2668 1423 2725 1470 et
2758 1418 2942 1471 Vossii
2970 1419 3042 1473 ab
3072 1422 3433 1475 assumentis
3457 1422 3674 1476 liberas

2023 1504 2262 1559 easdem
2297 1505 2542 1559 omnino
2593 1523 2742 1570 esse,
2778 1523 2923 1574 quas
2963 1507 3168 1561 habuit
3199 1509 3506 1578 Eusebius,
3541 1528 3675 1565 cum

2024 1593 2326 1647 Blondello
2360 1610 2465 1647 suo
2500 1594 2715 1648 fatetur
2746 1594 3020 1648 Dallaaus.
3076 1599 3140 1649 In
3170 1615 3352 1652 eorum
3381 1601 3674 1669 codicibus,

2027 1682 2374 1753 inquit,«haz
2389 1682 2532 1752 ipsaa
2553 1683 2817 1754 epistolw
2835 1683 3147 1755 descriptae
3176 1687 3515 1758 sunt,plane
3532 1706 3678 1758 qua-

254 1795 635 1850 leberrimus_
668 1794 1062 1865 plurimisque
1095 1795 1155 1848 in
1176 1770 1293 1848 hoc
1339 1770 1666 1864 présertim
1700 1805 1916 1862 genere
1949 1801 1993 1865 Β
2023 1770 2116 1865 les
2136 1770 2794 1838 Eusebii,Athanasii,et
2820 1778 3170 1828 caeterorum
3196 1793 3344 1845 quos
3365 1776 3675 1832 duximus»

253 1884 802 1938 controversiarum
864 1882 1180 1937 elaboratis
1229 1882 1506 1953 operibus
1545 1880 1913 1945 notissimus,

253 1991 374 2028 non
409 1979 733 2028 contentus
755 1972 828 2026 iis
857 1989 990 2042 quas
1018 1972 1087 2026 de
1112 1971 1423 2026 manifesta
1444 1971 1772 2041 impostura
1792 1968 1918 2021 obi-

256 2069 368 2130 ter,
405 2062 560 2116 libro
586 2063 660 2116 De
669 2062 932 2132 jejuniis,
961 2066 1292 2129 monuerat,
1328 2065 1386 2115 et
1407 2061 1466 2114 in
1497 2075 1710 2114 novam
1741 2058 1917 2129 plane

255 2153 628 2206 sententiam
661 2151 733 2205 de
757 2156 927 2205 aetate
961 2150 1299 2220 impostoris
1320 2148 1619 2219 delapsus,
1648 2148 1917 2218 miraque

254 2259 383 2298 sum
416 2243 779 2314 cenjecturaa
810 2241 1126 2296 dulcedine
1171 2245 1394 2312 captus,
1458 2239 1918 2294 controversiam

249 2333 414 2386 hanc.
451 2348 670 2402 magna
717 2330 902 2385 animi
956 2331 1335 2384 contentione
1392 2328 1829 2400 redintegravit,
1864 2332 1921 2382 et

244 2421 470 2492 grandi
488 2421 789 2475 volumine
817 2419 1098 2474 adversus
1123 2435 1328 2473 omnes
1347 2433 1837 2487 quarumcunpue
1858 2418 1914 2471 S.

249 2510 472 2580 Ignatii
495 2508 898 2579 Epistolarum
931 2507 1274 2562 defensores
1307 2506 1422 2560 late
1454 2505 1918 2576 disputavit.Sub

253 2601 390 2669 ejus
421 2601 586 2654 enim
611 2599 851 2654 nomine
876 2598 1367 2670 prodieruntuDe
1393 2597 1788 2668 scriptis,quaa
1813 2595 1920 2651 sub

252 2689 526 2758 Dionysii
542 2687 912 2759 Areopagitas
928 2686 1199 2759 etlguatii
1217 2687 1568 2741 Antiocheni
1584 2685 1921 2740 nominibus

256 2776 794 2844 circumferuntur,
827 2776 964 2830 libri
989 2775 1127 2830 duo:
1157 2775 1372 2845 quibus
1403 2775 1862 2841 demonstratur,
1892 2796 1918 2823 »

261 2865 362 2918 uti
394 2865 624 2936 praefert
654 2865 905 2932 Titulus,
940 2887 967 2913 «
1000 2864 1105 2919 illa
1134 2864 1444 2919 subdititia
1476 2880 1624 2931 esse,
1658 2864 1761 2918 diu
1791 2867 1925 2934 post

256 2960 622 3022 martyrum,
655 2952 872 3023 quibus
905 2951 1054 3006 falso
1085 2951 1446 3018 tribuuntur,
1473 2952 1699 3006 obitum
1732 2952 1923 3005 ﬁcta.«

345 3043 412 3095 Et
432 3042 675 3113 quidem
692 3042 762 3097 de
786 3041 1120 3096 indubitata
1142 3041 1546 3112 suppositione
1570 3042 1926 3112 scriptorum

255 3131 535 3201 Dionysii
559 3139 600 3184 Α
612 3131 929 3203 recpagitzn
954 3130 1171 3184 Dallaao
1195 3129 1369 3200 plane
1392 3129 1722 3196 assentior;
1747 3129 1926 3200 idque

259 3227 413 3292 puto
443 3225 581 3274 ante
616 3221 924 3283 Dallazum,
963 3219 1363 3284 Sirmondum,
1425 3219 1746 3286 Petavium,
1781 3219 1924 3272 Lau-

259 3309 841 3378 noyum,Morinum,
866 3308 1133 3378 aliosque
1157 3308 1249 3362 vel
1275 3308 1418 3379 ipsis
1437 3307 1762 3379 pontiﬁciis
1793 3322 1928 3377 per-

262 3399 552 3452 suasisse.
591 3397 700 3452 Sed
732 3397 805 3452 de
837 3402 1008 3452 astate
1039 3397 1318 3461 auctoris,
1361 3397 1461 3467 qui
1493 3414 1560 3451 ea
1605 3396 1840 3467 scripsit
1872 3400 1930 3450 et

262 3488 643 3560 Areopagitae
673 3487 1003 3558 supposuit,
1039 3486 1378 3558 quicunque
1409 3487 1516 3556 fut,
1551 3487 1624 3541 ab
1659 3503 1727 3541 eo
1759 3502 1929 3557 pror-

269 3595 375 3631 sus
403 3577 692 3631 dissentio
721 3595 735 3645 ;
770 3581 828 3630 et
859 3577 972 3630 erit
1001 3576 1174 3631 nobis
1206 3576 1267 3630 in
1299 3577 1408 3630 hoc
1459 3576 1586 3646 ipso
1619 3592 1798 3647 opere
1829 3591 1926 3629 ra-

264 3666 466 3721 tiones
494 3666 806 3719 sententiaa
839 3670 1056 3720 nostrae
1101 3665 1386 3720 afferendi
1420 3664 1652 3720 occasio
1684 3681 1804 3720 non
1837 3665 1928 3719 in-

265 3761 628 3827 opportuna.

343 3846 421 3898 De
454 3845 684 3916 lgnatio
718 3844 1018 3914 duplicem
1052 3843 1302 3898 Dallaeus
1355 3845 1632 3915 proponit
1662 3845 1926 3913 questio-

271 3951 702 4004 nem,quarum
734 3933 927 4004 prima
957 3933 1084 3988 haec
1116 3938 1202 3988 est
1223 3937 1369 3988 :«An
1398 3949 1604 3987 omnes
1638 3933 1924 4004 epistolm,

270 4043 404 4096 quae
429 4024 538 4080 sub
562 4025 696 4094 ejus
718 4025 960 4080 nomine
983 4024 1501 4088 circumferuntur,
1519 4023 1784 4095 ejusdem
1809 4024 1928 4078 sint

270 4114 570 4185 parentis?
595 4135 622 4160 ››
649 4114 808 4167 Hanc
830 4119 1224 4185 negat;neque
1245 4129 1348 4184 ego
1371 4113 1734 4181 affirmo,aut
1759 4112 1829 4166 de
1858 4129 1928 4166 ea

267 4203 435 4257 litem
469 4201 978 4257 moveo.Secunda
999 4202 1247 4272 quaestio
1272 4207 1377 4256 est:
1406 4203 1529 4254 «An
1565 4217 1767 4255 earum
1805 4200 1925 4272 epi-

271 4292 584 4359 stolarum,
621 4308 752 4360 quaa
786 4295 925 4345 sunt
953 4289 1026 4345 ab
1051 4289 1306 4345 Eusebio
1339 4296 1397 4344 et
1418 4291 1774 4361 Hieronymo
1809 4307 1928 4343 me-

271 4389 540 4445 moratae,
595 4396 732 4434 vere
789 4385 998 4434 auctor
1027 4379 1103 4433 sit
1161 4379 1573 4434 sanctissimus
1635 4379 1924 4450 lgnatius,

273 4470 370 4542 qui
385 4487 541 4526 anno
557 4469 796 4539 Trajani
813 4467 1126 4522 undecimo
1144 4469 1493 4538 martyrium
1514 4471 1711 4523 ltomze
1726 4468 1923 4522 fecit?»

2030 1860 3030 1930 (Hieronymi,scilicet,'l‘hcodoreti
3052 1869 3229 1933 atque
3256 1865 3676 1937 Gelasii),u£evo

2030 1949 2322 2003 exstitisse
2347 1949 2837 2004 verisimillimum
2863 1951 3197 2022 est.nldque
3217 1953 3475 2024 «liquido
3500 1973 3681 2027 appa-

2029 2053 2217 2104 rere,»
2242 2037 2430 2107 capite
2464 2037 2722 2092 secundo
2749 2038 2936 2093 tribus
2959 2043 3322 2111 argumentis
3355 2045 3680 2114 probat.Ad

2030 2123 2462 2179 ostendendam
2513 2126 2690 2196 igitur
2731 2127 3173 2196 Ignatianorum
3221 2131 3524 2186 veritatem
3558 2149 3678 2187 non

2031 2231 2177 2284 opus
2203 2219 2289 2268 est
2319 2219 2384 2267 ut
2413 2214 2728 2283 probemus
2752 2215 2987 2270 easdem
3014 2234 3120 2272 nos
3143 2219 3419 2289 epistolas
3434 2220 3678 2290 habere,

2032 2321 2176 2375 quas
2199 2303 2720 2361 habuitEusebius
2747 2321 2759 2371 ;
2793 2305 2903 2360 hoc
2934 2307 3092 2361 enim
3121 2309 3291 2364 nobis
3321 2309 3568 2382 largitur
3584 2311 3684 2366 ad-

2033 2393 2344 2449 versarius.
2382 2394 2499 2447 Hoc
2549 2399 2773 2449 tantum
2828 2395 3260 2452 observandum
3294 2405 3400 2468 est,
3463 2400 3680 2455 habere

2031 2500 2138 2537 nos
2161 2482 2439 2553 epistolas
2461 2483 2696 2538 Eusebii
2729 2501 2848 2539 aevo
2881 2487 3166 2558 cognitas,
3210 2487 3312 2542 sed
3341 2506 3408 2543 eo
3442 2490 3616 2544 modo
3649 2508 3683 2545 a

2031 2571 2292 2625 librariis
2325 2576 2623 2639 tractatas,
2660 2589 2774 2642 quo
2803 2573 2920 2628 alia
2951 2581 3212 2630 veterum
3263 2577 3479 2649 scripta
3511 2579 3582 2633 ab
3606 2579 3678 2632 iis

2034 2662 2270 2715 tractari
2305 2661 2517 2727 solent,
2549 2662 2660 2716 hoc
2692 2669 2800 2727 est,
2827 2664 3174 2734 saipiuscule
3198 2673 3299 2720 aut
3321 2667 3678 2734 litterarum,

2033 2751 2324 2805 autetiam
2348 2750 2762 2805 vocabulorum
2788 2753 3307 2823 permutationem,
3334 2755 3480 2810 forte
3504 2757 3680 2811 etiam

2037 2839 2530 2895 sententiolarum
2567 2840 3000 2896 mutilationem
3034 2843 3250 2898 alicubi
3284 2847 3681 2916 passas.Quod

2037 2946 2170 2984 cum
2203 2929 2262 2982 in
2297 2929 2548 2984 aliorum
2581 2929 2813 3000 scriptis
2846 2947 2960 2985 usu
2990 2933 3189 2987 venire
3245 2934 3448 2999 soleat,
3485 2952 3590 2988 cur
3621 2936 3683 2988 in

2036 3017 2254 3073 nostris
2276 3017 2433 3071 idem
2465 3019 2686 3073 factum
2719 3019 2849 3090 quis
2876 3027 3069 3093 neget,
3102 3023 3251 3078 ratio
3285 3023 3450 3079 nulla
3478 3031 3587 3091 est;
3623 3029 3692 3079 ut

2041 3123 2108 3162 ea
2138 3105 2280 3161 locis
2313 3106 2511 3162 minus
2543 3109 2702 3163 sanis
2753 3109 3052 3166 medicina
3110 3113 3320 3167 merito
3353 3113 3691 3169 adhibenda

2042 3197 2137 3263 sit,
2172 3212 2298 3266 quae
2329 3195 2464 3250 aliis
2494 3201 2756 3251 veterum
2789 3198 3022 3269 scriptis
3048 3200 3202 3256 male
3232 3202 3498 3257 tractatis
3529 3201 3694 3256 adhi-

2038 3285 2164 3340 beri
2197 3284 2368 3338 solet.

2109 3392 2301 3446 Tertio
2330 3391 2609 3462 epistolas
2641 3392 2798 3461 illas,
2831 3409 2977 3464 quas
3011 3394 3217 3450 habuit
3268 3397 3580 3466 Eusebius,
3613 3399 3687 3454 ab

2039 3481 2261 3553 Ignatio
2295 3480 2542 3551 scriptas
2572 3482 2754 3536 fuisse
2788 3489 3000 3554 negat;
3034 3483 3105 3538 ab
3128 3484 3450 3555 impostore
3485 3487 3686 3558 aliquo

2039 3569 2206 3624 fictas
2239 3573 2297 3624 et
2322 3571 2657 3640 suppositas
2681 3571 2931 3626 aﬁrmat.
2959 3573 3346 3643 Impostorem
3380 3575 3540 3630 illum
3565 3593 3686 3631 non

2038 3658 2194 3713 circa
2225 3658 2486 3712 medium
2521 3661 2763 3714 secundi
2795 3661 3014 3729 smculi,
3058 3668 3122 3716 ut
3149 3663 3530 3730 Albertinus;
3565 3683 3687 3720 non

2040 3747 2147 3801 sub
2176 3747 2477 3801 Antonino
2511 3748 2597 3802 vel
2630 3751 2700 3802 M.
2733 3749 2994 3817 Aurelio,
3028 3755 3092 3804 ut
3139 3751 3499 3818 Salmasius;
3560 3771 3682 3810 non

2040 3837 2239 3892 statim
2271 3843 2403 3908 post
2455 3837 2774 3892 Clementis
2811 3839 3194 3894 Alexandrini
3238 3840 3680 3913 dormitionem,

2039 3925 2156 3980 sive
2190 3931 2427 3980 centum
2453 3925 2522 3980 ab
2550 3927 2756 3998 Ignatii
2780 3933 2965 3981 morte
2990 3929 3184 3996 annis,
3213 3935 3276 3984 ut
3309 3930 3648 3987 Blondellus
3673 3948 3688 4000 ;

2039 4017 2141 4071 sed
2172 4017 2460 4087 praecipiti
2499 4017 2670 4071 tertio
2704 4018 2918 4072 smculo
2951 4019 3237 4089 Epistolas
3271 4020 3597 4088 efﬁnxisse,
3630 4027 3687 4076 et

2037 4123 2184 4175 opus
2219 4106 2480 4160 efﬁctum
2518 4105 2578 4160 in
2610 4106 2801 4159 lucem
2835 4107 3048 4161 exiisse
3080 4107 3239 4162 circa
3285 4109 3442 4162 tertii
3488 4111 3691 4165 seaculi

2037 4195 2240 4262 ﬁnem,
2276 4193 2363 4248 vel
2395 4193 2586 4262 quarti
2621 4193 2811 4257 initia,
2844 4193 3143 4250 ariolatur.
3177 4197 3323 4263 Imo,
3344 4201 3407 4250 ut
3437 4196 3579 4250 alibi
3606 4197 3690 4251 lo-

2039 4284 2260 4354 quitur,
2293 4281 2565 4336 ducentis
2594 4287 2729 4352 post
2759 4283 3050 4353 Ignatium
3070 4284 3245 4338 annis
3278 4285 3371 4340 hic
3400 4286 3690 4356 impostor

2037 4371 2557 4442 vixit.scripsitque
2581 4376 2920 4436 tunc,«cum
2941 4371 3142 4443 aliqua
3157 4372 3284 4443 jam
3309 4380 3435 4430 erat
3455 4375 3526 4430 de
3545 4377 3693 4432 Con-

2039 4459 2240 4516 stantii
2264 4459 2351 4514 vel
2366 4460 2738 4514 Constantini
2753 4461 2880 4531 ejus
2898 4460 3003 4514 ﬁlii
3021 4462 3109 4516 vel
3123 4462 3692 4530 Christianismo,vel

273 4540 428 4614 ﬁam;
461 4559 556 4613 ille
581 4558 805 4631 pariter
827 4563 1041 4630 negat;
1072 4573 1176 4629 ego
1201 4557 1366 4612 nullo
1391 4557 1564 4612 modo
1597 4557 1926 4628 negandam
1964 4540 2004 4602 υ
2038 4550 2111 4605 ad
2141 4549 2662 4604 Christianismum
2713 4551 3114 4621 propensione
3166 4570 3371 4623 sparsa
3400 4554 3595 4608 fama:
3635 4560 3694 4609 et

273 4656 432 4720 puto,
467 4654 526 4704 et
559 4648 722 4703 omni
756 4648 1190 4702 asseveratione
1221 4647 1424 4718 potius
1455 4646 1710 4701 affirmo.

342 4740 411 4794 Ut
436 4745 641 4793 autem
664 4737 978 4807 utriusque
1001 4743 1270 4791 nostrum
1284 4736 1578 4792 sententia
1599 4735 1790 4790 adhuc
1809 4753 1926 4791 ma-

275 4829 544 4882 nifestius
607 4827 872 4897 pateﬁat,
934 4825 1223 4880 nonnulla
1250 4825 1498 4880 ulterius
1555 4825 1925 4880 observanda

272 4918 569 4973 duximus.
601 4923 781 4987 atque
806 4913 1306 4986 illudimprimis:
1345 4913 1662 4985 Scripsisse
1697 4913 1927 4984 aliquas

271 5007 559 5078 lgnatium
594 5003 882 5076 epistolas
915 5019 1034 5057 non
1065 5009 1240 5075 negat
1270 5002 1519 5058 Dallmus
1549 5021 1560 5070 ;
1596 5009 1654 5057 et
1679 5020 1753 5057 ne
1789 5002 1922 5058 talis

269 5095 380 5167 ipsi
405 5096 729 5166 affingatur
755 5091 1075 5156 sententia,
1117 5107 1496 5162 summopere
1515 5095 1698 5145 cavet.
1728 5091 1928 5155 Queri-

267 5185 768 5254 tur,inquit,«non
792 5197 870 5236 an
893 5179 1167 5250 epistolas
1182 5179 1485 5250 scripserit
1497 5178 1757 5250 lgnatius
1772 5179 1927 5250 (quis

267 5274 423 5329 enim
445 5279 560 5327 tam
576 5272 777 5327 fatuus
793 5273 980 5337 est,ut
994 5268 1298 5339 scripsisse
1313 5283 1445 5322 eum
1463 5268 1692 5338 aliquas
1706 5268 1931 5339 neget?)

267 5361 389 5429 sed,
407 5379 483 5417 an
507 5362 781 5432 has,quaa
805 5356 1332 5425 circumferuntur,
1367 5355 1806 5428 scripserit?»Et
1829 5357 1928 5410 ali-

267 5451 712 5516 bianuasivero
737 5447 1059 5519 quisquam
1083 5463 1270 5517 usque
1294 5446 1440 5501 adeo
1473 5445 1724 5500 stolidus
1755 5445 1930 5510 sit,ut

260 5549 428 5613 neget
440 5542 814 5613 amplissimas
831 5536 1088 5593 civitatis
1105 5538 1442 5609 episcopum
1455 5536 1549 5606 ,ad
1561 5536 1687 5590 haec
1703 5542 1932 5607 aposto-

259 5633 437 5687 lorum
447 5624 985 5702 discipulum,ullas
996 5626 1083 5682 vel
1098 5626 1354 5682 scribere
1367 5626 1652 5698 potuisse,
1664 5625 1751 5680 vel
1764 5627 1936 5682 etiam

2041 4641 2168 4711 ejus
2201 4639 2363 4709 operi
2396 4639 2456 4692 in
2484 4638 2680 4693 lucem
2712 4641 3046 4710 erumpenti
3078 4642 3370 4697 Eusebius
3400 4661 3452 4697 a.
3487 4645 3550 4697 D.
3586 4643 3694 4698 cir-

2037 4730 2184 4785 citer
2215 4729 2317 4781 330
2375 4727 2788 4781 obstetricatus
2821 4734 2925 4782 est.
2963 4730 3178 4801 Lepida
3226 4731 3397 4802 plane
3446 4731 3572 4786 haec
3602 4731 3686 4787 fa-

2036 4817 2196 4883 bula,
2229 4823 2286 4871 et
2316 4822 2450 4870 ante
2483 4816 2641 4870 hunc
2663 4815 2823 4870 diem
2856 4817 3162 4885 inaudita;
3196 4821 3310 4874 nisi
3335 4820 3488 4891 quod
3511 4820 3691 4875 etiam

2038 4907 2360 4963 Bochartus
2392 4905 2704 4978 epistolam
2740 4907 2813 4962 ad
2844 4909 3142 4963 Romanos
3167 4909 3275 4963 sub
3307 4910 3693 4964 Constantino

2039 4997 2320 5068 scriptam
2354 4996 2687 5050 somniavit.

2111 5089 2227 5158 Ego
2259 5089 2415 5140 certe
2448 5101 2478 5138 e
2511 5089 2738 5148 contra,
2774 5085 2873 5154 qui
2905 5084 2976 5138 de
3013 5085 3334 5154 impostore
3367 5085 3485 5152 illo,
3511 5101 3692 5155 quem

2043 5176 2143 5231 alii
2181 5173 2466 5238 secundo,
2501 5173 2601 5227 alii
2641 5173 2834 5239 tertio,
2869 5173 2965 5227 alii
2993 5179 3200 5243 quarto
3235 5173 3450 5229 saeculo
3481 5174 3694 5230 vixisse

2043 5261 2486 5327 statuunt,nihil
2519 5278 2785 5331 unquam
2820 5278 2853 5316 a
2884 5263 3161 5333 quopiam
3193 5268 3329 5318 ante
3361 5264 3472 5318 hoc
3501 5281 3688 5318 saecu-

2042 5355 2166 5410 lum
2199 5352 2483 5421 scriptum
2509 5351 2726 5420 reperi,
2751 5351 2849 5420 qui
2873 5350 2946 5405 de
2976 5351 3305 5421 impostura
3327 5353 3448 5408 ulla
3479 5353 3539 5407 in
3562 5353 3696 5424 Epi-

2043 5442 2206 5499 stolis
2227 5438 2477 5494 Eusebio
2502 5438 2641 5493 visis
2663 5439 2890 5493 nullam
2915 5456 3179 5509 unquam
3209 5443 3609 5512 suspicionem
3633 5443 3693 5496 in

2041 5531 2301 5588 Ecclesia
2333 5528 2651 5583 excitatam
2694 5528 2848 5596 novi,
2882 5528 2982 5597 qui
3033 5527 3400 5598 ipsissimum
3433 5533 3488 5585 S.
3524 5533 3690 5602 lgna-

2044 5623 2190 5678 tium
2226 5635 2428 5673 earum
2463 5623 2764 5673 auctorem
2787 5616 2950 5670 omni
2975 5616 3047 5671 ab
3071 5617 3258 5688 ipsius
3281 5625 3451 5674 aetate
3481 5619 3696 5674 saaculo
