3974 6134
131 303 189 382 τε

859 331 1292 394 PEARSONIl
1336 327 1711 389 VINDICIE
1750 327 2239 388 lGNATlAN/E.
2288 363 2364 374 —-
2406 328 2899 392 PROCEMIUM.

3522 334 3606 393 74

168 464 275 543 cipis
289 467 680 541 discipulum
701 468 936 524 nullus
960 471 1225 522 nostrum
1249 464 1464 520 habeat
1490 428 1842 536 privatum.»
1875 465 1924 531 Α
1958 463 2181 517 cbanus
2197 479 2318 519 eam
2341 470 2569 535 partem
2592 467 2751 522 velut
2771 467 3135 538 adjectitiam
3159 471 3449 525 resectam
3463 470 3605 526 fuis-

189 566 292 620 Cum
318 562 494 632 igijur
523 561 660 613 hmo
733 559 941 612 verba
999 555 1198 627 Ἀμήν,
1231 555 1265 622 ἡ
1302 554 1485 627 χάρις,
1521 553 1596 608 ad
1655 552 1837 606 ﬁnem.

189 652 417 726 Epistolas
451 650 528 704 ad
557 649 910 718 Ephesios,
940 651 1000 700 et
1019 645 1240 716 pariter
1266 643 1445 714 hujus
1470 643 1544 697 ad
1567 642 1842 713 Polycar-

188 761 295 816 pum
326 740 598 811 apposita
627 737 1066 808 reperiantur,
1099 738 1364 804 apparet,
1398 738 1712 801 utramque
1740 746 1845 800 pa—

190 837 303 888 riter
332 833 510 886 etiam
544 829 654 882 illo
694 845 829 881 aevo
866 826 1052 881 fuisse
1083 822 1520 894 interpolatam.

249 923 320 978 Ad
339 924 463 976 brec
481 920 698 974 omnia
712 917 986 971 ulterius
1001 911 1409 969 conﬁrmanda
1425 911 1675 965 multum
1694 909 1849 964 valet

197 1015 242 1069 id
269 1010 410 1082 quod
440 1026 553 1064 nos
586 1007 780 1078 primi
808 1003 1273 1067 observavimus,
1305 1001 1484 1055 fuisse
1518 1000 1848 1068 antiquitus

201 1102 348 1155 aliam
381 1096 850 1168 lgnatianorum
913 1091 1251 1152 editionem,
1313 1093 1529 1158 praeter
1578 1103 1674 1141 eas
1707 1091 1846 1152 tres,

202 1207 325 1262 quas
355 1189 659 1241 memorat
703 1181 1010 1237 Usserius.
1063 1181 1198 1231 Erat
1254 1182 1451 1231 autem
1510 1176 1636 1229 haec
1669 1175 1849 1230 editio

195 1280 435 1335 omnium
472 1280 533 1328 et
566 1273 847 1327 solarum
884 1268 1266 1340 epistolarum
1303 1282 1450 1336 quas
1479 1265 1624 1319 vidit
1670 1267 1850 1319 Euse-

196 1367 328 1419 bius.
364 1363 468 1417 sed
499 1357 1388 1430 interpolatarum.Nequeh:ec
1407 1353 1852 1424 estconjectura

196 1452 572 1509 meia.Habeo
598 1450 766 1504 enim
794 1447 1099 1517 exemplar
1139 1462 1248 1500 ms.
1285 1445 1549 1500 Graecum
1579 1443 1849 1514 epistola-

199 1560 316 1599 rum
349 1541 828 1614 lgnatianarum,
864 1536 1009 1590 mihi
1043 1552 1076 1590 a
1106 1534 1226 1588 viro
1259 1533 1429 1588 docto
1450 1539 1506 1586 et
1531 1532 1850 1601 antiquita-

197 1641 313 1688 tum
338 1633 578 1687 curioso
608 1627 1144 1691 communicatum,
1163 1625 1291 1679 sine
1323 1624 1474 1678 ﬁctis
1495 1629 1550 1677 et
1581 1622 1855 1692 supposi—

199 1723 335 1776 titiis
360 1726 616 1790 (septem
651 1717 817 1772 enim
855 1720 1086 1768 tantum
1145 1714 1327 1781 sunt,)
1359 1711 1463 1765 sed
1521 1727 1653 1766 cum
1686 1725 1854 1763 assu-

1957 569 2018 606 se
2037 553 2378 621 arbitratur,
2405 556 2605 624 «quod
2633 562 2752 611 tam
2779 558 2967 611 multa
2989 559 3049 611 in
3083 574 3152 611 ea
3172 559 3602 629 reperirentur,

1959 658 2089 712 quae
2112 642 2183 695 ad
2198 643 2514 697 Ecclesiam
2536 645 2972 715 Smyrnreorum
2998 647 3182 717 magis
3202 647 3602 718 pertinebant,

1960 748 2136 800 quam
2171 732 2240 785 ad
2270 733 2429 787 illius
2487 733 2826 804 episcopum
2875 736 3298 806 Polycarpum;
3354 736 3425 790 ab
3484 737 3602 792 illis

1958 819 2449 888 videlicet,verbis
2473 823 2563 875 sui
2579 822 3267 895 interpretiszuEpiscopo
3281 826 3603 893 attendite;

1959 913 2026 961 ut
2048 913 2106 961 et
2134 910 2284 963 Deus
2300 909 2481 963 vobis.
2506 932 2533 958 »
2558 911 2668 964 Sed
2691 911 2814 964 haec
2847 913 3189 982 conjectura
3211 914 3467 985 seipsam
3512 914 3606 984 ju-

1961 996 2344 1066 gulat.Neque
2369 998 2527 1051 enim
2551 1004 2778 1053 resecta
2800 999 3208 1070 interpretatio
3227 1000 3477 1056 dicenda
3494 1009 3602 1067 est,

1963 1101 2139 1154 quam
2168 1102 2434 1156 unquam
2486 1089 2782 1143 exstitisse
2815 1105 2934 1143 non
2983 1096 3232 1144 constat.
3295 1091 3521 1161 Neque,
3558 1093 3605 1146 si

1962 1191 2224 1245 unquam
2282 1176 2595 1241 exstiterit,
2645 1178 2728 1231 ibi
2762 1183 2990 1233 resecta
3043 1185 3151 1243 est,
3184 1179 3286 1234 ubi
3346 1181 3608 1250 Ignatius

1965 1264 2294 1334 Smyrnasos
2328 1263 2668 1333 alloquitur,
2693 1265 2793 1318 sed
2827 1265 3015 1320 multo
3045 1266 3318 1336 superius
3344 1282 3357 1330 ;
3383 1283 3503 1319 non
3534 1265 3608 1320 ad

1965 1368 2032 1405 ea
2063 1351 2256 1417 verba,
2299 1355 2572 1421 Episcopo
2616 1352 2908 1416 attendite,
2940 1360 3002 1407 ut
3034 1360 3083 1407 et
3115 1355 3248 1408 Deus
3280 1355 3451 1417 vobis,
3504 1353 3609 1408 sed

1965 1439 2037 1495 ad
2051 1440 2163 1494 ista
2178 1441 2347 1512 longe
2364 1441 2954 1511 priora:«Secundum
2971 1459 3208 1496 omnem
3225 1443 3465 1497 modum
3481 1459 3612 1512 pro.

1965 1535 2095 1600 pter
2116 1547 2221 1583 nos
2245 1531 3062 1602 sustinentem.»lneptissimi
3085 1538 3245 1587 certe
3267 1533 3530 1588 hominis
3551 1537 3611 1586 et

1967 1619 2122 1672 male
2153 1619 2367 1680 feriati,
2400 1635 2473 1672 ne
2505 1620 2696 1674 dicam
2729 1621 2923 1675 insani
2985 1621 3213 1690 fuisset,
3254 1627 3341 1676 tot
3370 1627 3605 1676 senten-

1967 1707 2077 1761 tias
2109 1707 2182 1761 ad
2209 1709 2596 1777 Polycarpum
2620 1708 2898 1778 utrinque
2922 1710 3286 1779 pertinentes
3304 1709 3435 1764 ideo
3455 1725 3611 1764 rese-

199 1809 407 1864 mentis
439 1807 690 1878 quidem
715 1805 820 1858 diu
838 1808 975 1874 post
995 1801 1310 1855 Eusebium
1335 1800 1454 1854 imo
1478 1805 1536 1854 et
1557 1799 1853 1853 Gelasium
1887 1809 1934 1873 Β
1967 1813 2121 1863 care,
2155 1796 2313 1866 quod
2344 1796 2646 1850 nonnulla:
2678 1797 3002 1868 interjectaz
3025 1799 3100 1852 ad
3125 1799 3456 1870 Smyrnaaos
3487 1815 3610 1853 ma-

195 1899 383 1963 factis,
419 1895 712 1968 epistolas
742 1894 855 1947 boc
889 1891 1096 1945 ordine
1127 1895 1584 1960 repraisentans.

263 1987 407 2059 Πρὸς
441 1980 842 2056 Τραλλησίους
902 1979 982 2036 Δ’.
1048 1978 1188 2051 Πρὸς
1214 1976 1563 2048 Μαγνησίους
1597 1975 1671 2031 Β’.
1708 1974 1850 2046 Πρὸς

193 2072 566 2142 Φελαδελφεῖς
596 2077 668 2126 Γ’.
707 2070 849 2142 Πρὸς
881 2066 1225 2141 Σμυρναίους
1260 2073 1329 2120 Δ’.
1365 2065 1507 2140 Πρὸς
1566 2061 1853 2128 Πολῦκαρ-

193 2185 288 2217 πον
323 2162 626 2216 ἐπίσκοπον
659 2157 922 2230 Σμύρνης
954 2157 1028 2212 Ε’.
1076 2156 1216 2228 Πρὸς
1269 2153 1550 2233 Ἐφεσίους
1715 2153 1854 2226 Πρὸς

199 2256 522 2326 Ῥωμαίους
554 2253 624 2307 Ζ’.

263 2348 430 2401 Hanc
460 2362 570 2416 ego
603 2343 932 2398 editionem
963 2339 1324 2411 peculiarem
1360 2342 1417 2391 et
1448 2336 1520 2392 ab
1551 2336 1686 2392 aliis
1730 2334 1848 2389 dis-

197 2439 443 2492 tinctam
478 2433 741 2493 invenio.
775 2431 1030 2499 ideoque
1061 2446 1166 2499 pro
1219 2428 1403 2481 tribus
1450 2426 1668 2482 Usserii
1704 2442 1848 2494 qua-

198 2533 331 2580 tuor
364 2526 636 2579 diversas
665 2521 876 2592 Ignatii
911 2519 1202 2573 editiones
1224 2517 1366 2572 olim
1390 2516 1717 2571 obtinuisse
1741 2522 1854 2570 sta-

198 2623 319 2669 tuo.
357 2615 566 2668 Prima
585 2611 697 2665 fuit
726 2625 1031 2682 germana,
1063 2606 1445 2678 epistolarum
1486 2611 1716 2661 tantum
1752 2621 1851 2659 se-

203 2712 360 2776 ptem
390 2722 403 2758 :
429 2721 463 2758 a
485 2703 812 2773 Polycarpo
832 2700 1011 2766 edita,
1037 2705 1095 2753 et
1123 2699 1308 2770 ipsius
1328 2697 1605 2768 Epistola":
1629 2697 1700 2751 ad
1723 2696 1854 2750 Pbi-

201 2795 528 2864 lippenses,
563 2791 626 2844 in
659 2793 954 2843 conventu
996 2787 1147 2840 Asiae
1194 2786 1380 2846 lecta),
1417 2785 1702 2855 subjecta.
1735 2785 1852 2838 Ire-

204 2899 361 2942 naeo,
419 2879 767 2950 Theophilo,
843 2877 1100 2947 Origeni,
1159 2874 1434 2941 Eusebio,
1508 2874 1853 2942 Athanasio,

205 2971 648 3040 Chrysostomo,
713 2967 1095 3035 Hieronymo.
1154 2963 1542 3030 Theodoreto,
1601 2962 1854 3027 Gelasio,

211 3059 551 3128 prraimo.
583 3056 875 3109 Antiocho
908 3053 1164 3123 cognita.
1197 3052 1467 3108 Secunda
1486 3051 1596 3105 fuit
1621 3068 1856 3106 eamm-

1965 1886 2051 1956 gis
2085 1886 2384 1956 pertinere
2408 1886 2766 1942 viderentur.
2802 1887 3128 1959 Aliaigitur
3144 1889 3322 1959 hujus
3343 1889 3427 1942 rei
3459 1889 3610 1942 ratio

1959 1987 2262 2041 reddenda
2281 1993 2406 2054 est;
2436 1992 2493 2042 et
2520 2004 2662 2042 sane
2686 2005 2756 2043 ex
2781 1990 3079 2043 sententia
3096 1995 3298 2044 nostra
3318 2005 3606 2060 perquam

1959 2074 2279 2129 luculenta.
2309 2075 2588 2146 Vulgatus
2607 2076 2700 2130 ille
2724 2077 3018 2149 interpres
3040 2095 3151 2133 nec
3173 2079 3409 2149 plenam
3435 2079 3608 2133 nobis

1960 2164 2408 2234 inscriptionem
2443 2165 2623 2229 dedit,
2658 2182 2766 2220 nec
2802 2167 3150 2236 Epistolam.
3181 2168 3348 2222 Ratio
3392 2167 3610 2221 utrius-

1960 2271 2072 2324 que
2105 2254 2367 2308 defectus
2405 2253 2633 2308 eadem:
2667 2257 2949 2324 quoniam
2974 2256 3390 2326 epistolasjam
3416 2257 3598 2310 inter-

1958 2342 2182 2412 polatas
2214 2343 2412 2397 Latine
2432 2343 2676 2398 reddere
2700 2344 3056 2399 instituerat.
3080 2346 3391 2416 Inscriptio
3415 2345 3598 2415 priori

1957 2437 2122 2502 parte
2153 2431 2510 2503 interpolata
2541 2438 2647 2496 est,
2678 2433 2988 2503 posteriori
3022 2433 3267 2488 minime
3293 2451 3304 2488 :
3340 2433 3598 2505 priorem

1958 2521 2138 2592 igitur
2185 2527 2413 2591 partem
2473 2520 2920 2590 interpretatus,
2980 2522 3370 2592 posteriorem
3428 2521 3604 2592 plane

1961 2611 2182 2665 omisit.
2217 2610 2448 2664 Pariter
2478 2610 2639 2680 prior
2670 2626 2804 2680 pars
2838 2611 3113 2681 Epistolas
3144 2611 3460 2682 insigniter
3519 2610 3610 2663 in-

1964 2698 2251 2770 terpolata
2283 2704 2407 2765 est;
2443 2699 2756 2768 posteriori
2790 2715 2976 2752 unum
2999 2704 3102 2753 aut
3122 2699 3376 2753 alterum
3407 2698 3614 2752 verbu-

1963 2789 2089 2842 lum
2121 2787 2441 2856 adjectum.
2474 2786 2732 2840 Priorem
2769 2787 2946 2858 igitur
2975 2793 3204 2856 partem
3258 2787 3613 2856 interpreta-

1967 2882 2082 2943 tus,
2116 2875 2506 2946 posteriorem
2554 2874 2790 2944 penitus
2832 2874 3034 2928 omisit
3063 2875 3223 2944 quod
3263 2880 3441 2940 esset,
3477 2875 3612 2945 opi-

1968 2981 2099 3031 nor,
2133 2963 2206 3018 ab
2240 2962 2356 3017 alio
2389 2963 2712 3032 interprete
2743 2962 2907 3032 prius
2930 2961 3181 3017 reddita.
3207 2964 3394 3033 Hujus
3417 2968 3613 3017 autem

1965 3056 2054 3108 rei
2088 3055 2321 3124 signum
2355 3052 2864 3106 evidentissimum
2895 3052 3040 3106 mibi
3077 3053 3329 3121 videtur,
3363 3053 3520 3123 quod
3550 3053 3610 3107 in

216 3147 345 3201 dem
379 3145 771 3216 epistolarum
803 3148 1052 3212 septem,
1086 3141 1186 3195 sed
1227 3140 1616 3210 interpolata:
1666 3139 1859 3209 qualis
1900 3169 1942 3234 Ο
1971 3142 2162 3198 verbis
2194 3141 2580 3212 interpolatis,
2605 3147 2667 3194 ut
2698 3140 2993 3208 hominem,
3027 3141 3297 3198 desinat:
3359 3143 3609 3213 reliqua,

217 3235 273 3286 in
309 3240 517 3287 nostro
551 3231 874 3302 exemplari
909 3231 1106 3284 Graeco
1140 3246 1246 3283 ms.
1297 3234 1506 3297 exstat,
1564 3229 1860 3299 Stephano

218 3324 465 3389 Gobaro,
499 3322 812 3375 Anastasio
837 3319 1189 3391 patriarchas
1209 3318 1663 3378 Antiocheno,et
1683 3319 1861 3372 Chro-

217 3413 328 3466 nici
358 3410 753 3466 Alexandrini
783 3407 1251 3463 consarcinatori
1302 3412 1640 3478 conspecta.
1673 3407 1867 3462 Tertia

218 3501 393 3554 editio
428 3500 563 3564 fuit,
597 3514 668 3552 ex
701 3502 928 3568 septem
960 3496 1257 3568 genuinis,
1318 3501 1375 3549 et
1433 3501 1686 3564 quatuor
1714 3495 1866 3550 ﬁctis

222 3607 324 3643 seu
343 3587 744 3659 supposititiis
760 3585 1034 3650 conﬂata,
1052 3585 1242 3654 qualis
1266 3584 1326 3638 in
1360 3585 1617 3639 Mediceo
1641 3585 1864 3650 codice,

217 3687 268 3733 et
305 3680 633 3748 interprete
673 3675 987 3730 Usseriano
1030 3678 1353 3744 comparet,
1413 3674 1622 3728 Joanni
1654 3676 1864 3729 Dama-

216 3783 412 3831 sceno,
451 3770 509 3818 et
563 3764 819 3817 Antonio
850 3768 1150 3831 usurpata.
1211 3763 1387 3826 Qarta
1440 3761 1695 3832 denique
1736 3763 1866 3824 fuit,

219 3875 284 3912 ex
341 3862 578 3928 septem
639 3853 1034 3925 interpolatis,
1069 3859 1126 3908 et
1183 3853 1447 3922 quinque
1479 3853 1871 3923 supposititiis

220 3945 759 4012 constans,addita.
781 3945 1028 4006 scilicet,
1055 3944 1310 4015 Epistola
1336 3944 1408 3999 ad
1438 3945 1870 4015 Philippenses,

219 4045 523 4109 postremo
557 4037 688 4090 loco
719 4035 877 4100 ﬁcta,
910 4034 1100 4104 qualis
1130 4034 1194 4088 in
1225 4037 1561 4105 Augustano
1585 4035 1786 4090 codice
1818 4041 1876 4091 et

216 4124 658 4197 Nidprucciano
679 4128 1140 4193 repraesentatur
1161 4128 1217 4176 et
1240 4139 1271 4176 a
1293 4123 1525 4194 vulgato
1552 4123 1876 4194 interprete

221 4211 837 4278 redditur,Anastasio
862 4211 1228 4280 presbytero,
1252 4215 1311 4264 et
1332 4211 1522 4265 Adoni
1557 4212 1876 4267 Viennensi

224 4306 362 4357 visa.
399 4302 567 4358 Unde
601 4301 793 4370 liquet
824 4299 1150 4369 Epistolam
1185 4299 1256 4353 ad
1279 4300 1668 4371 Polycarpum
1701 4302 1762 4354 in
1794 4318 1880 4356 se-

227 4393 418 4446 cunda
453 4397 510 4444 et
541 4394 757 4459 quarta
793 4387 1057 4442 editione
1079 4389 1422 4458 apparuisse
1442 4389 1877 4460 interpolatam,

230 4483 292 4536 in
325 4482 495 4536 tertia
528 4482 604 4535 ab
638 4479 802 4534 omni
839 4484 1182 4533 assumento
1231 4478 1500 4542 liberam,
1535 4496 1601 4534 ac
1632 4481 1879 4550 proinde

238 4587 303 4624 ex
347 4573 625 4642 primaeva
657 4570 720 4623 in
781 4568 1021 4622 tertiam
1080 4568 1209 4622 sine
1240 4568 1364 4622 ulla
1420 4569 1880 4640 interpolatione

239 4659 408 4715 fuisse
437 4661 789 4716 derivatam.

307 4749 438 4803 Hinc
461 4750 645 4804 etiam
671 4751 884 4818 patere
906 4749 1120 4815 potest,
1144 4744 1284 4816 quid
1309 4746 1685 4802 sentiendum
1710 4749 1785 4802 sit
1811 4748 1883 4804 de

244 4837 468 4908 Vulgata
503 4841 841 4909 interprete
906 4835 1128 4900 Latino,
1176 4836 1332 4907 apud
1357 4853 1534 4906 quem
1591 4840 1887 4908 posterior

249 4943 374 4996 pars
402 4928 678 5000 Epistola)
704 4925 784 4982 ad
817 4925 1212 4997 Polycarpum
1242 4941 1362 4980 non
1393 4933 1656 4996 apparet.
1687 4929 1889 4983 Arma-

548 5759 826 5817 PATROL.
878 5752 990 5812 Gn.
1037 5750 1109 5811 V.

1973 3255 1998 3281 ‹‹
2021 3231 2346 3286 secundum
2370 3246 2609 3284 omnem
2633 3231 2873 3285 modum
2917 3236 3158 3302 prepter
3176 3249 3285 3286 nos
3308 3233 3611 3287 sustinen-

1973 3327 2112 3388 tem,
2148 3342 2175 3367 »
2208 3319 2346 3373 licet
2375 3318 2447 3372 ad
2479 3317 2750 3373 eamdem
2810 3319 3166 3373 sententiam
3223 3321 3611 3391 pertinentia,

1972 3409 2225 3464 omittat.

2043 3503 2297 3559 Proinde
2331 3509 2555 3574 septem
2588 3503 2869 3574 epistolas
2900 3503 2972 3558 ab
3003 3503 3256 3558 Eusebio
3303 3505 3355 3559 S.
3390 3506 3615 3577 Ignatio

1974 3591 2290 3647 attributas
2313 3607 2564 3654 censeo;
2598 3590 2752 3644 inter
2784 3606 2883 3644 eas
2914 3589 3235 3660 Epistolam
3269 3591 3340 3644 ad
3373 3592 3619 3662 Polycar

1976 3697 2116 3752 pum
2147 3678 2582 3734 numerandam
2614 3678 2866 3741 afﬁrmo;
2891 3678 3126 3732 easdem
3153 3695 3359 3733 omnes
3381 3680 3440 3732 in
3456 3680 3620 3749 Poly-

1977 3770 2257 3839 carpiana
2287 3769 2573 3839 συναγωγῇ
2607 3767 2906 3829 collectas,
2939 3767 3205 3836 epistolae
3228 3767 3376 3837 ejus,
3397 3768 3457 3820 in
3485 3783 3623 3821 con-

1978 3865 2158 3914 ventu
2188 3858 2338 3911 Asiae
2372 3873 2477 3927 per
2507 3855 2732 3926 aliquot
2762 3855 2975 3910 saecula
2997 3856 3230 3926 publice
3261 3856 3450 3924 lectze,
3483 3855 3623 3911 sub-

1973 3949 2230 4020 junctas,
2259 3952 2314 4000 et
2338 3963 2370 4000 a
2387 3950 2590 4000 sancto
2615 3950 2870 4014 martyre
2885 3944 3442 4015 conscriptasfuisse
3460 3962 3623 3999 asse-

1980 4041 2251 4092 veranter
2273 4033 2587 4089 contendo.
2615 4034 2976 4087 Sententiam
2999 4033 3192 4088 Dallaai
3209 4033 3279 4087 de
3299 4034 3621 4104 impostore

1983 4125 2197 4196 primo,
2231 4141 2334 4177 sex
2364 4121 2644 4193 epistolas
2676 4127 2807 4192 post
2828 4122 3112 4176 ducentos
3143 4121 3213 4175 ab
3247 4122 3450 4192 lgnatii
3473 4138 3624 4176 mar-

1985 4215 2134 4285 tyrio
2167 4228 2354 4266 annos
2386 4212 2446 4264 in
2472 4209 2662 4263 lucem
2687 4210 3045 4280 proferente,
3073 4215 3130 4263 et
3149 4210 3428 4276 secundo,
3458 4209 3623 4263 illam

1985 4304 2058 4358 ad
2090 4303 2477 4372 Polycarpum
2511 4305 2647 4371 post
2679 4299 2968 4353 ducentos
3012 4299 3188 4354 etiam
3220 4300 3370 4355 alios
3422 4306 3629 4371 partu-

1987 4393 2199 4458 riente,
2234 4391 2605 4462 ﬁgmentum,
2640 4389 2758 4443 imo
2791 4394 3134 4459 portentum
3168 4405 3295 4443 esse
3321 4389 3548 4460 judico.

2061 4484 2250 4550 Atque
2282 4480 2408 4533 haec
2439 4479 2509 4532 de
2539 4484 2692 4546 ortu,
2724 4495 3040 4550 progressu
3073 4484 3131 4532 et
3163 4479 3451 4534 hodierno
3476 4484 3634 4535 statu

1993 4571 2172 4642 hujus
2195 4568 2629 4632 controversias,
2645 4568 3484 4640 introductionismore,atque
3509 4586 3641 4640 pere

1997 4659 2326 4730 spicuitatis
2359 4658 2544 4729 gratia
2582 4657 2801 4711 dixisse
2835 4657 3109 4712 sufﬁciat:
3146 4675 3274 4728 quaa
3306 4658 3434 4713 loco
3469 4660 3642 4713 trium

1995 4749 2260 4820 priorum
2294 4747 2550 4818 capitum
2581 4745 2716 4799 libri
2769 4745 3068 4812 Dallaaani,
3130 4751 3187 4800 et
3218 4747 3431 4817 prioris
3465 4748 3641 4802 etiam

1997 4837 2191 4907 quarti
2222 4836 2405 4907 partis
2436 4835 2712 4906 ponenda
2737 4835 2961 4898 censui,
2992 4841 3055 4889 ut
3085 4835 3158 4890 ad
3192 4851 3259 4890 ea
3281 4835 3445 4890 aliud
3479 4835 3644 4905 quid-

1999 4927 2158 4998 piam
2186 4941 2476 4996 reponere
2508 4939 2753 4979 necesse
2785 4940 2906 4979 non
2938 4923 3037 4977 sit.
