3974 6134
345 467 2051 507 WW—

1399 331 1462 395 I.
1509 325 1911 394 IGNATIUS.
1944 357 2021 373 --
2056 320 2676 387 ‘PBOLEGUMENA.
3687 321 3766 379 73

1218 635 2089 740 VINDICIARUM
2137 631 2473 728 PARS
2522 619 2935 723 PRIMA

355 854 493 924 Qua
521 854 891 928 argumenta
925 861 1034 923 pro
1064 841 1128 901 S.
1162 836 1393 916 Ignatii
1450 831 1732 913 epistolis
1761 834 2103 971 iveterucqi
2164 825 2538 966 teftimoniie
2567 822 2940 895 aﬂ‘eruntur,
2973 828 3035 882 et
3062 838 3103 880 a
3131 818 3351 880 Dallaai
3382 817 3770 897 exceptioni-

1820 928 1890 971 us
1929 927 2034 971 vm
2084 924 2222 969 ican
2261 925 2352 967 ur.

1820 928 1890 971 DS
1929 924 2352 971 vmmcamur.

898 1072 1129 1129 CAPUT
1158 1068 1457 1125 PRIMUM.

362 1199 709 1267 Argumenta
736 1191 919 1267 pro_S.
948 1189 1181 1267 Ignatii‘
1213 1183 1470 1267 epistolis
1494 1185 1620 1267 sunt
1640 1177 1752 1267 vel“
1781 1183 2013 1267 caterua

436 1248 791 1323 ;e'lwintcrn‘a.
826 1248 1077 1316 Externa
1109 1275 1142 1313 a
1163 1248 1516 1321 testimoniis,
1535 1254 1755 1306 interna
1777 1251 1845 1304 ab
1876 1248 2012 1319 ipsis

435 1337 703 1409 epistolis.

440 1455 511 1509 Ut
541 1450 991 1524 probemus,aut
1010 1458 1360 1516 persuasum
1379 1433 2013 1508 habeamus,epistolas

368 1545 564 1609 basce,
596 1541 669 1595 de
702 1537 917 1608 quibus
949 1534 1224 1601 dicimus,
1266 1547 1398 1601 quas
1456 1544 1616 1583 nunc
1650 1527 1712 1581 in
1742 1524 2013 1579 omnium

370 1631 645 1688 manibus
675 1633 832 1693 sunt,
867 1631 925 1680 et
954 1623 1161 1695 lgnatii
1193 1638 1312 1693 pra;
1342 1636 1405 1674 se
1435 1634 1653 1673 nomen
1680 1615 2015 1678 ferunt,re-

369 1738 506 1776 vera
528 1719 599 1774 ab
633 1717 732 1773 illo
756 1713 1138 1770 Antiochense
1172 1708 1445 1764 Ecclesiae
1486 1705 1751 1762 antistite
1783 1707 2016 1774 aposto-

370 1812 565 1867 lorum
597 1805 885 1877 discipulo
917 1809 976 1857 et
1005 1799 1378 1857 sanctissimo
1406 1803 1688 1867 martyre,
1721 1794 1879 1848 circa
1909 1791 2019 1846 ini-

372 1902 522 1955 tium
556 1894 801 1953 secundi
834 1891 1034 1947 saeculi
1059 1890 1241 1945 fuisse
1271 1886 1658 1957 conscriptas,
1705 1899 1825 1938 non
1855 1879 2017 1936 aliud

375 1989 701 2064 quidquam
723 2002 757 2040 a
787 1982 979 2049 nobis,
1014 1979 1113 2050 qui
1144 1979 1253 2033 hac
1284 1981 1456 2032 mtate
1487 1974 1753 2039 vivimus,
1786 1976 1890 2027 aut
1920 1986 2013 2025 re-

375 2060 531 2153 quiri
563 2082 665 2133 aut
696 2069 1026 2143 exspectari
1080 2073 1293 2139 potest,
1329 2082 1507 2137 quam
1566 2070 1632 2119 ut
1660 2080 1731 2118 ex
1785 2060 2017 2116 idoneis

376 2149 735 2225 testimoniis
760 2176 986 2224 eorum,
1022 2157 1236 2228 quibus
1267 2155 1329 2209 in
1354 2153 1533 2209 rebus
1554 2149 2020 2223 hujusmodipar

378 2263 466 2313 est
495 2255 758 2315 credere,
787 2249 844 2304 id
876 2247 1131 2302 fideliter
1161 2242 1529 2312 ﬁrmiterque
1552 2240 1898 2311 colligamus
1922 2256 1936 2305 ;
1961 2242 2019 2293 et

376 2343 659 2417 epistolas
688 2341 845 2410 ipsas
879 2341 1040 2390 tanto
1100 2338 1338 2389 auctore
1371 2331 1600 2402 dignas,
1631 2334 1690 2383 et
1733 2326 2019 2398 temporis

2029 1059 2085 1126 Α
2115 1058 2410 1129 miterque
2424 1050 3052 1126 colligemusldoneos
3065 1056 3263 1107 autem
3287 1054 3466 1105 testes
3490 1054 3768 1121 putamus

2119 1144 2439 1216 scriptores
2462 1141 2898 1198 ecclesiasticos
2922 1139 3273 1210 veteres,qui
3298 1144 3623 1208 antequam
3647 1138 3769 1193 haec

2122 1235 2184 1289 in
2211 1234 2475 1290 Ecclesia
2495 1238 2645 1301 orta,
2671 1235 2773 1287 aut
2801 1235 3117 1302 postquam
3138 1227 3441 1299 aliquibus
3471 1227 3618 1281 oriri
3650 1228 3771 1281 visa

2122 1330 2232 1387 est.
2284 1322 2708 1386 controversia,
2759 1320 3117 1376 sententiam
3163 1335 3356 1387 suam,
3382 1322 3448 1372 ut
3469 1334 3534 1371 se
3561 1316 3771 1371 obtulit

2123 1412 2510 1482 occasio,sine
2537 1410 2658 1466 ulla
2674 1408 3044 1464 dubitatione
3066 1411 3167 1463 aut
3179 1405 3558 1461 haesitatione
3583 1411 3775 1476 protu-

2123 1501 2341 1557 lerunt.
2379 1501 2494 1554 Hos
2522 1515 2625 1570 ego
2651 1502 2833 1552 testes
2860 1496 3238 1566 incorruptos
3260 1492 3555 1550 adducam
3602 1498 3772 1563 atque

2126 1594 2386 1664 integros
2411 1609 2424 1646 :
2458 1609 2529 1647 ex
2552 1592 2766 1647 horum
2787 1588 3021 1661 scriptis
3039 1586 3413 1656 indubitatis,
3441 1591 3547 1640 aut
3573 1585 3646 1640 ab
3670 1586 3768 1640 im-

2125 1688 2379 1754 portuna
2405 1680 2777 1736 dubitatione
2832 1677 3165 1741 vindicatis,
3216 1675 3562 1731 testimonia
3591 1675 3772 1747 prefe-

2127 1788 2254 1828 ram
2279 1769 2486 1842 ;idque
2502 1786 2571 1823 ea
2594 1767 2888 1823 modestia
2901 1765 3336 1838 praestabimus,
3359 1771 3426 1821 ut
3447 1765 3676 1820 nullius
3688 1780 3772 1817 ve-

2127 1868 2319 1916 terum
2338 1860 2507 1914 famae
2526 1857 2892 1921 detrahatur,
2913 1856 3139 1910 nullius
3155 1855 3383 1910 nomini
3408 1854 3635 1927 injuria
3653 1854 3766 1921 ﬁat,

2128 1966 2234 2004 sua
2265 1949 2478 2020 cuique
2510 1946 2851 2010 auctoritas,
2875 1944 3067 2015 qualis
3088 1949 3146 1999 et
3169 1950 3392 2015 quanta
3432 1944 3493 1998 in
3516 1942 3772 1998 Ecclesia

2130 2041 2231 2095 Dei
2264 2040 2551 2094 hactenus
2573 2036 2935 2092 fuitillibata
2959 2040 3377 2100 conservetur;
3413 2050 3482 2089 ea
3535 2033 3672 2101 ﬁde,
3712 2037 3773 2086 ut

2129 2129 2432 2185 neminem
2466 2127 2699 2182 obtorto
2730 2126 2884 2181 collo
2915 2126 2989 2180 ad
3010 2125 3307 2196 judicium
3325 2123 3642 2179 ferendum
3664 2128 3771 2177 tra-

2128 2223 2360 2283 hamus.
2385 2218 2586 2274 omnia
2607 2217 2777 2289 plane
2807 2223 2863 2271 et
2880 2217 3038 2271 nude
3060 2221 3581 2287 reprmsentemus.
3606 2218 3774 2286 prout

2130 2312 2191 2366 in
2225 2326 2431 2365 eorum
2462 2308 2698 2379 scriptis
2730 2306 3121 2378 reperiuntur.
3161 2307 3306 2361 Cum
3338 2305 3519 2376 igitur
3568 2303 3770 2376 Ignatii

376 2395 696 2500 1.2mmtu
727 2422 1189 2482 circumstantiis
1219 2420 1486 2491 apprime
1506 2434 1796 2490 congruas
1829 2422 2019 2470 οειεη.
2051 2434 2099 2499 Β
2133 2399 2395 2497 epistolae
2409 2398 2639 2454 decimo
2662 2395 3358 2494 quintoszeculojamjam
3373 2400 3629 2450 exeunte
3643 2409 3772 2489 eru-

377 2523 608 2577 damus.
642 2516 728 2571 Ad
759 2513 1173 2570 auctoritatem
1205 2510 1364 2565 enim
1408 2508 1872 2581 Ignatianorum,
1923 2510 2023 2560 aut

376 2610 628 2667 aliorum
663 2617 1151 2676 quorumcunque
1184 2605 1449 2654 veterum
1480 2596 1837 2667 scriptorum
1859 2610 2025 2649 asse-

374 2697 622 2756 rendam
645 2690 1232 2760 conﬁrmandamque
1256 2687 1372 2742 duo
1397 2690 1625 2741 tantum
1647 2688 2022 2755 argumento-

371 2805 506 2844 rum
536 2800 754 2857 genera
795 2780 991 2836 aflerri
1046 2781 1316 2850 possunt,
1347 2781 1614 2839 externa,
1650 2772 1900 2837 scilicet,
1930 2772 2021 2826 vel

374 2879 648 2942 interna;
684 2888 935 2943 quorum
967 2869 1166 2940 priora
1202 2883 1273 2920 ex
1297 2863 1671 2926 testimoniis,
1693 2861 2024 2933 posteriora

374 2984 403 3022 e
418 2964 650 3035 scriptis
666 2961 807 3033 ipsis
820 2954 1523 3030 petuntur.Quamobrem
1535 2950 2021 3006 dissertationem

372 3061 640 3111 nostram
673 3052 732 3104 in
765 3049 913 3103 duas
970 3050 1168 3118 partes
1219 3040 1669 3113 dispescendam
1704 3038 2018 3105 duximus;

371 3158 619 3216 quarum
636 3137 865 3208 quidem
879 3134 1052 3205 prima
1064 3129 1402 3187 testimonia
1412 3125 1899 3199 proferet,eadem
1908 3140 2023 3196 que

372 3212 444 3287 ab
477 3226 797 3285 adversarii
829 3220 1266 3294 objectionibus
1298 3216 1660 3282 vindicabit;
1695 3220 1753 3269 et
1783 3230 1913 3285 qum
1947 3212 2020 3266 ab

370 3323 498 3393 ipso
525 3314 867 3372 testimonia
880 3308 1676 3377 all'errivideantur,qumque
1701 3302 1808 3357 sub
1825 3301 2022 3373 specie

370 3389 703 3481 argumenti
727 3401 997 3474 negantis
1022 3392 1727 3469 disputantur,refutabit:
1763 3389 2025 3446 secunda

373 3495 653 3569 epistolas
675 3494 831 3564 ipsas
858 3486 1507 3555 considerabit,easque
1530 3480 1803 3537 ostendet
1825 3485 1883 3534 et
1903 3496 2021 3534 aavo

374 3586 677 3660 lgnatiano
708 3594 1028 3650 rerumque
1063 3573 1528 3632 circumstantiis
1578 3570 1845 3643 apprime
1879 3586 2018 3625 con-

374 3659 570 3749 gruas,
603 3679 662 3728 et
691 3689 761 3727 ex
794 3670 921 3741 ipsa
953 3665 1202 3721 materia
1222 3668 1398 3733 atque
1420 3659 1740 3730 scriptione
1765 3664 2022 3729 martyre

375 3746 434 3820 et
464 3763 739 3835 episcopo
800 3753 1183 3811 Antiochensi
1228 3750 1474 3821 dignas;
1532 3746 2015 3820 argumentisque

378 3853 674 3917 omnibus,
706 3849 794 3904 vel
829 3864 898 3902 ex
930 3844 1127 3909 rebus,
1158 3841 1248 3897 vel
1273 3858 1342 3895 ex
1363 3837 1555 3893 verbis
1587 3837 1658 3892 ab
1681 3836 2017 3893 adversario

376 3942 594 4005 ductis,
655 3933 1060 4007 respondebit,
1132 3928 1602 4001 plenissimeque
1674 3925 2018 3981 satisfaciet.

374 4027 538 4095 Quod
570 4027 617 4081 si
651 4032 771 4080 tam
802 4022 991 4077 multa
1022 4022 1301 4073 Veterum
1355 4014 1715 4076 testimonia,
1775 4019 2018 4083 tamque

373 4116 640 4189 apposita
671 4129 777 4184 pro
810 4111 901 4165 his
925 4106 1193 4180 epistolis
1221 4106 1431 4160 atl‘erre
1454 4102 1804 4174 poterimus,
1838 4118 2018 4171 quam

370 4224 500 4278 qua)
534 4205 594 4259 in
627 4203 760 4258 aliis
790 4195 1131 4271 hujusmodi
1168 4194 1403 4265 scriptis
1434 4190 1893 4258 stabiliendis,et
1917 4207 2014 4244 ex-

370 4301 460 4349 tra
482 4308 721 4348 omnem
779 4286 1244 4345 controversiam
1298 4281 1589 4355 ponendis
1621 4279 1913 4351 acceptari
1944 4279 2016 4335 ab

370 4385 646 4440 omnibus
671 4383 866 4438 solent
890 4397 903 4445 ;
928 4396 995 4434 ac
1019 4377 1199 4433 simul
1223 4377 1401 4431 etiam
1434 4372 1713 4446 epistolas
1744 4372 1901 4444 ipsas
1933 4379 2011 4427 ta-

366 4474 456 4527 les
473 4488 602 4527 esse
627 4468 1091 4535 ostenderimus,
1116 4471 1260 4519 uteo
1278 4465 1403 4535 ipso
1435 4464 1557 4516 viro
1570 4461 1760 4533 dignm
1784 4461 2017 4515 videan-

369 4570 484 4625 tur,
521 4560 614 4615 cui
638 4576 672 4614 a
692 4556 988 4612 veteribus
1010 4555 1371 4619 tribuuntur,
1405 4551 1676 4622 nihilque
1702 4551 1762 4605 in
1800 4551 1873 4606 iis
1896 4566 2015 4605 om-

368 4652 510 4705 nino
538 4644 1018 4716 contineri,quod
1035 4650 1337 4698 auctorem
1362 4643 1417 4697 S.
1442 4641 1666 4712 lgnatio
1698 4640 1789 4695 vel
1821 4640 2016 4694 minus

370 4740 682 4810 antiquum
708 4735 800 4791 vel
820 4735 1014 4789 minus
1046 4733 1342 4804 pium.aut
1356 4730 1709 4801 prudentem
1733 4729 2012 4800 postulet,

367 4831 413 4885 si
453 4832 575 4883 hmc
607 4828 690 4881 ita
720 4823 1188 4888 tractaverimus,
1218 4824 1283 4874 ut
1315 4834 1562 4873 summae
1594 4818 1834 4873 testium
1875 4834 2016 4872 auc-

365 4916 589 4972 toritati
622 4915 705 4970 rei
740 4912 926 4985 ipsius
950 4909 1206 4982 dignitas
1240 4908 1613 4979 sutTragetur,
1639 4906 1788 4960 nihil
1813 4907 1875 4961 in
1894 4906 2015 4961 dis—

364 5004 609 5076 putandi
643 5017 858 5075 genere
884 4998 1135 5053 ulterius
1161 4994 1382 5065 requiri
1431 5010 1603 5064 posse
1635 4992 2011 5047 confidimus.

362 5096 560 5163 Neque
591 5093 792 5161 aliqua
813 5089 962 5144 ratio
982 5086 1265 5157 assignari
1307 5082 1546 5155 poterit,
1598 5097 1781 5151 quare
1821 5081 2012 5137 ullum

2134 2494 2205 2544 tae
2238 2493 2297 2542 et
2325 2488 2628 2558 impressae
2660 2484 2918 2556 primum
2951 2484 3461 2553 conspicerentur,
3512 2485 3572 2538 et
3617 2480 3771 2535 varia

2132 2579 2446 2634 hominum
2469 2575 2698 2648 judicia
2717 2573 3098 2646 postmodum
3121 2578 3376 2645 expertae
3399 2573 3524 2627 sint
3546 2588 3560 2638 ;
3584 2572 3664 2626 ita
3684 2586 3769 2624 ve-

2132 2674 2324 2723 terum
2346 2664 2691 2721 testimonia
2711 2662 3001 2718 adducam
3024 2667 3199 2733 atque
3225 2661 3636 2732 disponam,ut
3660 2676 3771 2714 om-

2132 2758 2217 2825 ni,
2249 2757 2321 2812 ab
2352 2757 2481 2827 ipsa
2510 2772 2627 2826 quo
2660 2754 2893 2824 scriptae
2925 2758 3065 2806 sunt
3094 2758 3379 2823 tempore,
3412 2750 3653 2816 saeculo,
3680 2764 3766 2802 us-

2133 2865 2248 2919 que
2279 2848 2353 2903 ad
2386 2864 2516 2902 eam
2548 2850 2781 2901 {etatem
2815 2860 2933 2915 qua
2977 2844 3281 2914 impressas
3340 2843 3710 2915 prodierunt,
3740 2854 3772 2893 a

2131 2938 2269 2992 viris
2298 2935 2574 2991 maximis
2604 2934 2833 3006 agnitas
2867 2938 2926 2988 et
2954 2932 3308 3005 approbatas
3339 2932 3670 2988 ostendam.

2794 3088 3021 3142 CAPUT
3050 3086 3119 3140 Ιῐ.

2137 3230 2473 3288 Testimonia
2497 3247 2604 3301 pro
2635 3231 2691 3285 S.
2730 3229 2934 3299 lgnatii
2981 3228 3246 3297 epistolis.
3300 3230 3429 3292 Quae
3460 3226 3546 3281 ita
3600 3226 3775 3301 dispo-

2202 3310 2415 3359 nuntur
2444 3299 2514 3357 ut
2528 3303 2746 3357 nullum
2777 3301 3040 3357 saeculum
3066 3302 3179 3355 suis
3210 3301 3539 3354 testimoniis
3578 3299 3771 3353 careat,

2202 3393 2236 3430 a
2262 3374 2517 3443 secundo,
2541 3391 2650 3445 quo
2672 3375 2916 3443 primum
2964 3378 3154 3445 natm,
3185 3372 3258 3426 ad
3286 3370 3560 3426 decimum
3616 3367 3765 3437 quin-

2205 3453 2337 3514 tum,
2369 3462 2475 3517 quo
2508 3442 2787 3515 impressw
2808 3450 2935 3499 sunt
2961 3442 3222 3514 epistolae.

2206 3589 2367 3644 Intra
2396 3604 2615 3660 paucos
2644 3592 2778 3658 post
2813 3586 3025 3641 initum
3057 3584 3302 3640 secundi
3336 3584 3532 3639 saeculi
3592 3594 3767 3637 annos

2132 3683 2301 3734 natas
2332 3693 2461 3732 esse
2492 3678 2598 3731 has
2624 3675 2901 3747 epistolas
2936 3690 3133 3729 assero
3161 3690 3173 3727 :
3207 3674 3354 3729 duos
3408 3673 3591 3745 igitur
3621 3669 3776 3740 ejus-

2057 3800 2100 3866 Ο
2132 3767 2269 3822 dem
2300 3766 2404 3822 aavi
2429 3766 2747 3836 scriptores
2770 3764 3195 3827 nobilissimos,
3221 3763 3278 3819 S.
3301 3762 3689 3833 Polycarpum
3713 3762 3766 3810 et

2130 3856 2182 3911 S.
2219 3858 2507 3910 Irenaeum
2540 3859 2719 3908 testes
2750 3854 2884 3907 cito.
2917 3852 2973 3906 S.
3028 3851 3383 3922 Polycarpus
3417 3850 3469 3904 S.
3531 3845 3763 3904 Joannis

2128 3944 2381 4015 apostoli
2414 3942 2761 4013 discipulus,
2795 3941 2867 3996 ab
2890 3956 2958 3995 eo
2991 3942 3256 4011 Smyrnae
3280 3938 3590 4011 episcopus
3620 3933 3764 3990 ordi-

2127 4039 2323 4096 natus,
2360 4032 2537 4087 totius
2568 4031 2721 4086 Asiaa
2746 4030 3047 4101 princeps,
3072 4030 3125 4084 S.
3158 4029 3382 4100 lgnatio
3400 4034 3605 4083 nostro
3637 4039 3763 4096 per-

2126 4120 2438 4177 familiaris
2464 4119 2615 4184 fuit;
2647 4119 2818 4189 cujus
2846 4128 3071 4189 martyr
3096 4119 3221 4188 ipse
3252 4116 3314 4169 in
3347 4115 3613 4187 epistolis
3644 4127 3761 4167 me-

2127 4210 2322 4276 minit,
2355 4208 2448 4263 cui
2481 4223 2684 4262 earum
2707 4207 2885 4261 etiam
2908 4221 3088 4260 unam
3121 4204 3394 4274 privatim
3418 4202 3764 4259 misit.Hune

2125 4304 2325 4354 autem
2358 4298 2569 4352 harum
2599 4295 2981 4366 epistolarum
3024 4293 3390 4348 mentionem
3448 4292 3656 4347 fecisse
3687 4286 3764 4340 di-

2125 4392 2279 4443 serte
2311 4386 2491 4441 tradit
2541 4385 2828 4440 Eusebius
2874 4384 3013 4439 Hist.
3046 4383 3190 4437 Eccl.
3224 4382 3263 4435 l.
3289 4398 3367 4449 Ill,
3393 4399 3443 4436 c.
3470 4384 3577 4435 37:
3613 4374 3703 4433 Καὶ
3733 4372 3758 4425 ὁ

2126 4473 2488 4546 ΙΙολ-ὂκαρπος
2545 4469 2602 4526 δὲ
2627 4472 2835 4526 τούτων
2898 4471 3074 4524 αὺτῶν
3121 4465 3472 4540 μέξινηταιέν
3505 4473 3571 4535 τῆ
3605 4482 3757 4539 φερο-

2129 4562 2230 4633 μέῃ
2262 4561 2432 4615 αὐτοῦ
2462 4560 2599 4631 πρὸς
2631 4559 3046 4628 Φιλιππησίους
3072 4556 3364 4631 ἐπιστολῇ.
3399 4560 3518 4614 Hoc
3539 4562 3643 4617 est.
3671 4554 3755 4607 in-

2123 4658 2382 4724 terprete
2409 4652 2657 4706 Valesio:
2685 4651 2832 4707 «Sed
2857 4657 2915 4706 et
2932 4650 3295 4720 Polycarpus
3316 4649 3379 4702 in
3411 4664 3517 4703 sua
3538 4646 3607 4702 ad
3629 4641 3754 4698 Phi-

2123 4741 2423 4812 lippenses
2437 4740 2687 4812 epistola
2702 4738 3043 4794 earumdem
3058 4736 3718 4808 meminitepistolarum.
3730 4748 3753 4775 υ

2122 4831 2205 4885 Ita
2238 4829 2547 4895 Eusebius,
2575 4845 2710 4885 cum
2738 4828 2864 4899 jam
2894 4833 3119 4897 septem
3147 4827 3202 4880 S.
3236 4825 3443 4897 Ignatii
3489 4818 3753 4895 epistolas

2122 4924 2552 4985 enumerasset,
2586 4924 2646 4973 et
2675 4916 3107 4989 descripsisset.
3142 4915 3408 4970 Meminit
3437 4911 3670 4984 quidem
3699 4905 3749 4958 S-

2122 5008 2329 5081 Ignatii
2363 5008 2579 5079 smpius
2608 5007 2670 5061 in
2702 5005 2959 5077 Epistola
2988 5021 3095 5060 sua
3135 5004 3208 5059 ad
3266 5002 3671 5073 Philippenses
3700 4995 3747 5047 S.

2120 5097 2513 5168 Polycarpus;
2537 5102 2753 5151 nostra:
2770 5102 2967 5150 autem
2987 5093 3301 5148 assertioni
3320 5092 3447 5145 hazc
3468 5087 3748 5162 praecipue

360 5181 590 5252 εηιίψιί
617 5178 927 5250 scriptoris
981 5191 1128 5245 00115
1160 5190 1266 5244 Ι)Γο
1298 5170 1563 5243 legitimo
1615 5169 1923 5235 habeatur»
1956 5171 2003 5226 Si
2039 5174 2082 5239 D
2114 5188 2292 5242 verba
2322 5186 2727 5242 testimonium
2762 5185 3051 5256 praebent,
3076 5200 3208 5255 quas
3234 5183 3360 5253 ipse
3383 5179 3664 5237 Eusebius
3684 5186 3748 5225 ex

358 5271 484 5324 hac
523 5287 557 5325 a
586 5269 757 5323 nobis
790 5267 898 5321 rite
930 5263 1178 5335 probata
1205 5260 1611 5331 repudientur.

427 5378 499 5431 Ut
527 5376 701 5446 primi
733 5371 967 5444 generis
999 5372 1347 5440 argumento
1380 5364 1657 5438 epistolas
1688 5365 1761 5420 de
1794 5367 2007 5436 quibus

358 5464 553 5534 agitur
581 5460 653 5515 ab
685 5457 906 5531 lgnatio
940 5461 1197 5525 martyre
1255 5452 1622 5523 conscriptas
1670 5452 1849 5507 fuisse
1904 5454 2005 5510 de-

351 5554 750 5612 monscretur,
788 5563 857 5600 ex
891 5544 1121 5600 idoneis
1152 5541 1509 5597 testimoniis
1532 5556 1758 5599 eorum.
1791 5542 2007 5611 quibus

348 5640 416 5695 in
456 5640 629 5695 rebus
663 5635 1003 5709 hujusmodi
1026 5650 1134 5706 par
1153 5638 1242 5688 est
1262 5629 1526 5696 credere,
1551 5629 1611 5684 id
1633 5628 1885 5685 fideliter
1905 5631 2005 5686 fir-

2114 5278 2247 5348 ‘ejus
2280 5276 2529 5348 epistola
2546 5282 2687 5330 tunc
2711 5275 2993 5346 temporis
3011 5290 3143 5329 cum
3171 5273 3450 5327 omnibus
3474 5272 3627 5327 esset
3643 5279 3743 5318 no-

2120 5367 2366 5431 tissima,
2403 5372 2460 5420 et
2489 5366 2552 5420 in
2584 5364 2734 5419 Asiae
2783 5368 3077 5419 conventu
3107 5361 3424 5434 legeretur,
3457 5350 3743 5434 descripiti

2117 5455 2225 5514 Τὰς
2255 5450 2547 5513 ἐπιοτολᾶς
2608 5450 2897 5525 Ἰγνατίου,
2947 5450 3042 5511 τὰς
3090 5433 3422 5525 πεμφθείσας
3476 5450 3606 5519 ἡμῖν
3667 5433 3747 5493 ὑπ’

2116 5542 2285 5596 αὐτοῦ
2313 5541 2407 5595 καὶ
2440 5540 2614 5601 ἄλλας
2649 5541 2779 5599 ὅοας
2811 5536 3040 5612 ιῖχομεν
3072 5539 3198 5611 παρ’
3245 5539 3403 5608 ἡμῖν,
3443 5532 3743 5612 ἐπέμψαμεν

2120 5631 2269 5702 ὑμῖν,
2300 5628 2480 5690 καθὼς
2508 5627 2871 5696 ἓνετείλσσθε,
2931 5625 3127 5688 άδτινες
3171 5626 3593 5699 ὑποτεταγμέναι
3649 5611 3741 5668 εἷ’σῖ
