3974 6134
386 349 466 410 ’³19
1440 344 1505 404 S.
1552 341 1961 403 IGNATIUS.
2010 374 2087 385 —
2131 338 2738 402 PllOLEGOMENA.
3702 347 3771 407 30

384 484 654 542 maxime
678 482 966 544 civitates,
1000 484 1058 533 et
1106 479 1260 533 viros
1309 476 1594 548 quosdam
1638 474 1798 529 velut
1817 473 2040 546 legatos
2076 478 2127 544 Α
2158 473 2354 542 tritus,
2387 473 2891 545 locupletissimus
2912 473 3084 529 nobis
3108 475 3273 530 testis
3305 475 3471 532 est.ls
3493 476 3643 532 enim
3667 496 3768 535 un-

389 575 555 630 misit
580 590 592 639 ;
610 578 675 628 ut
696 572 874 643 igitur
901 570 1035 642 igne
1063 566 1374 622 Herculem
1391 570 1493 621 aut
1508 563 2039 636 Empedoclem,ita

392 663 746 735 epistolis,et
769 660 973 732 legatis
994 656 1345 729 S.Ignatium
1370 661 1640 710 nostrum
1656 654 1727 708 de
1744 652 2039 709 industria

388 753 689 807 imitatum
713 766 842 803 esse
866 747 1225 803 nebulonem
1254 744 1532 812 sentio,et
1546 744 1645 814 huj
1659 760 1724 797 us
1740 741 2040 812 conjectu-

386 858 469 895 rae
497 841 787 895 rationem
816 836 1061 891 minime
1087 835 1374 888 incertam
1408 830 1611 887 reddo.
1641 832 2039 886 Christianam

388 931 741 1003 religionem
768 927 875 983 sub
898 925 1157 980 Adriano
1178 923 1479 995 professus
1511 927 1637 977 erat
1660 921 2036 992 Peregrinus,

390 1027 448 1076 et
478 1037 596 1075 non
631 1017 988 1073 mediocrem
1021 1016 1178 1069 inter
1203 1013 1566 1068 Christianos
1623 1011 2039 1065 auctoritatem

392 1110 502 1163 sibi
536 1103 1162 1178 comparaverat,unde
1186 1103 1245 1157 in
1266 1101 1502 1156 vincula
1523 1099 1828 1170 conjectus
1850 1098 2041 1152 factus

394 1203 481 1251 est
540 1196 847 1250 confessor
894 1190 1131 1259 nobilis,
1193 1195 1250 1245 et
1307 1189 1373 1244 ad
1426 1205 1560 1243 eum
1611 1185 2040 1241 sublevandum

394 1282 1025 1355 quamplurimi,etiam
1058 1279 1109 1332 οἱ
1140 1275 1191 1331 ἒν
1222 1275 1390 1341 τέλει,
1418 1278 1743 1348 presbyteri,
1771 1274 2041 1346 episcopi-

392 1372 787 1444 que,undique
820 1368 1229 1425 convolabant.
1262 1366 1604 1438 Martyrium
1635 1365 1813 1437 igitur
1843 1363 2042 1418 subire

390 1463 649 1517 maxime
676 1461 823 1515 velle
857 1458 1187 1525 videbatur,
1222 1462 1283 1512 et
1322 1454 1640 1527 proconsul
1672 1453 1875 1525 Syria),
1908 1468 2043 1506 cum

396 1550 755 1622 intelligeret
780 1546 862 1601 ὅτι
922 1542 1115 1616 δέξαιτ’
1173 1541 1232 1597 ἂν
1293 1542 1580 1606 ἀποθανεῖν
1641 1541 1717 1604 ὡς
1767 1537 1923 1609 δόξαν
1955 1537 2043 1592 ἐπὶ

390 1639 569 1711 τούτῳ
602 1635 872 1706 ἐπιλίποι,
907 1636 1055 1706 quod
1084 1637 1225 1690 mori
1280 1639 1524 1703 cuperet,
1556 1639 1616 1687 ut
1668 1633 1797 1685 inde
1836 1634 2044 1699 famam

388 1730 626 1800 posteris
658 1728 1166 1795 relinqueret,eum
1198 1740 1385 1794 pmnaa
1406 1720 1693 1777 subduxit
1720 1725 1779 1774 et
1807 1734 2042 1774 carcere

397 1817 689 1871 liberavit.
715 1819 779 1869 Et
810 1814 1051 1885 quidem
1075 1817 1281 1884 postea
1301 1811 1593 1884 gloriosus
1616 1810 1712 1864 hic
1744 1808 2045 1863 confessor

402 1923 473 1960 ex
506 1905 769 1959 Ecclesia
801 1871 1025 1974 ejectus
1056 1871 1145 1957 est
1177 1917 1190 1966 ;
1236 1871 1340 1955 sed
1372 1899 1514 1955 dum
1567 1898 1670 1953 illa
1726 1896 1834 1953 sub
1866 1897 2045 1967 Syrias
2081 1871 2124 1936 Β

395 1993 750 2065 proconsule
790 2009 995 2063 passus
1053 1996 1161 2057 est,
1194 2006 1314 2044 non
1350 1988 1541 2060 potuit
1580 2004 1716 2042 eum
1763 1986 1950 2041 latere
1982 1985 2039 2038 S.

394 2082 605 2155 Ignatii
636 2079 993 2149 fama,cujus
1020 2078 1285 2149 reliquiaa
1320 2081 1482 2131 tanta
1504 2092 1637 2131 cum
1664 2074 2040 2130 veneratione

396 2171 724 2227 Antiochia:
749 2174 1110 2225 conservatae
1142 2172 1315 2232 sunt;
1337 2171 1393 2221 et
1423 2181 1558 2220 cum
1592 2170 1675 2219 tot
1703 2181 1776 2219 ex
1808 2163 1948 2218 Asia
1967 2161 2042 2217 ad

399 2278 534 2316 eum
568 2260 625 2313 in
667 2274 903 2314 carcere
935 2258 1242 2313 detentum
1274 2255 1663 2322 conﬂuerent,
1695 2254 1823 2309 sine
1861 2251 2041 2307 dubio

398 2349 607 2421 lgnatii
641 2348 841 2403 omnia
875 2346 1201 2417 smpissime
1230 2342 1870 2401 commemorabantur.
1916 2340 2043 2395 Pla-

401 2437 525 2491 cuit
554 2437 752 2507 itaque
786 2434 1153 2506 ineptissimo
1176 2432 1398 2495 viro.ab
1430 2432 1689 2487 Ecclesia
1705 2431 1982 2501 ejecto,et
2009 2445 2044 2483 a

399 2526 767 2599 philosophis
790 2525 1206 2596 recepto,mori
1233 2523 1473 2594 quidem
1489 2527 1767 2592 tanquam
1788 2521 2045 2592 philoso-

400 2616 607 2687 phum,
642 2616 860 2670 famam
895 2621 1092 2669 autem
1126 2614 1333 2668 eodem
1365 2611 1540 2666 modo
1572 2611 1899 2681 acquirere,
1926 2626 2042 2679 quo

398 2703 779 2774 acquisivisse
800 2703 1089 2774 lgnatium
1114 2701 1339 2772 putavit
1364 2717 1376 2768 ;
1402 2699 1683 2770 epistolas
1724 2704 1858 2753 ante
1884 2714 2041 2751 mor-

397 2797 519 2847 tem
544 2793 615 2847 ad
630 2793 895 2846 civitates
919 2790 1325 2845 nobilissimas
1347 2788 1731 2855 exarando,et
1753 2787 1899 2842 tales
1912 2803 2009 2841 om
2025 2815 2039 2825 ο

400 2882 544 2936 nino
578 2880 731 2934 viros
756 2879 1143 2944 instituendo,
1169 2878 1376 2948 quales
1403 2877 1573 2930 illum
1594 2876 1808 2947 saepius
1839 2880 2041 2947 postu-

396 2970 551 3025 lasse
586 2971 972 3024 noverat.lloc
994 2985 1129 3023 vero
1153 2984 1186 3022 a
1215 2967 1467 3021 Luciano
1490 2966 1900 3021 disertissimis
1922 2982 2044 3019 ver-

396 3059 488 3113 bis
520 3059 883 3129 descriptum
949 3062 1035 3111 est
1074 3057 1135 3110 in
1166 3054 1464 3125 Peregrina
1497 3072 1601 3109 suo
1636 3072 1648 3109 :
1679 3053 1816 3107 Φασὶ
1850 3049 1907 3106 δὲ
1937 3054 2043 3106 πά-

396 3166 515 3208 σαις
548 3142 744 3220 σχεδὸν
778 3150 897 3205 ταῖς
941 3141 1175 3214 ἐνδόξοις
1229 3142 1455 3197 πόλεσιν
1492 3141 1784 3204 ἐπιστολὰς
1818 3139 2045 3213 διαπέμ-

397 3237 492 3308 ψαι
528 3233 709 3304 αὐτὸν,
744 3232 1004 3303 διαθήκας
1062 3233 1235 3300 τινὰς,
1270 3230 1359 3285 καὶ
1418 3231 1778 3305 παραινέσεις,
1831 3229 1922 3285 καὶ
1952 3229 2037 3285 νὸ-
2078 3227 2122 3292 C

401 3344 558 3398 μους,
590 3323 678 3378 καί
734 3344 884 3384 τινας
941 3323 1023 3376 ἐπὶ
1080 3320 1287 3376 τούτων
1343 3315 1673 3395 πρεσϐευτὰς
1731 3321 1838 3374 τῶν
1895 3320 2035 3374 ἑταί-

401 3434 509 3487 ρων
543 3411 946 3487 ἐχειροτόνησε,
979 3409 1374 3487 νεκραγγέλους
1431 3411 1522 3465 καὶ
1577 3407 2038 3484 νερτεροδρόμους

397 3502 857 3577 προσαγορεύσας.
895 3526 920 3553 ‹‹
960 3503 1139 3556 Aiunt
1169 3506 1366 3556 autem
1400 3517 1535 3555 eum
1566 3500 1639 3555 ad
1684 3516 1891 3555 omnes
1918 3501 2038 3555 fere

399 3592 713 3664 praeclaras
745 3592 1009 3647 civitates
1041 3589 1323 3661 epistolas
1346 3589 1600 3654 misisse,
1637 3589 1861 3644 monita
1882 3606 2038 3659 quaa-

396 3681 1038 3750 dam,exhortationes,
1074 3684 1251 3749 atque
1283 3678 1442 3749 leges
1475 3694 1487 3731 :
1521 3683 1581 3731 et
1609 3695 1677 3732 ex
1713 3679 1886 3733 sociis
1918 3679 2041 3734 suis

394 3772 467 3827 de
501 3772 592 3825 his
623 3770 845 3842 legatos
879 3767 1189 3831 ordinavit,
1215 3783 1249 3821 a
1281 3767 1529 3822 mortuis
1560 3768 1824 3835 nuntios,
1866 3773 1924 3822 et
1966 3768 2038 3822 ab

394 3857 603 3913 inferis
635 3873 909 3911 cursores
940 3854 1269 3926 appellans.
1301 3876 1328 3903 ››

470 3955 763 4011 Habemus
794 3956 888 4009 hic
906 3953 1189 4024 epistolas
1210 3969 1245 4007 a
1265 3952 1517 4025 jamjam
1542 3954 1828 4010 morituro
1848 3954 1922 4010 ad
1947 3954 2039 4008 in-

397 4045 687 4117 signiores
739 4043 1005 4097 civitates
1047 4042 1280 4109 missas,
1314 4058 1449 4096 cum
1481 4042 1990 4098 exhortationibus
2024 4059 2037 4097 :

396 4133 557 4205 quod
593 4132 732 4187 fecit
756 4131 810 4185 S.
844 4131 1329 4203 Ignatius,neque
1345 4135 1481 4185 ante
1504 4132 1885 4204 Peregrinum
1901 4148 2043 4202 prae-

400 4229 491 4278 ter
523 4237 680 4281 eum.
714 4221 945 4292 opinor,
980 4220 1298 4291 quisquam
1325 4236 1337 4272 :
1362 4218 1649 4274 habemus
1669 4220 1823 4274 viros
1854 4236 1923 4274 ex
1956 4236 2041 4274 so-

402 4311 510 4366 ciis
542 4309 665 4364 suis
699 4309 1003 4362 institutos
1020 4313 1298 4377 tanquam
1314 4304 2046 4380 legatos:scilicet,éxe:po-

394 4396 591 4465 τόνησε
638 4392 989 4469 πρεσϐευτάς,
1051 4395 1225 4466 plane
1282 4401 1347 4451 ut
1402 4395 1557 4467 apud
1608 4397 1901 4468 Ignatium
1933 4413 2045 4450 no-

397 4494 521 4541 stru
539 4502 593 4540 m
630 4484 882 4556 epistola
913 4484 985 4539 ad
1018 4484 1371 4554 Smyrnaaos,
1405 4490 1793 4556 χειροτονῆσαι
1817 4484 2044 4556 θεοπρε-

396 4567 645 4640 σϐευτήν,
683 4578 740 4626 et
769 4572 841 4626 ad
874 4571 1301 4642 Magnesianos,
1359 4576 1743 4643 χειροτονῆσαι
1798 4569 2043 4625 διάκονον

396 4661 472 4721 εἷς
504 4660 564 4714 τὸ
597 4653 922 4732 πρεσϐεῦσαι
955 4656 1066 4712 ἐκεῖ
1096 4661 1230 4712 Θεοῦ
1264 4651 1569 4731 πρεσὸεἶανσ
1604 4659 1889 4715 habemus
1939 4678 2041 4715 eos

396 4753 619 4823 legatos
650 4768 684 4805 a
716 4749 1034 4820 Peregrino
1091 4749 1421 4820 appellatos
1450 4744 1943 4821 νερτεροδρόμους,
1975 4758 2042 4806 ut

397 4841 553 4913 apud
591 4841 902 4912 lgnatium,
937 4835 1318 4911 χειροτονῆσαί
1347 4857 1483 4907 τινα,
1518 4837 1574 4897 ὃς
1607 4835 1889 4906 δυνήσεται
1923 4841 2038 4893 Oso-

396 4928 601 5003 δρόμος
627 4928 934 4990 καλεῖσθαι.
960 4928 1015 4983 Si
1048 4927 1185 4982 huic
1207 4926 1565 4997 conjectura:
1611 4927 1771 4983 locus
1803 4930 1900 4997 sit,
1934 4931 2039 4986 has

395 5020 681 5092 epistolas
711 5033 858 5090 quas
873 5016 1247 5072 defendimus
1276 5016 1458 5086 probe
1478 5016 1638 5070 novit
1665 5016 2036 5089 Peregrinus,

393 5111 493 5181 qui
526 5115 663 5163 ante
696 5106 1047 5177 martyrium
1106 5105 1313 5176 Ignatii
1346 5110 1540 5173 natus,
1602 5110 1736 5175 post
1775 5107 2036 5163 medium

393 5199 594 5253 surculi
629 5196 871 5252 secundi
905 5194 1162 5250 flammis
1185 5211 1247 5247 se
1280 5194 1465 5248 dedit.

464 5296 641 5349 Tertii
677 5294 918 5365 quidem
953 5291 1153 5347 saeculi
1204 5292 1523 5364 scriptores
1579 5292 2037 5366 ecclesiasticos,

392 5384 722 5456 prmsertim
750 5385 1000 5447 Graecos,
1033 5381 1251 5452 quibus
1276 5383 1532 5437 maxime
1562 5388 1683 5438 tum
1716 5389 1892 5440 notus
1930 5385 2041 5442 fuit

394 5476 447 5528 S.
487 5472 765 5543 lgnatius,
793 5470 1083 5526 habemus
1115 5487 1256 5526 sane
1274 5472 1623 5541 superstites
1644 5474 2043 5544 perpaucissi-

390 5578 550 5625 mos;
578 5576 832 5631 quorum
862 5561 1195 5632 prmcipuus
1223 5559 1737 5631 Origenes,eodem
1763 5579 1879 5633 quo
1897 5566 2042 5618 scri-

390 5651 505 5723 psit
531 5650 798 5723 lgnatius
830 5666 950 5704 aavo
969 5654 1162 5715 natus,
1197 5654 1255 5703 et
1285 5647 1461 5703 rebus
1494 5648 1839 5721 theologicis
1873 5651 2041 5707 innu-

2149 563 2382 619 decimo
2409 564 2604 619 Severi
2636 564 2997 631 anno,tertio
3017 563 3230 619 saeculo
3249 564 3377 636 jam
3397 566 3651 636 ineunte,
3680 572 3769 625 Ca-

2152 654 2429 709 techeseon
2445 671 2593 725 opus
2609 670 2940 726 aggressus,
2969 653 3161 708 adhuc
3177 654 3414 725 juvenis
3443 657 3701 714 Homilias
3722 663 3774 715 in

2148 744 2418 798 S.Lucam
2456 742 2694 813 scripsit
2716 759 2862 812 quas
2886 743 3307 813 interpretatus
3334 748 3423 798 est
3444 745 3498 800 S.
3522 746 3777 819 Hierony-

2151 833 2779 888 mus.Homiliaautem
2802 838 2965 887 sexta
2986 832 3108 886 ham
3134 832 3421 905 legimus:
3447 835 3777 904 «Eleganter

2149 923 2212 976 in
2244 923 2551 994 cujusdam
2598 923 2878 992 martyris
2927 921 3174 992 epistola
3221 923 3505 993 scriptum
3553 926 3770 995 reperi;

2151 1012 2443 1083 Ignatium
2469 1011 2622 1077 dico,
2656 1011 2997 1082 episcopum
3022 1012 3351 1066 Antiochiaa
3398 1018 3527 1084 post
3555 1015 3770 1069 Petium

2153 1100 2503 1169 secundum,
2526 1100 2627 1171 qui
2660 1100 2722 1154 in
2753 1100 3165 1170 persecutione
3187 1102 3383 1155 Romae
3414 1102 3682 1174 pugnavit
3709 1103 3773 1157 ad

2151 1189 2404 1244 bestias:
2434 1188 2813 1259 «Principem
2848 1188 3051 1243 saeculi
3084 1189 3262 1261 hujus
3295 1189 3466 1244 latuit
3495 1191 3776 1263 virginitas

2152 1278 2367 1333 Maria).
2400 1300 2427 1327 ι»
2462 1300 2489 1328 ››
2525 1280 2609 1333 lta
2632 1295 2790 1332 nunc
2829 1278 3082 1349 legimus
3105 1279 3168 1333 in
3216 1279 3476 1350 Epistola
3505 1279 3575 1334 ad
3601 1281 3772 1351 Ephe-

2153 1370 2293 1437 sios,
2324 1361 2509 1423 ἔλαθεν
2542 1368 2631 1421 τὸν
2689 1364 2931 1441 ἄρχοντα
2978 1371 3073 1421 τοῦ
3104 1367 3297 1427 αἰῶνος
3328 1366 3521 1423 τούτου
3543 1371 3575 1438 ἡ
3598 1371 3775 1443 παρθε-

2151 1458 2237 1511 νία
2268 1456 2504 1531 Μαρίας.
2527 1458 2707 1513 Vetus
2737 1457 3033 1529 Interpres
3059 1475 3071 1512 :
3102 1459 3330 1513 «Latuit
3352 1460 3672 1531 principem
3687 1478 3776 1514 saa-

2154 1549 2268 1604 culi
2298 1548 2477 1618 hujus
2509 1548 2813 1621 virginitas
2843 1548 3055 1602 Marizn.
3093 1570 3121 1597 »
3151 1548 3313 1602 Idem
3343 1549 3621 1622 Origenes
3650 1556 3777 1604 natu

2153 1637 2433 1710 grandior
2455 1637 2884 1691 Commentarios
2916 1638 2975 1690 in
3007 1637 3295 1692 Canticum
3313 1638 3632 1709 scripsit,in
3654 1655 3780 1708 quo-

2153 1744 2285 1781 rum
2310 1726 2557 1797 Prologo
2580 1726 2705 1781 haec
2736 1725 3019 1797 legimus:
3069 1748 3093 1778 ο
3126 1725 3392 1796 Denique
3418 1727 3779 1781 meminimus

2156 1815 2419 1885 aliquem
2452 1820 2791 1870 sanctorum
2826 1815 3067 1881 dixisse,
3105 1816 3396 1887 Ignatium
3429 1817 3686 1881 nomine,
3716 1815 3779 1869 de

2156 1904 2419 1959 Christo:
2446 1926 2472 1954 ‹‹
2500 1905 2659 1958 Meus
2680 1909 2878 1958 autem
2911 1920 3079 1959 amor
3127 1905 3449 1960 cruciﬁxus
3495 1910 3601 1966 est.
3630 1928 3655 1953 ››
3684 1920 3780 1958 nec

2156 1993 2509 2064 reprehendi
2535 2009 2670 2047 eum
2729 2010 2835 2064 pro
2893 1993 3004 2048 hoc
3074 1994 3569 2066 dignumjudico.
3605 1995 3781 2047 nHzec

2156 2087 2351 2136 autem
2389 2082 2563 2136 verba
2593 2081 2653 2135 in
2684 2081 2945 2151 Epistola
2976 2081 3049 2136 ad
3082 2085 3375 2138 Romanos
3406 2083 3600 2138 adhuc
3630 2097 3779 2152 repe-

2155 2170 2411 2236 riuntur,
2445 2170 2505 2225 Ὀ
2536 2166 2668 2240 ἐμὸς
2697 2162 2835 2242 ἔρως
2865 2168 3217 2243 ἐσταύρωται.
3256 2174 3431 2227 Vetus
3467 2172 3778 2242 Interpres:

2156 2281 2187 2311 ‹‹
2218 2261 2409 2314 Meum
2441 2259 2801 2314 desiderium
2833 2260 3180 2315 cruciﬁxum
3212 2267 3320 2316 est.
3354 2284 3381 2311 ››

2226 2368 2427 2431 Quarti
2462 2367 2833 2430 saaculi,sane
2866 2366 3368 2436 ﬂorentissimi,ut
3389 2370 3578 2425 multo
3602 2368 3784 2440 plures

2156 2455 2592 2511 ecclesiasticos
2619 2456 3049 2527 scriptores,ita
3079 2461 3137 2511 et
3159 2458 3601 2529 lgnatianorum
3624 2462 3785 2512 testes

2154 2545 2687 2600 habemus.Eorum
2720 2546 2945 2616 primus
2976 2546 3122 2600 mihi
3155 2547 3396 2617 quidem
3430 2548 3658 2602 videtur
3678 2545 3784 2609 ille,

2156 2635 2427 2705 quisquis
2459 2640 2569 2701 est,
2603 2634 2701 2703 qui
2755 2634 3070 2705 Dionysius
3117 2638 3474 2708 Areopagita
3499 2637 3660 2707 vulgo
3689 2651 3786 2689 no-

2156 2723 2447 2789 minatur;
2472 2739 2592 2778 non
2620 2722 2794 2795 longe
2826 2724 2987 2778 enim
3017 2724 3090 2779 ab
3123 2726 3293 2779 initio
3326 2726 3509 2796 hujus
3541 2726 3641 2780 aevi
3663 2739 3785 2779 eum

2155 2813 2465 2883 scripsisse
2496 2813 2712 2867 sentio.
2736 2812 2839 2867 llle
2870 2819 3067 2867 autem
3104 2813 3253 2868 libro
3287 2817 3362 2870 De
3390 2816 3600 2869 divinis
3624 2815 3787 2868 nomi-

2152 2901 2333 2969 nibus,
2368 2900 2440 2956 de
2465 2917 2666 2955 amore
2701 2900 3036 2971 disputans,
3070 2908 3128 2956 et
3175 2904 3491 2975 Origenem
3526 2919 3787 2975 sequens,

2155 2991 2238 3043 ita
2268 2988 2532 3059 loquitur
2566 3005 2579 3041 :
2632 2985 2817 3041 Καίτοι
2859 2982 3007 3057 ἕδοξὲ
3034 3009 3143 3042 τισι
3172 2994 3281 3043 τῶν
3310 2992 3430 3054 καθ’
3465 2994 3613 3063 ἡμᾶς
3644 2993 3784 3063 ἱερο-

2156 3072 2339 3147 λόγων
2367 3073 2456 3128 καὶ
2489 3075 2758 3149 θειότερον
2790 3075 2927 3129 εἶναι
2979 3076 3042 3129 τὸ
3096 3081 3194 3130 τοῦ
3250 3071 3455 3151 ἔρωτος
3499 3074 3668 3149 ὄνομα
3695 3079 3783 3131 τοῦ

2152 3170 2252 3232 τῆς
2283 3164 2517 3237 ἀγαπηςσ
2550 3164 2743 3239 γράφει
2778 3160 2834 3218 δὲ
2864 3164 2949 3218 καὶ
2984 3165 3011 3218 ὁ
3045 3170 3193 3229 θεῖος
3246 3167 3528 3240 Ἰγνάτιος·
3561 3169 3619 3225 Ὀ
3666 3164 3788 3237 ἐμὸς

2149 3250 2288 3331 ἔρως
2336 3254 2693 3329 ἓσταύρωται.
2736 3280 2762 3306 ‹‹
2826 3259 3025 3312 Visum
3076 3265 3165 3313 est
3220 3261 3528 3331 aliquibus
3578 3265 3785 3315 nostrae

2148 3348 2340 3402 astatis
2371 3348 2557 3402 sacris
2588 3347 2976 3417 scriptoribus
3006 3350 3226 3404 amoris
3257 3367 3441 3421 quam
3491 3349 3783 3407 charitatis

2148 3452 2367 3491 nomen
2399 3436 2658 3490 divinius
2689 3436 3062 3490 esse.Scribit
3082 3444 3279 3493 autem
3296 3446 3355 3493 et
3376 3440 3613 3495 divinus
3633 3440 3790 3508 lgna-

2148 3526 2267 3579 tius
2299 3541 2312 3579 :
2348 3548 2373 3574 ‹‹
2410 3528 2593 3578 Amor
2616 3540 2782 3579 meus
2800 3525 3116 3580 cruciﬁxus
3148 3533 3300 3582 est.»
3338 3551 3362 3576 ››
3398 3528 3585 3598 Hujus
3606 3531 3791 3581 autem

2148 3614 2255 3667 viri
2291 3614 2463 3685 longe
2495 3613 2845 3680 doctissimi,
2871 3615 2920 3668 si
2957 3614 3129 3670 initio
3164 3617 3342 3688 hujus
3374 3616 3573 3671 saeculi
3605 3627 3794 3669 revera

2151 3703 2547 3773 scripserit,ut
2577 3702 3507 3771 arbitramur,luculentissimum
3541 3704 3795 3759 testimo-

2148 3794 2315 3847 nium
2348 3798 2438 3848 est
2471 3809 2483 3859 ;
2520 3792 2791 3862 quisquis
2823 3799 3023 3846 autem
3048 3793 3248 3860 fuerit,
3276 3794 3400 3848 sive
3434 3794 3635 3865 hujus,
3686 3790 3795 3845 sive

2150 3882 2454 3953 sequentis
2486 3882 2591 3936 aevi
2617 3881 2888 3951 scriptor,
2921 3883 3079 3937 varia
3110 3883 3183 3937 de
3238 3884 3349 3939 hoc
3381 3886 3511 3956 ipso
3540 3885 3669 3939 loco
3699 3883 3799 3935 ho-

2149 3973 2379 4027 minum
2423 3970 2654 4041 judicia
2716 3971 3161 4042 lgnatianorum
3250 3975 3691 4037 auctoritatem,
3739 3974 3799 4024 ut

2146 4062 2427 4132 deinceps
2458 4060 2865 4121 ostendemus,
2901 4061 3229 4131 plurimum
3260 4064 3730 4118 conﬁrmabunt.

2221 4150 2525 4205 Secundus
2549 4149 2727 4218 hujus
2776 4150 2879 4203 aavi
2928 4151 3098 4204 testis
3153 4156 3241 4205 est
3290 4152 3586 4207 Eusebius
3616 4153 3797 4205 Caesa-

2150 4240 2364 4294 riensis
2395 4239 2730 4310 episcopus,
2764 4240 2864 4309 qui
2922 4239 3141 4294 multos
3173 4241 3445 4312 Origenis
3482 4239 3800 4311 discipulos

2149 4328 2313 4383 vidit.
2340 4328 2393 4383 Is
2424 4334 2624 4383 autem
2657 4343 2791 4381 cum
2818 4327 3084 4399 singulos
3115 4330 3472 4385 nominatim
3500 4340 3800 4385 recensere

2151 4434 2271 4471 non
2296 4417 2628 4488 posset,qui
2653 4416 2864 4487 primis
2886 4418 3226 4487 apostolicae
3243 4418 3803 4474 successionistem—

2152 4505 2397 4577 poribus
2417 4505 2737 4569 antistites,
2773 4512 2875 4559 aut
2915 4507 3287 4578 evangelistaa
3310 4507 3573 4575 fuerant,
3609 4518 3801 4561 eorum

2076 4594 2119 4657 D
2152 4595 2441 4651 duntaxat
2471 4595 2720 4649 nomina
2750 4611 3063 4650 recensere
3096 4597 3588 4667 statuit,quorum
3606 4609 3805 4651 monu-

2154 4684 2371 4738 mentis
2402 4683 2745 4753 apostolicaa
2775 4682 3061 4739 doctrinm
3095 4685 3332 4740 traditio
3363 4686 3438 4741 ad
3490 4703 3600 4741 sua
3625 4696 3804 4752 usque

2150 4778 2419 4843 tempora
2471 4772 2793 4827 ferebatur.
2844 4774 2991 4829 Hist.
3051 4774 3257 4835 eccles.,
3293 4775 3332 4830 l.
3364 4792 3448 4839 ιιι,
3482 4792 3535 4829 c.
3571 4776 3663 4836 37,
3690 4772 3753 4825 38
3790 4785 3802 4821 :

2148 4868 2342 4932 Ὥσπερ
2375 4857 2466 4913 οὖν
2496 4859 2692 4931 ἀμέλει
2723 4862 2820 4913 τοῦ
2876 4859 3143 4934 Ἰγνατίου
3201 4859 3255 4914 ἐν
3313 4862 3400 4922 αἶς
3451 4860 3806 4929 κατελέξαμεν

2149 4949 2486 5019 ἐπιστολαῖς,
2509 4950 2599 5005 καὶ
2645 4953 2743 5004 τοῦ
2776 4948 3101 5022 Κλήμεντος
3126 4950 3181 5006 ἐν
3210 4956 3279 5025 τῇ
3322 4949 3802 5025 ἀνωμολογημένῃ

2147 5042 2293 5114 παρὰ
2324 5046 2507 5097 πᾶσιν.
2542 5064 2568 5091 u
2613 5039 2778 5106 Quod
2829 5040 3053 5097 factum
3105 5049 3193 5098 est
3227 5044 3285 5098 in
3309 5039 3805 5115 epistolislgnatii

2149 5148 2298 5204 quas
2328 5130 2829 5197 recensuimus,et
2859 5130 3178 5186 Clementis
3210 5132 3310 5187 illa
3338 5133 3412 5188 ab
3447 5133 3689 5188 omibus
3720 5144 3809 5183 re-

2150 5226 2338 5292 cepta.
2375 5242 2402 5268 ››
2436 5218 2722 5273 Eusebius
2776 5219 2974 5290 igitur,
3008 5236 3189 5275 unam
3222 5221 3581 5286 Clementis,
3614 5221 3810 5293 plures

2150 5308 2355 5379 lgnatii
2376 5305 2658 5377 epistolas
2682 5307 3075 5377 proponebat,
3098 5316 3166 5364 ut
3185 5310 3638 5382 antiquissima,
3672 5323 3807 5378 apo-

2150 5397 2369 5452 stolica:
2399 5395 2793 5451 successionis
2852 5397 3094 5468 scripta,
3147 5405 3205 5453 et
3254 5399 3675 5470 apostolorum
3709 5398 3810 5452 do-

2151 5485 2743 5541 ctrinzntraditionem
2759 5486 3275 5542 continentiaJllaa
3294 5494 3499 5543 autem
3524 5486 3808 5560 epistolae,

2153 5592 2300 5647 quas
2332 5580 2639 5645 tantopere
2662 5573 2923 5628 laudavit
2975 5575 3285 5644 Eusebius,
3319 5577 3649 5647 ipsissimaa
3682 5579 3814 5630 sunt

2155 5681 2304 5737 quas
2331 5680 2440 5719 nos
2472 5662 2781 5726 habemus,
2834 5668 2895 5718 et
2949 5663 3346 5721 defendimus.
3390 5666 3604 5723 Tradit
3659 5665 3811 5721 enim
