3974 6134
205 337 277 395 85
998 339 1056 399 J.
1102 339 1533 404 PEARSONII
1577 341 1948 403 vmmcm
1995 304 2466 404 lGNATlANzE.
2514 379 2592 395 ...-
2634 346 2843 408 PARS
2886 347 2934 407 1.
3584 346 3660 405 86

204 473 394 528 talitas
427 479 654 530 nostra
684 482 1073 548 purgaretur.
1107 479 1218 533 Τοῦ
1251 474 1436 542 αὐτοῦ,
1467 476 1528 530 ἐκ
1570 482 1670 544 τῆς
1722 475 1773 530 αἱ

2082 501 2105 539 ς
2163 478 2261 534 οὐκ
2324 477 2712 554 ἀποδέχονται,
2782 479 2872 536 διὰ
2927 482 2989 536 τὸ
3053 482 3128 554 μή
3195 480 3495 555 ὁμολογεῖν
3554 484 3651 551 τήν

207 559 569 628 Ἐπιστολῆς.
619 565 918 636 Ejusdem
978 583 1046 620 ex
1097 566 1306 622 eadem
1356 566 1618 636 Epistola
1675 565 1769 620 Ἒτ

2080 569 2350 642 χαριστίαν
2429 571 2599 645 σάρκα
2700 573 2831 626 εἷναι
2931 575 3027 626 τοῦ
3134 575 3390 645 Σωτῆρος
3491 574 3649 643 ἡμῶν

209 651 320 703 κατ’
355 648 534 724 ἄνδρα
567 656 738 722 κοινῇ
780 654 983 714 πάντες
1041 651 1092 707 ἐν
1142 657 1211 727 τῇ
1269 653 1458 727 χάριτι
1629 652 1898 725 ὀνοματος
2007 658 2196 726 Ἰησοῦ
2253 661 2510 732 Χριστοῦ,
2577 661 2676 726 τὴν
2736 660 2868 734 ὓπερ
2953 665 3058 714 τῶν
3149 661 3428 732 ἁμαρτιων
3487 662 3649 731 ἡμῶν

215 744 545 816 συνέρχεσθε
576 741 631 796 ἐν
676 748 779 814 μιᾷ
809 745 1016 812 πίστει,
1048 744 1136 798 καὶ
1164 743 1240 799 ἐνὶ
1269 746 1456 813 Ἰησοῦ
1486 747 1728 815 Χριστῷ,
1761 744 1899 797 κατά
2002 746 2305 813 παθοῦσαν,
2409 746 2474 815 ἢν
2579 747 2918 820 χρηστότητι
2994 749 3021 802 ὁ
3111 749 3298 820 Ηατῆρ
3406 746 3648 822 ἤγειρεν.

222 833 384 901 σάρκα
417 831 481 885 ἐκ
511 831 718 906 γένους
755 829 953 900 Δαϐὶδ,
1008 839 1087 904 τῷ
1134 835 1244 904 Υἱῷ
1288 837 1386 888 τοῦ
1433 834 1743 906 ανθρώπου,

2083 835 2400 891 .charistias
2450 841 2509 891 et
2550 837 2881 892 oblationes
2929 855 3046 892 non
3098 837 3439 907 admittunt,
3496 839 3652 908 quod

224 923 326 988 Γιῷ
352 925 450 974 τοῦ
481 925 647 976 Θεοῦ.
685 923 1005 993 Siquidem
1035 924 1249 994 singuli
1281 940 1490 978 omnes
1531 924 1802 977 universe
1834 923 1894 976 in
2001 939 2120 976 non
2151 925 2552 980 conﬁteantur
2595 927 3010 981 eucharistiam
3053 944 3293 982 carnem
3350 945 3478 982 esse
3529 928 3646 982 Sal-

230 1012 410 1082 gratia
441 1013 817 1066 nominatim
851 1012 1180 1066 convenitis
1211 1013 1271 1066 in
1301 1029 1422 1067 una
1454 1011 1570 1066 ﬁde
1602 1018 1660 1066 et
1691 1011 1751 1064 in
1774 1027 1892 1065 uno
2000 1013 2214 1066 vatoris
2246 1015 2430 1068 nostri
2462 1015 2597 1068 Jesu
2629 1015 2866 1082 Christi,
2909 1033 3038 1086 quae
3065 1033 3170 1086 pro
3211 1017 3467 1085 peccatis
3511 1034 3650 1071 nos-

229 1101 356 1154 Jesu
385 1100 651 1168 Christo,
687 1101 1026 1156 secundum
1053 1116 1292 1155 carnem
1323 1117 1392 1155 ex
1423 1117 1638 1172 genere
1688 1100 1892 1166 David,
2002 1101 2106 1154 tris
2138 1118 2310 1171 passa
2340 1109 2449 1168 est,
2474 1119 2650 1172 quam
2685 1105 2856 1158 Pater
2895 1104 3260 1176 benignitate
3300 1121 3406 1160 sua
3463 1105 3649 1159 susci-

231 1191 369 1244 Filio
401 1191 695 1258 hominis,
731 1197 793 1245 et
826 1191 977 1246 Filio
1007 1192 1126 1246 Dei.
1161 1193 1274 1246 Τοῦ
1299 1189 1464 1244 αὐτοῦ
1494 1187 1554 1244 ἐκ
1579 1195 1678 1256 τῆς
1722 1189 1800 1243 αὐ·

589 1191 695 1258 nis,
731 1197 793 1245 et
826 1191 977 1246 Filio
1007 1192 1126 1246 Dei.
1161 1193 1274 1246 Τοῦ
1299 1189 1464 1244 αὐτοῦ
1494 1187 1554 1244 ἐκ
1579 1195 1678 1256 τῆς
1722 1189 1890 1256 αὐτῆς
1999 1191 2158 1244 tavit.

230 1277 582 1348 Ἐπιστολῆς.
645 1281 934 1350 Ejusdem
1019 1297 1090 1334 ex
1165 1279 1372 1334 eadem
1453 1279 1734 1350 Epistola.
1796 1277 1889 1338 Εἰς
2072 1281 2376 1337 Secundus
2407 1283 2584 1352 hujus
2617 1283 2817 1337 saeculi
2850 1285 3020 1339 testis
3073 1291 3162 1339 est
3211 1283 3491 1352 Gelasius,
3543 1286 3642 1354 qui

230 1367 408 1438 ἱατρός
441 1367 556 1420 ἐστι
614 1367 883 1437 σαρκικὸς
940 1368 1026 1421 καὶ
1085 1368 1475 1440 πνευματικὸς,
1530 1366 1782 1442 γεννητὸς

2074 1386 2155 1424 'ca
2193 1387 2417 1425 annum
2449 1375 2573 1425 492.
2594 1371 2862 1441 pontifex
2892 1375 3190 1428 Romanus
3213 1379 3462 1437 creatus,
3487 1375 3643 1428 circa

231 1457 538 1528 ἁγεννήτου,
570 1455 626 1510 ὲν
660 1455 939 1527 ἀνθρώπῳ
968 1456 1118 1519 Θεὸς,
1153 1455 1205 1510 ἐν
1235 1457 1448 1526 θανάτῳ
1481 1457 1594 1524 ζωή
1622 1453 1800 1524 ἀληθιε

2074 1461 2100 1512 6
2133 1459 2444 1516 defunctus
2475 1467 2580 1515 est.
2611 1463 2663 1515 Is
2694 1462 2854 1516 enim
2885 1463 2946 1516 in
2980 1464 3097 1516 ﬁne
3130 1463 3264 1516 libri
3319 1465 3391 1516 De
3431 1464 3643 1518 duabus

229 1547 314 1598 καὶ
345 1544 405 1599 ἐκ
435 1546 654 1618 Μαρίας
685 1545 776 1599 καί
811 1543 872 1599 ἐκ
901 1551 1054 1612 Θεοῦ,
1077 1550 1291 1618 πρῶτον
1324 1545 1589 1614 παθητὸς,
1621 1545 1710 1599 καὶ
1769 1566 1798 1599 τ

2068 1553 2210 1604 ιιυνίε
2242 1553 2299 1604 in
2323 1552 2534 1605 Christo
2558 1551 2684 1620 jam
2725 1552 2964 1606 tandem
3012 1569 3045 1606 a
3091 1552 3410 1622 pontiﬁciis
3458 1553 3637 1624 agniti

232 1636 462 1700 ἂπαθῆς,
500 1635 719 1702 Ἰησοῦς
752 1634 990 1708 Χριστὸς
1023 1635 1049 1687 ὁ
1079 1635 1280 1707 Κύριος
1336 1637 1520 1705 ἡμῶν.
1592 1637 1752 1690 Unus

2081 1639 2322 1709 recepti,
2359 1640 2786 1694 catholicorum
2838 1641 3178 1694 testimonia
3223 1641 3638 1711 magistrorum

227 1724 494 1778 medicus
525 1725 788 1779 carnalis
820 1731 879 1779 et
911 1724 1209 1794 spiritalis,
1241 1725 1475 1797 genitus
1507 1740 1577 1780 ex
1600 1725 1885 1796 ingenito,
1995 1726 2341 1797 subjiciens,
2375 1744 2409 1782 a
2438 1735 2640 1783 nostro
2670 1729 2892 1799 pariter
2921 1746 2987 1783 ac
3020 1731 3077 1784 Β.
3112 1729 3511 1784 Theodoretus
3545 1747 3637 1783 or-

221 1813 280 1866 in
313 1813 562 1913 homine
597 1815 770 1912 Deus,
807 1814 869 1867 in
899 1813 1234 1913 mortevita
1264 1830 1419 1881 vera,
1480 1818 1538 1912 et
1587 1831 1655 1868 ex
1913 1849 1956 1913 Β
1994 1817 2177 1871 ditur.
2220 1838 2249 1867 ‹‹
2283 1818 2488 1887 lgnatii
2523 1819 2784 1890 episcopi
2816 1824 2875 1872 et
2897 1820 3170 1890 martyris
3194 1819 3542 1873 Antiocheni
3567 1836 3636 1873 ex

217 1908 274 1956 et
299 1918 371 1956 ex
405 1903 552 1967 Deo,
587 1903 849 1972 primum
879 1902 1160 1972 patibilis,
1195 1908 1255 1956 et
1311 1908 1453 1957 tunc
1506 1901 1875 1973 impatibilis,
1913 1901 1953 1913 υ
1988 1905 2246 1975 Epistola
2273 1906 2346 1959 ad
2377 1907 2682 1977 Ephesios.
2717 1928 2746 1956 «
2779 1908 2940 1963 Unus
2969 1907 3238 1962 medicus
3270 1907 3636 1974 est,carnalis

211 1992 381 2045 Iesus
442 1991 716 2045 Christus
777 1992 1066 2046 Dominus
1120 1998 1323 2046 noster
1370 2014 1422 2047 ».
1483 1994 1552 2046 Et
1609 1993 1698 2046 haa
1759 1997 1876 2047 tres
1987 1999 2044 2047 et
2071 1995 2630 2064 spiritualis,factus
2660 2001 2857 2050 etnon
2879 1997 3171 2064 factns,in
3195 1997 3628 2065 homineDeus,

215 2081 536 2134 sententia:
570 2080 631 2133 in
663 2080 871 2134 eadem
922 2080 996 2134 ad
1039 2080 1317 2151 Ephesios
1375 2080 1636 2152 Epistola
1683 2079 1876 2135 adhuc
1982 2082 2046 2136 in
2079 2089 2267 2138 morte
2290 2085 2407 2138 vita
2427 2091 2668 2151 aeterna,
2703 2101 2771 2138 ex
2797 2086 3036 2140 Mariaet
3085 2103 3153 2139 ex
3199 2087 3336 2153 Deo,
3371 2087 3628 2156 primum

213 2170 624 2239 reperiuntur.
687 2170 888 2240 Pergit
939 2185 1113 2239 porro
1173 2170 1228 2222 Β.
1266 2169 1706 2224 Theodoretus:
1767 2171 1875 2222 Τοῦ
1983 2172 2285 2241 passibilis
2318 2179 2375 2228 et
2422 2175 2828 2244 impassibilis,
2876 2175 3160 2229 Dominus
3217 2180 3424 2229 noster
3461 2177 3628 2230 Iesus

215 2257 386 2310 αὐτοῦ
428 2256 490 2310 ἐκ
531 2263 633 2323 τῆς
660 2257 795 2329 πρὸς
833 2255 1212 2328 Τραλλιανοὺς
1240 2254 1599 2323 Ἐπιστολῆς.
1633 2281 1660 2308 ‹‹
1695 2259 1784 2328 Ejt

2058 2263 2270 2316 iristus.
2306 2284 2334 2311 »
2367 2265 2434 2316 Et
2473 2269 2607 2333 post
2637 2280 2861 2334 pauca:
2905 2286 2933 2313 «
2966 2264 3208 2335 Singuli,
3261 2264 3472 2334 inquit,
3521 2264 3627 2318 viri

220 2347 355 2401 dem
391 2365 466 2401 ex
528 2347 787 2418 Epistola
852 2348 927 2402 ad
980 2347 1330 2404 Trallianos.
1391 2345 1704 2424 Κωφώθητε
1758 2347 1872 2414 οὗν,
1984 2352 2380 2406 communiter
2409 2369 2617 2407 omnes
2648 2370 2716 2406 ex
2746 2353 2934 2423 gratia
2955 2370 3024 2407 ex
3047 2354 3288 2407 nomine
3321 2353 3629 2407 convenite

218 2438 346 2491 ὅταν
379 2438 567 2512 χωρὶς
598 2439 780 2507 Ἰησοῦ
821 2439 1060 2511 Χριστοῦ
1116 2438 1242 2510 ὑμῖν
1294 2436 1441 2510 λαλῇ
1497 2458 1604 2506 τις,
1660 2441 1757 2492 τοῦ

2075 2456 2256 2494 unam
2287 2440 2487 2508 ﬁdem,
2523 2447 2580 2494 et
2610 2442 2670 2494 in
2700 2458 2819 2496 uno
2847 2443 2986 2496 Jesu
3015 2442 3266 2507 Christo,
3299 2442 3626 2496 secundum

214 2527 402 2598 γένους
440 2521 634 2594 Δαεὶδ,
662 2530 760 2581 τοῦ
791 2525 850 2581 ἐκ
909 2527 1144 2599 Μαρίας,
1209 2525 1268 2588 ὅς
1319 2525 1542 2596 ἀληθῶς
1582 2527 1783 2602 ἐγεννήι

2056 2544 2221 2584 rnem
2255 2545 2322 2583 ex
2355 2545 2571 2600 genere
2605 2529 2804 2594 David,
2841 2529 2987 2584 Filio
3041 2530 3321 2598 hominis,
3375 2535 3432 2584 et
3480 2529 3625 2584 Filio

211 2613 376 2692 ’ἔφαγε
405 2636 466 2670 τε
512 2616 601 2669 καί
660 2614 804 2670 ἔπιεν
865 2615 1108 2684 ἀληθῶς,
1169 2613 1413 2690 ἐδιώχθη
1475 2614 1562 2669 ἐπὶ
1622 2615 1866 2683 Ποντίου,
1978 2619 2165 2673 Dei.»

211 2703 482 2772 Πιλάτου,
547 2703 862 2775 ἐσταυρώθη
920 2705 1010 2758 καὶ
1067 2703 1315 2769 ἂπὲθατε,
1390 2704 1705 2779 βλεπόντων
1763 2726 1780 2759 Ί

2054 2706 2493 2761 Observandum
2525 2714 2722 2762 autem
2756 2713 2865 2774 est,
2899 2708 3047 2762 duos
3078 2709 3256 2777 hujus
3287 2708 3390 2762 δονὶ
3444 2713 3623 2762 testes

216 2790 490 2867 ἐπιγείων.
523 2794 615 2846 καί
648 2793 1003 2866 ἐπουρανίων,
1033 2793 1124 2849 καί
1162 2795 1558 2868 καταχθονίων.
1625 2819 1652 2845 ‹‹
1687 2796 1785 2851 Obl

2053 2796 2408 2850 .eodoretum
2443 2801 2501 2849 et
2522 2796 3260 2859 Gelasium,tantummodo
3284 2814 3388 2867 pro
3413 2797 3622 2866 seipsis

217 2890 348 2938 rate
378 2901 548 2938 aures
590 2890 816 2940 vestras
848 2885 1084 2956 quando
1117 2886 1414 2954 quispiam
1447 2902 1546 2940 vos
1604 2884 1869 2954 loquitur
1976 2883 2161 2954 loqui,
2191 2885 2293 2940 sed
2327 2889 2508 2940 totius
2539 2885 2729 2956 quinti
2762 2886 2962 2939 saeculi
3000 2886 3294 2957 judicium
3329 2885 3499 2940 nobis
3530 2901 3619 2939 re-

215 2973 346 3028 sine
378 2974 516 3028 Jesu
547 2974 802 3042 Christo,
840 2975 939 3045 qui
991 2979 1080 3028 est
1127 2991 1198 3029 ex
1241 2990 1457 3046 genere
1508 2973 1706 3041 David,
1763 2973 1863 3042 qui
1974 2980 2372 3044 praesentare;
2408 2975 2840 3040 auctoritatem,
2876 2975 3120 3042 scilicet,
3178 2975 3620 3047 Ignati‘anorum

208 3080 276 3118 ex
319 3064 519 3126 Maria,
572 3063 671 3132 qui
723 3079 855 3117 vere
903 3068 1078 3118 natus
1132 3068 1240 3128 est,
1302 3080 1434 3117 vere
1490 3062 1749 3117 comedit
1806 3068 1864 3116 et
1972 3069 2114 3118 tunc
2145 3064 2430 3134 temporis
2479 3065 2635 3119 inter
2681 3081 2890 3119 omnes
2945 3070 3069 3119 tum
3119 3065 3438 3120 catholicos
3493 3069 3616 3119 tum

207 3151 374 3216 bibit,
409 3154 511 3222 qui
546 3151 655 3205 sub
686 3152 897 3206 Pontio
929 3151 1112 3206 Pilato
1143 3169 1354 3222 passus
1384 3157 1493 3215 est,
1541 3152 1859 3206 cruciﬁxus
1900 3196 1940 3222 η
1971 3151 2280 3206 hzereticos
2303 3158 2488 3207 ratam
2515 3159 2573 3206 et
2595 3153 2771 3208 ﬁxam
2794 3154 2993 3208 fuisse.
3021 3157 3165 3209 Nam
3193 3159 3258 3208 ut
3277 3173 3348 3208 ex
3378 3156 3615 3208 Socrate

210 3196 374 3216 --...-,
410 3196 511 3222 Ἰ...
546 3196 652 3205 -..υ
686 3196 708 3206 -
734 3196 894 3206 eum
930 3196 948 3205 -
974 3196 1110 3206 ...ην
1147 3196 1354 3222 rw"..-
1386 3196 1493 3215 ν--.
1542 3196 1858 3206 ν-........-..-
1971 3196 2280 3206 “ww.-.”
2303 3196 2488 3207 ηπ...
2516 3196 2573 3206 ν-
2596 3196 2771 3208 .........
2794 3196 2993 3208 ...ηοω
3198 3196 3258 3208 ..υ
3279 3196 3348 3208 υ..
3379 3196 3615 3208 ww“...

210 3247 264 3294 et
289 3247 582 3308 mortuus,
617 3241 951 3296 videntibus
983 3242 1341 3310 coelestibus,
1395 3241 1772 3296 terrestribus
1801 3245 1861 3295 et
1899 3196 1941 3262 ϐ
1971 3245 2030 3294 et
2061 3241 2406 3294 Sozomeno.
2448 3240 2813 3294 Theodoreto
2845 3245 2903 3295 et
2936 3242 3173 3296 Leontio
3195 3242 3447 3311 aliisque
3481 3258 3616 3296 con-

211 3331 418 3385 inferis
452 3353 504 3384 ».
543 3331 674 3385 Hmc
697 3331 900 3386 omnia
931 3347 1048 3385 uno
1080 3333 1208 3385 loco
1240 3348 1310 3385 ex
1343 3331 1532 3385 tribus
1563 3331 1618 3386 S.
1652 3330 1859 3401 lgnatii
1969 3333 2086 3383 stat
2117 3347 2130 3394 ;
2166 3329 2426 3383 hmretici
2457 3329 2552 3397 qui
2575 3329 2647 3382 ad
2672 3330 2850 3382 ﬁnem
2874 3331 2977 3383 aevi
3011 3331 3203 3398 quarti
3235 3331 3612 3401 antiquorum

210 3420 481 3491 epistolis
523 3421 584 3474 Β.
643 3419 1046 3474 Theodoretus
1093 3419 1375 3474 adversus
1425 3419 1514 3473 sui
1575 3418 1860 3488 temporis
1967 3419 2207 3472 Patrum
2246 3418 2563 3472 consensui
2595 3418 2974 3486 acquiescere
3005 3425 3374 3483 recusarunt,
3411 3419 3616 3488 quinto

212 3508 527 3562 haereticos
579 3507 873 3577 excerpsit
920 3514 1097 3577 atque
1145 3508 1460 3578 congessit.
1511 3507 1670 3561 ldem
1719 3505 1859 3560 alibi
1968 3506 2168 3560 statim
2201 3505 2680 3575 etsequentibus,
2708 3522 2808 3560 eos
2840 3509 3040 3561 Patres
3059 3512 3342 3576 tanquam
3364 3507 3616 3561 arbitros

203 3614 431 3659 rursus,
480 3597 696 3665 Dialog.
762 3597 1033 3664 [noon/us.
1079 3614 1137 3667 p.
1189 3599 1304 3650 86:
1364 3599 1470 3648 Τοῦ
1529 3593 1682 3666 ἀγίον
1713 3593 1856 3648 tm:-
1967 3594 2359 3662 admiserunt,
2394 3594 2494 3664 qui
2541 3600 2678 3649 ante
2737 3594 3108 3660 divisionem,
3167 3596 3285 3649 sive
3344 3601 3614 3650 exortum

199 3685 369 3739 κόπου
432 3685 781 3758 Ἀντιοχείας
865 3684 954 3738 καὶ
1046 3685 1319 3756 μάρτυρος
1399 3682 1458 3738 ἐκ
1538 3689 1642 3752 τῆς
1722 3704 1768 3753 π]

2043 3683 2286 3753 juslibet
2319 3683 2615 3737 haereseos
2647 3684 3045 3753 scripserant:
3079 3684 3237 3738 unde
3270 3683 3416 3737 tales
3457 3690 3612 3738 cata-

201 3774 543 3844 Σμυρναίους
605 3771 958 3840 Ἐπιστολῆς.
1019 3797 1047 3822 α
1102 3777 1157 3830 S.
1216 3774 1425 3845 Ignatii
1505 3773 1770 3828 Antiochi

2042 3773 2104 3842 gi,
2139 3773 2343 3841 quales
2375 3772 2531 3842 apud
2561 3773 2991 3827 Theodoretum
3015 3779 3073 3827 et
3113 3773 3407 3827 Gelasium
3439 3788 3611 3842 repe-

203 3863 463 3934 episcopi
500 3868 559 3917 et
609 3862 886 3933 martyris
931 3879 1001 3917 ex
1046 3863 1309 3934 Epistola
1365 3862 1439 3917 ad
1494 3865 1854 3933 Smyrnmos.
1966 3862 2224 3929 riuntur,
2249 3861 2499 3914 confecti
2533 3867 2689 3914 sunt.
2724 3862 2800 3914 De
2824 3878 2940 3930 qua
2968 3878 3031 3916 re
3064 3867 3270 3932 postea
3300 3862 3411 3915 erit
3440 3861 3612 3915 nobis

201 3950 337 4023 Ἐγὼ
370 3950 478 4024 γὰρ
510 3950 603 4004 καὶ
667 3949 803 4021 μετὰ
855 3950 956 4017 τήν
1014 3949 1300 4005 ἅνάστασιν
1360 3949 1411 4004 ἐν
1475 3949 1632 4022 σαρκὶ
1699 3948 1770 4002 αὐι

2044 3949 2383 4004 ςεονεηάυιῐι
2417 3948 2613 4004 latius.
2652 3953 2713 4004 In
2733 3949 2824 4004 his
2856 3950 3032 4021 igitur
3051 3950 3401 4005 Theodoreti
3425 3950 3613 4004 dialo-

203 4036 325 4092 οἶδα
377 4037 470 4092 καῖ
538 4037 778 4092 πιστεύω
841 4037 989 4094 ὄνταο
1051 4040 1140 4094 καὶ
1197 4037 1288 4094 ὅτε
1353 4041 1489 4107 πρὸς
1547 4036 1674 4097 τοὺς
1731 4059 1770 4092 π

2042 4039 2444 4094 sorthodoxus
2497 4039 2853 4093 sententiam
2896 4039 3116 4108 promit
3163 4040 3611 4104 catholicorum,

203 4127 406 4198 Πέτρον
436 4127 628 4192 ἢλθεν,
664 4125 766 4200 ἔφη
815 4127 1019 4188 αὐτοῖς’
1076 4123 1302 4197 Λάϐετε,
1353 4125 1716 4205 ψηλαφήσατὲ
1769 4150 1772 4197 ι

2064 4128 2366 4182 Eranistes
2397 4127 2813 4181 hmreticorum
2847 4127 3017 4180 illsus
3048 4127 3173 4180 aavi.
3224 4129 3366 4182 Cum
3411 4132 3611 4181 autem

206 4216 290 4268 mi
325 4214 468 4270 ἴδετε
500 4217 586 4270 ὅτι
617 4215 716 4270 οὐκ
745 4215 864 4288 εἷ’μί
895 4214 1176 4287 δαιμόνιον
1205 4218 1518 4289 ἆσώματον,
1557 4215 1651 4270 καὶ
1698 4215 1775 4277 εὐ(

2051 4216 2332 4271 Lhodoxus
2385 4232 2454 4269 ex
2512 4216 2827 4286 Scripturis
2887 4216 3183 4285 copiosius
3258 4216 3620 4287 disputasset

203 4305 367 4361 αὐτοῦ
399 4305 636 4376 ἥψαντο,
667 4307 758 4360 καὶ
789 4304 1129 4362 ἐπίστευσαν.
1170 4308 1284 4380 Ego
1315 4308 1474 4362 enim
1507 4310 1639 4378 post
1659 4323 1772 4361 res:

2051 4305 2181 4360 mrit
2214 4305 2534 4371 Eranistes,
2569 4305 2715 4374 quid
2749 4304 2976 4374 antiqui
3015 4305 3292 4360 Ecclesia)
3342 4305 3614 4361 doctores

205 4398 555 4456 rectionem,
593 4397 788 4466 ipsum
825 4396 885 4450 in
914 4412 1090 4451 carne
1130 4397 1252 4451 scio
1285 4395 1541 4450 etcredo
1574 4412 1744 4449 esse:
1801 4399 1859 4449 et
1967 4394 2284 4457 senserint,
2320 4392 2603 4458 celebres,
2637 4393 2883 4458 scilicet,
2917 4399 2977 4448 et
3031 4393 3387 4461 indubitati;
3439 4403 3613 4466 negat

208 4485 443 4555 quando
475 4483 550 4540 ad
585 4501 687 4539 eos
718 4486 817 4555 qui
853 4502 984 4540 cum
1035 4488 1206 4541 Petro
1255 4491 1446 4553 erant,
1496 4485 1674 4546 venit,
1708 4483 1777 4537 di:

2032 4484 2125 4537 lim
2159 4500 2220 4537 se
2250 4488 2628 4552 recepturum
2661 4477 2852 4553 ἄνδρας
2883 4481 3132 4552 ἀσήμους
3164 4482 3197 4551 ἢ
3234 4478 3601 4559 ἀμφιϐόλους,

214 4575 323 4628 eis:
361 4575 649 4645 Accipite,
684 4574 922 4646 palpate
955 4591 1068 4641 me,
1099 4580 1159 4629 et
1185 4575 1397 4641 videte,
1423 4574 1563 4643 quia
1585 4589 1705 4628 non
1729 4589 1860 4627 sum
1893 4559 1939 4624 Ι)
1973 4573 2223 4628 obscuros
2249 4578 2348 4625 aut
2379 4571 2678 4640 ambiguos.
2729 4572 3056 4642 Interrogat
3108 4571 3286 4643 igitur
3334 4573 3617 4628 orthodo-

218 4663 572 4720 daemonium
631 4665 1068 4735 incorporeum.
1118 4667 1187 4718 Et
1234 4665 1432 4719 statim
1483 4664 1677 4734 ipsum
1724 4662 1862 4717 teti-
1971 4679 2104 4728 xus,
2137 4678 2212 4716 an
2249 4662 2657 4727 Athanasium,
2692 4663 3056 4733 Gregorium,
3091 4662 3623 4729 Ambrosium,Fla-

219 4761 421 4823 gerunt
472 4760 531 4808 et
587 4753 990 4809 crediderunt.
1039 4756 1145 4809 Τοῦ
1201 4753 1370 4806 αὐτοῦ
1423 4751 1482 4806 ἐκ
1537 4771 1634 4820 της
1691 4749 1787 4806 αὐτ

2054 4768 2233 4807 mum.
2269 4752 2560 4806 Joannem
2589 4751 3069 4823 Chrysostomum
3104 4769 3207 4821 pro
3241 4752 3458 4806 talibus
3519 4753 3623 4806 ha-

221 4838 561 4908 Ἐπιστολῆς,
598 4841 878 4913 Ejusdem
915 4859 982 4897 ex
1014 4843 1220 4898 eadem
1281 4842 1558 4913 Epistola.
1613 4839 1758 4894 Μετὰ

2053 4845 2146 4904 at;
2175 4841 2433 4895 admittit
2465 4841 2572 4894 hos
2604 4857 2810 4895 omnes
2849 4844 2908 4894 et
2963 4840 3225 4910 ipsorum
3285 4841 3622 4895 testimonia

219 4929 308 4994 τήν
342 4929 624 4984 ἀνάστασιν
657 4931 745 4984 καὶ
779 4932 1040 5008 συνέφαγε
1087 4931 1177 4984 καὶ
1236 4931 1478 4985 συνέπιεν
1529 4927 1734 4998 αὐτοῖς,
1785 4954 1788 4975 ι

2051 4929 2271 4984 anistes
2297 4945 2310 4994 ;
2344 4934 2486 4983 tunc
2517 4945 2652 4982 vero
2677 4929 3312 4999 lgnatium,lrenzeum,
3341 4928 3619 4999 Hippoly-

223 5024 480 5091 σσρκικῶς
539 5020 630 5073 καὶ
688 5024 1073 5091 πνευματικῶς
1153 5022 1437 5090 ἡνωμένος
1518 5024 1596 5091 τῷ
1670 5025 1792 5092 ﬂat,

2050 5035 2097 5071 m
2134 5023 2190 5072 et
2221 5017 2600 5078 Methodium,
2633 5017 2896 5086 aliosque
2927 5033 2988 5071 se
3007 5015 3430 5085 producturum
3459 5033 3619 5072 asse-

222 5110 350 5162 Post
405 5112 910 5165 resurrectionem
967 5116 1163 5165 autem
1237 5127 1358 5164 una
1441 5127 1574 5164 cum
1663 5109 1750 5164 eis
1808 5113 1866 5163 et
1975 5106 2089 5170 rit;
2122 5105 2282 5159 valde
2311 5105 2555 5174 cupienti
2585 5104 2721 5158 mihi
2750 5106 2916 5158 etiam
2967 5105 3077 5157 have
3136 5102 3449 5156 testimonia
3489 5121 3620 5173 pro-

219 5199 471 5254 comedit
496 5207 556 5254 et
585 5200 760 5266 bibit,
796 5205 1079 5270 tanquam
1110 5199 1432 5254 carnaliter
1481 5204 1538 5253 et
1587 5198 1866 5268 spiritua-
1971 5210 2158 5263 pones,
2184 5193 2377 5263 inquit
2404 5194 2815 5247 hmreticorum
2841 5193 3079 5247 nomine
3107 5191 3622 5263 Eranistes.Atque

221 5285 350 5341 liter
378 5292 581 5344 unitus
632 5289 815 5343 Patri.
879 5291 946 5343 Et
1001 5305 1210 5352 rursus,
1269 5288 1416 5342 Dial.
1476 5286 1772 5358 impatib.,
1805 5304 1862 5356 p.
1976 5283 2058 5336 ita
2087 5281 2325 5335 demum
2359 5281 2654 5351 prolixum
2683 5283 2825 5335 satis
2853 5283 3183 5353 catalogum
3241 5282 3621 5352 antiquorum

227 5378 356 5430 £54:
389 5378 500 5432 Τοῦ
533 5376 693 5449 ἁγίου
729 5374 994 5451 Ἰγνατίου
1021 5375 1325 5429 ἐπισκόπου
1373 5372 1717 5446 Ἀντιοχείας
1776 5393 1796 5426 ιι

2050 5376 2217 5424 ttrum
2252 5369 2397 5424 texit
2433 5369 2793 5423 orthodoxus
2827 5387 2898 5424 ex
2954 5377 3119 5441 parte
3170 5372 3619 5439 catholicorum,

231 5464 514 5536 μάρτυρος,
582 5464 642 5520 ἐκ
700 5471 803 5532 τῆς
853 5465 989 5537 πρὸς
1077 5461 1419 5537 Σμυρναίους
1512 5459 1800 5517 Ἐπιστολΰ

2055 5466 2336 5528 tanquam
2357 5453 2631 5529 τηλαυγὲς
2663 5455 2956 5529 πρόσωπον
2981 5465 3208 5529 septem
3228 5460 3623 5530 longiusculas

229 5554 277 5607 S.
325 5554 525 5625 Ignatii
585 5555 856 5630 episcopi
913 5554 1268 5610 Antiocheni
1325 5558 1382 5608 et
1427 5552 1739 5624 martyris,
1799 5569 1870 5608 ex
1981 5551 2308 5606 sententias
2339 5566 2410 5604 ex
2442 5549 2630 5604 tribus
2661 5549 2869 5622 lgnatii
2904 5552 3092 5605 nostri
3120 5553 3389 5623 epistolis
3421 5570 3622 5609 excer-

227 5642 470 5715 Epistola
499 5644 576 5700 ad
628 5645 989 5716 Smyrnwos.
1049 5639 1414 5717 Εὐχαριστίας
1478 5639 1566 5694 καὶ
1625 5658 1796 5716 «post

2054 5657 2111 5695 as
2140 5638 2388 5709 reliquis
2410 5639 2720 5710 praeponit.
2775 5638 3068 5695 Adversus
3111 5641 3237 5696 haec
3283 5642 3623 5697 testimonia
