3974 6134
359 350 435 409 87
1401 349 1467 409 S.
1514 348 1922 408 IGNATIUS.
1971 379 2047 390 —
2089 348 2702 409 PROLEGUMENA.
3696 345 3777 406 88

367 499 443 536 ne
474 483 701 537 biscere
735 482 975 552 quidem
1010 498 1070 536 se
1113 481 1373 552 potuisse
1432 480 1648 535 fatetur
1692 480 2013 534 Eranistes.
2045 483 2090 546 Α
2130 479 2571 536 devorationem
2603 482 2742 546 mei,
2778 487 2839 535 et
2865 481 3229 552 deprecabor
3259 496 3333 534 ne
3381 479 3529 533 forte
3582 480 3672 549 (ut
3721 480 3783 533 in

372 571 534 626 Unde
568 572 760 642 liquet
803 578 861 625 et
917 571 1311 625 orthodoxum
1380 575 1439 623 et
1494 569 1846 637 Eranistem,
1907 569 2019 623 hoc

371 669 461 715 est
491 668 614 715 tum
647 661 968 716 catholicos
1002 666 1126 714 tum
1158 659 1466 713 hmreticos
1498 659 1662 712 illius
1711 658 1837 723 aevi,
1896 658 2015 729 epi-

371 750 551 805 stolas
581 751 810 821 Ignatii,
844 767 991 820 quas
1023 749 1419 816 defendimus,
1467 766 1572 818 pro
1607 749 1760 802 veris
1824 753 1882 802 et
1929 749 2018 802 in-

369 840 654 894 dubitatis
688 839 947 910 episcopi
980 838 1331 892 Antiocheni
1363 838 1598 907 scriptis
1628 837 1927 892 habuisse.

445 928 600 982 Sexti
655 929 856 982 saeculi
917 929 1140 997 primus
1196 927 1364 981 testis
1417 927 1474 981 S.
1526 926 1915 997 Ephrsemius,
1950 942 2021 980 ex

374 1019 590 1073 comite
623 1018 868 1072 orientis
900 1017 1235 1086 patriarcha
1283 1017 1765 1086 Theopolitanus,
1818 1022 1883 1070 ut
1932 1015 2022 1070 lo—

378 1108 579 1177 quitur
608 1106 870 1171 Photius,
901 1105 961 1157 id
1019 1110 1109 1157 est
1146 1104 1581 1170 Antiochenus;
1636 1105 1730 1158 cui
1785 1104 2018 1173 episco-

379 1195 542 1266 patui
575 1196 732 1249 circa
763 1210 986 1248 annum
1019 1197 1120 1246 529
1153 1192 1426 1246 admotus
1459 1198 1566 1249 est.
1604 1193 1706 1246 Hic
1758 1193 1914 1246 enim
1961 1191 2021 1244 in

379 1284 526 1338 libro
560 1285 630 1337 De
661 1284 844 1338 Sacris
894 1282 1205 1336 Antiochiae
1245 1281 1477 1350 legibus,
1516 1281 1607 1351 (ut
1635 1281 1900 1351 loquitur
1930 1281 2018 1334 in-

380 1378 608 1443 terpres
641 1372 982 1440 Photianus)
1013 1371 1085 1424 de
1117 1370 1350 1425 articuli
1385 1370 1567 1424 Graaci
1601 1387 1713 1424 usu
1742 1370 2020 1424 adversus

379 1462 723 1516 Severianos
756 1461 1088 1530 disputans,
1142 1459 1333 1530 primo
1387 1460 1441 1512 S.
1497 1459 1832 1530 Scriptura},
1883 1459 2023 1514 dein

380 1552 474 1606 SS.
495 1553 736 1605 Patrum
768 1551 1124 1605 testimoniis
1154 1551 1340 1604 utitur
1371 1556 1429 1604 et
1460 1550 1619 1604 inter
1647 1566 1768 1614 eos,
1801 1555 1865 1604 ut
1897 1549 2026 1604 ﬁeri

384 1641 632 1705 solebat,
659 1641 713 1695 S.
740 1640 1029 1711 Ignatium
1060 1639 1319 1709 primum
1366 1639 1676 1694 nominat:
1711 1637 1817 1692 Καὶ
1849 1639 1876 1688 ὅ
1907 1638 2024 1690 θεο-

387 1728 558 1803 φόρος
591 1725 648 1781 δὲ
678 1727 937 1802 Ἰγνάτιος
969 1726 1057 1780 καὶ
1116 1728 1340 1800 μάρτυς,
1388 1727 1727 1801 Τμυρναίοις
1781 1725 2028 1780 ἐπιστέλ-

2132 570 2436 624 nonnullis
2460 571 3012 642 fecerunt)timeant
3026 572 3315 642 attingere
3330 587 3545 640 corpus
3561 585 3783 634 meum;

2128 660 2396 727 quinimo
2430 661 2478 714 si
2515 661 2973 726 cunctabuntur,
3008 677 3112 732 ego
3147 662 3262 714 vim
3292 660 3524 726 faciam,
3560 675 3668 730 ego
3692 675 3784 713 me

2134 749 2796 820 ingeram.Date,quaeso
2812 752 3180 821 veniam;ego
3197 749 3330 803 novi
3349 748 3491 818 quid
3509 747 3786 818 expediat

2129 838 2306 892 mihi:
2335 856 2496 893 nunc
2521 840 2740 910 incipio
2760 857 2887 894 esse
2907 840 3122 894 Christi
3145 840 3491 910 discipulus.
3513 839 3786 892 Facessat

2130 927 2351 981 invidia
2370 929 2458 982 vel
2478 929 2722 983 humani
2739 929 3101 994 affectus,vel
3132 929 3411 998 nequitiae
3435 927 3784 998 spiritualis,

2131 1023 2198 1070 ut
2223 1018 2423 1071 Jesum
2455 1018 2760 1072 Christum
2792 1035 3025 1072 merear
3047 1018 3318 1087 adipisci.
3347 1019 3535 1089 Ignes,
3558 1032 3782 1081 cruces,

2132 1104 2764 1177 bestiae,dispersiones
2782 1109 3005 1162 ossium
3021 1108 3590 1177 discerptionesque
3607 1122 3786 1159 mem-

2135 1193 2401 1261 brorum,
2435 1212 2502 1249 ac
2536 1197 2715 1250 totius
2747 1198 3012 1266 corporis
3037 1213 3244 1266 pmnaa,
3279 1199 3336 1248 et
3365 1195 3573 1249 omnia
3604 1194 3662 1247 in
3696 1210 3784 1247 me

2141 1297 2327 1336 unum
2356 1283 2648 1353 supplicia
2681 1283 2901 1337 diaboli
2933 1289 3057 1338 arte
3077 1283 3327 1352 quaesita
3355 1282 3782 1351 compleantur,

2139 1369 2467 1426 dummodo
2489 1373 2687 1427 Jesum
2707 1372 3004 1427 Christum
3028 1376 3260 1426 merear
3273 1371 3544 1442 adipisci.
3573 1391 3598 1421 ι)
3623 1371 3784 1424 Chri-

2139 1463 2370 1516 stianus
2405 1480 2525 1518 non
2558 1464 2872 1518 mediocris
2904 1463 3006 1518 sed
3029 1463 3346 1534 perfectus,
3373 1461 3650 1516 sacerdos
3672 1477 3788 1515 non

2137 1551 2264 1606 vilis
2288 1553 2390 1607 sed
2413 1560 2934 1624 summus,martyr
2963 1569 3084 1608 non
3109 1553 3302 1623 segnis
3318 1552 3420 1606 sed
3437 1552 3786 1622 praecipuus,

2144 1642 2312 1712 dixit,
2341 1665 2368 1693 «
2401 1647 2566 1699 Nunc
2595 1645 2817 1716 incipio
2849 1661 2977 1698 esse
3006 1643 3227 1698 Christi
3259 1641 3609 1712 discipulus.
3650 1661 3673 1690 ι

2214 1733 2441 1787 Tertius
2471 1733 2653 1803 hujus
2685 1734 2882 1787 saeculi
2916 1733 3081 1786 testis
3108 1731 3415 1786 estJobius
3441 1730 3789 1798 monachus,

390 1815 528 1886 λων,
562 1817 772 1887 ὁμοίως
801 1815 1066 1888 κέχρηται
1097 1820 1177 1886 τῷ
1208 1813 1412 1889 ἄρθρῳ.
1449 1840 1478 1868 ‹‹
1510 1820 1700 1873 Etiam
1750 1820 2029 1890 Ignatius,

2148 1822 2242 1891 qui
2276 1821 2553 1875 adversus
2585 1822 2859 1876 Severum
2895 1819 3153 1890 scripsit.
3182 1821 3235 1872 Is
3293 1820 3454 1872 enim
3506 1819 3567 1872 in
3619 1833 3789 1888 opere

389 1908 475 1960 vir
503 1907 737 1962 divinus
769 1912 827 1961 et
843 1915 1086 1977 martyr,
1103 1907 1411 1977 epistolam
1439 1909 1512 1963 ad
1535 1911 1866 1980 Smyrnaaos
1886 1909 2033 1963 scri-

387 1999 555 2063 bens,
591 1998 866 2052 similiter
895 1998 1142 2054 articulo
1169 1999 1356 2053 utitur
1379 2021 1430 2052 ».
1453 2000 1719 2063 Photius,
1756 2001 2030 2054 Biblioth.

388 2103 554 2141 num.
589 2088 712 2142 228.
748 2088 897 2141 Loca
927 2103 1057 2156 quae
1108 2104 1178 2141 ex
1228 2103 1297 2142 ea
1354 2089 1610 2158 Epistola
1657 2094 2036 2159 excerpserat

394 2176 448 2229 S.
483 2176 870 2246 Ephraamius,
907 2176 1106 2230 omisit
1138 2176 1492 2246 epitomator
1521 2178 1764 2231 Photius
1791 2199 1805 2243 ;
1865 2182 2035 2232 erant

390 2270 588 2319 autem
619 2265 763 2331 haec,
798 2271 862 2319 ut
907 2265 1208 2319 arbitror:
1271 2262 1486 2332 Δοξάζω
1542 2265 1748 2333 Ἰησοῦν
1803 2265 2029 2338 Χριστὸν

384 2353 476 2406 τὸν
507 2352 658 2420 Θεὸν,
694 2375 721 2402 ‹‹
749 2353 1015 2422 gloriﬁco
1054 2355 1254 2408 Jesum
1312 2355 1608 2409 Christum
1659 2357 1880 2421 Deum;
1941 2362 2033 2408 et:

388 2440 569 2494 ιιάντα
599 2439 1070 2513 ὑπομένω,Εαύτοῦ
1105 2463 1171 2513 με
1210 2439 1635 2513 ἐνδυναμοῦντος
1665 2445 1762 2495 τοῦ
1819 2441 2031 2497 τελείου

384 2528 672 2602 ἀνθρώπου
728 2531 1038 2602 γενομένου.
1100 2532 1311 2586 Omnia
1384 2533 1672 2599 sustineo,
1750 2533 1876 2602 ipso
1937 2549 2030 2586 me

383 2620 738 2674 fortiﬁcante
772 2621 872 2690 qui
906 2621 1199 2691 perfectus
1232 2621 1409 2675 homo
1439 2620 1630 2676 factus
1660 2627 1748 2675 est
1775 2642 1825 2674 ».
1876 2621 2036 2676 Licet

385 2709 543 2762 enim
601 2708 888 2763 articulus
942 2710 1036 2760 τοῦ
1090 2709 1164 2763 ad
1224 2707 1515 2783 γενομένου
1598 2711 1793 2781 potius
1879 2710 2032 2764 refe-

387 2802 572 2864 ratur,
601 2814 781 2868 quam
812 2795 1124 2870 ἀνθρώπου,
1155 2798 1338 2853 alium
1397 2803 1596 2854 tamen
1646 2799 1708 2853 in
1751 2799 1860 2853 hac
1911 2799 2031 2870 epi-

391 2887 535 2941 stola
581 2887 799 2954 locum,
857 2887 1087 2958 opinor,
1144 2888 1440 2958 respicere
1496 2905 1615 2941 non
1658 2889 1868 2959 potuit.
1923 2887 2033 2942 Sed

393 2981 452 3030 et
480 2976 637 3030 idem
671 2977 724 3031 S.
759 2977 1148 3047 Ephraemius,
1183 2976 1245 3030 in
1295 2976 1546 3047 epistola
1589 2976 1661 3031 ad
1709 2977 2031 3031 Zenobium

390 3065 707 3134 quemdam
767 3063 1184 3119 scholasticum
1230 3070 1289 3118 et
1337 3065 1716 3135 Acephalum,
1767 3065 2036 3136 probavit

390 3153 666 3208 articulos
696 3153 924 3207 naturis
956 3152 1168 3207 Christi
1201 3153 1498 3208 adhibitos
1529 3171 1648 3208 non
1679 3154 1898 3208 inferre
1945 3153 2031 3208 di-

387 3242 678 3296 visionem
707 3242 979 3307 unitatis,
1031 3237 1088 3293 ἔκ
1128 3260 1185 3294 τε
1233 3244 1341 3294 τῶν
1394 3240 1758 3315 εὐαγγελικῶν
1814 3245 2031 3319 φωνῶν,
2073 3201 2116 3268 C

385 3329 476 3385 καὶ
510 3327 570 3383 ἐκ
598 3333 702 3382 τῶν
735 3327 1138 3398 ἀποστολικῶν,
1189 3330 1278 3383 καὶ
1339 3326 1404 3399 δὴ
1455 3333 1545 3384 καί
1593 3327 1652 3383 ἐκ
1702 3335 1808 3384 τῶν
1859 3349 2034 3402 μακα-

388 3418 521 3492 ρίων
554 3416 798 3490 πατέρων
829 3421 1008 3489 ἡμῶν,
1069 3419 1332 3492 Ἱγνατίου
1389 3423 1486 3473 τοῦ
1545 3420 1829 3493 θεοφόρου.
1890 3420 2034 3472 Ἰου-

394 3507 539 3579 λίου,
573 3507 663 3562 καὶ
700 3509 1020 3571 Ἀθανασίου
1052 3507 1141 3562 καὶ
1189 3508 1529 3582 Γρηγορείων
1579 3508 1670 3562 καὶ
1723 3505 2030 3563 Βασιλείου.

389 3623 417 3650 ‹‹
451 3603 594 3655 Tum
630 3617 700 3655 ex
732 3601 1104 3672 evangelicis,
1149 3606 1271 3653 tum
1325 3616 1394 3653 ex
1443 3599 1782 3670 apostolicis
1820 3599 2033 3664 verbis,

393 3696 568 3761 atque
601 3691 780 3745 etiam
813 3707 882 3744 ex
938 3689 1128 3743 beatis
1186 3688 1455 3742 Patribus
1512 3689 1752 3753 nostris,
1811 3690 2034 3761 lgnatio

395 3780 650 3845 Deifero,
682 3780 853 3843 Julio,
885 3777 1230 3844 Athanasio,
1283 3778 1574 3846 Gregoriis
1627 3784 1685 3833 et
1733 3779 1946 3834 Basilio
1982 3800 2032 3834 ».

390 3869 634 3923 Photius
664 3867 909 3921 ibidem.

480 3955 786 4011 Secundus
817 3955 995 4024 hujus
1025 3954 1134 4007 aavi
1165 3954 1329 4008 testis
1360 3959 1449 4008 est
1478 3954 1674 4010 Gildas
1707 3955 2038 4010 Badonicus

399 4062 468 4099 ex
501 4044 802 4098 Britannia
832 4048 1054 4110 nostra,
1089 4043 1188 4111 qui
1221 4059 1374 4097 anno
1409 4046 1512 4096 564-
1559 4044 1867 4114 epistolem
1902 4045 2041 4098 scri-

397 4135 512 4204 psit
545 4136 618 4187 De
648 4135 865 4187 emcidio
890 4134 1217 4196 Britannia,
1247 4133 1307 4185 in
1330 4148 1447 4202 qua
1466 4133 1591 4187 haec
1613 4133 1817 4187 habet:
1845 4157 1870 4181 ιι
1897 4133 2039 4197 Quis

394 4227 673 4282 vestrum,
707 4225 773 4275 ut
804 4223 857 4275 S.
895 4226 1120 4291 martyr
1156 4221 1440 4291 Ignatius,
1498 4222 1823 4276 Antiochiae
1875 4222 2039 4276 urbis

397 4311 729 4380 episcopus,
765 4315 896 4380 past
925 4310 1307 4363 admirabiles
1340 4311 1400 4364 in
1440 4311 1670 4364 Christo
1730 4317 1914 4375 actus,
1965 4311 2038 4364 ob

398 4398 803 4453 testimonium
838 4399 986 4468 ejus,
1019 4398 1257 4452 leonum
1279 4398 1450 4452 molis
1482 4401 1680 4452 Roma:
1703 4399 2040 4452 confractus

398 4488 540 4542 est?
569 4488 748 4559 Cujus
779 4488 973 4554 verba,
1007 4505 1139 4542 cum
1197 4489 1271 4542 ad
1318 4488 1653 4558 passionem
1703 4489 2038 4542 duceretur.

2144 1909 2214 1962 De
2265 1910 2652 1961 incarnatione
2683 1908 2852 1977 cujus
2886 1913 3161 1977 excerpta
3190 1907 3362 1960 nobis
3398 1906 3642 1960 Photius
3673 1911 3784 1957 tra-

2139 1997 2309 2064 didit,
2347 1997 2622 2050 Biblioth.
2659 2013 2824 2051 num.
2858 1999 2983 2064 222,
3036 1996 3161 2050 hinc
3207 1995 3448 2050 habuit:
3503 1994 3648 2061 Φησὶ
3688 1991 3781 2067 γὰρ

2140 2087 2168 2139 6
2201 2083 2472 2163 θεοφόφος
2505 2086 2760 2160 Ἰγνάτιος
2812 2085 2936 2157 τρία
2995 2082 3178 2148 λαθεῖν
3238 2085 3329 2138 τὸν
3388 2083 3639 2160 ἄρχοντα
3693 2084 3783 2134 τοῖ’)

2138 2173 2338 2235 αἰῶνος
2368 2175 2584 2240 τούτου,
2629 2176 2728 2242 τήν
2781 2172 3070 2247 παρθενίαν
3128 2174 3362 2246 Μαρίας,
3420 2177 3524 2238 τὴν
3583 2169 3787 2238 σύλλη-

2139 2267 2229 2335 ψιν
2269 2267 2367 2318 τοῦ
2399 2263 2624 2336 Κυρίου,
2655 2263 2745 2316 καὶ
2773 2265 2874 2330 τήν
2909 2263 3231 2336 σταύρωσιν.
3263 2286 3290 2313 ‹‹
3332 2265 3472 2317 Nam
3513 2264 3627 2316 tria
3651 2261 3790 2315 divi—

2142 2371 2255 2409 nus
2289 2355 2551 2425 Ignatius
2583 2354 2781 2408 saeculi
2814 2355 2994 2425 hujus
3025 2354 3353 2424 principem
3372 2354 3617 2408 latuisse
3638 2367 3790 2407 com-

2139 2448 2453 2508 memorat,
2487 2443 2890 2514 virginitatem
2923 2443 3142 2508 Mariaa,
3177 2442 3633 2512 conceptionem
3679 2441 3792 2494 Do-

2141 2532 2308 2599 mini,
2342 2539 2403 2585 et
2431 2532 2882 2586 cruciﬁxionem
2915 2555 2964 2583 ι.
2999 2530 3226 2594 Quibus
3257 2531 3452 2585 verbis
3485 2549 3554 2587 ea
3585 2547 3711 2600 quas
3739 2529 3792 2583 in

2140 2621 2402 2692 Epistola
2433 2621 2505 2675 ad
2535 2621 2821 2692 Ephesios
2853 2620 3234 2691 reperiuntur
3262 2622 3575 2690 expressit.

2211 2711 2464 2774 Quartus
2495 2709 2766 2780 ejusdem
2815 2708 3016 2763 saeculi
3077 2709 3245 2763 testis
3303 2709 3377 2763 ad
3437 2708 3621 2762 tinem
3669 2709 3785 2778 jam

2141 2799 2431 2870 vergentis
2464 2803 2554 2852 est
2612 2798 2890 2852 Leontius
2949 2798 3328 2867 Byzantinus,
3392 2799 3434 2852 Ι.
3492 2801 3570 2852 De
3622 2799 3784 2862 sectis,

2141 2894 2253 2944 act.
2288 2890 2361 2941 3:
2396 2885 2678 2962 Ἐγένοντο
2715 2883 2773 2938 δὲ
2824 2883 2876 2938 ἔν
2927 2889 3045 2945 τοῖς
3104 2885 3332 2958 χρόνοις
3378 2890 3499 2946 τοῖς
3553 2885 3655 2938 ἀπὸ
3690 2889 3782 2950 τῆς

2137 2977 2442 3051 γεννήσεως
2472 2977 2570 3027 τοῦ
2627 2975 2862 3047 Χριστοῦ
2928 2973 3093 3046 μέχρι
3149 2980 3250 3041 τῆς
3308 2973 3588 3046 βασιλείας
3647 2979 3781 3026 Κων-

2139 3062 2418 3118 σταντίνου
2469 3060 2789 3117 διδάσκαλοι
2847 3061 2938 3116 καὶ
2996 3060 3222 3136 πατέρες
3281 3059 3414 3116 οἶδε’
3478 3062 3782 3138 ’ῐγνατιοςὸ

2146 3151 2425 3228 θεοφόρος,
2456 3150 2777 3224 Εἰρηναῖος,
2809 3152 3107 3210 Ἰουστῐνος
3133 3150 3430 3227 φιλόσοφος
3455 3152 3544 3206 καὶ
3571 3151 3782 3223 μάρτυς,

2148 3241 2388 3310 Κλήμης
2421 3239 2508 3294 οιαὶ
2540 3239 2864 3299 Ἱππόλυτος
2893 3237 3180 3293 ἐπίσκοποι
3220 3239 3468 3312 Ῥώμης,
3522 3239 3784 3296 Διονύσιος

2143 3331 2172 3384 6
2200 3329 2619 3404 Ἀρεοπαγίτης,
2657 3325 2926 3392 Μεθόδιος
2951 3328 3246 3389 ἐπίσκοπος
3279 3328 3560 3401 Πατάρων,
3588 3327 3783 3402 Γρηγό-

2143 3439 2260 3493 ριος
2291 3420 2318 3473 ὁ
2352 3417 2787 3492 θαυματουργὸς,
2822 3417 3021 3489 Πέτρος
3058 3418 3085 3469 6
3117 3414 3531 3490 Ἀλεξανδρείας
3582 3416 3783 3470 ἐπίσκο-

2141 3531 2248 3571 πος
2277 3508 2368 3563 καὶ
2406 3509 2629 3583 μάρτυς.
2673 3531 2697 3560 α
2728 3511 3017 3564 Caeterum
3051 3509 3417 3580 temporibus
3463 3510 3604 3575 illis,
3659 3523 3776 3576 quaa

2144 3617 2178 3654 a
2209 3598 2423 3654 Christi
2465 3597 2774 3652 Nativitate
2803 3613 2991 3665 usque
3025 3595 3100 3650 ad
3130 3597 3445 3666 imperium
3511 3600 3783 3652 Constan-

2147 3689 2251 3742 tini
2277 3693 2686 3755 numerantur,
2714 3685 2772 3739 hi
2791 3685 3065 3739 doctores
3089 3690 3147 3739 et
3172 3687 3373 3740 Patres
3394 3687 3742 3741 exstiterunt
3768 3697 3780 3734 :

2143 3776 2407 3848 Ignatius
2427 3773 3388 3844 TheOphoruerenmus,Justinus
3410 3771 3782 3844 philosophus

2146 3871 2204 3919 et
2232 3863 2756 3933 martyr,Clemens
2783 3868 2842 3916 et
2868 3863 3219 3932 Hippolytus
3242 3863 3503 3933 episcopi
3521 3857 3780 3922 Romani,

2149 3953 2460 4022 Dionysius
2473 3951 3178 4022 Areopagita,Methodius
3193 3951 3504 4022 episcopus
3526 3955 3786 4006 Pataren-

2149 4043 2251 4108 sis,
2282 4041 2595 4112 Gregorius
2617 4039 3040 4093 miraculorum
3055 4041 3532 4108 eﬂ'ector,Petrus
3555 4038 3784 4094 Alexan-

2149 4131 2358 4185 drinus
2390 4129 2706 4200 episcOpus
2738 4134 2796 4182 et
2828 4134 3054 4199 martyr
3087 4151 3134 4181 ».
3170 4130 3480 4184 Doctorem
3511 4134 3701 4183 autem
3733 4126 3786 4175 et

2148 4224 2380 4275 Patrem
2401 4219 2689 4290 lgnatium
2714 4217 3128 4288 Theophorum
3153 4219 3428 4273 nominat
3448 4223 3683 4289 propter
3699 4212 3787 4266 do-

2149 4311 2401 4364 ctrinam
2433 4307 2841 4379 apostolicam,
2875 4323 3054 4376 quam
3082 4307 3212 4376 ejus
3242 4307 3515 4376 Epistola:
3538 4303 3786 4360 contine-

2149 4399 2313 4459 bant,
2348 4414 2478 4468 quaa
2513 4396 2687 4450 toties
2719 4395 3001 4449 adversus
3035 4396 3344 4450 haereticos
3381 4395 3780 4450 laudabantur.

2151 4485 2390 4545 Τούτους
2425 4485 2661 4544 ἅπαντας
2707 4483 2762 4536 αἱ
2825 4483 2940 4552 μετ’
2993 4482 3186 4543 αὐτοὺς
3241 4483 3521 4556 γενόμεναι
3570 4481 3782 4552 αἱρέσεις

400 4577 712 4632 audientes
742 4577 814 4648 (si
846 4577 1081 4646 quando
1114 4577 1304 4631 vultus
1334 4577 1509 4630 vestri
1565 4578 1780 4632 rubore
1833 4577 2039 4631 suﬂ‘usi
2073 4567 2118 4630 D
2152 4573 2423 4651 δέχονται.
2451 4579 2560 4631 Hos
2591 4591 2773 4630 omnes
2797 4574 3036 4645 (inquit)
3058 4583 3250 4629 secum
3277 4577 3530 4646 deinceps
3576 4575 3781 4627 haereses

397 4671 555 4737 sunt)
577 4685 696 4722 non
712 4668 904 4722 solum
918 4667 978 4720 in
996 4668 1438 4737 comparatione
1456 4668 1504 4738 ej
1517 4686 1582 4722 us
1607 4686 1707 4722 vos
1725 4685 1843 4722 non
1865 4674 2039 4738 puta-

397 4759 538 4813 bitis
557 4757 914 4822 sacerdotes,
940 4757 1043 4810 sed
1061 4772 1135 4810 ne
1154 4757 1484 4811 mediocres
1498 4757 1738 4826 quidem
1756 4758 2040 4811 Christia—

400 4864 508 4901 nos
533 4863 682 4901 esse.
715 4847 812 4900 Ait
833 4845 990 4899 enim
1011 4845 1071 4898 in
1097 4844 1372 4914 Epistola,
1403 4861 1580 4914 quam
1613 4846 1688 4899 ad
1715 4847 2040 4900 Romanam

395 4937 713 4991 Ecrlesiam
727 4935 914 4988 misit:
941 4956 969 4982 «
985 4938 1030 4987 A
1044 4933 1212 5004 Syria
1231 4949 1417 5002 usque
1433 4936 1676 4988 Romam
1689 4951 1817 4988 cum
1837 4934 2040 4988 bestiis

395 5033 552 5080 terra
582 5024 850 5094 marique
883 5023 1176 5092 depugno,
1210 5021 1303 5076 die
1336 5027 1395 5075 et
1425 5027 1595 5075 nocte
1651 5038 1953 5076 connexus
1983 5027 2041 5077 et

393 5114 702 5184 colligatus
733 5112 939 5165 decem
973 5110 1289 5179 leOpardis,
1326 5109 1615 5163 militibus
1646 5110 1800 5175 dico,
1831 5110 1904 5163 ad
1936 5126 2038 5164 cu-

388 5202 640 5256 stodiam
673 5201 845 5255 datis.
881 5199 980 5268 qui
1016 5215 1087 5250 ex
1144 5198 1450 5252 beneficiis
1495 5199 1714 5252 nostris
1766 5198 2039 5252 saeviores

393 5292 565 5346 fiunt.
611 5290 720 5344 Sed
753 5305 857 5359 ego
890 5303 1092 5342 eorum
1118 5287 1400 5355 nequitiis
1421 5289 1605 5359 magis
1629 5287 1868 5342 erudior
1891 5305 1903 5353 ;
1930 5304 2039 5342 nec

395 5386 592 5434 tamen
626 5380 684 5432 in
720 5381 829 5432 hoc
852 5375 1213 5447 jnstiticatus
1245 5392 1397 5432 sum.
1418 5376 1460 5430 Ο
1486 5376 1771 5431 salutares
1798 5376 2036 5442 bestias,

395 5486 524 5540 quas
558 5474 969 5539 praeparantur
998 5465 1141 5519 mihi
1169 5465 1181 5518 Ι
1216 5465 1457 5529 Quando
1488 5467 1770 5521 venient?
1801 5465 2037 5536 quando

396 5559 744 5613 emittentur
766 5556 792 5610 ‘?
823 5554 1058 5626 quando
1083 5554 1170 5608 eis
1190 5555 1302 5608 frui
1322 5554 1525 5608 licebit
1543 5555 1823 5609 carnibus
1846 5555 1995 5610 meis
2012 5554 2039 5608 ‘I

400 5665 546 5723 quas
578 5664 682 5722 ego
713 5653 924 5720 exopto
955 5646 1213 5701 acriores
1269 5646 1487 5718 parari,
1539 5652 1598 5702 et
1651 5645 1911 5702 invitabo
1965 5645 2038 5702 ad

2144 4665 2868 4737 recipiunt.Pr0ponebant
2881 4663 3058 4734 igitur
3071 4665 3280 4734 lgnatii
3295 4666 3575 4735 epistolas
3591 4659 3780 4716 Catho-

2148 4757 2560 4825 lici,tanquam
2578 4753 2834 4808 doctoris
2856 4759 2913 4806 et
2930 4754 3121 4807 Patris
3154 4754 3399 4825 scripta:
3435 4747 3778 4823 recipiebant

2149 4846 2410 4900 haeretici
2441 4860 2646 4898 omnes
2675 4847 2807 4914 post
2837 4843 3030 4912 ipsum
3063 4843 3364 4896 exorti.Ab
3383 4842 3652 4897 omnibus
3681 4832 3777 4905 igi-

2153 4941 2248 4988 tur
2279 4931 2754 5002 agnoscebantur
2785 4929 3070 5001 epistolae,
3103 4946 3250 4999 quas
3271 4930 3777 4990 defendimus,tum

2151 5022 2460 5077 catholicis
2492 5026 2619 5073 tum
2651 5019 2965 5073 haareticis.
3011 5020 3136 5073 Hoc
3185 5020 3331 5073 adeo
3380 5019 3658 5074 disertum
3703 5011 3781 5063 est

2151 5112 2223 5166 de
2256 5111 2406 5165 sexti
2440 5109 2641 5163 swculi
2673 5109 2970 5163 sententia
3003 5109 3431 5176 testimonium,
3461 5116 3525 5164 ut
3555 5111 3781 5161 necesse

2150 5219 2267 5255 non
2303 5202 2378 5255 sit
2406 5201 2692 5254 Joannem
2728 5199 3043 5252 Rhetorem
3076 5199 3339 5267 laudare,
3366 5201 3464 5269 qui
3497 5197 3602 5254 sub
3646 5194 3783 5245 Mau-

2147 5293 2283 5347 ritio
2318 5290 2593 5361 scripsit:
2648 5287 2784 5343 Τότε
2815 5287 2904 5341 καὶ
2939 5289 3198 5363 Ἰγνάτιος
3231 5289 3258 5342 6
3299 5291 3571 5347 Θεσπέσιος
3609 5274 3777 5341 ἐπειδῆ

2149 5401 2233 5456 γε,
2267 5381 2342 5441 ὡς
2396 5374 2678 5447 ἐϐούλετο,
2736 5379 2904 5456 τάφον
2951 5378 3046 5438 τὰς
3111 5382 3218 5432 τῶν
3279 5381 3486 5454 θηρίων
3546 5366 3774 5447 ἐσχηκὼς

2145 5470 2403 5546 γαστέρας
2467 5466 2518 5520 ἐν
2572 5471 2650 5538 τῷ
2708 5474 2806 5535 τῆς
2866 5467 3087 5538 Ῥώμης
3143 5468 3494 5544 ἀμφιθεάτρῳ
3574 5464 3771 5546 «Tunc

2149 5544 2328 5615 etiam
2347 5559 2607 5631 Ignatius
2635 5558 3230 5627 divinus,postquam,
3253 5566 3318 5613 ut
3339 5560 3465 5630 ipse
3491 5551 3682 5612 voluit,
3715 5544 3768 5596 in

2147 5649 2582 5721 amphitheatro
2591 5649 2854 5702 Romano
2865 5646 3142 5715 ,ferarum
3157 5664 3260 5702 ven
3271 5653 3388 5704 tres
3399 5666 3503 5720 pro
3517 5638 3766 5714 sepulcro
