3974 6134
207 297 278 356 89
1018 314 1074 373 J.
1122 313 1546 374 PEARSONII
1594 314 1963 376 VINDICle
2005 311 2480 374 IGN’ATIAN/E.
2530 348 2607 359 —
2647 314 2850 376 PARS
2899 317 2950 375 Ι.

3599 320 3677 379 90

205 437 916 506 habuisset,netc.Licet
948 449 1116 516 illud,
1149 457 1210 504 ut
1242 451 1436 514 voluit;
1465 450 1536 505 ad
1571 451 1910 522 epistolam,
1945 453 1996 519 Α
2027 467 2142 522 pen
2165 450 2380 515 facere;
2413 449 2516 504 sed
2545 451 2702 520 quod
2726 451 2826 506 ille
2849 451 3326 522 probaverit,hoc
3357 457 3414 505 et
3436 453 3552 506 Deo
3575 467 3673 506 ac-

209 544 386 596 quam
415 533 690 604 scripsit
722 537 1001 608 Ignatius
1029 540 1103 594 ad
1148 542 1464 606 Romanos,
1521 540 1682 595 haud
1738 541 1916 596 dubie

213 620 545 688 referatur;
583 631 700 680 aut
734 630 1127 685 Anastasium
1150 631 1432 701 priorem,
1463 631 1792 685 Antiochiae
1824 648 1922 701 pa-

223 710 588 775 triarcham,
626 715 796 772 libro
823 741 853 767 «
876 720 961 772 De
988 719 1161 773 rectis
1195 720 1455 775 veritatis
1487 720 1918 792 dogmatibus,»

227 801 286 853 in
316 801 719 860 Bibliotheca
736 808 980 879 collegii
1005 809 1187 863 nostri
1214 809 1600 880 Cantabrigire
1625 827 1713 864 ms
1742 826 1920 879 quem

233 890 290 943 in
312 892 534 946 exsilio
557 894 680 949 sub
736 897 976 951 Justino
1022 898 1277 968 scripsit,
1306 897 1404 952 ubi
1439 898 1606 953 libris
1641 898 1919 952 omnibus

238 980 584 1048 destitutus,
638 984 718 1038 de
778 986 1020 1041 Christo
1053 1005 1122 1041 ex
1165 989 1390 1057 lgnatio
1422 993 1625 1042 nostro
1687 987 1918 1042 locutus

245 1075 344 1137 est,
379 1077 444 1124 ut
467 1074 700 1142 potuit,
735 1091 875 1130 cum
903 1075 1179 1147 epistolas
1203 1076 1276 1130 ad
1309 1093 1553 1132 manum
1587 1094 1707 1131 non
1739 1077 1919 1132 habe-

249 1166 368 1212 ret:
425 1162 674 1238 Μορφήν
709 1158 920 1238 δούγου
975 1162 1374 1242 ἠμφιεσμένον,
1435 1161 1526 1217 ἵνά
1588 1162 1727 1237 λάθῃ
1786 1166 1915 1226 Θεὸς

253 1245 318 1299 ὧν
348 1248 437 1300 τὸν
471 1250 731 1324 ἄρχοντα
759 1256 860 1305 τοῦ
891 1251 1090 1313 αῗῶνος
1118 1254 1336 1323 νούτου,
1371 1277 1398 1304 ‹‹
1423 1255 1615 1310 forma
1644 1256 1792 1309 servi
1827 1256 1919 1308 in—

257 1337 475 1406 dutum,
508 1347 580 1394 ut
614 1342 778 1396 Deus
809 1342 1075 1398 existens
1111 1343 1322 1398 lateret
1374 1344 1705 1416 principem
1738 1344 1916 1414 hujus

263 1427 473 1480 saeculi.
509 1448 536 1477 ι

332 1516 452 1569 Non
485 1515 669 1588 longe
693 1517 768 1572 ab
803 1519 975 1573 initio
1008 1520 1242 1590 septimi
1275 1519 1473 1574 saeculi
1504 1519 1652 1574 alius
1669 1521 1913 1574 Anasta-

268 1603 384 1658 sius
410 1607 774 1674 monachus,
808 1607 1057 1674 Sinaita,
1077 1616 1134 1663 et
1151 1608 1580 1663 catholicorum
1601 1615 1658 1662 et
1679 1608 1920 1662 haereti-

267 1712 466 1749 corum
499 1696 780 1768 ejusdem
811 1699 918 1752 aavi
951 1699 1012 1752 in
1042 1699 1413 1769 agnoscendo
1462 1699 1685 1771 Ignatio
1719 1705 1919 1753 nostro

267 1800 632 1838 consensum
667 1785 884 1840 innuit.
922 1787 1094 1840 Libro
1127 1787 1287 1842 enim
1321 1805 1496 1858 quem
1533 1782 1767 1855 Ὀδηγόν
1800 1803 1916 1840 no-
1952 1821 1997 1884 Β

263 1872 529 1937 minavit,
553 1874 714 1928 inter
739 1876 1080 1930 testimonia
1103 1893 1235 1946 qum
1257 1881 1394 1931 tunc
1425 1878 1705 1947 temporis
1728 1877 1912 1930 Theo-

262 1961 495 2016 dosiani
530 1970 589 2016 et
621 1963 905 2018 Gaianitae
939 1981 1008 2018 ex
1058 1964 1329 2019 Patribus
1378 1965 1773 2030 adducebant,
1808 1966 1920 2020 hoc

260 2053 355 2102 τοῦ
385 2050 547 2123 ἁγίου
574 2051 842 2124 Ἰγνατίου
873 2053 1174 2106 ἐπισκόπου
1212 2053 1572 2126 Ἀντιοχείας,
1607 2078 1633 2105 ‹‹
1661 2055 1715 2110 S.
1749 2057 1917 2126 Igna-

269 2141 328 2193 tii
349 2141 1032 2212 episcopiAntiochiae,»
1061 2143 1258 2198 habet:
1295 2142 1517 2198 Ἐἀσατε
1551 2144 1798 2215 μιμητήν
1831 2163 1917 2216 γε·

263 2227 443 2282 νέσθαι
477 2234 577 2282 τοῦ
610 2230 814 2293 πάθους
842 2235 942 2284 τοῦ
973 2235 1104 2284 Θεοῦ
1140 2251 1265 2302 μου.
1299 2255 1326 2282 ‹‹
1357 2233 1538 2287 Sinite
1573 2250 1666 2287 me
1699 2233 1919 2288 imitari

265 2320 610 2390 passionem
643 2321 740 2374 Dei
775 2322 951 2382 mei,»
986 2338 1058 2375 ex
1089 2321 1361 2392 epistola,
1397 2321 1647 2390 scilicet,
1707 2322 1780 2376 ad
1811 2324 1917 2376 Ro-

263 2428 497 2465 manos.
525 2411 810 2481 Ejusdem
843 2412 1354 2468 saeculisecundus
1381 2413 1566 2480 testis,
1590 2419 1648 2467 et
1678 2413 1918 2482 quidem

268 2501 802 2572 locupletissimus,
837 2509 928 2557 est
957 2504 1282 2558 Antiochus
1313 2504 1421 2557 sub
1484 2504 1748 2558 lleraclio
1779 2520 1917 2558 mo-

270 2592 496 2646 nachus
515 2592 1005 2662 Palaestinus,qui
1028 2591 1099 2647 ad
1114 2592 1485 2647 Eustathium
1509 2593 1747 2664 scripsit
1763 2593 1919 2648 circa

265 2697 492 2735 annum
513 2681 824 2750 620,eique
847 2681 1121 2735 homilias
1144 2697 1282 2736 suas
1316 2680 1625 2736 dedicavit.
1659 2683 1917 2746 Quarum

268 2771 368 2822 124
391 2785 520 2838 quae
544 2771 718 2839 agit«
751 2770 828 2822 De
879 2769 1254 2823 veneratione
1304 2769 1715 2824 sacerdotibus
1757 2788 1916 2840 prm-

271 2857 670 2926 standa,»haac
703 2857 879 2912 nobis
909 2875 940 2911 e
961 2857 1015 2911 S.
1052 2858 1274 2930 lgnatio
1306 2857 1588 2928 decerpta
1619 2859 1819 2913 tradit:
1852 2858 1916 2912 Ὀ

265 2945 524 3021 θεοφόρος
580 2945 848 3017 Ἰγνάτιος
898 2941 1227 3013 ἐπιστέλλει,
1261 2942 1459 3018 λέγων·
1510 2948 1606 3016 Τῷ
1635 2943 1916 3018 ἐπισκὸπῳ

261 3031 580 3107 προσέχετε,
637 3031 732 3087 ἵνα
798 3034 888 3088 καὶ
945 3034 972 3086 ὁ
1015 3033 1142 3094 Θεὸς
1200 3033 1346 3107 ὑμῖν.
1402 3033 1734 3107 Ἀντῖψυχον
1803 3033 1914 3107 ἐγὼ

260 3128 337 3192 τῷ
394 3121 825 3194 ὑποτασσομένῳ
859 3123 1000 3195 (lege
1031 3127 1134 3176 τῶν
1168 3123 1646 3196 ὑποτασσομένων,
1674 3141 1748 3179 ne
1780 3142 1914 3179 cum

256 3214 575 3268 Tilmanno
592 3216 918 3284 interprete
934 3215 1013 3268 ita
1028 3214 1540 3283 reddas,«recreor
1562 3215 1621 3268 in
1637 3215 1912 3285 episcopo

261 3304 522 3373 quimihi
542 3303 900 3374 subrogatus
914 3305 1090 3371 est),»
1120 3296 1827 3375 ἐπισκόπῳ,πρεσ6υτὲροις
1859 3322 1916 3355 τε

256 3390 344 3442 καὶ
394 3387 695 3451 διακόνοιςο
753 3390 869 3462 μετ’
931 3389 1104 3442 αὐτῶν
1162 3411 1255 3461 μοι
1301 3391 1390 3443 ητὸ
1458 3391 1620 3464 μέρος
1698 3388 1913 3463 γὲνοιτο

256 3473 401 3552 ἔχειν
437 3479 492 3533 ἐν
529 3483 668 3549 Θεῷ,
710 3503 736 3532 α
756 3482 1018 3551 Ignatius
1048 3481 1432 3551 Theophorus
1463 3498 1568 3552 per
1599 3480 1914 3552 epistolam

254 3569 399 3624 dicit
431 3587 443 3622 :
479 3593 508 3617 ‹‹
540 3569 829 3640 Episcopo
853 3568 1231 3638 attendite,ut
1261 3575 1319 3624 et
1340 3571 1496 3624 Deus
1512 3569 1918 3625 vobis.Anima

257 3675 388 3714 mea
420 3676 533 3730 pro
561 3659 654 3721 iis,
689 3658 788 3729 qui
823 3658 1120 3728 episcOpo,
1145 3658 1528 3730 presbyteris,
1561 3663 1619 3713 et
1649 3658 1918 3715 diacouis

262 3764 494 3803 morem
518 3753 735 3819 gerunt
755 3765 772 3801 :
792 3764 926 3802 cum
946 3747 1064 3801 illis
1084 3748 1418 3819 portionem
1443 3747 1658 3803 habere
1684 3747 1828 3802 mihi
1853 3749 1914 3803 in

258 3840 374 3894 Deo
405 3837 774 3909 contingat.»
808 3840 938 3892 Haac
957 3842 1156 3891 autem
1180 3837 1240 3890 in
1271 3836 1535 3908 Epistola
1557 3837 1628 3891 ad
1652 3837 1920 3908 Polycar-

258 3945 400 3999 pum
432 3931 689 3981 exstant.
725 3925 823 3978 Καὶ
856 3921 1025 3984 αὖθις·
1091 3924 1314 3998 Μάρτυς
1375 3945 1492 3996 μοι.
1553 3923 1603 3978 ἐν
1662 3925 1707 3996 ᾧ
1765 3922 1916 3979 δέδε-

260 4038 378 4087 μαι,
431 4016 521 4068 ’ὁτι
585 4013 688 4068 ἀπὸ
747 4014 941 4087 σαρκὸς
1005 4012 1355 4086 ἀνθρωπίνης
1436 4013 1534 4068 οὐκ
1603 4007 1794 4088 ἔγνων·
1854 4014 1916 4069 τὸ

260 4102 316 4158 δὲ
372 4108 599 4175 Ηνεῦμα
659 4103 948 4176 ἐκήρυσσεν
1000 4099 1310 4175 λέγοντέδε·
1369 4103 1552 4176 Χωρὶς
1624 4107 1721 4156 τοῦ
1798 4102 1918 4157 ἐπι-

263 4190 470 4247 σχόπου
508 4189 680 4265 μηδὲν
713 4197 940 4247 ποιεῖτε.
1002 4216 1028 4241 ‹‹
1063 4195 1130 4247 Ει
1161 4210 1401 4248 rursus:
1466 4193 1702 4248 «Testis
1745 4194 1916 4262 mihi,

263 4286 321 4338 in
341 4303 458 4354 quo
484 4284 717 4337 vinctus
739 4299 889 4346 sum,
917 4281 1074 4351 quod
1097 4299 1167 4336 ex
1187 4299 1363 4338 carne
1386 4283 1649 4337 humana
1669 4299 1790 4336 non
1812 4282 1914 4337 ι]ο“⁸

268 4375 470 4439 verim;
506 4372 760 4442 Spiritus
783 4376 980 4425 autem
1009 4370 1367 4440 pra-dicavit,
1389 4372 1513 4425 haec
1533 4371 1756 4425 dicens:
1783 4371 1916 4426 Sine

271 4463 546 4533 episcopo
575 4459 722 4513 nihil
742 4459 973 4513 facite.»
1001 4460 1138 4522 Quae
1167 4458 1410 4513 totidem
1430 4459 1676 4531 syllabis
1700 4460 1760 4514 in
1784 4461 1918 4530 Epi-

1944 3183 1994 3244 υ

2030 546 2322 611 ceptum,»
2355 555 2425 594 ex
2447 541 2675 595 eadem.
2709 539 2769 595 Ὁ
2799 539 2890 593 τὸν
2922 538 3224 594 ἐπίσκοπον
3241 544 3420 611 τιμῶν
3454 539 3556 593 ὑπὸ
3577 543 3674 593 τοῦ

2030 634 2164 684 Θεοῦ
2187 634 2430 702 τιμᾶταγ
2469 629 2495 682 ὁ
2530 629 2702 700 λάθρα
2735 628 3034 684 ἐπισκόπου
3066 651 3119 683 τι
3148 631 3404 704 πράσσων
3434 635 3513 702 τῷ
3554 627 3672 683 δια-

2029 715 2182 791 ϐόλῳ
2217 718 2484 794 λατρεύει.
2512 744 2538 770 ι.
2565 721 2670 784 Qui
2697 721 3035 792 episcopum
3061 723 3333 788 honorat,
3367 723 3534 777 aDeo
3564 722 3638 775 ho
3657 752 3670 761 -

2030 817 2296 877 noratur;
2323 811 2421 880 qui
2447 811 2599 865 clam
2631 811 2909 882 episcOpo
2933 811 3159 881 aliquid
3185 810 3346 876 facit,
3370 812 3674 866 diabolum

2032 901 2230 962 colit.»
2265 918 2333 954 ex
2366 899 2593 954 eadem.
2629 899 2943 970 ’Λεία-(καῖον
2979 895 3036 952 δὲ
3079 895 3221 952 ἐστιν
3284 899 3670 963 ὑποεάσςεσοαι

2028 988 2116 1042 καὶ
2147 992 2224 1059 τῷ
2258 983 2650 1061 πρεσϐυτερίῳ,
2685 987 2757 1049 ὡς
2811 986 3142 1050 ἀποστόλοις
3202 986 3382 1058 Ἰησοῦ
3414 990 3670 1061 Χριστοῦ,

2027 1084 2125 1145 τῆς
2156 1073 2378 1138 ἐλπίδος
2412 1079 2593 1149 ἡμῶν,
2632 1120 2642 1131 .
2681 1120 2694 1134 .
2731 1119 2743 1130 .
2781 1121 2794 1134 .
2833 1119 2844 1130 .
2883 1122 2895 1133 .
2929 1075 3064 1130 κατᾶ
3084 1077 3254 1130 πάντα
3277 1078 3476 1151 τρόπον
3512 1083 3671 1132 πᾶσιν

2026 1165 2290 1239 ἀρέσκειν
2369 1165 2430 1220 οὐ
2487 1166 2590 1240 γὰρ
2671 1166 2977 1240 βρωμάτων
3041 1164 3130 1220 καὶ
3213 1166 3474 1238 πομάτων
3538 1167 3668 1220 εἰσὶν

2027 1251 2296 1322 διάκονοι,
2327 1253 2832 1324 ἁλλὰἘκκλησίας
2875 1259 3008 1308 Θεοῦ
3053 1254 3338 1327 ὑπηρέται·
3398 1251 3516 1309 δέον
3573 1255 3664 1308 οῦν

2031 1341 2173 1397 ἐστιν
2235 1343 2431 1404 αὐτοὺς
2489 1341 2857 1417 φυλάσσεσθαι
2914 1343 2980 1396 τὰ
3036 1342 3354 1416 ἐγκλήματα
3413 1344 3486 1405 ὡς
3539 1348 3665 1416 πῦρ⁶

2029 1432 2239 1504 ὁμοίως
2307 1432 2502 1495 πάντες
2561 1431 2988 1506 ἐντρεπὲσθωσαν
3048 1433 3174 1496 τοὺς
3233 1431 3514 1495 διακόνους
3595 1433 3671 1496 ὡς

2029 1524 2241 1591 Ἰησοῦν
2272 1522 2530 1596 Χριστὸν,
2564 1522 2772 1576 καὶτὸν
2815 1521 3106 1576 ἐπίσκοπον
3174 1523 3247 1583 ὡς
3296 1523 3386 1576 τὸν
3443 1518 3668 1596 πατέρα,

2027 1611 2154 1672 τοὺς
2214 1608 2271 1665 δὲ
2329 1605 2724 1684 πρεσϐυτέρους
2777 1611 2850 1670 ὡς
2920 1607 3197 1684 συνέδριον
3253 1615 3406 1680 Θεοῦ,
3467 1610 3555 1665 καί
3596 1611 3669 1680 ὡς

2030 1697 2227 1772 δεσμὸν
2283 1698 2626 1754 ἀποστόλων·
2689 1699 2866 1775 χωρὶς
2940 1698 3146 1754 τούτων
3238 1699 3533 1770 Ἐκκλησία
3608 1700 3667 1755 οὐ

2028 1789 2294 1844 καλεῖται.
2329 1795 2542 1846 Necesse
2568 1791 2749 1860 igitur
2767 1797 2844 1845 est
2878 1790 3041 1861 (non,
3067 1812 3094 1840 ‹‹
3121 1791 3396 1861 episcopo
3420 1792 3672 1863 subjecti

2029 1884 2094 1934 ut
2110 1881 2230 1934 sint
2251 1881 2426 1934 etiam
2441 1880 2861 1950 presbyteri,ut
2883 1884 2940 1933 et
2956 1879 3206 1949 apostoli
3228 1881 3360 1933 Jesu
3384 1881 3673 1948 Christo,»

2026 1968 2110 2024 uti
2125 1970 2381 2038 pessime
2399 1968 2702 2022 transtulit
2719 1968 3218 2036 Tilmannus.sed)
3238 1967 3480 2039 «subjici
3495 1970 3672 2022 etiam

2026 2057 2414 2129 presbyterio,
2449 2062 2516 2111 ut
2541 2057 2826 2127 apostolis
2848 2058 2984 2111 Jesu
3015 2056 3252 2124 Christi,
3286 2058 3384 2127 qui
3420 2063 3509 2112 est
3539 2074 3672 2128 spes

2026 2153 2370 2203 nostra......
2405 2147 2565 2200 omni
2589 2146 2763 2200 modo
2785 2146 3059 2200 omnibus
3081 2145 3335 2216 placere:
3362 2149 3486 2200 Non
3510 2147 3669 2201 enim

2027 2243 2163 2291 sunt
2190 2235 2630 2291 esculentorum
2663 2240 2720 2289 et
2753 2235 3205 2306 poculentorum
3237 2235 3516 2290 ministri.
3565 2236 3668 2290 sed

2026 2326 2304 2381 Ecclesiae
2326 2326 2428 2380 Dei
2453 2325 2876 2394 servi.0portet
2896 2324 3072 2395 igitur
3094 2342 3194 2380 eos
3217 2326 3396 2379 vitare
3420 2326 3672 2380 crimina

2027 2415 2270 2486 perinde
2302 2431 2369 2469 ac
2400 2415 2620 2486 ignem.
2655 2414 2937 2468 Similiter
2970 2421 3028 2468 et
3053 2431 3258 2469 omnes
3293 2421 3672 2470 revereantur

2029 2503 2333 2571 diaconos,
2360 2509 2422 2558 ut
2444 2505 2644 2558 Jesum
2669 2503 2988 2567 Christum,
3020 2507 3078 2558 et
3106 2503 3448 2574 episcopum
3469 2509 3535 2558 ut
3562 2521 3671 2575 pa-

2026 2593 2584 2664 trem,presbyteros
2599 2598 2797 2647 autem
2820 2598 2885 2646 ut
2907 2592 3226 2646 concilium
3248 2593 3372 2659 Dei,
3389 2599 3446 2646 et
3468 2594 3666 2648 vincu-

2026 2685 2150 2739 lum
2181 2664 2608 2754 apdstolorum.
2643 2683 2778 2736 Sine
2809 2682 2899 2735 his
2930 2682 3192 2736 Ecclesia
3220 2699 3341 2736 non
3373 2688 3667 2748 vocatur;»

2027 2790 2096 2827 ex
2129 2773 2356 2827 eadem.
2388 2772 2624 2826 Lacuna
2671 2775 2870 2825 autem
2918 2769 3074 2841 apud
3105 2770 3463 2825 Antiochum
3495 2771 3666 2826 facile

2023 2862 2333 2932 suppletur
2363 2876 2429 2914 ex
2460 2859 2706 2931 Ignatio.

2094 2950 2258 3005 Circa
2289 2949 2553 3003 medium
2585 2946 2762 3018 hujus
2794 2947 2897 3000 mvi
2931 2946 3210 3017 precipue
3234 2947 3448 3002 claruit
3477 2948 3666 3001 Maxi-

2023 3056 2156 3093 mus
2187 3038 2388 3104 abbas,
2422 3037 2728 3092 confessor
2759 3041 2813 3091 et
2844 3041 3088 3107 martyr,
3114 3036 3213 3106 qui
3243 3036 3563 3106 Epistolam
3595 3034 3668 3090 ad

2025 3130 2320 3182 Romanos
2352 3127 2636 3197 agnoscit,
2661 3142 2912 3195 eamque
2938 3125 3136 3179 statim
3159 3131 3294 3179 ante
3316 3125 3667 3195 martyrium

2025 3216 2306 3286 scriptam
2339 3216 2688 3280 conﬁtetur;
2723 3214 2862 3268 licet
2891 3231 2961 3268 ea
3010 3215 3306 3268 sententia
3332 3213 3403 3267 de
3436 3215 3669 3284 scriptis

2023 3305 2230 3376 Ignatii
2265 3320 2299 3359 a
2332 3309 2452 3358 tota
2483 3303 2743 3358 Ecclesia
2773 3307 3011 3373 recepta
3041 3303 3224 3372 ipsius
3255 3303 3564 3357 sententia:
3597 3303 3667 3356 de

2024 3393 2454 3466 Areopagiticis
2475 3392 2651 3464 plane
2684 3395 3061 3463 repugnaret,
3097 3408 3352 3461 eumque
3385 3392 3458 3446 ad
3491 3391 3669 3445 miras

2023 3482 2349 3554 angustias,
2383 3486 2439 3536 et
2492 3480 2707 3548 effugia
2757 3485 2918 3534 tanto
2944 3480 3066 3533 viro
3124 3497 3368 3550 prorsus
3427 3480 3670 3552 indigna

2022 3572 2505 3642 redigeretﬁunc
2525 3571 2683 3624 enim
2708 3571 2999 3641 Ignatium
3022 3576 3343 3640 martyrem
3364 3570 3504 3624 facit
3534 3575 3670 3623 ante

2022 3661 2424 3715 Domitianum
2459 3678 2471 3714 :
2508 3658 2666 3730 quod
2697 3661 2745 3712 si
2778 3675 2980 3713 verum
3014 3665 3190 3721 esset,
3249 3658 3502 3729 objectio
3534 3658 3657 3710 Dio.

2025 3750 2290 3820 nysianis
2311 3749 2466 3804 facta
2507 3765 2718 3819 porsus
2743 3751 3138 3802 evanesceret.
3164 3746 3274 3800 Sed
3297 3763 3432 3802 cum
3465 3762 3670 3800 omnes

2025 3839 2247 3893 scirent
2272 3854 2406 3892 eum
2431 3835 2538 3890 sub
2565 3836 2815 3906 Trajano
2837 3836 3184 3907 martyrium
3208 3835 3667 3907 subiisse,agno-

2025 3933 2331 3996 sceretque
2367 3925 2492 3997 ipse
2527 3925 2775 3995 scriptas
2807 3924 2986 3978 fuisse
3019 3924 3126 3978 sub
3158 3925 3458 3993 Onesimo,
3507 3925 3669 3979 Timo

2026 4016 2148 4070 thei
2173 4030 2674 4081 successore,cum
2699 4013 3060 4084 Dionysiana
3080 4013 3382 4068 Timotheo
3404 4013 3673 4069 dedicata

2023 4106 2144 4160 sint
2167 4123 2179 4172 ;
2215 4102 2540 4174 respondit,
2566 4107 2631 4156 ut
2651 4101 2862 4172 potuit,
2886 4102 3098 4171 primo.
3122 4101 3296 4156 verba
3317 4103 3524 4173 Ignatii
3549 4118 3669 4156 non

2023 4194 2206 4249 fuisse
2238 4194 2309 4247 ab
2333 4192 2458 4262 ipso
2483 4190 2760 4260 Dionysio
2785 4190 3022 4260 scripta,
3059 4190 3161 4245 sed
3193 4190 3264 4245 ab
3315 4191 3511 4260 aliquo
3544 4197 3671 4244 stu-

2025 4282 2188 4337 dioso
2242 4286 2446 4351 postea
2476 4280 2740 4343 inserta;
2802 4278 3084 4346 secundo,
3144 4279 3284 4350 quia
3341 4281 3452 4334 hoc
3489 4279 3668 4351 gratis

2023 4372 2246 4426 dictum
2277 4385 2405 4423 esse
2438 4367 2725 4433 videatur,
2758 4366 2932 4422 verba
2955 4367 3090 4422 illa:
3119 4370 3332 4423 «Amor
3353 4386 3520 4424 meus
3543 4386 3668 4424 cru-

2024 4459 2235 4514 ciﬁxus
2269 4461 2413 4523 est,»
2446 4454 2662 4525 smpius
2695 4454 2877 4509 fuisse
2909 4454 2980 4509 ab
3039 4456 3262 4527 Ignatio
3296 4462 3418 4512 tum
3449 4457 3510 4511 in
3544 4473 3665 4511 ser-

271 4551 414 4606 stola
443 4550 518 4604 ad
541 4548 1068 4619 Philadelphenses
1115 4547 1408 4619 leguntur.
1465 4547 1591 4620 Χρή
1639 4544 1729 4601 οὖν
1786 4545 1910 4600 ἄνευ
1946 4549 1988 4613 D
2023 4560 2196 4600 mone
2231 4549 2353 4597 tum
2387 4541 2447 4595 in
2479 4541 2713 4611 scriptis
2735 4547 3018 4610 usurpata
3067 4541 3414 4609 hariolatur,
3449 4543 3666 4613 Diony-

267 4643 358 4692 τοῦ
389 4637 690 4691 ἐπισιιὸπου
726 4632 894 4706 μηδὲν
928 4635 1183 4709 πράσσειν
1213 4637 1384 4707 ἡμᾶς,
1422 4659 1444 4688 α
1465 4640 1708 4707 Oportet
1740 4637 1916 4708 igitur

274 4747 372 4783 nos
394 4728 546 4783 nihil
570 4728 700 4781 sine
730 4725 1004 4796 episcopo
1027 4725 1356 4794 facere,»ex
1381 4725 1644 4796 Epistola
1665 4725 1738 4780 ad
1759 4724 1914 4780 Tral-

273 4819 472 4874 lianos.
507 4818 689 4872 Ὅπου
722 4814 828 4890 γὰρ
858 4812 917 4867 ἂν
949 4819 1089 4891 φανῇ
1122 4813 1439 4882 ἐπίσκοπος,
1479 4813 1591 4868 ἐκεῖ
1646 4813 1708 4868 τὸ
1766 4811 1916 4883 πλῆ-

274 4908 355 4967 οος
386 4904 524 4974 ἤτω·
564 4903 745 4976 ὥσπερ
779 4901 917 4956 ὅπου
968 4900 1027 4957 ἄν
1072 4903 1351 4978 ὀνομασθῇ
1411 4903 1644 4975 Χριστὸς
1679 4904 1914 4972 Ἰησοῦς,

275 4994 374 5049 ἐκεῖ
401 4997 435 5063 ἡ
467 4993 744 5058 καθολική
807 4991 1066 5059 Ἐκκησία
1124 4990 1524 5065 ἐπισυνάγεται.
1561 5016 1587 5042 ‹‹
1621 4993 1725 5048 Ubi
1752 4993 1912 5048 enim

275 5086 665 5157 conspicietur
683 5081 892 5136 adesse
918 5082 1252 5152 episcopus,
1275 5083 1353 5138 ibi
1381 5083 1698 5137 multitudo
1719 5083 1812 5137 sit:
1847 5088 1916 5137 ut

273 5171 1004 5229 ubinominaturChristus
1025 5173 1210 5238 Jesus,
1240 5172 1319 5225 ibi
1347 5172 1639 5227 catholica
1657 5172 1916 5226 Ecclesia

268 5262 506 5334 cogitur,
547 5283 564 5306 -
595 5275 670 5313 ex
721 5255 985 5327 Epistola
1015 5255 1087 5310 ad
1140 5257 1494 5329 Smyrnaeos.
1529 5254 1643 5312 Οὺκ
1673 5255 1784 5327 ὲξὸν
1821 5252 1911 5308 οὖν

265 5350 394 5403 ἐστιν
423 5348 602 5423 χωρὶς
633 5349 733 5399 τοῦ
783 5343 1084 5398 ἐπισκόπου
1119 5340 1241 5398 οὔτε
1301 5342 1539 5419 βαδίζειν
1601 5347 1660 5409 (1.
1726 5345 1915 5419 βαπτί-

264 5448 357 5510 ζειν
389 5459 455 5496 ex
489 5457 604 5495 ms.
661 5436 1008 5505 Oxoniensi)
1040 5429 1163 5488 οὕτε
1223 5434 1437 5510 ἀγάπην
1492 5440 1689 5489 ποιεῖν’
1727 5434 1852 5490 ἀλλ’
1886 5433 1913 5488 δ

262 5536 312 5583 iv
345 5529 548 5588 ἐκεῖνος
583 5523 882 5596 δοκιμάσῃ,
908 5526 1076 5576 τοῦτο
1107 5522 1195 5577 καὶ
1227 5527 1306 5595 τῷ
1339 5527 1454 5594 Θεῷ
1485 5522 1730 5598 ἀρεστόν.
1754 5527 1914 5579 «Non

254 5622 426 5694 igitur
457 5620 604 5674 licet
664 5615 795 5670 sine
831 5613 1110 5686 episcopo
1164 5613 1254 5669 vel
1279 5614 1598 5688 baptizare,
1658 5614 1748 5669 vel
1775 5630 1912 5688 aga-

2027 4635 2302 4702 siumque
2337 4647 2456 4685 non
2490 4629 2563 4684 ad
2593 4629 2700 4684 has
2733 4628 3029 4699 epistolas,
3065 4630 3168 4685 sed
3199 4631 3272 4686 ad
3303 4632 3418 4686 alia
3451 4631 3670 4702 scripta

2025 4721 2378 4793 respexisse,
2420 4725 2479 4773 et
2533 4718 2827 4772 rationem
2886 4719 3123 4789 qualem
3183 4721 3420 4791 qualem
3471 4720 3659 4775 addit.

2025 4811 2334 4884 Τεκμήριον
2399 4803 2454 4860 δὲ
2501 4805 2563 4859 τὸ
2610 4806 2685 4877 μή
2747 4807 3116 4878 προσκεῖσθαι.
3172 4807 3368 4884 Γράφει
3428 4805 3483 4860 δὲ
3535 4827 3668 4873 τισι,

2023 4896 2269 4951 τουτέστι
2327 4893 2651 4966 Ῥωμαίοις,
2719 4891 2844 4947 ἀλλ’
2903 4892 3114 4958 ἅπλῶς·
3173 4896 3369 4971 Γράφει
3421 4891 3475 4948 δὲ

2026 4991 2168 5048 θεῖος
2198 4985 2714 5059 ’Ῐγνάτιος.(‹Ηι1]ι18
2747 4984 2831 5038 rei
2855 4984 3142 5040 indicium
3159 5001 3310 5048 esse,
3336 4984 3492 5054 quod
3512 4982 3668 5054 apud

2025 5079 2368 5150 Dionysium
2394 5095 2514 5132 non
2547 5076 2844 5132 addantur
2875 5075 2982 5142 illi,
3000 5076 3073 5130 ad
3096 5093 3243 5145 quos
3267 5075 3473 5130 scribit
3497 5077 3667 5143 Igna-

2027 5168 2162 5234 t-ius,
2199 5168 2425 5222 scilicet
2459 5165 2708 5220 Romani
2736 5180 2748 5230 ;
2775 5163 2878 5218 sed
2910 5165 3262 5236 simpliciter
3290 5165 3512 5219 dictum
3543 5165 3620 5218 sit
3651 5180 3664 5219 :

2025 5256 2236 5310 Scribit
2266 5261 2463 5310 autem
2487 5253 2721 5307 divinus
2760 5254 3040 5324 Ignatius.
3067 5276 3093 5303 »
3134 5257 3348 5325 Aperte
3381 5252 3559 5324 igitur
3581 5258 3669 5306 te-

2024 5351 2213 5400 statur
2233 5342 2722 5406 Maximus,etiam
2748 5358 2882 5395 cum
2923 5359 2992 5397 ea
3013 5344 3382 5399 confessione
3414 5342 3668 5397 nimium

2023 5439 2413 5505 premeretur,
2449 5431 2505 5484 S.
2539 5430 2829 5501 Ignatium
2878 5432 3159 5500 epistolas
3191 5451 3337 5504 quas
3380 5433 3667 5492 habemus

2023 5524 2128 5578 sub
2156 5521 2432 5578 Onesimo
2463 5519 2792 5590 scripsisse,
2816 5524 2874 5573 et
2895 5520 3070 5574 verba
3100 5521 3202 5577 illa
3227 5541 3238 5577 :
3266 5527 3481 5580 «Amor
3500 5543 3668 5581 meus

2023 5610 2339 5670 cruciﬁxus
2388 5613 2495 5677 est,
2521 5632 2547 5657 ››
2581 5608 2643 5663 in
2675 5607 2937 5680 Epistola
2967 5610 3040 5664 ad
3074 5613 3372 5670 Romanos
3402 5615 3668 5687 genuina.

3520 4895 3604 4947 καὶ
3639 4893 3667 4946 ὁ
