3974 6134
339 345 416 403 95
1381 340 1444 400 Β.
1490 338 1894 400 IGNATIUS.
1946 371 2010 380 -
2066 335 2676 402 PROLEGOMENA.
3666 337 3746 397 96

343 479 482 532 dum
497 476 734 530 beatum
777 473 1090 545 Ignatium,
1123 489 1257 527 caro
1279 472 1592 528 Salvatoris
1632 472 1818 526 nostri
1851 472 1988 526 Jesu
2019 469 2068 536 Α
2097 470 2302 526 Filium
2342 474 2441 529 Dei
2474 474 2756 530 creatoris
2779 472 3006 540 mundi,
3030 472 3304 542 dicetque
3331 467 3489 541 quod
3513 474 3604 524 est
3625 469 3748 524 illic

336 565 556 619 Christi
583 580 688 633 pro
712 561 968 633 peccatis
986 561 1205 615 nostris
1225 577 1417 631 passa,
1437 577 1613 630 quam
1632 561 1992 631 benignitate

340 657 511 709 Pater
527 651 897 707 resuscitavit
927 653 1029 704 »Et
1047 651 1118 704 ad
1133 649 1348 705 librum
1372 651 1440 704 De
1457 649 1661 704 divinis
1682 651 1995 704 nominibus

342 762 468 816 cap.
503 746 555 809 4,
591 741 769 797 tradit
803 741 1092 812 Ignatium
1145 740 1225 795 ita
1275 741 1656 795 vehementer
1691 740 1993 808 dilexisse,

351 833 507 904 quod
527 831 748 902 optavit
764 831 940 885 etiam
961 830 1109 884 tradi
1133 829 1305 884 malis
1327 829 1992 900 punitionibusdiaboli,

347 928 411 976 ut
442 922 568 992 ipso
599 920 934 986 frueretur;
978 937 1050 973 ex
1080 919 1340 991 Epistola
1366 919 1438 974 ad
1472 922 1787 975 Romanos.

425 1009 648 1064 Decimi
674 1009 866 1080 quarti
893 1008 1090 1063 smculi
1117 1009 1281 1062 testis
1304 1013 1392 1062 est
1413 1009 1778 1080 Nicephorus
1793 1009 1996 1064 Callis-

347 1099 567 1168 tus,qui
592 1115 659 1153 ex
683 1097 975 1152 veteribus
998 1097 1423 1152 Ecclesiasticm
1453 1098 1720 1152 Historia:
1745 1099 1993 1170 scripto-

347 1188 510 1243 ribus
537 1187 796 1260 plurima
826 1187 1349 1259 congessit,omnia
1381 1204 1512 1258 quae
1546 1187 1615 1242 ab
1648 1187 1899 1243 Eusebio
1925 1188 1995 1243 de

350 1277 556 1349 lgnatii
590 1276 856 1347 epistolis
877 1277 1095 1347 scripta
1144 1281 1282 1331 sunt
1350 1277 1411 1331 in
1469 1276 1776 1331 historiam
1829 1294 1996 1332 suam

350 1366 675 1426 transtulit.
704 1366 806 1419 lib.
835 1383 918 1429 Ill,
952 1382 1078 1436 cap.
1107 1369 1188 1420 19.
1215 1368 1434 1422 Auctor
1463 1367 1795 1422 Mcmorialis
1826 1367 1996 1423 histo-

352 1458 586 1522 riarum,
622 1455 753 1509 libri
805 1455 864 1508 in
911 1455 1274 1510 Bibliotheca
1317 1456 1780 1527 Cantabrigiensi
1841 1473 1996 1512 ms.:

349 1547 597 1599 «Beatus
615 1549 813 1598 autem
827 1544 1227 1614 Dionysius,in
1245 1545 1493 1600 scientia
1507 1552 1624 1600 tam
1651 1547 1997 1618 profundus,

352 1631 781 1702 adducitquasi
806 1648 904 1700 pro
946 1633 1314 1700 auctoritate,
1350 1632 1420 1687 de
1446 1635 1504 1688 B.
1539 1636 1762 1706 Ignatio
1795 1636 2001 1691 dicens

351 1724 412 1777 in
441 1721 544 1775 lib.
587 1745 605 1766 -
645 1722 722 1774 De
744 1719 958 1774 divinis
989 1720 1330 1775 nominibus
1361 1739 1372 1776 :
1407 1724 1578 1777 Amor
1620 1740 1766 1778 meus
1823 1727 1998 1780 cruci-

2098 559 2254 614 filius
2276 561 2449 631 alius,
2472 570 2530 617 et
2559 563 2877 618 substituet
2899 577 3032 615 eum
3057 560 3187 614 loco
3215 559 3366 630 ejus.
3400 558 3471 612 de
3503 575 3620 628 quo
3653 575 3755 611 va~

2097 650 2323 706 ticinati
2358 653 3134 723 suntprOpheta:,quemque
3154 648 3553 720 praedicarunt
3576 647 3753 701 disci-

2099 740 2537 812 puli,palatium
2573 748 2660 796 est
2681 740 2966 796 diaboli.»
2991 742 3074 794 Ex
3106 739 3322 809 quibus
3345 737 3576 792 duobus
3601 735 3748 792 locis

2099 836 2365 901 apparet,
2398 831 2723 886 Jacobitam
2756 831 2924 885 illum
2958 829 3130 884 istam
3179 827 3390 898 lgnatii
3423 827 3747 882 editionem

2100 918 2402 986 habuisse,
2427 937 2606 990 quam
2638 937 2744 973 nos
2777 936 2847 973 ex
2879 917 3136 973 Mediceo
3171 915 3372 970 codice
3431 914 3743 968 habemus.

2101 1008 2251 1063 Citat
2284 1009 2526 1079 quidem
2551 1009 2875 1080 Epistolam
2907 1007 2981 1062 ad
3010 1005 3566 1074 Antiochenosqum
3595 1003 3756 1057 inter

2102 1097 2332 1166 spurias
2364 1097 2512 1164 fuit;
2545 1097 2719 1152 verba
2769 1102 2969 1152 autem
3001 1095 3198 1166 priora
3246 1110 3316 1148 ex
3365 1091 3628 1163 Epistola
3681 1089 3756 1145 ad

2104 1188 2437 1257 Smyrnaeos
2485 1204 2603 1242 non
2639 1185 3018 1257 interpolata,
3079 1183 3180 1238 sed
3223 1183 3478 1254 genuina
3510 1196 3755 1252 prorsus

2105 1283 2242 1331 sunt
2271 1277 2642 1348 deprompta.
2675 1277 2877 1346 Neque
2911 1275 3072 1329 enim
3106 1290 3174 1328 ea
3198 1272 3375 1327 habet
3397 1288 3525 1341 quae
3557 1269 3627 1324 ab
3663 1269 3753 1323 in-

2105 1366 2463 1437 torpolatore
2495 1371 2633 1421 sunt
2663 1366 2904 1420 inserta.
2936 1384 3027 1417 τον
3054 1360 3402 1434 πρωτὸτνλκον
3429 1359 3606 1426 πάσης
3640 1355 3756 1411 κτί-

2106 1475 2269 1520 σειος,
2304 1456 2393 1510 τὸν
2427 1456 2556 1509 Θεὸν
2594 1455 2787 1528 Λόγον,
2819 1454 2906 1508 τὸν
2947 1459 3204 1525 μονογενῆ
3251 1450 3395 1505 Υίᾶν.
3443 1452 3592 1506 Usus
3643 1449 3758 1522 igi—

2106 1550 2202 1599 tur
2227 1545 2599 1600 estJacobita
2629 1545 2730 1600 ille
2751 1544 3010 1599 editione
3047 1543 3237 1606 tertia,
3259 1557 3374 1610 qua
3394 1539 3665 1612 genuina)
3699 1541 3760 1590 et

2108 1635 2395 1690 hactenus
2423 1635 2666 1706 integrm
2714 1633 2918 1704 lgnatii
2974 1631 3237 1703 epistola:
3291 1628 3762 1685 continebantur

2109 1741 2242 1779 cum
2275 1724 2501 1793 aliquot
2534 1723 2711 1778 etiam
2762 1723 2935 1786 ﬁctis,
2971 1721 3210 1792 qualem
3268 1721 3668 1774 Damascenus
3700 1720 3762 1768 et

355 1815 498 1881 ﬁarus
524 1816 620 1864 est.
658 1810 816 1864 ldem
845 1810 1020 1865 etiam
1053 1810 1290 1865 adducit
1321 1811 1448 1867 loca
1479 1813 1532 1867 S.
1591 1815 1897 1886 Polycarpi
1943 1823 2002 1871 et
2036 1821 2078 1884 Β
2109 1815 2402 1868 Antonius
2435 1813 2840 1884 usurpabant;
2876 1811 3141 1882 adeoque
3173 1815 3442 1876 testatur,
3477 1805 3762 1878 epistolas

360 1901 415 1953 S.
450 1899 677 1966 Irenaei,
704 1898 996 1969 verbaque
1041 1900 1218 1956 etiam
1252 1919 1323 1956 ex
1373 1903 1635 1973 Epistola
1665 1905 1738 1959 ad
1795 1908 2004 1961 Roma-

358 2005 465 2041 nos
496 1989 568 2041 ab
600 1987 848 2042 Eusebio
871 1989 1225 2060 transcripta
1248 1991 1530 2046 Macarius
1561 1994 2002 2066 Chrysocepha-

357 2076 453 2130 lus
485 2075 642 2130 inter
664 2076 894 2131 codices
946 2078 1297 2133 Barocianos
1329 2081 1534 2134 Oxonii
1561 2099 1669 2136 ms.
1705 2083 1764 2138 in
1795 2101 2009 2157 magna

371 2165 688 2234 Alphabcto,
722 2166 840 2219 sive
872 2166 1095 2233 Catena,
1129 2184 1304 2237 quam
1339 2169 1398 2222 in
1438 2187 1508 2226 ea
1539 2171 1705 2225 Luca)
1729 2189 1858 2243 quas
1889 2191 2007 2228 non

366 2260 507 2308 sunt
538 2255 598 2308 in
634 2255 901 2310 Mattharo
949 2257 1205 2327 scripsit,
1233 2260 1500 2329 apposito
1532 2261 1772 2315 nomine
1805 2263 2008 2334 lgnatii

371 2345 494 2397 haec
525 2345 804 2398 inseruit:
842 2345 1112 2413 Εγεννήθη
1147 2345 1246 2418 γὰρ
1304 2347 1392 2400 καὶ
1450 2342 1748 2420 ἐϐαπτίσθη
1805 2349 1898 2405 ἵνα
1948 2353 2010 2406 τὸ

363 2431 552 2498 θνητὸν
569 2432 728 2501 ἡμῶν
743 2433 1279 2506 καθαρεσθῇ,‹‹ῐιξιιιιε
1301 2443 1389 2492 est
1419 2440 1575 2494 enim
1601 2447 1657 2495 et
1686 2441 2012 2512 baptizatus

365 2525 429 2573 ut
444 2521 694 2575 mortale
714 2527 982 2576 nostrum
999 2525 1426 2594 puriﬁcaretur.
1441 2529 1794 2586 »Gulielmus
1812 2533 2015 2588 Wode-

372 2608 500 2662 ford
533 2609 854 2681 Anglus,ex
884 2612 1189 2668 academia
1219 2615 1539 2672 Oxoniensi
1576 2619 1884 2694 theologia;
1905 2623 2012 2678 do—

363 2703 724 2765 ctor,contra
771 2699 1091 2771 Trialogum
1124 2704 1345 2759 Wicleti
1381 2705 1505 2762 haec
1535 2710 1745 2780 lgnatii
1792 2711 2012 2771 laudat.

362 2810 387 2835 ‹‹
419 2788 800 2844 Considerate
829 2791 1087 2860 qualiter
1125 2795 1665 2869 Anthropomorphi
1699 2817 1733 2854 a
1755 2818 2014 2858 commu-

367 2876 545 2930 nione
572 2883 630 2930 et
668 2879 930 2934 oratione
983 2889 1319 2938 sanctorum
1370 2887 1672 2954 recedunt,
1703 2899 2016 2961 propterea

362 2965 520 3034 quod
538 2983 657 3020 non
676 2967 896 3022 habent
913 2971 1180 3025 conﬁteri
1197 2974 1617 3031 eucharistiam
1631 2995 1870 3035 carnem
1889 2998 2016 3037 esse

359 3053 669 3109 Salvatoris
694 3073 707 3121 ;
745 3072 812 3110 ex
855 3059 1115 3127 Epistola
1137 3061 1210 3114 ad
1233 3063 1535 3133 Ephesios.
1565 3069 1825 3139 Denique
1843 3072 2015 3126 Joan-

2115 1903 2324 1966 lgnatii
2355 1903 2643 1973 genuinas
2674 1919 2792 1956 non
2826 1905 3052 1956 tantum
3087 1917 3119 1954 a
3151 1901 3364 1953 Graecis
3399 1903 3456 1951 et
3513 1894 3763 1959 Latinis,

2111 1991 2213 2046 sed
2247 1992 2424 2045 etiam
2453 1991 2524 2046 ab
2555 1991 2867 2045 Arabibus.
2902 2006 3021 2044 non
3040 1994 3270 2043 tantum
3298 1985 3623 2050 catholicis,
3652 1981 3766 2037 sed

2112 2085 2172 2133 et
2201 2079 2492 2134 haireticis
2523 2084 2789 2150 receptas
2819 2078 3022 2132 fuisse.

2751 2197 2979 2250 CAPUT
3021 2196 3120 2248 ΙΙΙ.

2112 2307 2463 2372 Argumenta
2489 2321 2595 2373 pro
2623 2306 2676 2358 S.
2715 2304 2957 2370 lgnatio,
2983 2303 3190 2371 partim
3225 2317 3258 2353 a
3288 2299 3532 2362 testibus,
3552 2298 3773 2373 partim

2186 2370 2219 2428 ἁ
2248 2370 2577 2429 testimoniis
2601 2377 2799 2444 petita.
2834 2376 2870 2426 A
2906 2370 3123 2427 testiam
3155 2387 3402 2444 numero,
3427 2370 3774 2437 antiquitate

2187 2453 2236 2500 et
2269 2449 2424 2500 serie.
2456 2450 2493 2500 A
2530 2443 2960 2500 testimoniorum
3006 2452 3118 2498 tum
3149 2443 3428 2512 generali,
3452 2447 3570 2494 tum
3624 2455 3776 2510 par-

2189 2517 2411 2572 ticulari
2444 2519 2792 2571 indicatione.

2188 2634 2331 2687 Cum
2366 2638 2452 2687 tot
2481 2633 2746 2687 omnium
2781 2630 3132 2686 saeculorum
3191 2627 3528 2683 testimonia
3572 2624 3772 2679 addu-

2115 2720 2559 2788 xerimus,nihil
2577 2717 3012 2787 ulterius,quod
3034 2716 3105 2771 ad
3129 2719 3543 2786 argumentum
3568 2717 3772 2766 exter-

2117 2827 2259 2866 num
2292 2806 2856 2875 attinet,desiderari
2889 2822 3060 2876 posse
3092 2805 3397 2870 videatur;
3429 2799 3490 2854 τὸ
3521 2799 3626 2873 γὰρ
3643 2819 3777 2853 τοσ-

2117 2899 2299 2958 οὑτοις
2365 2896 2624 2970 unigena-iv
2682 2894 2988 2948 ἀντιτείνειν
3056 2889 3437 2966 παραπληξίας
3497 2887 3769 2966 ἐσχάτης.

2119 3012 2146 3040 ‹‹
2181 2991 2286 3043 Tot
2303 2987 2460 3042 enim
2485 2992 2543 3041 et
2567 2985 2745 3040 tantis
2769 2985 3014 3039 testibus
3041 2982 3320 3055 refragari
3361 2986 3638 3036 extremm
3673 2977 3777 3032 de-

2121 3077 2358 3134 mentia:
2383 3081 2490 3139 est,
2516 3097 2544 3125 »
2572 3074 2917 3143 utloquitur
2941 3073 3341 3128 Theodoretus
3371 3069 3601 3140 dialogo
3625 3085 3659 3122 ι.
3701 3067 3780 3121 Et

363 3160 468 3240 {13$
485 3144 1050 3240 Τίῗδίηῧθοηρξξξθλῖλ
1079 3150 1322 3220 Anglus:
1357 3152 1416 3207 ίη
1439 3155 1783 3224 θοηΐθεεὶοηϐ
1807 3167 2003 3215 contra
2042 3175 2084 3240 ρ
2116 3173 2315 3221 tamen
2349 3169 2624 3236 repertus
2656 3169 2744 3217 est
2776 3161 3135 3216 Blondellus.
3188 3161 3287 3231 qui
3322 3160 3384 3213 in
3414 3155 3779 3213 Praefatione

372 3231 683 3299 Wiclefum,
712 3233 770 3286 in
805 3234 1165 3293 Bibliotheca
1185 3240 1497 3298 Usseriana
1524 3261 1655 3302 ms.:
1673 3269 1700 3296 ‹‹
1725 3249 2006 3307 Conside-

363 3325 486 3373 rate
520 3321 781 3390 qualiter
811 3323 1403 3402 [Anthropomorphi]
1437 3349 1470 3387 a
1501 3339 1922 3395 communione
1945 3347 2006 3397 et

365 3409 631 3463 oratione
665 3417 1003 3468 sanctorum
1025 3417 1574 3492 recedunt,propter
1595 3441 1714 3480 non
1737 3430 2007 3486 conﬁteri

369 3497 786 3554 eucharistiam
819 3519 1060 3558 carnem
1095 3523 1221 3561 esse
1255 3509 1594 3576 Salvatoris,
1627 3531 1804 3584 quam
1837 3519 2014 3574 Pater

373 3604 477 3642 sua
502 3588 865 3660 benignitate
911 3595 1298 3652 resuscitavit.
1350 3600 1833 3661 Contradicentes
1875 3607 2014 3663 huic

371 3677 524 3733 dono
556 3689 1018 3750 perscrutantes.
1058 3685 1278 3740 Decens
1302 3693 1389 3742 est
1409 3706 1442 3744 a
1473 3691 1690 3748 talibus
1715 3695 2011 3766 recedere,

371 3773 428 3820 et
460 3784 565 3822 nec
593 3772 991 3828 communiter
1046 3791 1156 3830 nec
1200 3778 1448 3833 seorsim
1471 3797 1606 3836 cum
1639 3783 1726 3838 eis
1763 3783 1948 3855 loqui,
1984 3809 2012 3836 »

273 3930 276 3934 ι
374 3871 439 3908 ex
475 3857 685 3912 eodem
712 3859 858 3916 loco.

446 3946 666 4000 Praeter
695 3948 818 4004 haac
852 3957 1113 4008 veterum
1143 3956 1482 4013 testimonia
1503 3976 1608 4014 suo
1632 3978 1883 4033 quaeque
1903 3980 2015 4018 saa-

374 4035 506 4124 culo
529 4039 843 4110 assignata,
876 4050 977 4098 aut
1025 4063 1092 4100 ex
1146 4049 1360 4104 Grazcis
1385 4056 1487 4105 aut
1509 4052 1728 4108 Latinis
1771 4056 2018 4124 scripto-

376 4122 540 4177 ribus
578 4127 884 4195 producta,
919 4137 1009 4186 est
1041 4139 1096 4187 et
1125 4134 1285 4190 aliud
1319 4152 1388 4192 ex
1446 4139 1698 4194 Arabico
1745 4122 2018 4212 deprom-

379 4217 544 4284 ptum
582 4232 594 4278 ;
631 4216 802 4287 cujus
832 4237 967 4275 cum
1000 4239 1109 4277 nec
1140 4231 1346 4279 auctor
1366 4227 1508 4281 satis
1539 4233 1723 4295 certo,
1745 4245 1856 4284 nec
1879 4235 2021 4285 aetas

383 4303 527 4356 mihi
569 4304 851 4364 hactenus
881 4311 1624 4386 innotuit,illudpostremo
1655 4319 1785 4374 loco
1806 4319 2022 4390 adjun-

379 4391 634 4462 gendum
666 4399 881 4465 putavi,
916 4403 1415 4470 quemadmodum
1464 4424 1499 4462 a
1528 4409 1650 4462 viro
1679 4407 1851 4464 docto
1882 4410 2020 4464 Ber—

380 4481 563 4536 nardo
597 4483 912 4540 Oxoniensi
946 4507 974 4544 e
1007 4491 1209 4547 codice
1242 4510 1351 4549 ms.
1405 4495 1468 4548 D.
1516 4497 1854 4563 Thevenoti,
1916 4497 2020 4567 qui

2114 3254 2368 3310 rotunde
2396 3253 2629 3308 dixerit:
2659 3251 2807 3307 «Sed
2842 3252 3078 3323 plenam
3109 3249 3224 3304 illis
3246 3250 3392 3320 ipsis
3414 3263 3562 3318 quas
3581 3243 3776 3299 confi-

2117 3351 2240 3399 ctas
2273 3349 2550 3415 putamus
2583 3342 2848 3413 epistolis
2882 3340 3061 3395 fidem
3093 3339 3349 3394 habuere
3371 3337 3588 3391 Patres!
3618 3332 3780 3398 Quid

2121 3439 2244 3488 tum
2264 3432 2322 3486 ‘2»
2348 3432 2457 3486 Ain
2482 3449 2635 3494 vero,
2663 3431 2798 3500 quid
2819 3429 2974 3485 tum?
3001 3431 3144 3483 Tum
3171 3433 3328 3484 certe
3361 3424 3646 3480 habemus
3676 3438 3778 3475 ar-

2117 3527 2466 3594 gumentum
2498 3537 2532 3575 a
2563 3519 2922 3575 testimoniis
2971 3519 3221 3590 petitum
3280 3515 3350 3570 de
3411 3514 3626 3582 scripto
3661 3511 3779 3564 viri

2118 3609 2365 3682 apostoli
2427 3609 2830 3664 ecclesiastico
2901 3605 3435 3678 locupletissimum
3495 3600 3777 3655 ﬁrmissi-

2122 3715 2426 3769 mumque,
2455 3704 2509 3752 et
2533 3697 2706 3768 quale
2733 3713 3042 3766 nunquam
3073 3694 3265 3749 adhuc
3297 3706 3656 3763 quemquam
3691 3689 3777 3741 fe-

2121 3789 2272 3845 fellit
2301 3805 2313 3855 ;
2347 3805 2540 3858 neque
2573 3788 2621 3841 si
2653 3793 2868 3842 caetera
2889 3785 3309 3857 respondeant,
3333 3800 3463 3853 quas
3501 3782 3561 3834 in
3591 3795 3774 3850 argu-

2122 3883 2324 3933 mento
2342 3878 2576 3931 interno
2595 3874 3142 3941 atTeremus,fallere
3158 3872 3420 3944 potuisse
3437 3867 3776 3941 putandum

2123 3974 2230 4020 est.
2269 3967 2385 4020 Hoc
2409 3971 2472 4020 ut
2502 3965 2819 4020 dilucidius
2841 3970 3220 4036 appareat,ex
3242 3966 3378 4016 ante
3410 3958 3583 4014 dictis
3614 3974 3780 4011 non-

2124 4055 2289 4110 nulla
2319 4054 2785 4120 observabimus,
2813 4060 2872 4108 et
2923 4070 3102 4125 quam
3135 4068 3203 4106 ea.
3232 4051 3347 4105 vim
3379 4049 3452 4104 ad
3487 4048 3663 4102 tidem
3688 4045 3784 4100 fa-

2125 4144 2394 4200 ciendam
2430 4142 2708 4210 habeant,
2738 4148 2862 4197 tum
2911 4159 2983 4198 ex
3041 4139 3293 4196 testibus
3327 4138 3492 4209 ipsis,
3550 4143 3673 4190 tum
3712 4151 3790 4188 ex

2127 4233 2393 4304 ipsorum
2427 4232 2786 4288 testimoniis
2819 4230 3274 4302 perpendemus.

2200 4327 2236 4378 A
2272 4322 2522 4378 testibus
2554 4339 2675 4376 non
2707 4337 2894 4374 unum
2925 4319 3196 4374 suminus
3227 4319 3666 4388 argumentum.
3709 4316 3785 4369 Ut

2128 4429 2161 4468 a
2193 4428 2442 4467 numero
2478 4411 2857 4482 incipiamus,
2883 4414 3022 4463 sunt
3045 4408 3131 4462 illi
3151 4424 3292 4462 sane
3317 4405 3784 4476 quamplurimi;

2134 4517 2327 4570 neque
2358 4500 2478 4556 ulla
2509 4500 2729 4570 scripta
2749 4505 2866 4553 tam
2898 4497 3193 4552 breviatot
3213 4496 3474 4550 fautores
3497 4500 3555 4548 et
3578 4499 3784 4560 testes,

1153 4545 1200 4547 7'
1243 4545 1351 4549 7”"
1405 4545 1468 4548 _'
1530 4545 1854 4563 '_""""7
1921 4545 2020 4567 ‘1"
2135 4545 2326 4570 "V‘1“""
2363 4545 2478 4556 ’⁸⁵⁵⁸⁷⁸⁵
2509 4545 2729 4570 νν’·ι’“”
2750 4545 2866 4553 ““”“¹““
2898 4545 3470 4552 “¹”“’⁷““’”““⁷““⁷””““““”
3505 4545 3550 4548 ’ἡ
3583 4545 3784 4560 ’⁷⁷⁷⁷⁷⁷

380 4588 628 4626 numero
653 4580 889 4631 octavus
922 4585 1009 4633 est
1041 4581 1099 4634 in
1132 4582 1406 4655 Catalogo
1462 4585 1739 4652 Verlanii,
1800 4586 2020 4641 exscri-
2054 4545 2098 4609 D
2135 4595 2220 4644 tot
2249 4596 2627 4660 excerptores
2648 4589 3103 4658 laudatoresque
3127 4586 3318 4640 adhuc
3340 4585 3570 4654 uspiam
3603 4590 3784 4637 nacta

382 4665 569 4731 ptum,
603 4664 867 4734 mihique
888 4671 1391 4727 communicatum
1424 4679 1530 4728 est.
1565 4675 1652 4729 Ita
1683 4675 1863 4746 igitur
1916 4675 2020 4729 lbn

382 4751 568 4806 Zorha
612 4754 875 4811 Jacobita
933 4759 1003 4828 (si
1035 4759 1186 4816 bene
1217 4763 1492 4817 meminit
1521 4764 1746 4819 amicus
1776 4765 2020 4835 noster),

383 4838 518 4894 libri
552 4843 639 4896 sui
671 4843 936 4902 Adversus
953 4849 1238 4918 Eutychen
1259 4867 1386 4922 cap.
1411 4853 1470 4905 4:
1505 4873 1524 4898 ι
1561 4853 1712 4906 Dicit
1762 4855 2024 4924 lgnatius

382 4932 719 4999 patriarcha
739 4936 1154 4994 Antiochensis
1185 4941 1395 4995 tertius
1420 4957 1454 4995 a
1482 4942 1654 4995 Petro
1677 4943 1944 5011 apostolo
1962 4943 2025 4998 in

383 5021 634 5090 epistola
664 5040 770 5078 sua
801 5025 874 5079 ad
905 5026 1317 5097 Smyrnenses,
1342 5028 1485 5083 dicit
1514 5030 1802 5100 (inquam)
1845 5049 1856 5085 :
1899 5051 1922 5081 α
1958 5034 2027 5086 Et

381 5125 479 5163 vos
509 5113 686 5168 etiam
714 5119 899 5169 estote
958 5118 1226 5186 persuasi
1275 5118 1333 5172 in
1377 5118 1625 5172 Domino
1658 5123 1861 5174 nostro
1889 5121 2028 5175 .lesu

381 5198 739 5272 Christo.qui
765 5220 833 5258 ex
857 5205 1083 5260 semine
1111 5205 1338 5260 Davidis
1358 5207 1659 5277 prophetae
1679 5209 1872 5278 quoad
1897 5226 2024 5264 cor-

385 5305 512 5357 pus,
545 5296 605 5345 at
627 5292 807 5347 Filius
856 5295 958 5349 Dei
990 5295 1050 5350 in
1083 5296 1328 5350 veritate
1355 5297 1503 5366 ejus,
1539 5303 1712 5352 natus
1745 5315 1815 5352 ex
1849 5300 2028 5354 Maria

387 5377 626 5449 virgine,
652 5389 711 5437 et
730 5383 1059 5454 baptizatus
1082 5401 1116 5439 a
1143 5386 1388 5451 Joanne,
1415 5393 1472 5440 et
1504 5388 1820 5443 crucifixus
1851 5406 2030 5460 prop-

387 5475 475 5523 ter
492 5487 596 5525 nos
619 5473 726 5526 sub
749 5475 1100 5544 praefectura
1123 5476 1290 5529 Ponti
1311 5476 1506 5531 Pilati.
1544 5502 1564 5528 ι
1600 5479 1667 5530 Et
1684 5478 1829 5532 dicit
1849 5479 2027 5533 etiam

385 5561 444 5614 in
480 5561 740 5631 Epistola
758 5579 864 5617 sua
884 5563 956 5617 ad
977 5565 1436 5619 Antiochenses:
1464 5588 1491 5614 «
1526 5565 1631 5629 Qui
1661 5566 1851 5621 credit
1871 5585 2031 5623 nunc

386 5649 446 5706 in
477 5650 731 5719 Christo,
765 5656 826 5706 et
875 5669 996 5708 non
1050 5653 1112 5708 in
1170 5653 1468 5710 oblatione
1521 5671 1627 5710 sua
1685 5657 1834 5726 (esse
1869 5658 2029 5731 eum)

2132 4684 2290 4732 sunt.
2325 4680 2422 4732 Est
2473 4679 2628 4733 enim
2663 4678 2747 4731 vel
2785 4694 2902 4732 una
2959 4678 3012 4733 S.
3047 4674 3366 4730 Clementis
3398 4673 3656 4743 epistola
3700 4672 3780 4727 ad

2132 4767 2468 4822 Corinthios
2488 4768 2709 4838 scripta
2731 4767 2822 4821 his
2849 4771 3076 4837 septem
3105 4765 3158 4818 S.
3184 4763 3391 4834 lgnatii
3418 4762 3575 4816 haud
3602 4761 3782 4832 paulo

2135 4856 2459 4927 prolixior;
2495 4857 2825 4928 prmsertim
2863 4856 2910 4909 si
2942 4854 3146 4908 folium
3184 4851 3334 4905 illud
3368 4868 3477 4906 ms.
3513 4851 3781 4904 excisum

2134 4945 2603 5013 consideremus,
2630 4945 2789 5015 quod
2819 4949 2950 4999 octo
2981 4943 3056 4998 ad
3086 4942 3400 4996 minimum
3432 4939 3789 5010 paginas,ut

2136 5051 2294 5090 nunc
2315 5035 2586 5090 Clemens
2620 5035 2814 5089 editus
2845 5032 3327 5101 est,exaaquat.Et
3350 5028 3619 5099 quamvis
3643 5027 3784 5082 Dal-

2135 5124 2280 5179 laaus
2315 5123 2384 5178 de
2417 5140 2666 5178 numero
2714 5123 2951 5177 testium
3003 5124 3281 5191 provocet
3309 5116 3383 5171 ad
3444 5117 3790 5170 testimonia

2137 5213 2363 5286 lgnatio
2399 5212 2469 5266 ab
2503 5212 2760 5279 Usserio,
2793 5209 3081 5265 Clementi
3115 5224 3149 5262 a
3176 5207 3350 5261 iunio
3379 5206 3620 5276 prmﬁxa
3645 5221 3658 5270 ;
3684 5206 3788 5260 ob-

2137 5301 2488 5356 servandum
2523 5300 2607 5354 illi
2661 5301 2823 5372 prius
2856 5300 2985 5365 fuit,
3048 5296 3119 5351 ab
3152 5295 3523 5350 Armachano
3556 5301 3786 5365 partem

2141 5392 2310 5462 longe
2347 5390 2666 5444 maximam
2689 5407 2816 5444 esse
2842 5384 3551 5460 prastermissam,a.lunio
3579 5401 3788 5454 quam-

2141 5480 2431 5550 plurimos
2463 5497 2592 5534 esse
2625 5479 2932 5541 adductos,
2958 5476 3058 5546 qui
3086 5475 3316 5529 nullum
3341 5474 3609 5544 epistolae
3631 5475 3789 5528 testi-

2142 5568 2411 5622 monium
2443 5567 2778 5638 perhibent,
2815 5565 3020 5637 quales
3052 5568 3191 5618 sunt
3225 5563 3278 5616 S.
3314 5561 3552 5625 Paulus,
3575 5561 3787 5632 lgnatii

2143 5656 2550 5729 interpolator,
2580 5651 3536 5728 Optatus,Rufﬁnus,Augustinus,
3558 5651 3789 5707 Euche-
