3974 6134
183 312 247 375 97

935 307 998 369 J.
1047 301 1478 370 PEARSONII
1519 302 1907 367 VINDICIIE
1947 302 2434 365 lGNA'I‘lAN/E.
2479 338 2560 351 —
2601 304 2805 367 PARS
2849 308 2900 366 Ι.
3557 311 3635 371 98

183 444 434 511 rius,lvo
464 441 894 509 Carnotensis,
919 444 1198 511 Zonaras,
1229 442 1390 514 Hugo
1423 439 1496 495 de
1526 439 1580 492 S.
1617 439 1867 507 Victore,
1897 438 1952 505 Α
1983 437 2139 508 garis
2171 454 2302 492 απαξ
2345 455 2565 493 annum
2593 457 2604 492 :
2660 438 2954 494 stantibus
3003 440 3163 495 enim
3213 441 3636 514 Hierosolymis

186 543 237 593 et
267 535 560 591 Albertus
590 533 916 588 Stadensis
942 549 956 599 ;
991 533 1090 604 qui
1118 549 1323 588 omnes
1349 531 1717 586 Clementem
1741 527 1866 598 qui-

189 628 311 680 dem
344 624 584 694 aliquo,
623 623 955 694 epistolam
979 622 1141 676 nullo
1175 620 1350 676 modo
1381 618 1869 674 nominant.Suut

192 722 381 772 autem
430 719 624 768 testes
658 712 992 783 nostri,qui
1022 710 1286 783 epistolis
1318 709 1648 781 ipsis,quas
1671 706 1870 761 defen-

195 805 405 869 dimus,
462 801 907 872 suffragantur,
941 799 1156 870 oppido
1188 797 1360 852 multi
1390 815 1402 864 ;
1437 801 1494 850 et
1536 797 1582 850 si
1615 811 1872 867 perpen-

200 895 399 948 damus
442 907 631 961 quam
657 906 855 961 pauca
877 894 1142 944 veterum
1170 885 1708 942 ecclesiasticarum
1728 884 1867 938 scri-

204 991 426 1056 ptorum
455 997 646 1051 Opera
669 996 832 1033 nunc
856 985 1113 1045 exstant,
1139 993 1316 1048 quam
1337 975 1522 1030 multo
1549 975 1722 1045 plura
1748 989 1877 1044 per—

206 1075 391 1128 ierunt
413 1076 521 1125 aut
553 1069 754 1124 adhuc
786 1085 928 1122 cum
956 1067 1156 1122 blattis
1181 1071 1238 1120 et
1261 1065 1438 1119 tineis
1469 1069 1716 1125 certant,
1754 1077 1876 1116 non

206 1177 518 1236 possumus
578 1175 701 1213 non
736 1159 895 1212 hanc
929 1157 1165 1212 testium
1197 1155 1417 1210 nubem
1448 1155 1588 1208 satis
1619 1151 1876 1224 amplam

208 1257 431 1324 putare,
464 1254 525 1303 et
568 1265 637 1302 ex
689 1248 785 1301 his
818 1263 972 1316 quos
1022 1244 1395 1311 adduximus,
1429 1259 1634 1298 eorum
1663 1257 1873 1296 nume-

209 1356 514 1410 rum,quos
538 1336 846 1392 adducere
870 1352 992 1390 non
1017 1350 1330 1406 possumus
1357 1337 1458 1388 aut
1484 1331 1877 1403 negleximus,

213 1431 512 1485 inﬁnitum
539 1444 699 1499 pene
722 1426 1120 1480 aestimareEt
1140 1425 1266 1478 haec
1289 1422 1532 1477 omnino
1554 1419 1882 1492 premenda

216 1525 381 1575 erant
432 1516 726 1572 adversus
755 1513 1061 1580 Dallaeum,
1114 1512 1213 1583 qui
1274 1509 1712 1566 Hammondum
1744 1530 1771 1557 ‹‹
1803 1523 1880 1561 ne

217 1616 470 1680 quatuor
505 1605 756 1676 quidem
789 1606 996 1657 Patres
1029 1619 1095 1656 ex
1140 1600 1303 1656 omni
1334 1598 1601 1662 secundi,
1634 1597 1793 1651 tertii
1825 1601 1883 1650 et

217 1697 407 1768 quarti
444 1694 656 1749 saeculi
686 1693 862 1764 copia
892 1691 1199 1745 nominare
1230 1689 1492 1761 potuisse
1524 1709 1550 1736 ››
1584 1692 1702 1741 tam
1731 1684 1881 1741 falso

222 1783 654 1857 pronuntiavit.

286 1890 589 1956 Secundo,
624 1890 673 1943 si
706 1888 977 1943 animum
1008 1885 1079 1940 ad
1112 1884 1328 1940 seriem
1363 1889 1699 1954 temporum
1731 1881 1887 1936 refe-

219 2001 446 2049 ramus,
482 1988 542 2036 et
573 1979 647 2034 ab
680 1979 810 2050 ipsa
842 1982 1014 2032 aetate
1047 1991 1162 2046 qua
1190 1975 1452 2046 primum
1487 1973 1721 2044 scripta)
1753 1989 1885 2042 per-

221 2074 507 2128 hibentur
539 2068 828 2140 epistolas,
854 2066 930 2121 ad
955 2081 1083 2120 eam
1115 2080 1231 2135 qua
1262 2064 1521 2134 primum
1555 2063 1884 2132 impressae,

223 2171 276 2218 et
308 2159 773 2230 erumpentibus
832 2155 1108 2210 Ecclesim
1156 2152 1490 2219 discordiis,
1521 2151 1583 2204 in
1640 2150 1886 2205 dubium

222 2257 359 2306 sunt
391 2255 637 2313 vocatae,
672 2249 855 2300 testes
886 2249 1119 2298 nostros
1151 2243 1232 2296 ita
1273 2241 1591 2311 dispositos
1621 2255 1748 2293 esse
1781 2238 1887 2292 ob-

221 2355 549 2405 servemus,
600 2341 667 2390 ut
719 2350 855 2388 cum
915 2331 1140 2403 primus
1180 2330 1291 2401 ipsi
1325 2329 1377 2382 S.
1416 2328 1663 2400 lgnatio,
1694 2329 1885 2398 primo

224 2426 528 2482 secundus
559 2421 876 2477 familiaris
903 2419 1098 2483 fuerit,
1127 2423 1251 2472 tum
1275 2433 1448 2470 nemo
1481 2416 1603 2470 fere
1634 2414 1887 2485 reliquo-

223 2533 353 2570 rum
389 2515 487 2577 sit,
524 2512 625 2582 qui
657 2527 780 2564 non
816 2524 851 2562 a
891 2507 1163 2578 sequenti
1221 2510 1323 2560 aut
1375 2504 1542 2559 nosci
1574 2508 1675 2558 aut
1704 2503 1886 2557 videri

226 2604 509 2675 potuerit,
537 2617 672 2654 cum
708 2599 769 2652 in
803 2611 1163 2666 unoquoque
1195 2594 1318 2649 fere
1357 2592 1574 2648 saeculo
1605 2609 1764 2647 nunc
1795 2592 1886 2645 bi-

228 2711 356 2760 nos,
391 2707 552 2746 nunc
589 2690 796 2755 trinos,
832 2703 993 2740 nunc
1024 2689 1344 2755 quaternos
1379 2681 1888 2736 numeraverimus

228 2783 552 2852 plurimum
585 2784 746 2833 certe
781 2776 961 2830 etiam
993 2775 1102 2829 hoc
1129 2775 1202 2828 ad
1233 2772 1592 2827 sententiam
1623 2777 1888 2826 nostram

235 2868 705 2925 conﬁrmandam
739 2865 916 2920 valet.
953 2863 1037 2917 Ab
1094 2864 1204 2918 hac
1261 2863 1423 2916 enim
1459 2861 1700 2915 testium
1735 2860 1888 2915 serie

233 2961 440 3014 nullibi
477 2961 816 3027 interrupta
861 2971 967 3026 pro
1007 2959 1166 3008 certo
1217 2953 1422 3008 haberi
1455 2951 1630 3006 debet
1656 2955 1756 3006 aut
1785 2967 1887 3005 ne-

229 3051 454 3104 minem
509 3062 779 3116 unquam
833 3045 945 3098 hoc
977 3043 1170 3113 ipsum
1226 3042 1384 3113 quod
1431 3041 1518 3095 illi
1551 3045 1892 3095 constanter

231 3138 562 3191 docuerunt
621 3148 895 3205 negasse,
954 3131 1257 3185 neminem
1315 3129 1388 3184 de
1441 3129 1788 3183 auctoritate
1830 3129 1884 3182 S.

229 3225 437 3298 Ignatii
472 3224 802 3289 dubitasse,
835 3225 938 3274 aut
968 3219 1015 3274 si
1047 3219 1180 3290 quis
1228 3234 1495 3289 unquam
1548 3216 1606 3271 id
1659 3216 1886 3285 fecerit,

233 3317 360 3386 ejus
384 3312 749 3369 sententiam
774 3310 846 3365 ab
865 3309 1001 3364 aliis
1022 3323 1256 3379 semper
1277 3324 1381 3379 pro
1401 3307 1586 3361 nihilo
1612 3306 1893 3361 habitam.

236 3405 604 3470 Quocumque
637 3399 798 3453 enim
832 3404 1099 3468 tempore
1131 3395 1392 3466 aliquem
1425 3395 1598 3450 aliter
1639 3395 1896 3449 sensisse

236 3493 367 3562 quis
399 3490 543 3545 velit
570 3487 840 3558 (qualem
875 3491 1072 3540 tamen
1118 3501 1222 3556 ego
1283 3485 1584 3539 neminem
1618 3483 1895 3553 agnosco)

241 3583 367 3652 ejus
403 3580 815 3649 importunam
848 3574 1281 3629 dubitationem
1316 3579 1373 3628 et
1395 3589 1465 3627 ea
1483 3590 1614 3643 quae
1647 3588 1898 3643 praeces-

234 3675 444 3724 serunt
464 3663 928 3737 improbabilem
955 3662 1223 3729 reddent,
1241 3667 1299 3716 et
1320 3679 1388 3716 ea
1413 3678 1545 3732 quas
1572 3665 1902 3730 sequuntur

235 3757 610 3823 testimonia,
636 3754 865 3808 nullius
898 3752 1054 3823 apud
1087 3751 1233 3807 alios
1263 3750 1543 3822 ponderis
1574 3756 1675 3804 aut
1705 3753 1900 3804 aucto-

235 3849 428 3903 ritatis
457 3847 645 3901 fuisse
673 3843 1181 3916 probabunt.Cum
1204 3841 1383 3913 igitur
1406 3840 1592 3894 nostri
1612 3843 1899 3905 asserant,

241 3935 592 3992 testimonia
648 3950 778 4004 quae
838 3933 1170 3986 afferuntur
1223 3946 1330 4001 pro
1361 3928 1702 4000 lgnatianis,
1737 3927 1904 3999 paria

241 4044 369 4081 esse
403 4027 504 4087 iis,
539 4040 671 4094 quas
694 4039 799 4093 pro
827 4020 1097 4091 epistolis
1117 4019 1434 4074 Clementis
1466 4023 1567 4072 aut
1598 4015 1904 4088 Polycarpi

242 4115 456 4171 adduci
492 4113 692 4167 solent
724 4117 825 4165 aut
855 4113 1122 4180 possunt,
1167 4125 1270 4179 ego
1329 4112 1525 4162 autem
1558 4106 1744 4160 multo
1777 4121 1907 4160 am-

244 4207 439 4276 pliora
472 4201 923 4269 illustrioraque
952 4216 965 4265 ;
1023 4198 1297 4262 Dallaeus,
1330 4197 1430 4268 qui
1489 4195 1908 4266 antiquissima

243 4297 467 4350 frustra
529 4296 726 4362 negat,
785 4290 939 4343 hanc
997 4287 1502 4358 comparationem
1534 4285 1700 4339 nullo
1732 4284 1906 4340 modo

249 4383 531 4439 admittit.
557 4386 616 4433 et
637 4378 815 4432 nimis
843 4377 1027 4431 dilute
1058 4376 1339 4431 adversus
1372 4391 1502 4430 eam
1534 4374 1778 4446 integris
1810 4390 1910 4427 sm-

255 4473 400 4525 culis
432 4474 679 4541 pugnat.
716 4467 1035 4521 Videamus
1093 4466 1272 4537 igitur
1328 4481 1402 4519 an
1435 4465 1546 4518 hoc
1577 4464 1647 4518 ab
1682 4480 1748 4517 eo
1772 4463 1908 4534 jure

1915 1811 1962 1876 B

1978 543 2108 582 eam
2143 532 2444 582 exaratam
2477 545 2606 583 esse
2658 545 2778 583 non
2826 528 3134 596 dubitant;
3197 531 3291 585 cui
3325 534 3635 589 sententia

1980 617 2156 670 etiam
2191 617 2295 672 illa
2347 619 2408 672 in
2444 619 2615 673 initio
2666 620 2942 690 Epistolaa
2995 621 3191 689 verba,
3225 623 3304 674 Δι’
3335 620 3632 697 αἶ’φνιδίους

1978 703 2066 758 καὶ
2100 703 2456 775 ἐπαλλήλους
2517 703 2808 780 γενομένας
2867 709 3003 778 ἡμῖν
3062 710 3344 786 συμφορὰς
3383 711 3471 765 καὶ
3504 733 3641 786 παρ,

1982 794 2312 866 εμπτώσεις,
2372 801 2438 851 ut
2494 796 2838 868 aliquando,
2898 799 3015 853 Deo
3073 801 3328 869 volente,
3385 820 3454 857 ex
3485 807 3638 859 anti-

1984 883 2270 954 quissimo
2296 884 2398 938 illo
2422 901 2532 939 ms.
2560 885 2876 956 legendum
2901 887 3300 956 ostendemus,
3328 893 3636 966 suffragari

1986 972 2316 1028 videantur.
2348 975 2472 1028 Jam
2505 974 2635 1043 quis
2692 974 2949 1044 primum
3006 977 3141 1031 huic
3173 980 3437 1049 epistolas
3472 985 3640 1037 testi-

1989 1063 2254 1116 monium
2286 1063 2631 1132 perhibuit?
2660 1064 2788 1118 Non
2819 1064 2904 1118 illi
2943 1082 3089 1135 quos
3123 1069 3375 1136 prmﬁxit
3402 1073 3636 1138 Junius,

1987 1151 2247 1222 Ignatius
2307 1156 2365 1205 et
2419 1152 2704 1216 Justinus,
2738 1157 2949 1208 neuter
2978 1155 3136 1209 enim
3172 1173 3343 1212 verus
3375 1165 3502 1227 est;
3533 1161 3637 1216 sed

1988 1239 2325 1310 Dionysius,
2383 1257 2558 1310 quem
2617 1257 2738 1296 non
2791 1242 3138 1310 nominavit,
3193 1246 3634 1304 Corinthiorum

1989 1328 2322 1400 episcopus,
2356 1330 2607 1400 epistola
2663 1330 2738 1384 ad
2787 1332 3100 1397 Romanos,
3145 1334 3331 1389 Soteri
3362 1338 3637 1410 episcopo

1990 1420 2470 1488 nuncupata.«At
2491 1418 2658 1472 Soter
2679 1419 2984 1489 praefuisse
3007 1421 3224 1477 dicitur
3243 1425 3514 1481 Ecclesiae
3537 1430 3644 1483 Ro-

1992 1530 2184 1568 manae
2207 1516 2280 1569 ab
2299 1533 2351 1570 a.
2376 1516 2441 1572 D.
2469 1519 2566 1570 178
2585 1517 2660 1571 ad
2686 1521 2805 1585 179,
2832 1538 2858 1566 ››
2884 1519 3079 1589 inquit
3100 1521 3457 1580 Blondellus.
3493 1533 3642 1581 Ante

1993 1611 2171 1683 igitur
2209 1629 2262 1667 a.
2325 1613 2426 1666 178
2481 1615 2759 1685 scriptam
2816 1614 2998 1670 fuisse
3033 1618 3295 1690 Dionysii
3331 1623 3641 1693 epistolam

1993 1717 2115 1755 non
2139 1707 2403 1772 apparet.
2431 1703 2620 1767 Quare
2644 1704 2842 1774 plures
2872 1721 3050 1775 quam
3076 1715 3313 1764 centum
3339 1713 3477 1766 anni
3506 1720 3646 1768 sunt

1994 1788 2524 1860 elapsi,antequam
2547 1791 2882 1861 quisquam,
2918 1794 3076 1862 quod
3098 1797 3388 1865 novimus,
3425 1800 3481 1852 S.
3514 1801 3644 1856 Cle-

1993 1877 2210 1932 mentis
2243 1878 2518 1948 Epistolaa
2549 1879 2960 1935 testimonium
2991 1883 3311 1952 perhibuit.
3355 1889 3396 1941 E
3437 1895 3645 1945 contra

1994 1966 2094 2036 qui
2129 1967 2386 2036 primum
2441 1968 2762 2038 Ignatianis
2807 1970 3215 2028 testimonium
3254 1977 3526 2045 perhibet
3556 1985 3648 2034 est

1994 2054 2049 2109 S.
2080 2054 2464 2126 Polycarpus,
2497 2057 2532 2110 S
2587 2058 2809 2128 Ignatio
2841 2076 2958 2113 non
2992 2065 3220 2116 tantum
3252 2066 3646 2139 synchronus,

1993 2143 2098 2198 sed
2129 2148 2187 2197 et
2217 2143 2548 2210 familiaris,
2606 2146 2706 2216 qui
2767 2146 2879 2217 ipsi
2941 2148 3204 2220 Smyrnae
3255 2151 3480 2223 aderat,
3513 2173 3647 2212 cum

1994 2236 2251 2302 quatuor
2303 2232 2582 2302 epistolas
2631 2233 2769 2287 inde
2825 2235 3104 2306 mitteret,
3140 2240 3237 2308 qui
3270 2256 3448 2296 unam
3481 2244 3553 2297 ad
3585 2262 3646 2300 se

1995 2320 2214 2389 datam,
2247 2321 2321 2376 ad
2353 2323 2686 2392 Sniyrnazos
2728 2339 2864 2378 suos
2921 2323 3093 2380 aliam
3151 2329 3372 2384 Troade
3404 2336 3645 2404 recepit,

1995 2411 2094 2481 qui
2128 2412 2286 2466 intra
2316 2428 2537 2482 paucos
2569 2429 2802 2468 menses
2833 2420 3058 2486 septem
3085 2417 3341 2491 collegit,
3379 2421 3648 2493 edidit,et

1998 2517 2118 2554 suae
2149 2499 2494 2571 subjunctas
2519 2501 2998 2573 Philippensibus
3021 2507 3515 2567 misit.Secundus
3540 2532 3643 2585 pro

1997 2589 2368 2644 Clementina
2400 2591 2566 2644 testis
2598 2591 2746 2645 forte
2771 2593 2965 2647 afferri
2991 2601 3221 2665 poterat
3245 2599 3605 2673 Hegesippus
3629 2621 3641 2658 :

1997 2678 2069 2731 de
2103 2694 2171 2732 ea
2201 2678 2360 2731 enim
2390 2678 2660 2747 quaedam
2685 2685 3300 2750 commemoravit,sed
3324 2705 3453 2757 qua:
3481 2691 3645 2762 igno-

1995 2783 2126 2821 rare
2158 2783 2266 2820 nos
2297 2767 2482 2820 voluit
2538 2769 2844 2823 Eusebius.
2897 2772 3245 2828 Anastasius
3278 2777 3518 2845 quidem
3553 2781 3647 2833 Bi-

1997 2855 2419 2910 bliothecarius
2438 2856 2695 2922 (uthuuc
2715 2858 2868 2911 Junii
2891 2860 3160 2933 Catalogo
3179 2868 3388 2918 testem
3406 2866 3642 2940 addam)

1997 2943 2059 2996 in
2083 2944 2326 2996 Historia
2355 2943 2716 2998 ecclesiastica
2747 2945 2872 3000 haac
2902 2946 2972 3001 de
3002 2949 3056 3003 S.
3091 2950 3388 3006 Clemente
3419 2954 3600 3009 refert
3628 2971 3641 3011 :

1999 3053 2028 3081 «
2051 3033 2236 3103 Hujus
2266 3033 2518 3104 epistola
2547 3034 2734 3088 fertur
2763 3035 2837 3090 ad
2868 3039 3204 3094 Corinthios
3235 3043 3437 3108 missa,
3463 3062 3641 3115 quam

1998 3127 2121 3178 tota
2155 3123 2383 3193 recipit,
2406 3129 2473 3178 ut
2504 3125 2864 3196 Hegesippus
2890 3132 3156 3193 testatur,
3182 3131 3464 3191 Ecclesia.
3491 3156 3519 3184 »
3543 3135 3656 3190 Sed

1928 3178 1970 3244 Ο
2001 3212 2112 3266 hoc
2144 3213 2454 3284 Hegesippi
2491 3213 2898 3268 testimonium
2930 3217 3143 3272 nullibi
3177 3228 3388 3290 exstat,
3415 3228 3473 3277 et
3501 3227 3651 3280 Ana-

2001 3302 2218 3356 stasius
2246 3303 2555 3372 Georgium
2609 3303 2944 3373 Syncellum
2995 3306 3090 3361 hie
3143 3311 3296 3364 male
3331 3315 3657 3368 transtulit.

2005 3389 2309 3461 Syncellus
2340 3391 2500 3444 enim
2533 3391 2707 3460 (alius
2737 3392 2889 3446 Junii
2925 3395 3200 3468 Catologo
3231 3401 3401 3455 testis
3435 3403 3655 3456 adden-

2003 3479 2136 3551 dus)
2169 3479 2242 3532 de
2273 3481 2325 3533 S.
2363 3479 2664 3534 Clemente
2690 3480 2770 3535 ita
2795 3481 3094 3551 loquitur:
3125 3484 3334 3539 Τὸὗτου
3367 3487 3660 3557 ἐπιστολὴ,

2004 3568 2038 3634 ἡ
2089 3566 2186 3636 μία
2238 3565 2453 3640 γνησία,
2503 3567 2802 3641 Κορινθίοις
2849 3568 3065 3645 φέρεται
3113 3573 3186 3633 ὼς
3236 3574 3341 3628 ἀπὸ
3386 3579 3659 3645 τῆςῬω-

2009 3653 2182 3738 μαίῳν
2241 3653 2571 3722 Ἐκκλησίας
2637 3662 2924 3732 γραφεῖσα,
2993 3661 3227 3722 στάσεως
3294 3661 3348 3716 ἐν
3415 3665 3660 3738 Κορίνθῳ

2007 3737 2292 3814 συμϐάσης
2343 3742 2486 3811 τότε,
2542 3744 2616 3804 ὡς
2680 3752 2942 3821 μαρτυρεῖ
2997 3748 3364 3821 Ἡγήσιππος,
3423 3737 3540 3821 ἣτίς
3571 3737 3662 3807 nati.

2008 3831 2444 3901 ἐκκλησιάζεται.
2505 3835 2614 3888 Sed
2656 3841 2716 3890 et
2771 3837 2829 3890 in
2890 3837 3100 3894 horum
3134 3842 3444 3898 verborum
3479 3844 3666 3899 inter—

2009 3923 2339 3993 pretatione
2370 3924 2618 3978 Jacobus
2651 3925 2820 3994 Goar,
2855 3928 2951 3996 qui
2989 3929 3324 3999 Syncellum
3359 3939 3476 3987 tam
3510 3933 3668 3988 infe-

2009 4011 2204 4066 liciter
2233 4013 2556 4080 transtulit,
2593 4031 2710 4069 non
2745 4015 2941 4071 minus
2974 4035 3151 4088 quam
3192 4022 3538 4076 Anastasius
3571 4039 3666 4076 er-

2009 4101 2198 4156 ravit.<
2221 4102 2563 4156 Germanam
2579 4103 2706 4173 ejus
2721 4104 2793 4158 ad
2807 4105 3141 4161 Corinthios
3156 4110 3666 4180 epistolam,quasi

2013 4208 2047 4246 a
2090 4193 2355 4246 Romana
2407 4193 2686 4259 Ecclesia,
2722 4195 3009 4250 tumultus
3040 4199 3349 4268 cujusdam
3399 4201 3663 4255 Corinthi

2013 4280 2197 4334 exorti
2230 4280 2558 4346 occasione,
2588 4281 2867 4352 scriptam
2894 4284 2966 4338 ab
2989 4287 3250 4342 Ecclesia
3271 4290 3440 4360 vulgo
3461 4290 3666 4361 recipi,

2015 4374 2072 4424 et
2103 4385 2303 4424 coram
2336 4369 2570 4440 publice
2613 4370 2750 4443 legi,
2812 4379 3018 4428 auctor
3049 4381 3137 4430 est
3169 4379 3553 4450 Hegesippus.
3590 4383 3670 4434 Ita

2016 4459 2128 4520 ille,
2173 4464 2231 4512 tu
2288 4465 2472 4513 autem
2527 4466 2714 4514 verte:
2779 4462 2964 4533 Hujus
3023 4466 3303 4536 epistola,
3337 4485 3469 4539 quas
3500 4469 3677 4524 unica

256 4559 388 4625 ﬁat;
422 4565 480 4614 et
507 4557 793 4628 quoniam
852 4556 924 4610 de
984 4555 1305 4626 Polycarpo
1357 4553 1619 4625 prudens
1646 4553 1801 4619 silet,
1835 4551 1908 4606 de
1942 4549 1984 4611 D
2015 4549 2273 4621 genuina
2305 4553 2412 4613 est,
2447 4549 2520 4604 ad
2552 4551 2889 4607 Corinthios
2919 4553 3126 4623 fertur,
3160 4561 3446 4628 tanquam
3481 4558 3552 4613 ab
3575 4561 3675 4613 Ec-

258 4651 556 4704 Clemente
589 4645 716 4701 solo
750 4645 823 4699 lis
849 4645 977 4698 erit.
998 4644 1360 4699 Testimonia
1382 4644 1442 4697 in
1465 4643 1573 4696 hac
1596 4657 1656 4695 re
1679 4656 1747 4695 ea
1771 4656 1911 4695 sane

260 4740 479 4809 optima
511 4741 672 4801 sunt,
695 4751 826 4805 quas
849 4733 920 4788 ad
949 4733 1135 4803 ipsam
1159 4733 1363 4802 scripti
1387 4737 1622 4786 aetatem
1647 4730 1912 4801 proxime

260 4830 641 4901 pertingant;
675 4826 787 4880 hoc
826 4824 898 4879 ab
956 4829 1209 4894 utroque
1257 4829 1525 4877 nostrum
1558 4821 1909 4876 admittitur.

266 4917 657 4989 Scriptoribus
679 4913 927 4969 secundi
948 4913 1147 4967 saeculi
1176 4929 1295 4966 non
1320 4913 1516 4965 minus
1548 4909 1915 4965 auctoritatis

264 5008 525 5062 tribuunt
575 5008 780 5059 Patres
839 5001 998 5057 tertii
1056 5001 1280 5068 saeculi,
1314 5016 1491 5070 quam
1531 4999 1917 5070 scriptoribus

263 5097 430 5168 primi
466 5096 671 5150 Patres
699 5090 968 5146 secundi.
1002 5090 1067 5144 In
1100 5088 1454 5162 assignando
1486 5087 1702 5142 saaculo
1743 5087 1919 5142 fallax

265 5202 385 5241 esse
418 5190 615 5257 potest
646 5186 1067 5254 argumentum
1093 5196 1106 5245 ;
1157 5196 1276 5234 non
1325 5179 1505 5250 igitur
1534 5177 1777 5248 integris
1807 5193 1919 5231 saa-

266 5277 404 5331 culis
434 5272 814 5340 eminus,sed
842 5271 1015 5326 annis
1043 5271 1313 5325 cominus
1335 5267 1920 5341 pugnemus.Scripta

265 5377 344 5420 est
372 5365 646 5437 epistola,
671 5379 808 5433 quas
831 5360 939 5415 sub
967 5361 1022 5415 S.
1049 5359 1369 5414 Clementis
1399 5357 1641 5412 nomine
1674 5357 1924 5411 circum-

259 5455 614 5520 fertur,ante
639 5467 866 5508 annum
893 5449 1128 5504 Domini
1147 5447 1646 5519 septuagesimum
1665 5451 1920 5510 sextum,

258 5544 471 5600 fatente
500 5540 817 5598 Blondello
846 5557 858 5605 ;
894 5544 958 5592 ut
987 5537 1084 5592 alii
1111 5534 1592 5602 existimant,sub
1616 5533 1786 5589 initio
1812 5535 1923 5590 im-

255 5635 400 5706 perii
441 5628 824 5702 Vespasiani,
885 5626 944 5681 id
975 5631 1066 5682 est
1095 5626 1250 5680 circa
1277 5623 1776 5696 septuagesimum
1805 5624 1922 5679 vul-

2023 4637 2203 4692 clesia
2235 4640 2499 4693 Romana
2530 4639 2768 4710 scripta,
2802 4641 3092 4699 seditione
3125 4652 3265 4701 tunc
3297 4649 3674 4718 temporis,ut

2023 4741 2280 4791 testatur
2309 4738 2690 4808 Hegesippus,
2724 4741 2986 4796 Corinthi
3022 4749 3188 4808 orta;
3225 4762 3354 4814 quas
3387 4747 3565 4800 etiam
3598 4745 3668 4799 ab

2024 4825 2283 4881 Ecclesia
2313 4826 2616 4896 recipitur,
2645 4849 2671 4876 »
2695 4828 2820 4884 haec
2852 4831 3010 4886 enim
3045 4833 3298 4904 Syncelli
3332 4835 3480 4888 nihil
3513 4833 3673 4888 aliud

2025 4921 2165 4969 sunt
2194 4930 2372 4985 quam
2404 4916 2662 4986 epitome
2707 4919 2918 4989 capitis
2970 4923 3054 4989 16,
3110 4921 3244 4976 libri
3303 4939 3362 4976 ιιι
3424 4925 3674 4976 Historia

2026 5004 2367 5070 Eusebianm,
2403 5005 2572 5075 cujus
2629 5006 2806 5060 verba
2864 5014 3022 5078 sunt,
3055 5008 3144 5061 καὶ
3176 5009 3257 5062 ὅτι
3290 5011 3425 5063 κατᾶ
3454 5009 3545 5063 τὸν
3577 5007 3677 5078 δη-

2029 5089 2298 5164 λούμενον
2351 5089 2418 5144 τὰ
2455 5097 2556 5159 τῆς
2602 5091 2904 5166 Κορινθίων
2959 5095 3208 5164 κεκίνητο
3239 5096 3497 5162 στάσεως,
3532 5096 3680 5169 ἀξιό-

2027 5198 2209 5253 χρεως
2245 5179 2447 5252 μάρτυς
2496 5180 2523 5232 ὁ
2567 5179 2935 5253 Ἡγήσιππος,
2989 5201 3158 5254 porro
3213 5187 3522 5255 supradicti
3551 5187 3676 5241 Cle«

2030 5269 2248 5323 mentis
2271 5291 2296 5317 «
2324 5274 2586 5339 tempore
2621 5271 2973 5327 seditionem
3000 5273 3157 5329 inter
3185 5275 3518 5332 Corinthios
3549 5293 3680 5332 esse

2031 5356 2927 5418 commotam,luculentissimus
2949 5362 3114 5417 testis
3135 5369 3224 5419 est
3246 5365 3627 5437 Hegesippus.
3651 5387 3678 5415 »

2034 5445 2396 5502 Auctoritate
2428 5444 2608 5516 igitur
2656 5449 2967 5520 Hegesippi
3025 5453 3210 5507 utitur
3261 5453 3322 5509 in
3372 5455 3528 5510 hunc
3552 5459 3679 5509 tan-

2035 5533 2339 5591 tummodo
2375 5535 2553 5589 ﬁnem
2585 5552 2653 5589 eo
2685 5537 2797 5591 loci
2829 5539 3136 5608 Eusebius,
3159 5547 3225 5597 ut
3247 5545 3540 5610 ostendat,
3576 5543 3683 5597 sub

2036 5623 2384 5698 pontificatu
2415 5625 2736 5681 Clementis
2795 5627 3150 5688 seditionem
3197 5632 3462 5688 Corinthi
3494 5636 3683 5686 ortam
