3974 6134
309 322 390 386 99
1346 317 1412 377 S.
1456 315 1852 378 IGNATIUS.
1902 346 1979 361 —-
2021 317 2635 382 PROLEGOMENA.

3603 321 3719 383 100

305 477 435 516 esse
461 476 475 526 ;
508 474 702 530 neque
731 455 895 513 aliud
916 452 1242 526 quidquam
1273 452 1457 509 voluit
1478 451 1923 524 Syncellus.Ter

2087 473 2148 506 να
2177 453 2264 507 καὶ
2302 452 2460 516 αὐτὸς
2488 457 2636 528 ἡμᾶς
2667 454 2911 530 ὑπομένῃ
2937 476 2951 525 ς
2989 474 3141 529 sape
3191 457 3368 514 etiam
3403 475 3573 515 suam
3599 476 3705 515 ex-

302 553 420 607 tius
450 567 555 622 pro
585 546 958 604 Clementina
991 545 1155 601 testis
1208 549 1297 599 est
1348 548 1631 609 Irenaus,
1660 543 1867 598 itidem
1898 548 1957 598 et

302 658 408 713 pro
440 638 798 712 lgnatianis;
856 635 960 691 sed
1016 636 1277 689 lrenaus
1335 632 1606 704 pluribus
1637 648 1816 703 quam
1851 632 1958 686 tri-

298 729 607 802 ginta,imo
641 743 791 798 pene
847 722 1242 795 quadraginta
1272 721 1445 777 annis
1478 721 1550 777 ab
1584 720 1741 776 illius
1772 737 1955 791 quam

298 838 331 876 a
362 825 699 876 nostrarum
728 815 1047 886 scriptione
1091 812 1376 867 remotior
1398 812 1527 867 fuit.
1562 812 1817 877 Quartus
1846 828 1952 882 pro

299 911 604 966 Clemente
629 910 891 962 Romano
908 904 1073 959 testis
1095 909 1187 958 est
1206 903 1481 958 Clemens
1493 900 1949 969 Alexandrinus,

300 1000 401 1071 qui
434 1005 570 1071 post
598 1002 851 1053 mortem
881 992 1186 1050 Commodi
1224 992 1480 1063 scripsit,
1513 996 1750 1046 centum
1783 998 1841 1045 et
1869 991 1954 1045 vi-

296 1090 442 1163 ginti
473 1089 548 1145 ad
581 1087 897 1142 minimum
927 1084 1100 1139 annis
1148 1088 1463 1155 postquam
1495 1081 1655 1136 edita
1685 1080 1953 1135 creditur

297 1179 549 1251 epistola
604 1176 993 1233 Clementina.
1057 1178 1132 1228 At
1188 1188 1223 1226 a
1281 1171 1559 1242 martyrio
1620 1170 1825 1242 lgnatii
1867 1175 1953 1225 tot

296 1270 437 1326 anni
471 1285 590 1323 non
623 1266 992 1331 etlluxerant,
1016 1278 1152 1317 cum
1174 1260 1456 1332 Origenes
1484 1259 1801 1314 Clementis
1828 1258 1951 1314 dis-

296 1358 548 1431 cipulus,
608 1352 1150 1411 luculentissimum
1208 1350 1296 1405 illi
1352 1349 1758 1404 testimonium
1800 1365 1946 1419 pra-

296 1448 445 1512 buit,
480 1445 736 1502 Homiliis
795 1443 855 1498 in
911 1444 1141 1511 Lucam,
1203 1457 1351 1510 quas
1407 1439 1645 1510 scripsit
1685 1438 1946 1509 juvenis,

298 1544 446 1596 teste
480 1539 855 1607 Hieronymo,
880 1538 1016 1589 ante
1039 1532 1271 1587 virilem
1302 1536 1560 1597 atatem,
1586 1529 1697 1584 hoc
1729 1536 1820 1585 est
1838 1529 1948 1584 sub

296 1629 505 1685 Severo
535 1625 625 1682 vel
681 1623 1003 1689 Caracalla,
1061 1637 1199 1676 cum
1257 1624 1417 1675 esset
1467 1622 1534 1673 20
1590 1634 1741 1689 pene
1772 1619 1948 1673 annis

294 1716 538 1771 editioni
570 1713 887 1786 lgnatiana
908 1715 1079 1765 atate
1106 1708 1515 1781 propinquior,
1544 1723 1721 1777 quam
1752 1706 1948 1762 fuerat

294 1803 701 1867 Clementina,
725 1816 858 1855 cum
882 1797 1171 1853 scriberet
1192 1796 1466 1851 Clemens
1485 1795 1940 1851 Alexandrinus.
1978 1820 2023 1884 Β

296 1895 364 1948 Et
386 1894 512 1963 jam
544 1891 675 1961 quis
709 1905 830 1945 non
861 1888 1039 1949 videt.
1063 1886 1276 1943 seriem
1308 1885 1543 1940 testium
1573 1885 1646 1939 ab
1678 1884 1807 1955 ipso
1833 1884 1945 1939 ini-

296 1983 375 2036 tio
410 1997 515 2053 per
546 1985 629 2034 tot
656 1977 873 2034 sacula
903 1975 1215 2032 deductam
1264 1974 1338 2031 ad
1396 1974 1574 2029 ﬁdem
1604 1972 1939 2029 faciendam

290 2070 615 2142 plurimum
637 2067 876 2124 valere?

362 2157 720 2215 Testimonia
736 2157 867 2229 ipsa
884 2155 1039 2227 quod
1059 2154 1415 2221 attinet,sive
1438 2169 1505 2208 ea
1526 2153 1853 2225 generatim
1881 2157 1941 2207 et

289 2250 565 2305 universe
595 2248 755 2303 dicta
785 2245 1070 2311 sunt,sive
1092 2242 1500 2316 particulatim,
1534 2246 1593 2298 et
1620 2242 1934 2310 distincte;

292 2338 494 2394 omnia
544 2343 701 2392 certe
758 2334 1023 2407 epistolis
1081 2333 1263 2396 hisce,
1332 2336 1480 2403 quas
1536 2330 1937 2387 defendendas

295 2427 684 2497 suscepimus,
710 2425 983 2495 inprimis
1009 2427 1361 2491 congruunt,
1383 2437 1600 2491 easque
1633 2420 1722 2475 vel
1743 2437 1813 2475 eo
1836 2437 1939 2476 no-

293 2515 452 2570 mine
476 2515 722 2569 minime
740 2521 1047 2585 suspectas
1065 2511 1402 2567 reddunt.S.
1430 2510 1809 2581 Polycarpus,
1833 2510 1935 2580 qui

293 2606 487 2677 primo
518 2605 673 2658 hanc
697 2602 1083 2675 epistolarum
1105 2599 1424 2672 συναγωγὴν
1455 2598 1656 2663 edidit,
1692 2600 1804 2654 hoc
1834 2616 1933 2654 eas

290 2693 613 2751 admodum
652 2692 975 2749 honoriﬁco
1032 2690 1219 2761 elogio
1267 2689 1590 2762 insignivit,
1625 2693 1682 2743 et
1707 2688 1933 2759 Philip-

292 2785 567 2855 pensium
587 2782 862 2838 Ecclesia
887 2795 1241 2853 magnopere
1254 2777 1689 2834 commendavit
1711 2794 1723 2831 :
1748 2776 1834 2846 Ἐξ
1857 2777 1929 2830 ὧν

288 2873 588 2943 inquiens,
625 2867 839 2943 μεγάλα
875 2865 1233 2946 ὠφεληθῆναι
1266 2863 1574 2934 δυνήσεσθε.
1608 2863 1931 2940 Περιέχουσι

282 2959 383 3034 γὰρ
407 2959 604 3026 πίστιν,
627 2958 715 3013 καὶ
742 2958 1047 3030 ὑπομονὴν,
1069 2955 1158 3009 καὶ
1190 2960 1358 3009 πᾶσαν
1380 2951 1681 3025 οἰκοδομὴν
1706 2956 1807 3022 τὴν
1830 2953 1929 3024 εἰς,

282 3050 373 3105 τὸν
405 3050 604 3121 Κύριον
638 3049 960 3118 ἀνήκουσαν,
1007 3053 1072 3101 ut
1124 3046 1376 3101 habetur
1404 3046 1601 3100 Grace
1632 3044 1787 3115 apud
1821 3045 1929 3099 Eu-

281 3140 533 3207 sebium,
566 3144 624 3193 et
652 3139 713 3193 in
743 3137 925 3192 veteri
957 3135 1161 3191 Latina
1188 3133 1456 3188 versione
1482 3150 1495 3187 :
1537 3155 1564 3181 ‹‹
1600 3136 1681 3188 Ex
1710 3133 1927 3204 quibus

281 3246 530 3301 magnus
547 3228 709 3283 vobis
730 3228 844 3283 erit
866 3225 1505 3298 profectus.Continent
1534 3224 1692 3279 enim
1723 3222 1924 3292 ﬁdem,

279 3317 650 3390 patientiam,
674 3322 733 3371 et
753 3331 990 3371 omnem
1013 3314 1469 3369 aediﬁcationem
1501 3312 1574 3367 ad
1606 3313 1925 3368 Dominum

279 3413 550 3462 nostrum
583 3406 999 3478 pertinentem.
1026 3426 1054 3453 »
1081 3403 1215 3458 Tria
1234 3403 1432 3471 itaque
1456 3403 1509 3460 S.
1532 3403 1705 3457 Pater
1723 3401 1927 3473 praci-

279 3513 393 3568 pue
428 3496 808 3565 notavit,qua
839 3494 901 3548 in
943 3492 1210 3564 epistolis
1250 3491 1572 3563 Ignatianis
1607 3507 1754 3561 quas
1784 3491 1922 3545 Phi-
1968 3562 1983 3571 κ

278 3584 651 3656 lippensibus
680 3584 846 3639 misit
870 3582 1127 3638 maxime
1159 3580 1530 3645 eminerent;
1570 3581 1695 3635 hac
1725 3585 1924 3635 autem

277 3673 505 3745 singula
561 3674 624 3728 in
682 3673 777 3739 iis,
835 3687 982 3743 quas
1014 3685 1174 3725 nunc
1204 3669 1512 3736 habemus,
1546 3668 1922 3740 potissimum

277 3761 532 3817 elucent.
564 3763 708 3817 Nam
746 3761 865 3815 sive
922 3759 1100 3814 ﬁdem
1167 3758 1226 3813 in
1284 3758 1479 3828 seipsa
1510 3764 1760 3828 spectes,
1792 3773 1921 3813 eam

274 3851 535 3921 Ignatius
567 3850 732 3904 miris
761 3850 931 3904 eﬂ'ert
987 3847 1299 3914 laudibus;
1334 3847 1408 3902 ad
1438 3848 1808 3917 Smyrnaos:
1842 3845 1919 3902 Τὸ

273 3937 378 4012 γὰρ
408 3935 539 3991 ’ὀλον
568 3937 750 3998 πίστις
802 3937 891 3990 καὶ
943 3935 1155 4010 ἀγάπη,
1206 3933 1280 3987 ὧν
1339 3931 1494 3988 οὐδὲν
1546 3934 1915 4008 προκέκριτάι·

274 4029 349 4084 ad
401 4027 725 4099 Ephesios:
811 4026 876 4082 Ἡ
961 4021 1020 4078 δὲ
1102 4023 1284 4086 πίστις
1375 4024 1525 4094 ὑμῶν
1608 4022 1917 4099 ἀναγωγεὺς

276 4115 449 4187 ὑμῶν,
482 4133 620 4172 voce
650 4115 924 4187 eleganti.
956 4120 1016 4170 et
1044 4114 1511 4186 ~Lexicographis
1555 4114 1789 4185 ignota;
1824 4112 1920 4166 οὐ-

271 4199 380 4267 δείς
437 4203 616 4259 πίστιν
672 4200 1146 4277 ἐπαγγελλόμενος
1216 4202 1533 4275 ἁμαρτάνει·
1592 4202 1666 4258 ad
1722 4201 1917 4257 Phila-

270 4293 662 4365 delphenses:
701 4292 877 4345 Πάντα
917 4292 1058 4361 ὁμοῦ
1105 4288 1246 4345 καλά
1294 4289 1455 4358 ἐστιν,
1504 4288 1591 4345 ἐὰν
1644 4288 1696 4343 ἐν
1730 4289 1914 4367 ἀγάπῃ

268 4380 563 4436 πιστεύετε’
594 4382 712 4436 sive
750 4380 887 4437 ﬁdei
918 4381 1183 4436 habitum
1229 4381 1292 4435 in
1336 4386 1576 4436 auctore
1610 4381 1914 4451 respicias,

267 4471 410 4527 vivis
439 4470 587 4526 adeo
617 4469 913 4526 coloribus
945 4469 1166 4541 ubique
1214 4469 1487 4539 depictus
1518 4475 1624 4535 est,
1658 4475 1725 4523 ut
1752 4470 1914 4524 Owe-

2060 544 2284 614 primit,
2319 550 2381 600 ut
2431 546 2506 602 ad
2562 547 2935 620 Smyrnaos:
2999 547 3177 602 Πάντα
3227 548 3507 621 ὑπομένω,
3540 549 3708 603 αὐτοῦ

2060 652 2128 703 με
2185 630 2631 707 ἐνδυναμοῦντος,
2717 642 2775 692 et
2853 638 3102 709 gratiam
3178 637 3368 709 ipsam
3426 639 3719 710 patientia

2057 724 2317 779 maxime
2349 725 2747 796 depradicat;
2793 726 2857 780 'H
2905 726 3085 786 πίστις
3116 725 3189 787 ὡς
3226 726 3645 801 περικεφαλαία,
3677 731 3713 797 ἡ

2058 811 2234 886 ἀγάπη
2266 812 2341 874 ὡς
2375 810 2525 887 δόρυ,
2670 815 2919 885 ὑπομονὴ
2981 814 3055 877 ὡς
3109 813 3408 872 πανοπλία,
3442 818 3532 873 Ad
3566 819 3716 874 adi-

2059 900 2397 957 ﬁcationem
2428 902 2686 974 denique
2716 903 2942 960 faciunt
2990 904 3432 960 exhortationes
3462 906 3715 960 commi-

2057 990 2449 1062 nationesque
2505 1009 2739 1057 omnes,
2793 993 3008 1064 quibus
3075 998 3193 1049 tam
3252 994 3599 1065 frequenter
3657 1000 3719 1050 et

2057 1080 2262 1135 crebro
2314 1082 2520 1147 utitur,
2553 1082 2626 1137 ad
2678 1099 2855 1137 omne
2884 1082 3285 1139 Christianum
3317 1084 3602 1153 ofﬁcium,
3633 1085 3711 1140 ad

2055 1186 2261 1225 omnes
2290 1170 2526 1242 pietatis
2571 1177 2767 1242 partes
2796 1171 3019 1242 ubique
3053 1172 3369 1244 impellens
3402 1177 3465 1228 ut
3496 1174 3714 1229 ﬁerent

2056 1257 2199 1312 λίθοι
2230 1263 2360 1313 ναοῦ
2402 1260 2613 1330 Ματρὸς
2666 1261 3067 1333 ἡτοιμασμένοι
3118 1260 3193 1322 εἷς
3240 1259 3544 1334 οἰκοδομὴν
3575 1266 3716 1318 Θεοῦ

2058 1349 2285 1422 Ματρὸς,
2321 1350 2823 1421 quemadmodum
2856 1352 2983 1422 ipse
3003 1352 3078 1407 ad
3109 1352 3392 1423 Ephesios
3422 1353 3711 1423 loquitur.

2053 1440 2174 1504 Quo
2206 1440 2384 1495 etiam
2418 1441 2718 1511 pertinent
2758 1440 2863 1496 illa
2894 1458 3025 1512 qua:
3058 1442 3230 1496 toties
3260 1442 3333 1497 de
3363 1443 3710 1511 concordia,

2052 1528 2303 1595 unitate,
2326 1532 2384 1583 et
2413 1528 2753 1584 obedientia
2773 1530 3067 1601 episcopis
3094 1536 3152 1585 et
3173 1530 3538 1602 presbyterio
3561 1550 3715 1603 pra-

2053 1618 2281 1683 standa,
2305 1634 2494 1688 usque
2538 1618 2612 1673 ad
2656 1618 2935 1675 invidiam
2958 1620 3250 1687 inculcat;
3276 1621 3490 1691 quibus
3514 1622 3703 1678 etiam

2052 1723 2188 1762 suos
2220 1707 2294 1762 ab
2326 1707 2702 1763 heterodoxis
2729 1708 2937 1764 eadem
2959 1726 3139 1780 opera
3169 1716 3424 1769 revocat.
3464 1727 3710 1766 eorum-

2052 1812 2166 1866 que
2187 1796 2596 1867 fabulis,«qua
2620 1797 2977 1866 quaestiones
3000 1804 3286 1868 prastant
3315 1800 3501 1870 magis
3523 1816 3709 1870 quam

2053 1886 2508 1941 aediﬁcationem
2542 1886 2640 1940 Dei
2673 1903 2803 1956 qua
2836 1887 2897 1940 in
2929 1886 3046 1941 ﬁde
3079 1893 3226 1943 εει..
3260 1888 3391 1943 Hac
3421 1889 3494 1943 de
3524 1889 3710 1943 testi-

2052 1975 2252 2030 monio
2303 1976 2360 2031 S.
2392 1974 2725 2046 Polycarpi,
2775 1992 2845 2030 ex
2903 1992 3018 2046 quo
3073 1982 3254 2047 patet,
3306 1984 3526 2048 quanta
3564 1994 3709 2033 cum

2051 2064 2279 2118 ratione
2310 2079 2667 2132 asseramns,
2697 2062 2859 2118 illius
2902 2070 3074 2119 atate
3106 2064 3384 2135 epistolas
3425 2082 3569 2137 quas
3593 2066 3706 2120 de-

2049 2154 2347 2211 fendimus
2376 2154 2692 2209 exstitisse.
2727 2154 3013 2210 Eusebius
3060 2156 3236 2210 etiam
3269 2155 3416 2211 duos
3446 2173 3702 2228 genera-

2048 2244 2135 2299 les
2164 2243 2551 2315 epistolarum
2582 2243 2955 2299 characteras
3009 2249 3196 2309 notat,
3254 2245 3325 2299 de
3378 2246 3707 2301 traditione

2046 2333 2389 2404 apostolica,
2423 2338 2482 2387 et
2509 2332 2835 2387 baresibus
2862 2334 2966 2388 avi
2999 2334 3310 2405 Ignatiani,
3340 2335 3555 2405 quibus
3587 2352 3703 2390 no-

2047 2428 2181 2477 stra
2205 2422 2427 2492 optime
2446 2423 2846 2493 respondent;
2872 2423 3027 2493 quod
3056 2424 3149 2478 hic
3174 2425 3533 2480 monendum
3561 2432 3706 2481 tan-

2046 2518 2171 2566 tum
2203 2511 2367 2576 duxi,
2388 2528 2496 2566 nec
2527 2512 2776 2567 ulterius
2797 2513 3161 2584 urgendum;
3188 2514 3355 2584 quod
3379 2514 3711 2571 Eusebium

2046 2600 2326 2672 epistolas
2356 2605 2589 2656 nostras
2616 2600 2827 2656 vidisse
2850 2606 3028 2671 atque
3060 2601 3448 2673 descripsisse
3472 2603 3562 2658 vel
3584 2603 3709 2675 ipsi

2044 2690 2363 2746 adversarii
2394 2690 2713 2745 fateantur.

2115 2782 2230 2835 Nec
2261 2784 2490 2835 tantum
2540 2778 2883 2834 testimonia
2929 2797 3061 2849 qua
3117 2780 3421 2852 Ignatiana
3448 2797 3706 2853 genera—

2041 2869 2147 2923 tim
2182 2873 2240 2923 et
2259 2868 2534 2923 universe
2555 2867 2921 2933 describunt,
2948 2868 3216 2939 epistolis
3241 2870 3402 2925 biscc
3424 2871 3703 2941 apprime

2041 2963 2393 3029 congruunt,
2427 2957 2530 3011 sed
2562 2961 2620 3011 et
2666 2972 2736 3010 ea
2784 2973 2913 3026 qua
2946 2959 3347 3028 particulatim
3379 2976 3415 3014 a
3445 2960 3706 3016 testibus

2039 3046 2344 3117 productis
2376 3062 2447 3101 ex
2491 3045 2713 3117 lgnatio
2772 3052 2910 3101 sunt
2940 3053 3215 3117 excerpta
3246 3054 3302 3102 et
3332 3049 3394 3102 in
3425 3049 3699 3118 ipsorum

2038 3135 2222 3190 libros
2254 3135 2362 3192 sub
2392 3135 2522 3206 ejus
2552 3135 2798 3189 nomine
2846 3136 3222 3207 transcripta,
3254 3137 3316 3191 in
3347 3137 3547 3192 codice
3577 3155 3697 3193 no-

2042 3228 2161 3279 stro
2191 3224 2435 3279 totidem
2484 3222 2607 3278 fere
2652 3223 2844 3278 verbis
2877 3224 3287 3294 reperiuntur;
3323 3231 3388 3281 ut
3417 3244 3488 3281 ex
3513 3244 3697 3283 accu-

2034 3319 2162 3367 rata
2191 3312 2504 3367 collatione
2535 3312 2905 3384 singulorum
2930 3314 3405 3371 testimoniorum
3438 3333 3568 3387 qua
3601 3323 3696 3372 at-

2037 3402 2279 3458 tulimus
2311 3418 2444 3456 cum
2476 3401 2734 3456 Mediceo
2760 3401 3323 3473 codiceplanissime
3354 3406 3688 3476 apparebit.

2033 3493 2175 3547 Cum
2204 3497 2403 3547 autem
2424 3507 2631 3546 omnes
2654 3492 2963 3546 sententia
2987 3508 3021 3546 a
3041 3492 3338 3549 veteribus
3359 3495 3692 3565 particula-

2034 3581 2140 3635 tim
2174 3580 2565 3651 transcripta,
2592 3587 2911 3650 antequam
2938 3581 3071 3637 alia
3103 3583 3371 3653 epistola
3394 3585 3689 3652 conﬁcta,

2032 3674 2133 3725 aut
2161 3670 2251 3725 ha
2311 3670 2454 3740 ipsa
2515 3669 2883 3741 interpolata
2940 3676 3099 3736 sunt,
3149 3689 3218 3726 ex
3248 3679 3450 3728 nostro
3482 3674 3689 3730 codice

2031 3761 2359 3832 desumpta
2381 3767 2740 3833 appareant;
2761 3779 3014 3832 cumque
3036 3769 3243 3834 postea
3268 3766 3496 3820 nullum
3517 3768 3685 3822 testi-

2030 3851 2301 3906 monium
2331 3850 2419 3904 vel
2457 3867 2525 3905 ex
2580 3851 2755 3919 ﬁctis,
2787 3851 2879 3906 vel
2927 3868 2998 3906 ex
3029 3854 3390 3909 assumentis
3420 3856 3689 3929 catalogo

2031 3945 2232 3994 nostro
2264 3937 2733 4006 adhibuerimus,
2784 3956 3004 4011 eosque
3059 3946 3240 3997 testes
3273 3946 3688 4001 tantummodo

2030 4026 2427 4094 citaverimus,
2460 4027 2561 4097 qui
2610 4027 2894 4098 antiquis,
2921 4029 3094 4095 veris,
3129 4036 3187 4085 et
3225 4032 3390 4102 puris
3420 4033 3689 4104 epistolis

2028 4117 2349 4172 utebantur
2369 4133 2379 4145 ·
2402 4132 2522 4171 non
2545 4121 2739 4186 potest
2761 4134 2882 4171 non
2909 4117 3034 4173 hac
3058 4120 3300 4175 testium
3331 4121 3688 4180 indeﬁciens

2030 4206 2327 4262 successio
2358 4222 2653 4261 summam
2712 4206 2976 4276 epistolis
3036 4210 3255 4265 nostris
3286 4211 3489 4275 ﬁdem,
3523 4215 3688 4283 quod

2027 4295 2100 4351 ad
2133 4302 2442 4351 externum
2474 4301 2888 4365 argumentum
2938 4297 3168 4361 attinet,
3219 4300 3563 4357 conciliare.
3592 4303 3687 4357 Illi

2027 4384 2187 4439 enim
2221 4384 2356 4455 ipsi,
2391 4383 2491 4453 qui
2523 4383 2594 4438 de
2624 4384 3016 4455 germanitate
3040 4392 3267 4456 septem
3292 4388 3687 4458 epistolarum

2026 4471 2097 4525 ab
2130 4471 2376 4525 Eusebio
2406 4476 2869 4526 memoratarum
2903 4472 3277 4542 dubitabant,
3310 4475 3461 4533 banc
3495 4478 3690 4547 potis-

266 4578 380 4617 nus
411 4565 644 4615 nostras
674 4559 735 4613 in
769 4575 837 4613 eo
865 4573 1105 4612 suavem
1139 4556 1275 4613 ﬁdei
1309 4558 1585 4628 spiritum
1614 4563 1912 4629 agnoscat.
1951 4563 1991 4626 υ
2025 4560 2243 4613 simum
2268 4558 2560 4613 rationem
2590 4560 2939 4629 aﬂ‘erebant,
2964 4562 3123 4632 quod
3148 4564 3325 4619 verba
3343 4565 3683 4639 Athanasii,

269 4649 411 4704 Inde
439 4648 576 4703 illa:
637 4643 783 4721 Ἐγὼ
844 4641 901 4698 δὲ
961 4643 1097 4716 μετὰ
1151 4644 1251 4712 τὴν
1316 4642 1603 4698 ἀνάστασιν
1652 4643 1704 4698 ἐν
1756 4645 1912 4718 σαρκὶ

266 4736 422 4791 αὐτὸν
457 4732 580 4790 οἶδα
610 4735 699 4789 καὶ
730 4732 967 4789 πιστεύω
999 4732 1123 4789 ὄντα
1182 4735 1276 4807 (ad
1332 4735 1615 4806 Smyrn);
1646 4730 1826 4807 Ὕδωρ
1856 4731 1913 4788 δὲ

264 4830 369 4893 ζῶν
394 4824 706 4896 (ἰλλόμενον
739 4823 791 4878 ἐν
822 4822 948 4895 ἐμοὶ
992 4817 1186 4876 ἕσωθὲν
1241 4842 1336 4894 μοι
1368 4820 1539 4897 λέγει·
1574 4825 1739 4896 Δεῦρο
1772 4824 1908 4896 πρὸς

257 4916 348 4969 τὸν
382 4915 595 4987 Πατέρα
627 4914 723 4987 (ad
762 4916 957 4984 Rom.).
995 4913 1119 4967 Sive
1162 4911 1343 4967 ﬁdem
1392 4929 1495 4983 pro
1547 4912 1779 4984 objecto
1811 4931 1911 4969 su-

260 5022 407 5070 mas,
446 5004 614 5061 multi
646 5004 705 5058 in
754 5003 846 5058 his
905 5001 1171 5074 epistolis
1200 5000 1431 5056 articuli
1484 4999 1622 5056 ﬁdei
1653 5001 1911 5058 breviter

257 5093 653 5166 explicantur,
687 5092 758 5149 de
796 5093 940 5157 Deo,
994 5091 1065 5146 de
1116 5089 1344 5145 duabus
1371 5090 1431 5144 in
1471 5090 1701 5145 Christo
1733 5096 1907 5146 natu-

255 5183 358 5248 ris,
390 5183 463 5237 de
494 5184 631 5247 vita,
663 5189 722 5238 et
764 5187 975 5243 morte,
1007 5187 1066 5235 et
1093 5180 1530 5236 resurrectione
1561 5179 1799 5247 Christi,
1830 5179 1907 5236 ad

255 5289 404 5342 quos
436 5272 663 5343 antiqui
698 5278 897 5326 Patres
937 5269 1111 5325 toties
1140 5269 1536 5341 appellarunt.
1565 5269 1652 5324 Ad
1672 5270 1904 5340 patien-

252 5360 393 5415 tiam
429 5366 485 5414 et
516 5360 893 5416 tolerantiam
943 5358 1335 5413 Christianam
1387 5358 1713 5431 sapissime
1753 5358 1903 5414 alios

251 5449 529 5521 impellit,
564 5456 627 5505 ut
658 5452 1033 5522 Smyrnaos:
1094 5442 1323 5520 Ἀμείϐῃ
1383 5447 1508 5520 ὑμῖν
1555 5447 1707 5515 Θεὸς,
1742 5444 1810 5502 δι’
1843 5447 1901 5503 ὅν

249 5538 420 5593 πάντα
452 5534 812 5601 ὑπομένοντες
844 5537 1011 5592 αὐτοῦ
1042 5536 1300 5606 τεύξεσθε·
1358 5543 1422 5592 ut
1471 5538 1896 5610 Polycarpum:

253 5627 504 5687 Μάλιστα
549 5626 607 5683 δὲ
661 5626 817 5683 ἕνεκα
874 5626 1006 5682 Θεοῦ
1062 5628 1238 5682 πάντα
1296 5626 1583 5698 ὑπομένειν
1615 5629 1763 5698 ἡμᾶς
1797 5623 1898 5699 δεῖ,

2022 4648 2370 4704 Theodoreti
2403 4648 2778 4720 aliorumque
2809 4655 3075 4707 veterum
3125 4656 3189 4708 in
3233 4654 3467 4723 iisdem,
3502 4662 3687 4726 prout

2023 4743 2161 4793 tunc
2193 4736 2369 4792 etiam
2399 4738 2617 4805 Grace,
2650 4739 2752 4793 sed
2784 4739 3170 4811 interpolata,
3207 4742 3534 4808 exstabant,
3556 4761 3684 4802 non

2020 4831 2471 4898 comparerent;
2523 4833 2590 4883 ut
2634 4844 2705 4883 ex
2737 4829 2809 4884 iis
2842 4836 3094 4894 constat,
3129 4848 3260 4901 qua
3292 4832 3353 4885 in
3381 4834 3682 4891 Prooemio

2020 4918 2198 4974 latius
2229 4918 2621 4975 disseruntur.
2648 4922 2838 4991 Atqui
2871 4921 3212 4993 Catalogum
3245 4924 3490 4979 testium
3514 4941 3549 4979 a
3575 4942 3686 4981 no-

2019 5007 2111 5062 bis
2143 5007 2477 5063 confectum
2512 5007 2806 5079 inspiciet,
2841 5011 3043 5065 omnia
3086 5011 3420 5066 testimonia
3452 5029 3485 5067 a
3514 5018 3684 5067 vete-

2020 5095 2183 5151 ribus
2217 5101 2493 5167 excerpta
2537 5097 2593 5150 in
2638 5097 2897 5168 epistolis
2931 5100 3170 5166 nostris,
3203 5098 3275 5153 ab
3309 5102 3468 5154 omni
3503 5118 3681 5157 assuo

2020 5190 2218 5240 mento
2244 5184 2468 5252 liberis,
2503 5184 2711 5240 iisdem
2756 5186 2878 5241 fere
2909 5187 3098 5243 verbis
3129 5188 3348 5243 diserte
3380 5190 3682 5248 contineri

2016 5274 2295 5344 reperiet.
2324 5274 2525 5342 Neque
2578 5288 2710 5329 vero
2759 5275 2944 5331 ullum
2990 5277 3061 5331 de
3101 5276 3398 5333 industria
3425 5284 3683 5350 prater-

2016 5363 2308 5429 misimus,
2341 5368 2558 5431 prater
2584 5365 2825 5419 unicum
2851 5365 2997 5421 illud
3028 5366 3083 5421 S.
3111 5367 3474 5438 Hieronymi,
3510 5368 3551 5433 l,
3588 5386 3679 5439 iu,

2019 5474 2043 5504 ι
2078 5451 2367 5505 Adversus
2412 5450 2798 5525 Pelagianos:
2852 5454 3116 5526 lgnatius
3173 5456 3259 5510 vir
3310 5457 3679 5527 apostolicus

2014 5548 2074 5597 et
2105 5545 2329 5611 martyr
2354 5540 2560 5596 scribit
2588 5542 2900 5597 audacter:
2940 5568 2959 5593 ι
2996 5544 3185 5616 Elegit
3213 5546 3498 5601 Dominus
3528 5562 3675 5618 ap0'

2013 5628 2219 5695 stolos,
2238 5628 2337 5698 qui
2362 5645 2540 5700 super
2554 5646 2762 5686 omnes
2780 5632 3051 5690 homines
3076 5641 3416 5705 peccatores
3435 5640 3671 5693 erant.»
