3974 6134
178 321 267 382 ίοι
923 321 984 384 ι.
1031 320 1457 384 PEAHSONII
1500 317 1828 382 VINDICI}.

1974 319 2400 383 ιΝΑΤΙΑΝιΕ.
2446 356 2522 369 --
2565 323 2775 386 PARS
2817 323 2870 387 Ι.

3477 329 3594 388 102

172 459 396 514 Constat
426 454 597 509 enim
626 470 774 511 eum
810 455 880 512 in
909 455 1023 513 hac
1076 454 1373 512 sententia
1418 452 1659 510 citanda
1706 468 1833 508 me-
1860 454 1915 523 Α
1945 453 2051 510 illa
2075 471 2207 525 quae
2239 454 2594 513 adduximus
2622 457 2966 514 testimonia
2995 464 3053 514 et
3083 475 3212 531 quae
3271 466 3476 531 postea
3504 460 3597 517 di-

175 546 413 606 moriam
444 543 735 613 fefelisse,
799 550 863 600 et
914 546 1212 618 Ignatium
1267 561 1374 616 pro
1423 542 1695 600 Barnaba
1740 560 1840 615 po-

174 637 387 703 suisse;
416 635 480 689 in
503 634 681 706 cujus
713 633 979 707 epistola
1004 651 1180 707 quam
1236 650 1393 690 nunc
1424 632 1736 695 habemus,
1771 648 1842 687 ea

173 726 339 783 verba
369 730 651 791 exstant;
686 730 749 780 et
782 740 858 778 ex
887 742 1006 796 quo
1036 724 1321 797 Origenes
1368 728 1503 779 ante
1552 723 1838 794 Hierony-

172 833 327 875 mum
349 814 564 871 eadem
587 813 1195 886 produxerat.Posuit
1215 813 1413 883 itaque
1446 812 1840 883 Hieronymus

171 906 464 980 Ignatium
491 921 601 975 pro
635 903 940 967 Barnaba,
970 908 1034 957 ut
1073 901 1215 957 alibi
1264 902 1538 957 Clemens
1581 900 1840 957 Alexan—

171 997 373 1052 drinus
405 993 745 1049 Barnabam
770 1009 879 1064 pro
898 991 1223 1048 Clemente.
1256 991 1401 1046 Cum
1432 990 1612 1062 igitur
1640 990 1841 1046 omnia

169 1084 514 1141 testimonia
544 1082 821 1155 priorum
855 1081 1230 1145 saeculorum,
1264 1097 1334 1135 ex
1358 1080 1412 1135 S.
1448 1079 1672 1152 Ignatio
1703 1096 1839 1151 par—

181 1174 465 1231 ticulatim
500 1177 808 1243 excerpta,
856 1170 995 1226 inde
1041 1169 1212 1225 libris
1260 1174 1527 1225 veterum
1573 1170 1838 1239 Patrum,

186 1272 465 1335 tanquam
500 1266 589 1317 tot
618 1261 821 1330 ﬂores,
856 1276 1098 1331 sparsa;
1132 1275 1388 1329 cumque
1420 1264 1555 1328 post
1582 1258 1690 1314 has
1714 1259 1840 1330 epi-

176 1354 349 1409 stolas
363 1357 685 1423 corruptas
697 1350 969 1422 aliasque
989 1349 1293 1413 confictas,
1328 1353 1415 1404 tot
1443 1353 1641 1404 tamen
1659 1348 1838 1404 etiam

182 1461 250 1498 ex
278 1442 446 1514 puris
480 1440 766 1505 adducta,
816 1440 880 1496 in
929 1439 1023 1494 his
1081 1438 1346 1510 epistolis
1413 1438 1659 1493 totidem
1715 1437 1839 1493 fere

176 1532 363 1587 verbis
392 1535 807 1602 compareant.
832 1528 973 1601 jure
1003 1544 1070 1583 ac
1099 1526 1313 1582 merito
1356 1526 1595 1582 easdem
1644 1526 1838 1581 eidem

177 1622 228 1675 5.
266 1621 514 1693 ignalio,
548 1619 647 1674 cui
679 1618 765 1673 illi
797 1634 1007 1673 omnes
1046 1616 1405 1683 tribuerunt,
1457 1616 1838 1671 ascribendas

180 1710 623 1770 contendimus.

248 1797 517 1868 Denique
548 1796 692 1852 hinc
722 1796 903 1851 etiam
933 1799 1350 1867 argumentum
1382 1793 1456 1849 ad
1486 1791 1837 1849 asserendas

177 1888 229 1942 S.
264 1886 493 1960 lgnatio
527 1886 637 1940 has
669 1883 951 1956 epistolas
981 1900 1101 1938 non
1150 1884 1275 1938 leve
1324 1882 1619 1948 elicimus,
1678 1880 1839 1951 quod

180 1976 343 2031 nulla
364 1975 1095 2044 vetustiorumtemporum
1112 1977 1341 2027 aetatem
1361 1988 1482 2042 prm
1504 1988 1567 2026 se
1585 1970 1839 2027 ferentia

170 2066 293 2136 jam
326 2065 557 2135 scripta
594 2068 830 2119 exstent
858 2078 872 2128 ;
906 2060 979 2116 de
1008 2077 1263 2132 quorum
1293 2060 1447 2116 veris
1493 2060 1837 2115 auctoribus

178 2162 274 2210 aut
303 2154 419 2209 hoc
451 2159 559 2208 aut
590 2153 786 2224 priore
819 2150 1037 2207 saeculo
1070 2149 1191 2206 ulla
1217 2165 1353 2205 cum
1386 2150 1614 2205 ratione
1663 2148 1835 2205 dubi-

178 2249 362 2299 tatum
387 2242 658 2313 est,quin
682 2246 785 2296 aut
804 2257 840 2295 a
859 2238 1157 2294 veteribus
1180 2255 1303 2293 non
1335 2238 1556 2293 fuerint
1592 2238 1837 2293 omnino

177 2333 394 2405 agnita,
429 2336 536 2386 aut
571 2331 620 2385 si
642 2330 793 2385 forte
824 2328 898 2384 ab
953 2327 1252 2399 aliquibus
1319 2327 1520 2398 agnita
1565 2327 1704 2395 sint,
1764 2326 1837 2381 de

175 2422 383 2477 iisdem
421 2428 627 2476 tamen
658 2419 718 2473 in
749 2417 1015 2473 Ecclesia
1048 2417 1149 2472 Dei
1179 2416 1254 2472 ab
1283 2416 1419 2472 aliis
1450 2421 1552 2472 aut
1600 2416 1834 2472 dubita-

179 2516 292 2566 tum
326 2515 433 2565 aut
462 2509 832 2580 disputatum
849 2506 1047 2561 fuerit.
1074 2507 1130 2562 S.
1165 2505 1491 2561 Glementis
1523 2505 1836 2576 epistolam

182 2599 505 2655 secundam
538 2615 660 2653 non
678 2596 947 2667 ejusdem
978 2595 1237 2651 auctoris
1278 2611 1407 2650 esse
1462 2610 1597 2649 cum
1644 2595 1838 2665 prima

181 2690 380 2743 volunt
410 2687 521 2741 viri
555 2686 737 2745 docti.
769 2685 913 2740 licet
942 2690 1192 2755 utraque
1223 2684 1284 2738 in
1326 2682 1664 2739 Canonibus
1693 2700 1838 2755 apo-

179 2779 399 2835 stolicis
430 2778 661 2851 pariter
691 2776 997 2848 probetur,
1033 2782 1090 2830 et
1119 2775 1192 2830 ab
1213 2775 1543 2847 Epiphanio
1588 2774 1837 2846 aliisque

186 2873 556 2939 agnoscatur.
590 2869 666 2920 At
695 2866 807 2919 hoc
836 2864 1025 2936 primo
1049 2862 1331 2918 indicavit
1358 2862 1669 2931 Eusebius,
1699 2863 1838 2918 dein

184 2956 580 3026 Hieronymus
606 2960 666 3009 et
686 2954 957 3009 Photius.
985 2952 1244 3024 Dionysii
1262 2952 1630 3025 Areopagitas
1653 2951 1838 3008 libros

182 3045 337 3100 male
369 3050 535 3099 tanto
564 3042 691 3097 viro
723 3040 1036 3113 ascriptos,
1061 3045 1120 3096 et
1158 3039 1266 3095 sub
1314 3039 1444 3112 ejus
1501 3046 1743 3096 nomine
1775 3040 1839 3097 fi-

183 3140 303 3189 ctos
330 3133 462 3204 jam
495 3131 737 3204 plurimi
773 3128 1163 3198 contendunt,
1194 3134 1372 3200 atque
1397 3128 1552 3185 inter
1581 3145 1683 3185 eos
1714 3147 1837 3186 meo

188 3190 355 3278 xime.
368 3190 648 3279 Daliieus.
686 3221 799 3278 Sed
830 3221 941 3276 hos
970 3219 1129 3291 ipsos
1150 3190 1345 3292 prius,
1377 3220 1451 3275 ob
1480 3220 1840 3276 testimonio-
1877 3190 1922 3258 θ

188 3330 312 3367 rum
344 3313 672 3377 defectum,
699 3310 912 3382 rejecit
940 3326 1073 3365 cum
1106 3308 1228 3364 suis
1259 3308 1543 3381 Hypatius
1569 3325 1582 3375 ;
1616 3314 1675 3363 et
1703 3316 1837 3380 post

185 3419 312 3458 eum
344 3402 545 3469 multi,
590 3402 772 3456 etiam
802 3399 877 3455 ob
910 3398 1244 3467 materiam,
1277 3398 1645 3470 Areopagitae
1705 3415 1834 3454 esse

187 3497 500 3563 negarunt,
556 3496 622 3546 ut
658 3487 985 3550 ostendunt
1030 3486 1315 3543 Maximus
1366 3492 1425 3542 et
1469 3486 1832 3557 Theodorus,

183 3582 275 3651 qui
330 3579 585 3636 eosdem
633 3578 959 3634 infeliciter
1013 3574 1332 3632 defendere
1417 3576 1613 3633 conati
1672 3583 1828 3633 sunt.

185 3670 414 3725 Hermae
448 3674 733 3724 i‘astorem
759 3665 1017 3722 universi
1047 3666 1156 3721 hac
1188 3670 1360 3720 aetate
1390 3664 1512 3720 fere
1551 3664 1831 3721 condem-

178 3763 316 3811 nant
350 3777 367 3822 ;
404 3756 566 3811 idem
598 3754 771 3809 multi
802 3752 1074 3820 Origenis
1113 3768 1256 3818 mvo,
1290 3750 1418 3822 ipso
1472 3756 1643 3818 teste,
1675 3751 1833 3808 fece-

174 3850 326 3911 runt,
365 3851 433 3900 ut
461 3850 524 3899 et
553 3842 901 3899 Tertulliani
937 3857 952 3908 ;
1004 3845 1061 3895 et
1100 3839 1149 3894 si
1197 3855 1397 3894 verum
1448 3845 1622 3908 esset,
1675 3840 1833 3912 quod

176 3933 361 3988 Latini
394 3938 605 4005 postea
630 3930 1023 3995 tradiderunt,
1055 3928 1273 3984 librum
1305 3944 1439 3983 eum
1463 3944 1496 3983 a
1526 3928 1613 3983 Pii
1644 3931 1834 4000 ponti-

180 4023 299 4078 ficis
320 4023 511 4077 fratre
542 4022 828 4093 scriptum
852 4017 1060 4085 fuisse,
1102 4022 1260 4073 esset
1284 4016 1412 4072 sine
1436 4019 1836 4075 controversia

176 4110 615 4182 supposititius.
652 4108 931 4164 Prochori
964 4106 1202 4161 libellus
1235 4106 1311 4160 De
1340 4111 1458 4161 vita
1488 4107 1546 4162 S.
1600 4108 1835 4164 Joannis

176 4200 328 4255 haud
360 4199 670 4255 immerito
700 4197 990 4270 rejicitur,
1017 4200 1081 4250 ut
1109 4201 1167 4250 et
1226 4195 1477 4251 Historia
1523 4198 1833 4265 apostolica

179 4289 376 4343 Abdiae
400 4287 919 4359 Babylonii,quem
949 4290 1084 4356 post
1106 4284 1498 4357 Hegesippum
1522 4286 1833 4358 scripsisse

175 4380 443 4435 observat
473 4377 769 4434 Gerardus
804 4376 1063 4443 Vossius,
1104 4375 1322 4432 addere
1370 4375 1566 4446 potuit
1615 4382 1672 4432 et
1702 4383 1834 4448 post

177 4467 498 4536 Rufﬁnum,
537 4484 677 4523 nam
706 4465 886 4522 verba
914 4464 1224 4537 Hegesippi
1267 4464 1426 4536 apud
1480 4464 1729 4521 Abdiam
1763 4485 1835 4523 ex

1948 543 2137 599 cenda
2166 550 2305 600 sunt
2334 545 2492 601 clare
2522 546 2828 613 evincunt;
2860 564 2999 603 nam
3030 548 3148 603 alto
3180 548 3418 605 silentio
3448 567 3588 607 con-

1950 632 2216 687 demnari
2241 650 2363 689 non
2385 642 2651 706 possunt,
2671 653 2803 706 quas
2825 636 2897 691 ab
2931 638 3102 693 initio
3133 644 3384 710 receptas
3415 644 3593 710 atque

1948 738 2326 794 summopere
2358 723 2611 779 laudatas
2642 731 2819 791 sunt;
2854 732 2911 781 et
2941 743 3016 781 an
3050 728 3106 782 S.
3151 728 3361 800 lgnatii
3391 745 3598 785 revera

1946 810 2219 883 genuinae
2250 817 2469 877 essent,
2524 828 2700 868 nemo
2742 820 3028 881 veterum,
3080 831 3256 871 nemo
3304 818 3595 873 recentio-

1947 916 2080 956 rum
2114 899 2416 957 dubitasse
2442 917 2504 958 se
2534 903 2753 957 diserte
2797 903 2986 958 dixit:
3037 921 3213 960 nemo
3257 907 3488 976 spurias
3538 912 3597 962 et

1948 991 2388 1046 commentitias
2410 991 2591 1047 fuisse
2604 992 2938 1064 suspicatus
2956 1000 3389 1065 est,antequam
3403 997 3593 1066 primo

1947 1078 2164 1148 aliquae
2196 1079 2398 1135 Latine
2432 1087 2569 1135 sunt
2598 1079 2903 1152 impressae
2936 1082 3230 1137 veteribus
3252 1087 3596 1155 prorsusin-

1947 1168 2221 1239 cognitae.
2252 1168 2384 1225 aliae
2439 1169 2619 1225 etiam
2666 1169 2869 1227 Latine
2917 1178 3146 1227 tantum
3190 1174 3405 1243 primo,
3456 1174 3595 1229 dein

1950 1257 2171 1322 Graece,
2205 1259 2310 1314 sed
2341 1275 2476 1315 cum
2507 1260 2639 1315 aliis
2680 1259 2928 1330 junctae,
2980 1278 3111 1333 quae
3158 1262 3594 1318 recentioribus

1948 1352 2181 1402 tantum
2213 1350 2428 1404 Graecis
2450 1349 2663 1421 agnitae
2696 1355 2856 1415 sunt,
2890 1350 3129 1422 illasque
3173 1352 3341 1423 ipsm,
3372 1369 3407 1409 a
3434 1357 3594 1407 vete~

1948 1435 2114 1490 ribus
2135 1436 2420 1506 probatae,
2452 1438 2693 1493 nonnisi
2725 1439 2932 1494 multis
2980 1441 3340 1495 assumentis
3391 1447 3594 1496 conta-

1950 1526 2189 1580 minatae
2220 1535 2592 1597 apparerent.
2625 1528 2772 1582 Cum
2802 1528 2982 1600 igitur
3002 1531 3130 1601 jam
3172 1530 3415 1587 tandem
3442 1531 3598 1586 anti-

1949 1615 2251 1685 quissimae
2284 1617 2492 1687 Ignatii
2510 1617 2776 1687 epistolae
2798 1635 2834 1673 a
2862 1620 3239 1690 sequioribns
3257 1620 3379 1675 sint
3393 1621 3600 1677 discri-

1949 1704 2188 1759 minatis
2213 1710 2394 1775 atque
2426 1704 2759 1777 disiunctae,
2783 1707 2856 1762 ab
2883 1708 3240 1763 assumentis
3261 1715 3437 1780 atque
3460 1727 3596 1766 cor-

1948 1792 2199 1863 ruptelis
2228 1792 2513 1862 liberatae,
2546 1796 2845 1867 nitoaique
2877 1796 3128 1867 pristino
3159 1798 3472 1863 restitutas,
3515 1800 3598 1854 si-

1946 1882 2190 1952 mulque
2223 1883 2713 1940 cumulatissimis
2762 1885 3235 1957 uniuscujusque
3284 1887 3484 1943 saeculi
3519 1894 3600 1943 te-

1947 1971 2243 2026 stimoniis
2293 1974 2680 2043 conﬁrmatae,
2722 1990 2916 2045 neque
2966 1976 3282 2046 quisquam
3332 1983 3596 2033 veterum

1946 2064 2246 2128 appareat,
2293 2059 2394 2129 qui
2435 2059 2507 2115 de
2558 2077 2761 2116 earum
2822 2063 3231 2134 suppositione
3271 2064 3597 2135 quidquam

1947 2146 2273 2203 hariolatus
2306 2149 2419 2215 sit;
2464 2150 2634 2206 nulla
2674 2152 2824 2207 ratio
2876 2152 2972 2207 vel
3015 2153 3331 2225 excogitari
3382 2160 3596 2225 potest,

1947 2235 2021 2290 ob
2052 2252 2231 2307 quam
2254 2253 2459 2293 earum
2483 2240 2821 2296 veneranda
2846 2241 3173 2311 antiquitas
3193 2248 3253 2296 et
3271 2243 3594 2299 auctoritas

1947 2325 2147 2381 debita
2175 2327 2236 2381 in
2267 2326 2511 2383 dubium
2545 2328 2622 2384 sit
2651 2330 3017 2396 revocanda;
3042 2336 3143 2385 aut
3172 2332 3220 2385 si
3252 2330 3376 2387 ulla
3418 2348 3591 2387 excoo

1944 2415 2114 2485 gitari
2147 2416 2352 2487 possit,
2387 2432 2459 2472 ea
2486 2434 2558 2472 ex
2587 2418 2717 2490 ipsa
2746 2418 3133 2489 epistolarum
3176 2423 3427 2476 materia
3456 2422 3591 2477 elici

1945 2503 2141 2567 debet.
2175 2522 2353 2575 quam
2395 2506 2458 2561 in
2505 2507 2778 2577 sequenti
2822 2507 3240 2564 dissertatione
3297 2509 3370 2564 ab
3428 2511 3593 2565 omni

1946 2593 2283 2664 suspicione
2328 2594 2754 2651 liberabimus:
2812 2597 2921 2653 hac
2964 2598 3205 2653 interim
3259 2598 3598 2669 justissima

1946 2682 2411 2752 praesumptione
2441 2684 2725 2749 contenti,
2759 2690 2847 2738 tot
2875 2685 3304 2740 vetustissimos
3325 2686 3597 2742 doctissi-

1946 2787 2193 2841 mosque
2224 2773 2427 2826 Patres
2448 2788 2580 2827 cum
2613 2772 2968 2843 sequacibus
2999 2774 3061 2827 in
3113 2775 3440 2845 Ignatianis
3471 2792 3593 2830 non

1946 2877 2229 2928 errassse,
2262 2862 2364 2932 qui
2388 2867 2548 2917 tanto
2579 2878 2874 2919 consensu
2904 2864 2966 2917 in
2997 2863 3164 2919 nullo
3203 2864 3321 2919 alio
3370 2865 3593 2920 celebri

1948 2956 2006 3005 et
2034 2951 2280 3022 antiquo
2310 2950 2716 3007 ecclesiastico
2751 2951 2971 3023 scripto
3019 2964 3129 3008 nos
3175 2952 3455 3009 fefellisse
3493 2953 3593 3009 ha-

1948 3045 2157 3096 ctenus
2186 3040 2542 3113 deprehensi
2574 3046 2731 3098 sunt.

2590 3182 2820 3239 CAPUT
2859 3184 2950 3239 IV.

1944 3300 2351 3361 Argumentum
2399 3299 2855 3348 adversariorum
2884 3315 2920 3347 a
2948 3302 3286 3350 testimoniis
3327 3301 3595 3351 adversus

2006 3373 2308 3435 lgnatiana
2329 3372 2703 3435 expungitur.
2736 3371 3166 3423 Stichometriam
3208 3390 3317 3423 non
3350 3390 3465 3424 esse
3494 3375 3594 3424 Ni-

2007 3442 2226 3504 cephori
2246 3443 2603 3504 patriarchae.
2640 3443 2705 3491 Et
2737 3442 3115 3504 Nicephorum
3146 3453 3196 3493 et
3230 3445 3591 3495 Anastasium

2002 3514 2226 3577 Ignatii
2254 3515 2516 3575 epistolas
2545 3514 2856 3563 admisisse.
2881 3515 3289 3564 Stichometria?
3308 3525 3590 3565 auctorem

2006 3602 2117 3634 non
2148 3587 2515 3635 condemnare
2538 3586 2761 3648 Ignatii
2789 3587 3070 3648 epistolas.
3090 3587 3354 3647 Defensio
3375 3602 3598 3649 respon-

2002 3664 2181 3712 sionis
2211 3664 2562 3713 ﬂammandi.
2596 3665 2718 3712 Non
2762 3666 2995 3725 probari
3039 3665 3477 3726 summitionem
3529 3680 3598 3712 ex

2004 3737 2155 3784 nudo
2181 3737 2349 3783 titulo
2366 3734 2825 3799 apocryphorum.
2854 3738 2977 3785 Non
2993 3751 3062 3784 ea:
3082 3736 3322 3799 reliquis
3349 3735 3597 3798 quicum

2003 3806 2231 3868 Ignatio
2283 3813 2687 3854 numerantur.
2730 3807 2809 3855 De
2851 3807 3069 3855 Hermae
3115 3806 3336 3855 Pastore
3397 3808 3597 3855 veteris

2002 3876 2257 3925 Ecclesiae
2279 3876 2590 3937 judicium.
2626 3876 2935 3925 Consensus
2965 3876 3268 3938 Necephori
3297 3885 3349 3924 et
3381 3876 3597 3926 Gelasii

2004 3952 2233 4008 frustra
2259 3947 2594 3995 obtenditur.
2628 3948 2923 3996 Decretum
2953 3949 3057 3996 sub
3107 3948 3320 3998 Gelasii
3368 3948 3598 3997 nomine

2002 4018 2212 4066 editum
2243 4018 2426 4080 ipsius
2462 4033 2572 4066 esse
2615 4033 2725 4067 non
2770 4019 3008 4068 videtur.
3062 4019 3326 4080 Defensio
3383 4019 3597 4067 Usserii

2001 4088 2070 4137 ab
2095 4088 2503 4150 objectionibus
2533 4089 2741 4138 Πανιιαί
2776 4089 3122 4138 vindicatur.
3153 4091 3461 4151 Responsio
3495 4106 3596 4138 no-

2009 4168 2131 4209 stra
2162 4160 2287 4209 illis
2318 4160 2653 4209 ﬂammandi
2700 4169 2749 4207 et
2796 4161 3007 4209 Usserii
3055 4161 3472 4222 supperaddita.
3523 4161 3598 4209 In

2006 4230 2403 4280 Stichometria
2431 4229 2535 4278 sub
2571 4230 2794 4292 Ignatii
2822 4232 3048 4279 nomine
3078 4246 3189 4279 non
3219 4231 3599 4293 epistolas,sed

2002 4301 2217 4367 Διδαχήν
2251 4302 2519 4363 intelligi.
2552 4303 2631 4350 De
2658 4301 2935 4352 indieulis
2964 4319 2977 4361 ;
3009 4304 3248 4366 itemque
3265 4304 3330 4352 de
3352 4302 3601 4354 didasca-

2004 4374 2115 4430 liis,
2151 4380 2202 4420 et
2232 4371 2732 4422 Constitutionibus
2786 4374 3104 4434 apostolicis
3155 4374 3336 4423 brevis
3382 4375 3595 4424 disser-

2006 4445 2162 4494 tatio.

180 4557 387 4612 Humili
423 4556 820 4612 ίτᾶηδῙίιίίοΠθ
850 4560 992 4610 sum
1016 4553 1393 4644 ιιῖδηδβτίριει·
1429 4554 1541 4644 Sed
1572 4554 1643 4610 de
1662 4560 1823 4612 utro"
1862 4545 1910 4608 θ
2010 4573 2082 4627 Ut
2110 4572 2223 4626 hoc
2255 4576 2564 4626 externum
2597 4576 3010 4644 argumentum
3042 4588 3078 4627 a
3107 4573 3464 4628 testimoniis
3483 4589 3595 4643 pe-

188 4662 291 4715 que
329 4647 514 4702 altum
545 4645 707 4717 apud
738 4650 966 4700 veteres
996 4643 1319 4697 silentium.
1342 4642 1544 4698 Passio
1592 4644 1648 4699 S.
1698 4647 1827 4700 An-

183 4731 322 4790 drom
346 4752 379 4790 a
398 4733 761 4807 presbyteris
784 4731 1125 4788 etdiaconis
1148 4731 1547 4787 Ecclesiarum
1570 4734 1829 4798 Achaiae,

195 4830 252 4877 ut
277 4824 493 4891 volunt,
528 4823 751 4895 scripta
779 4822 974 4877 adhuc
1022 4821 1502 4889 controvertitur,
1552 4822 1655 4877 sed
1711 4829 1829 4878 tam

190 4913 402 4984 antiqui
432 4914 815 4983 maximeque
845 4910 1164 4965 venerandi
1218 4910 1617 4978 monumenti,
1654 4911 1701 4965 si
1734 4930 1829 4967 ve-

194 5015 308 5054 rum
336 5009 508 5066 esset,
546 5018 725 5057 nemo
758 5005 1023 5055 veterum
1055 4998 1350 5065 meminit,
1386 5016 1580 5070 neque
1613 5007 1749 5057 ante
1771 5001 1832 5055 ti-

197 5104 315 5145 nem
346 5093 529 5148 octavi
556 5090 764 5147 saeculi
794 5106 831 5145 a
861 5089 1139 5161 quopiam
1164 5093 1551 5144 memoratur.
1579 5091 1830 5163 Reliqua

194 5179 353 5235 etiam
399 5198 531 5252 quae
578 5184 936 5237 vetustatem
985 5192 1278 5233 summam
1326 5194 1448 5247 prae
1513 5194 1574 5233 se
1631 5178 1830 5236 ferunt

193 5270 408 5340 scripta,
435 5277 491 5326 et
523 5271 658 5332 hoc.
690 5268 781 5324 vel
821 5265 1197 5338 praecedente
1239 5264 1477 5327 saeculo,
1533 5266 1672 5321 viris
1722 5267 1825 5324 do-

190 5360 287 5411 ctis
314 5360 508 5430 spuria
539 5358 857 5421 videntur;
891 5354 977 5410 vel
1007 5353 1125 5411 alto
1150 5358 1328 5424 atque
1361 5353 1642 5411 diuturno
1674 5366 1824 5413 vete-

196 5460 313 5501 rum
343 5447 574 5505 silentio
607 5447 999 5509 damnantur,
1034 5443 1122 5498 vel
1151 5459 1186 5498 a
1209 5447 1471 5501 veterum
1502 5443 1825 5517 aliquibus,

190 5531 278 5587 diu
309 5543 435 5592 ante
466 5544 668 5595 nostra
724 5541 1017 5605 tempora,
1072 5531 1314 5603 reiecta,
1361 5536 1466 5586 aut
1508 5532 1720 5595 saltem
1758 5534 1825 5592 in

196 5620 420 5681 dubium
453 5632 656 5683 vocata
686 5628 854 5680 sunt.

244 5716 314 5769 At
339 5713 409 5771 de
433 5715 643 5789 lgnatii
668 5710 946 5788 epistolis
976 5714 1255 5767 neutrum
1276 5708 1492 5768 horum
1513 5710 1630 5768 dici
1647 5730 1821 5786 posse

1940 4660 2113 4715 titum
2146 4661 2259 4715 vim
2294 4675 2423 4714 eam
2459 4676 2577 4731 qua
2624 4660 2806 4732 pollet
2854 4660 3136 4722 obtineat.
3196 4667 3253 4716 et
3300 4661 3590 4716 illibatum

1940 4754 2341 4814 conservetur,
2376 4748 2533 4803 haud
2566 4749 2797 4805 meliori
2832 4749 3109 4804 methodo
3139 4750 3227 4805 uti
3273 4766 3369 4804 me
3418 4766 3591 4821 posse

1940 4837 2156 4905 sentio,
2192 4853 2369 4907 quam
2401 4837 2449 4891 si
2481 4853 2550 4891 ea
2582 4838 2803 4895 omnia.
2835 4853 2967 4907 quae
2998 4838 3375 4892 adversarius
3405 4837 3476 4891 ad
3501 4837 3596 4908 ip-

1937 4941 2073 4981 sum
2092 4925 2575 4982 labefactandum
2597 4926 2963 4998 excogitavit,
2995 4943 3171 4997 porro
3195 4925 3597 4980 examinanda

1939 5032 2286 5086 proponam.
2318 5014 2575 5072 Observo
2606 5021 2805 5070 autem
2840 5032 2911 5070 ea
2947 5015 3021 5069 ad
3055 5015 3165 5069 tria
3196 5015 3393 5084 capita
3417 5029 3592 5068 com-

1935 5103 2113 5159 mode
2136 5104 2364 5169 reduci,
2391 5110 2448 5158 et
2471 5105 2531 5157 in
2558 5104 2715 5158 hunc
2745 5103 3015 5158 ordinem
3038 5102 3375 5157 luculenter
3402 5101 3594 5174 redigi

1936 5208 2127 5263 posse.
2153 5192 2375 5253 Primo,
2398 5192 2500 5246 ille
2525 5192 2703 5247 etiam
2729 5192 3075 5247 testimonia
3093 5189 3353 5247 adducit.
3371 5190 3589 5261 quibus

1936 5298 2105 5337 suam
2131 5281 2203 5337 de
2227 5282 2639 5352 suppositione
2659 5281 3051 5352 epistolarum
3070 5280 3429 5337 sententiam
3455 5295 3595 5335 con-

1936 5372 2151 5426 ﬁrmet.
2198 5367 2488 5435 Secundo,
2543 5374 3028 5439 testesnostros,
3087 5370 3160 5427 ab
3220 5369 3593 5425 Hammondo

1934 5460 2103 5532 prius
2127 5457 2435 5525 adductos,
2460 5457 2892 5514 vetustissimos
2912 5459 3471 5531 prmcipue,rejicit;
3493 5464 3600 5515 aut

1935 5546 2259 5603 invalidum
2274 5544 2667 5615 planei'eorum
2685 5546 3093 5600 testimonium
3106 5547 3364 5603 reddere
3378 5546 3600 5617 sigilla-

1934 5636 2042 5693 tim
2068 5640 2344 5692 conatur.
2360 5636 2599 5705 εῖδει-κὶα,
2615 5642 3039 5708 {argumentum
3057 5654 3102 5693 ~a
3115 5637 3468 5692 'testimonio
3493 5650 3597 5691 ne-

1898 5725 2197 5799 ‘gativum
2215 5722 2539 5786 fabricatus
2571 5730 2681 5800 est,
2713 5741 2829 5800 qua
2848 5726 3100 5801 probare
3130 5725 3366 5798 nititur,
3399 5723 3595 5784 nemi-
