3974 6134
378 325 494 383 103

1417 315 1480 378 S.
1529 315 1921 377 IGNATIUS.
1969 348 2046 361 -
2087 313 2701 376 PROLEGOMENA.

3667 323 3782 382 104

378 473 515 514 nem
548 455 930 527 epistolarum
961 470 1109 525 quas
1139 452 1537 521 defendimus,
1579 469 1686 524 per
1738 451 2024 508 ducentos
2053 454 2105 520 Α
2138 467 2312 524 pares
2341 451 2578 508 habeas.
2613 452 2726 508 Sed
2756 469 2873 509 ecce
2900 462 3146 512 auctores
3175 456 3258 525 hi,
3282 464 3572 529 quotquot
3625 467 3779 531 sunt,

377 552 511 619 post
539 545 745 617 lgnatii
772 550 1024 599 mortem
1043 559 1231 598 annos
1260 543 1624 609 meminisse,
1648 548 1706 598 et
1729 542 1865 598 inde
1887 559 1999 598 con
2016 572 2030 581 ς

379 635 585 701 cludit,
620 633 691 689 ab
724 633 947 705 Ignatio
986 648 1107 687 non
1136 632 1317 687 fuisse
1358 633 1747 704 conscriptas.

448 724 672 795 Incipio
692 740 728 778 a
746 722 994 777 testibus
1017 722 1092 776 ab
1105 721 1440 776 adversario
1464 728 1672 777 contra
1694 725 2033 777 nostrorum

379 814 565 869 aciem
600 813 750 867 miro
785 810 958 866 modo
993 811 1317 882 productis,
1351 811 1439 865 vel
1469 811 1666 882 potius
1699 810 2031 866 subductis.

381 903 519 959 lllos
544 902 758 967 enim,«
780 916 898 954 non
917 907 1032 954 tam
1057 899 1129 954 ad
1151 899 1628 955 constituendam
1649 899 2029 965 sententiam,

381 1008 561 1063 quam
584 991 658 1046 ad
681 989 1097 1062 depellendam
1121 987 1403 1044 invidiam
1428 1008 1452 1039 ν
1470 988 1787 1044 adduxisse
1811 1005 1872 1043 se
1895 989 2033 1043 fate~

377 1087 497 1136 tur'
534 1082 595 1134 in
629 1097 784 1148 eum,
818 1079 1063 1144 scilicet,
1099 1079 1300 1146 ﬁnem,
1334 1082 1398 1132 ut
1437 1078 1650 1149 probet
1679 1078 2033 1132 Salmasium

379 1177 437 1226 et
462 1169 835 1225 Blondellum
860 1185 982 1222 non
1005 1167 1187 1222 fuisse
1212 1166 1457 1237 primos,
1491 1167 1591 1237 qui
1614 1167 1720 1222 has
1750 1166 2034 1238 epistolas

379 1260 660 1316 conﬁctas
684 1263 981 1329 putarent.
1006 1255 1265 1326 Quisquis
1308 1258 1457 1310 enim
1482 1263 1677 1311 auctor
1727 1257 2032 1312 Stichome-

382 1353 528 1417 trina,
562 1364 739 1419 quam
783 1345 1044 1412 adducit,
1094 1344 1213 1413 fuit
1261 1345 1361 1399 diu
1417 1352 1546 1400 ante
1597 1346 1931 1401 Salmasium
1987 1350 2037 1399 et

379 1439 727 1493 Blondellum
786 1435 949 1491 vixit.
1013 1436 1270 1506 Opponit
1327 1436 1509 1507 igitur
1584 1435 2036 1492 Stichometriam

382 1526 777 1593 Hammondo,
809 1543 1051 1598 prorsus
1082 1525 1460 1581 inconcinne.
1497 1551 1522 1576 ‹‹
1551 1527 1738 1599 Hujus
1769 1543 1929 1596 vero,
1954 1530 2038 1582 in-

382 1614 937 1690 (Ιαὶι,Στιχομετρίας
970 1616 1289 1671 auctoritas
1311 1631 1417 1670 cur
1435 1632 1553 1670 non
1574 1617 1721 1672 tanti
1748 1617 1906 1688 apud
1928 1633 2038 1672 nos

380 1723 506 1761 esse
521 1703 970 1773 debeat,quanti
984 1719 1151 1758 suam
1166 1704 1273 1757 viri
1289 1702 1625 1758 doctissimi
1642 1721 1769 1760 esse
1790 1706 2041 1776 cupiunt

378 1810 501 1850 non
525 1792 714 1846 video.
742 1812 769 1840 »ι
794 1793 868 1845 At
889 1791 937 1845 si
957 1807 1074 1861 qua
1104 1791 1181 1845 sit
1205 1790 1369 1845 iilius
1399 1792 1800 1848 Stichometrize
1830 1799 2029 1848 aucto-
2066 1828 2111 1892 Β

378 1882 547 1948 ritas,
579 1896 648 1935 ea
677 1896 799 1934 non
824 1879 1214 1947 Hammondo,
1239 1879 1343 1934 sed
1375 1880 1647 1935 Patribus
1675 1881 2030 1952 opponenda

377 1970 509 2037 fuit,
541 1969 612 2024 ab
648 1968 1016 2024 Hammondo
1047 1974 1255 2024 contra
1285 1968 1639 2024 Salmasium
1671 1976 1728 2024 et
1755 1970 2026 2025 Blondel-

378 2059 505 2114 lum
535 2057 862 2130 productis,
891 2057 1489 2130 PolycarpoJrenaeo,
1512 2059 1769 2125 Origeni.
1803 2059 1890 2113 vel
1913 2059 2031 2114 sal—

378 2154 501 2204 tem
532 2146 803 2216 Eusebio,
822 2146 1412 2216 Athanasio,Basilio,
1430 2148 1871 2218 Chrysostomo,
1895 2149 2031 2203 Hie-

376 2253 650 2308 ronymo,
682 2234 1071 2300 Theodoreto,
1104 2235 1358 2303 Gelasio,
1392 2236 1645 2306 aliisque
1676 2254 1688 2291 :
1717 2253 1837 2291 non
1869 2238 2030 2292 enim

376 2327 685 2399 quaeritur,
722 2341 798 2379 an
831 2324 1228 2381 Stichometriae
1260 2326 1599 2380 auctoritati
1660 2325 2033 2397 praeferenda

377 2417 454 2472 sit
474 2414 796 2471 auctoritas
818 2413 1433 2482 Hammondi,sedutri
1457 2415 1655 2485 potius
1669 2403 2033 2470 credendum

381 2508 477 2573 sit,
511 2504 800 2561 Salmasio
831 2503 961 2559 sola
987 2504 1376 2559 Stichometria
1428 2509 1677 2569 armato,
1729 2522 1803 2560 an
1852 2506 2031 2560 Ham-

379 2598 599 2654 mondo
624 2599 990 2664 SS.Patrum,
1024 2603 1083 2650 et
1101 2595 1367 2650 omnium
1393 2596 1746 2651 saeculorum
1764 2595 2033 2650 testimo-

378 2687 493 2742 niis
517 2687 749 2758 stipato.
778 2685 965 2741 Nimis
1001 2685 1180 2756 igitur
1201 2683 1449 2739 subdole
1488 2685 1599 2739 hoc
1628 2684 2033 2739 testimonium

382 2776 622 2832 adducit
650 2776 923 2841 Dallaaus,
956 2775 1029 2828 ad
1068 2773 1448 2844 depellendam
1474 2773 1745 2828 invidiam
1797 2780 2031 2839 tantum,

380 2883 496 2936 quo
529 2872 735 2938 postea
759 2865 833 2920 ad
857 2863 1331 2919 conﬁrmandam
1355 2864 1712 2918 sententiam
1736 2879 1905 2918 suam
1931 2879 2034 2916 sae-

381 2956 627 3028 pissime
657 2956 884 3009 utitur:
919 2958 977 3007 et
1008 2968 1184 3022 quam
1221 2952 1525 3006 inﬁrmum
1561 2952 1802 3007 sitcum
1848 2952 2034 3023 probe

385 3045 657 3099 conscius
697 3047 873 3107 esset,
910 3040 987 3094 ita
1018 3039 1261 3093 omnino
1294 3040 1620 3110 proposuit.
1667 3046 1733 3094 ut
1780 3041 2031 3107 nescias,

384 3139 586 3188 utrum
617 3148 722 3202 pro
755 3134 1103 3202 argumento
1135 3129 1339 3183 haberi
1391 3128 1660 3196 voluerit,
1713 3146 1922 3185 necne.
1975 3131 2032 3186 Si

388 3197 635 3275 titulum
660 3197 868 3289 capitis
901 3216 1114 3288 quarti,
1134 3217 1346 3287 quinti,
1372 3223 1431 3272 et
1452 3217 1818 3288 reliquorum
1849 3219 2038 3290 inspi-
2068 3197 2118 3264 Ο

384 3309 633 3375 ciamus,
667 3311 1079 3378 argumentum
1113 3311 1201 3360 est
1230 3306 1489 3377 primum
1516 3322 1529 3373 ;
1563 3307 1611 3360 si
1642 3312 1820 3378 caput
1860 3308 2039 3377 quin-

388 3403 512 3453 tum
530 3394 1127 3467 spectemus,nullum
1152 3400 1271 3461 est;
1295 3378 1555 3449 ibi/enim
1578 3395 1837 3466 primum
1851 3396 2033 3464 aliud,

385 3503 419 3542 a
449 3485 686 3541 silentio
718 3484 1075 3555 scriptorum
1108 3482 1649 3539 ecclesiasticorum
1682 3490 1818 3538 ante
1846 3486 2032 3539 Euse-

386 3575 552 3630 bium
583 3573 840 3629 ducitur.
876 3573 1120 3642 Semper
1151 3577 1349 3626 tamen
1382 3577 1587 3643 postea
1617 3580 2032 3645 argumentum

381 3663 494 3718 hoc
525 3663 644 3717 sive
678 3663 959 3733 primum,
993 3661 1111 3714 sive
1160 3660 1420 3728 nullum,
1477 3661 1720 3715 maximi
1765 3662 1925 3729 facit,
1978 3668 2036 3717 et

381 3751 604 3823 ubique
636 3751 758 3805 fere
784 3749 1063 3804 inculcat.
1098 3755 1180 3802 Ac
1212 3765 1414 3803 revera
1444 3748 1491 3803 si
1540 3749 1651 3804 hoc
1708 3767 2030 3823 argumen-

380 3846 508 3895 tum
541 3840 658 3893 sive
688 3838 968 3908 primum,
1005 3837 1124 3892 sive
1156 3835 1409 3903 nullum,
1444 3837 1527 3891 illi
1557 3838 1860 3910 eripiatur,
1894 3840 2031 3894 reli-

382 3944 499 3999 qua
529 3928 729 3998 plane,
761 3943 892 3997 quin
925 3942 1033 3981 nos
1064 3931 1355 3996 spectant,
1388 3926 1553 3982 nulla
1586 3933 1780 3982 erunt.

452 4014 777 4070 Audiamus
796 4014 974 4087 igitur
993 4014 1313 4069 adversarii
1329 4021 1510 4071 testes
1533 4032 1653 4070 non
1674 4017 1803 4071 sine
1818 4034 2033 4089 pompa

372 4102 751 4177 productos.«
770 4104 915 4158 Ecce
939 4109 1213 4158 auctores
1236 4104 1546 4165 habemus,
1579 4108 1782 4176 inquit,
1808 4111 1866 4161 et
1882 4108 2031 4162 mul-

374 4194 451 4249 tis
470 4198 606 4248 ante
636 4208 744 4246 nos
768 4193 999 4248 saeculis
1022 4193 1357 4264 denatos,et
1373 4194 1444 4251 ab
1467 4194 1630 4251 omni
1647 4201 1854 4252 contra
1874 4198 2027 4253 hier-

378 4281 643 4337 archiam
689 4282 1027 4352 suspicione
1084 4290 1364 4349 semotos,
1416 4284 1516 4354 qui
1571 4286 1774 4340 omnia
1820 4287 2027 4359 lgnatii

383 4369 600 4440 scripta
626 4369 880 4425 rotunde
907 4387 975 4425 ac
996 4372 1123 4427 sine
1145 4372 1265 4427 ulla
1289 4373 1653 4428 haesitatione
1677 4373 1751 4429 ad
1781 4391 2029 4447 apocry-

379 4459 499 4529 pha
516 4457 858 4529 relegarunt
881 4459 943 4514 in
974 4461 1360 4515 Stichometria
1389 4462 1632 4533 Georgio
1665 4463 1937 4533 Syncello
1965 4465 2027 4519 in

2141 543 2325 598 omnia
2347 544 2549 613 lgnatii
2576 547 2781 614 scripta
2812 545 2887 599 ad
2915 547 3235 618 apocrypha
3272 548 3612 618 relegarunt.
3671 553 3778 607 Pro

2138 632 2318 687 unico
2352 633 2658 704 scriptore,
2695 635 2895 689 nescio
2927 651 3066 704 quo,
3098 641 3371 691 auctores
3409 639 3610 693 nescio
3649 646 3783 710 quot

2141 722 2412 794 Syncello
2446 722 2752 793 prmﬁxos;
2786 728 2845 777 et
2884 724 2979 777 ubi
3031 724 3257 779 nudum
3305 727 3515 798 lgnatii
3568 744 3777 784 nomen

2141 812 2425 881 scriptum
2458 816 2566 878 est,
2599 814 2784 866 omnia
2808 812 2934 883 ejus
2962 817 3172 883 scripta
3203 814 3315 886 legi
3348 814 3469 870 vult
3518 817 3603 870 vir
3649 817 3781 873 doc—

2141 898 2463 954 ctissimus.

2213 989 2284 1043 Ut
2311 992 2509 1042 autem
2559 988 2845 1059 majorem
2904 990 3304 1048 Stichometriw
3359 1008 3483 1046 sua;
3534 992 3774 1065 jamjam

2141 1076 2535 1149 producendaa
2576 1079 2987 1133 auctoritatem
3010 1079 3549 1152 conciliet,gravem
3572 1099 3772 1152 quere-

2142 1167 2259 1222 lam
2280 1166 2444 1237 prius
2466 1166 2742 1233 instituit,
2776 1168 2932 1238 quod
2968 1175 3085 1224 tam
3104 1171 3376 1226 immerito
3406 1172 3517 1226 viri
3548 1172 3692 1227 docti
3718 1175 3778 1228 de

2141 1258 2529 1326 Salmasiiﬁde
2557 1257 2956 1327 dubitaverint,
3015 1275 3192 1331 quem
3239 1260 3419 1316 editio
3477 1262 3777 1334 Nicephori

2142 1346 2412 1402 Parisina
2441 1347 2516 1401 ab
2539 1348 2701 1401 omni
2728 1348 3066 1418 suspicione
3098 1349 3644 1415 liberavit.Quinam
3669 1369 3778 1407 au-

2147 1440 2263 1489 tem
2291 1440 2431 1489 sunt
2452 1451 2519 1489 ex
2544 1436 2764 1490 nostris
2786 1436 3055 1507 partibus
3085 1438 3191 1491 viri
3224 1438 3404 1501 docti,
3436 1440 3536 1509 qui
3560 1440 3629 1494 de
3660 1441 3778 1495 Sal-

2144 1524 2317 1579 masii
2351 1524 2465 1579 fide
2499 1529 2618 1579 tam
2652 1524 2948 1580 immerito
2981 1525 3380 1582 dubitarunt?
3407 1529 3574 1583 Certe
3620 1531 3781 1585 Usse-

2145 1613 2270 1667 rius
2292 1612 2751 1681 Stichometriam,
2777 1630 2954 1683 quam
2978 1616 3208 1687 Georgii
3232 1616 3494 1687 Syncelli
3522 1624 3580 1671 et
3605 1619 3780 1673 Theo-

2145 1701 2358 1772 phanis
2390 1701 2554 1772 operi
2588 1702 2887 1772 prastixam
2920 1702 2981 1756 in
3012 1703 3431 1773 antiquissimo
3463 1706 3775 1777 exemplari

2146 1808 2208 1847 se
2240 1791 2538 1846 invenisse
2569 1797 2769 1846 narrat
2799 1792 2871 1846 cl.
2935 1793 3281 1860 Salmasius,
3336 1811 3459 1849 non
3503 1794 3777 1850 diversam

2143 1897 2272 1937 esse
2293 1881 2366 1935 ab
2389 1897 2659 1952 ea,quam
2688 1882 2844 1935 inter
2864 1883 3019 1936 Petri
3038 1883 3244 1937 Pithaai
3276 1884 3562 1955 opuscula
3593 1887 3775 1940 Graece

2143 1976 2199 2026 et
2231 1971 2432 2026 Latine
2469 1970 2755 2025 habemus
2777 1972 3018 2034 editam,
3039 1972 3384 2029 existimare
3405 1990 3468 2029 se
3495 1974 3778 2045 professus

2143 2066 2251 2115 est.
2285 2060 2449 2125 Quod
2481 2076 2601 2113 non
2633 2066 2723 2115 est
2755 2061 3016 2116 hominis
3047 2061 3318 2117 Salmasii
3356 2063 3537 2118 fidem
3562 2063 3780 2118 elevan-

2144 2151 2239 2215 tis,
2275 2150 2379 2205 sed
2408 2150 2604 2221 potius
2627 2150 3057 2217 conﬁrmantis,
3092 2157 3150 2207 et
3172 2168 3280 2208 sua
3301 2153 3651 2224 conjectura
3674 2154 3780 2209 suf-

2141 2239 2486 2306 fulcientis;
2521 2255 2698 2309 quam
2729 2255 2848 2294 non
2884 2241 3079 2296 minus
3112 2257 3290 2311 quam
3323 2241 3594 2298 Salmasii
3618 2243 3781 2298 ﬁdem

2144 2329 2335 2383 Editio
2362 2330 2637 2384 Parisina
2690 2336 2898 2400 postea
2946 2330 3333 2385 confirmavit.
3392 2331 3783 2387 Hammondus

2144 2420 2321 2474 etiam
2355 2418 2427 2473 de
2460 2420 2809 2475 auctoritate
2833 2421 3243 2477 Stichometria':
3264 2422 3496 2477 nullam
3528 2423 3637 2478 sibi
3659 2438 3779 2477 cum

2147 2507 2436 2563 Salmasio
2468 2508 2633 2562 litem
2663 2508 2789 2563 fore
2820 2508 3120 2579 professus
3144 2516 3252 2575 est,
3285 2510 3572 2582 illamque
3602 2527 3633 2566 a
3661 2512 3783 2565 Wa-

2144 2603 2280 2659 lone
2298 2603 2657 2674 laudamque
2670 2602 2742 2657 ab
2766 2603 3027 2658 lndiculo
3046 2621 3079 2660 a
3102 2604 3324 2660 Pithaao
3348 2606 3507 2661 edito
3531 2623 3645 2661 non
3669 2622 3781 2676 pro-

2147 2693 2241 2748 cul
2274 2693 2481 2748 abesse
2513 2698 2671 2748 recte
2704 2692 2923 2766 colligi,
2953 2694 3040 2748 vel
3072 2711 3143 2748 ex
3176 2695 3346 2749 titulo
3376 2696 3603 2768 Georgii
3627 2710 3774 2749 asse-

2148 2784 2421 2839 ruit.Non
2444 2783 2635 2854 agitur
2659 2782 2730 2838 de
2755 2783 2870 2837 fide
2893 2783 3158 2837 Salmasii
3188 2784 3594 2839 Hammondus
3611 2782 3778 2853 magis

2147 2888 2325 2942 quam
2359 2872 2630 2926 Usserius
2675 2870 3009 2926 dubitavit:
3058 2867 3358 2925 ἀδέσποτον
3414 2869 3779 2945 στιχομετρίαν

2148 2976 2279 3015 eam
2310 2965 2478 3014 vocat
2508 2960 2910 3027 meritissime,
2945 2960 3085 3031 quia
3114 2960 3303 3031 ipsam
3345 2961 3429 3017 ita
3479 2961 3780 3017 Salmasius

2148 3049 2532 3122 produxerat,
2548 3064 2741 3119 neque
2765 3050 2815 3102 ei
2836 3048 3024 3103 ullum
3053 3055 3355 3105 auctorem
3380 3051 3780 3115 assignaverat.

2152 3140 2510 3194 Produxerat
2539 3155 2669 3193 eam
2697 3155 2765 3193 ex
2798 3155 2904 3192 ms.
2938 3138 3162 3204 codice,
3195 3145 3483 3211 tanquam
3518 3139 3626 3195 sibi
3682 3134 3782 3191 soli

2148 3230 2294 3292 viso,
2324 3227 2488 3283 nulla
2516 3227 2775 3283 auctoris
2806 3228 3213 3284 Stichometriaz
3266 3231 3570 3283 mentione
3602 3228 3779 3290 facta;

2143 3319 2214 3374 de
2246 3317 2509 3373 tenebris
2540 3318 2719 3390 igitur
2749 3317 3134 3387 conqueritur
3180 3318 3584 3373 Hammondus
3628 3311 3768 3370 haud

2142 3407 2442 3463 immerito
2470 3422 2483 3472 ;
2507 3407 2601 3460 vix
2625 3406 2785 3462 enim
2819 3406 3102 3461 credibile
3134 3406 3266 3473 fuit,
3297 3407 3553 3462 voluisse
3582 3419 3777 3476 quem-

2141 3514 2319 3569 quam
2351 3497 2799 3553 Stichometriam
2828 3497 2888 3549 in
2921 3513 3066 3551 mss.
3113 3495 3468 3559 latitantem,
3502 3503 3560 3551 et
3587 3491 3779 3550 incerti

2140 3585 2319 3655 tituli,
2358 3591 2573 3641 testem
2617 3585 2817 3645 citare,
2852 3601 2989 3639 cum
3022 3585 3227 3640 eadem
3260 3586 3320 3640 in
3353 3586 3608 3642 maxima
3637 3583 3775 3649 luce,

2141 3681 2199 3730 et
2230 3675 2337 3730 sub
2369 3673 2807 3745 speciosissimo
2842 3672 3032 3742 titulo,
3064 3678 3197 3728 ‘non
3228 3678 3461 3729 tantum
3515 3670 3773 3733 auctoris,

2139 3765 2242 3819 sed
2274 3765 2451 3819 etiam
2476 3762 2818 3832 interpretis
2838 3762 3463 3833 poneretur.Ediderat
3482 3763 3635 3819 enim
3653 3774 3771 3815 eam

2138 3855 2335 3908 Graace
2367 3851 2440 3907 ad
2471 3851 2704 3907 Eusebii
2735 3851 2826 3906 sui
2884 3852 3109 3907 calcem
3164 3853 3453 3923 Iosephus
3506 3851 3763 3922 Scaliger,

2136 3943 2542 4013 Chronologiaa
2574 3941 2885 4012 Nicephori
2915 3940 3265 4013 patriarchas
3295 3941 3768 4007 Constantinopo-

2136 4030 2303 4085 litani
2337 4031 2607 4085 sufﬁxam
2636 4048 2649 4084 :
2682 4029 2950 4085 ediderat
2981 4030 3249 4085 eamdem
3283 4030 3392 4085 sub
3419 4031 3601 4102 ipsius
3620 4026 3768 4082 Nice-

2136 4121 2306 4192 phori
2338 4121 2581 4175 nomine
2617 4137 2689 4175 ex
2720 4120 2902 4174 veteri
2934 4121 3134 4175 codice
3157 4122 3441 4192 Carpensi
3465 4122 3666 4175 Petrus
3682 4113 3765 4168 Pi-

2136 4212 2347 4277 thaaus,
2381 4227 2517 4265 cum
2547 4211 2841 4265 Anastasii
2879 4210 3205 4281 Nicephoro
3256 4211 3526 4282 snpparis
3581 4205 3767 4262 Latina

2135 4300 2646 4371 interpretatione,
2679 4316 2858 4370 quam
2890 4316 2998 4353 nos
3029 4305 3234 4370 postea
3263 4300 3421 4354 inter
3441 4298 3767 4354 Criticossa-

2134 4406 2266 4445 cros
2295 4388 2585 4444 edendam
2607 4389 2961 4443 curavimus.
2981 4390 3284 4443 Monuerat
3303 4389 3558 4444 Joannes
3575 4381 3764 4439 Selde—

2134 4496 2272 4544 nus,
2304 4478 2457 4531 libro
2492 4480 2565 4531 De
2603 4480 2937 4533 successione
2994 4478 3054 4531 in
3099 4480 3490 4548 pontiﬁcatum
3520 4474 3761 4528 Hebraeo-

376 4548 525 4602 libro
545 4547 964 4637 antiquissimo
981 4549 1246 4620 praeﬁxa-
1262 4551 1489 4614 .Quaaso
1505 4551 2029 4615 te,virdoctissime
2062 4554 2107 4616 D
2134 4585 2276 4633 rum,
2303 4566 2617 4637 Nicephori
2635 4547 3180 4637 Chronogmphiém
3204 4582 3318 4621 ms.
3353 4571 3581 4621 exstare
3604 4563 3661 4615 in
3682 4558 3761 4613 Bi-

378 4642 523 4707 quot
551 4641 824 4692 auctores
848 4636 1030 4692 habes
1071 4637 1131 4691 in
1165 4638 1269 4693 illa
1315 4639 1704 4695 Stichometria
1751 4642 2026 4712 Syncello

378 4728 623 4799 praefixa
645 4726 673 4781 ?
702 4728 984 4782 ostendas
1014 4744 1352 4791 numerum,
1385 4729 1517 4784 edic
1545 4731 1806 4787 nomina.
1837 4735 1924 4786 An
1949 4733 2032 4788 ita

380 4842 683 4893 numeras,
711 4826 1215 4897 quemadmodum
1246 4826 1348 4882 ille
1380 4828 1536 4898 apud
1574 4829 1848 4885 Plautum
1868 4830 1897 4886 ?

558 4944 701 5007 Quot
730 4946 938 4998 erunt?
967 4945 1103 5013 Ego,
1135 4949 1186 4999 et
1213 4943 1601 5010 Menaechmus,
1641 4952 1692 5000 et
1722 4946 2025 5004 Parasitus.

557 5015 682 5068 Jam
722 5016 813 5069 isti
842 5022 969 5070 sunt
997 5016 1174 5070 decem
1199 5031 1213 5070 :
1248 5031 1374 5069 nam
1405 5017 1692 5071 Parasitus

560 5086 692 5141 Octo
723 5085 1009 5141 hominum
1037 5085 1219 5155 ofﬁcio
1245 5088 1525 5156 fungitur.

450 5184 867 5250 Stichometria,
900 5201 1078 5257 quam
1108 5185 1194 5240 vis
1225 5184 1495 5256 Syncello
1545 5187 1868 5259 prmﬁxam,
1926 5195 2028 5246 aut

378 5274 611 5330 nullum
646 5280 874 5331 certum
909 5280 1211 5330 auctorem
1234 5273 1433 5342 habet,
1456 5279 1560 5330 aut
1576 5276 1821 5332 unicum
1843 5283 2023 5335 certe.

377 5364 468 5417 An
500 5364 894 5435 Nicephorum
927 5369 1116 5432 tuum,
1148 5363 1196 5417 si
1227 5363 1402 5419 modo
1444 5364 1493 5419 is
1526 5365 1622 5435 sit,
1646 5382 1782 5422 cum
1804 5368 2026 5438 Ignatio

374 5457 477 5507 tuo
511 5451 822 5523 epistolico
852 5452 1247 5524 bicorporem,
1282 5456 1384 5507 aut
1414 5452 1804 5525 tricorporem
1836 5457 1981 5514 facis
2001 5462 2029 5513 ?

375 5542 546 5597 Certe
578 5540 640 5595 in
671 5542 858 5596 multo
892 5540 1093 5613 plures
1123 5541 1302 5597 dividi
1335 5547 1567 5613 oportet
1595 5543 1777 5600 istum
1815 5545 2027 5603 incerti

375 5630 520 5687 laris
558 5629 1040 5696 homuncionem,
1073 5634 1139 5684 ut
1169 5634 1348 5687 testes
1377 5630 1600 5686 nostris
1628 5633 1717 5688 vel
1776 5650 2026 5692 numero

2137 4657 2436 4712 bliotheca
2467 4656 2825 4710 Londinensi
2858 4656 3092 4727 collegii
3125 4656 3450 4721 Sionensis,
3483 4653 3573 4709 cui
3624 4651 3762 4704 hanc

2139 4746 2315 4801 etiam
2348 4745 2795 4800 Stichometriam
2827 4744 3101 4799 sufﬁxam
3134 4761 3265 4800 esse
3297 4750 3600 4801 testamur.
3648 4739 3760 4792 Non

2137 4834 2328 4905 potuit
2356 4834 2553 4904 itaque
2586 4850 2703 4887 non
2735 4833 2941 4889 mirari
2973 4832 3399 4897 Hammondus,
3434 4833 3481 4887 si
3504 4832 3623 4886 haec
3652 4832 3759 4880 tam

2137 4922 2373 4996 publice
2406 4929 2548 4978 nota
2577 4940 2649 4977 ex
2678 4925 2858 4977 nescio
2887 4939 3000 4993 qua
3028 4925 3252 4991 ofﬁcina
3280 4921 3629 4994 produceret
3656 4911 3759 4968 Sal-

2136 5012 2379 5069 masius.

2204 5105 2448 5161 Interim
2488 5103 2560 5159 de
2601 5103 3000 5160 Stichometriz
3048 5104 3400 5160 auctoritate
3448 5102 3609 5157 litem
3649 5106 3759 5149 non

2135 5193 2318 5250 movit
2347 5192 2629 5248 Salmasio
2660 5194 2748 5247 vir
2789 5192 2999 5248 doctus
3031 5211 3045 5248 :
3098 5193 3495 5264 suspicionem
3545 5189 3757 5243 tantum

2134 5282 2475 5355 parenthesi
2509 5282 2758 5337 inseruit
2783 5298 2796 5348 ;
2830 5298 2961 5353 quas
2984 5281 3227 5353 quidem
3248 5287 3384 5353 post
3405 5272 3755 5353 splendidam

2134 5370 2297 5427 illam
2329 5370 2652 5426 editionem
2684 5370 3015 5425 Parisinam
3044 5369 3232 5425 haeret
3282 5369 3491 5425 altius:
3538 5368 3595 5419 et
3637 5372 3758 5414 con—

2137 5460 2351 5515 sultius
2382 5458 2628 5515 omnino
2660 5457 2897 5514 fecisset
2925 5457 3202 5527 Dallaaus,
3235 5458 3284 5513 si
3315 5474 3445 5513 eam
3470 5458 3757 5521 nunquam

2136 5549 2527 5615 nominasset,
2555 5552 2658 5603 aut
2685 5547 2897 5603 saltem
2931 5548 2993 5603 in
3024 5564 3094 5603 ea
3120 5546 3486 5618 triumphare
3516 5540 3654 5598 adeo
3682 5531 3753 5586 vi-

2137 5654 2237 5693 sus
2267 5652 2388 5692 non
2408 5636 2734 5691 fuisset.lta
2757 5636 2916 5691 enim
2941 5635 3242 5707 loquitur:
3297 5636 3420 5691 Viri
3462 5629 3604 5689 docti
3645 5628 3761 5677 Στι-
