3974 6134
156 365 258 424 105
908 360 965 424 J.
1015 360 1438 423 PEARSONH
1483 358 1858 421 νΙΝυιουΕ

1971 361 2368 425 NATIAN/E.
2413 396 2496 410 -—
2541 362 2741 425 PARS
2783 363 2834 424 Ι.
3488 365 3602 424 106

151 498 453 572 κομετρὶαν
479 494 812 551 ἀδέσποτον
833 495 1300 553 «vocant.Editio
1319 495 1647 567 Nicephoro
1666 494 1852 549 vindi-

1971 495 2102 550 dem
2125 496 2450 568 subjungit,
2489 498 2592 552 sed
2643 498 2955 569 Nicephori
2989 514 3116 554 esse
3149 515 3268 554 non
3301 500 3560 557 affirmat
3595 519 3609 566 ;

156 589 660 660 cat.amplissimo
685 587 1382 659 viro;primaainoriente
1399 585 1556 640 sedis
1572 584 1848 646 antistiti,
1961 600 2212 654 eamque
2247 586 2362 641 duo
2415 603 2557 641 mss.
2588 588 2980 641 vetustissimi
3041 589 3222 643 Graeci
3255 591 3610 646 Oxoniensis

159 681 425 753 scriptori
451 678 838 750 gravissimo
857 683 1037 747 atque
1060 674 1572 745 eloquentissimo,
1607 679 1665 727 et
1695 673 1846 726 libe-
1967 679 2149 744 atque
2183 676 2575 730 Londinensis
2606 693 2726 730 non
2777 683 3124 747 agnoscunt.
3183 680 3491 734 Indicutum
3521 698 3614 734 re-

162 771 470 826 ralissimis
498 769 707 824 Pbotii
739 767 1027 822 laudibus
1044 763 1468 834 ornato.Hujus
1483 763 1642 818 enim
1664 762 1849 832 ipsius
1961 780 2090 832 gum
2115 769 2165 817 et
2182 766 2526 819 sacerdotum
2548 767 2893 821 Anastasius
2915 783 3047 820 cum
3073 769 3460 837 sequentibus
3481 775 3614 840 post

163 861 477 930 Nicephori
502 864 601 912 est
627 857 738 910 illa
792 854 1192 926 Στίχομετρία,
1226 871 1344 908 non
1368 853 1614 907 alterius
1636 851 1846 918 cujus-
1960 853 2262 907 Historiam
2281 871 2448 908 suam
2471 855 2597 908 sine
2620 855 2860 908 nomine
2876 855 3186 925 Nicephori
3209 858 3609 928 posuit.quem

169 967 340 1022 quam
375 947 756 1003 recentioris
788 963 800 999 :
835 945 1012 1015 idque
1038 943 1220 998 solide
1248 948 1304 997 et
1327 943 1453 996 fuse
1479 941 1850 995 demonstrat
1960 956 2070 993 ms.
2105 942 2457 996 Oxoniensis
2480 959 2600 996 non
2643 943 2853 1008 habet;
2879 944 3324 1000 Stichometrzam
3350 947 3608 1018 denique

174 1039 620 1095 eruditissimus
644 1037 807 1090 Goar
835 1024 1050 1104 {quem
1070 1032 1263 1096 adeat,
1289 1031 1336 1085 si
1377 1029 1508 1099 quis
1531 1030 1725 1082 adhuc
1747 1028 1850 1082 du-
1960 1029 2208 1083 Indicqu
2237 1033 2715 1098 patriarcharum,
2747 1032 2913 1086 nulla
2964 1033 3273 1104 Nicephori
3307 1038 3608 1090 mentione

171 1130 320 1183 bitet.
337 1127 648 1196 vNonjam
669 1124 746 1178 de
764 1120 1168 1189 Salmasii,sed
1191 1119 1391 1174 Dallzei
1413 1119 1524 1172 ﬁde
1541 1118 1846 1188 quaeritur.
1960 1119 2133 1185 facta,
2149 1119 2454 1190 subjungit
2478 1138 2490 1184 ;
2517 1136 2767 1190 eamque
2797 1123 3242 1178 Stichometriam
3263 1141 3373 1179 ms.
3395 1127 3558 1180 Oxon
3570 1127 3611 1180 i-

177 1216 312 1282 Quid
331 1217 498 1271 enim
513 1215 542 1268 ‘?
566 1231 647 1268 an
673 1212 1123 1266 eruditissimus
1143 1209 1298 1263 Goar
1320 1209 1430 1261 hoc
1450 1208 1620 1261 solide
1637 1207 1851 1259 demon-

181 1312 300 1361 strat
318 1311 344 1359 ε’
365 1305 738 1373 neutiquam
767 1317 779 1354 :
809 1317 886 1354 an
907 1303 1064 1368 fuse?
1080 1313 1458 1368 nequaquam
1478 1312 1490 1349 :
1508 1313 1582 1350 an
1607 1295 1848 1349 omnino

184 1397 512 1450 demonstrat
538 1397 566 1446 ἱ)
595 1390 768 1446 nullo
797 1389 974 1443 modo
1001 1405 1012 1441 :
1039 1404 1112 1442 an
1145 1387 1206 1440 id
1233 1385 1390 1440 nude
1414 1384 1850 1444 dicit.autafﬁr-

183 1492 298 1539 mat
312 1485 338 1537 ‘?
362 1483 622 1536 minime
647 1479 944 1551 gentium.
982 1477 1100 1531 lmo
1125 1492 1259 1529 vero
1301 1475 1361 1528 id
1384 1474 1550 1536 dicit,
1581 1472 1739 1543 quod
1762 1477 1850 1526 est

186 1574 378 1628 Dallaei
398 1569 729 1627 assertioni
752 1568 929 1638 plane
953 1565 1312 1620 contrarium
1342 1581 1354 1631 ;
1379 1563 1452 1618 ad
1473 1563 1665 1634 prima
1687 1561 1847 1616 enim

186 1663 353 1717 verba
377 1655 798 1732 Στιχομετρίας
834 1657 960 1710 hinc
983 1655 1200 1709 diserte
1224 1653 1470 1708 adnotat
1496 1669 1508 1705 :
1532 1674 1559 1701 ‹‹
1593 1650 1848 1705 Canoni-

185 1771 282 1808 cus
307 1766 625 1807 sacrorum
660 1748 953 1802 librorum
997 1743 1334 1809 laterculus,
1369 1742 1444 1798 ad
1465 1743 1844 1812 Chronogra-

185 1847 379 1917 phiam
403 1841 565 1897 nihil
599 1844 899 1910 spectans,
927 1833 1438 1906 librariiito’zpepyov
1469 1832 1793 1904 judicatur.
1819 1851 1845 1878 η
1882 1857 1927 1919 Β

186 1937 348 1989 Teste
392 1931 581 2003 igitur
614 1925 1022 1981 eruditissimo
1057 1925 1227 1990 Goar,
1261 1922 1708 1976 Stichometriaa
1729 1919 1851 1973 Sal-

189 2023 372 2078 masio
406 2018 728 2091 producta,
763 2013 1132 2069 Hammondo
1163 2012 1420 2081 objecta,
1456 2025 1490 2064 a
1513 2009 1731 2063 Dallaao
1755 2007 1857 2062 de-

191 2113 513 2176 fensa,non
537 2113 628 2160 est
655 2103 968 2174 Nicephori
1001 2100 1355 2172 patriarchae
1381 2097 1663 2169 opus,sed
1688 2097 1859 2150 libra-

190 2202 257 2254 rii
297 2198 609 2270 πάρεργον.
645 2193 850 2248 Fidem
897 2191 1074 2262 igitur
1106 2189 1167 2243 in
1223 2188 1441 2242 Dallazo
1475 2186 1856 2256 requirimus,

190 2288 463 2344 Salmasii
490 2301 613 2340 non
638 2287 870 2337 tantum
900 2279 1076 2334 fidem
1105 2277 1208 2332 sed
1241 2283 1299 2331 et
1325 2275 1682 2331 modestiam
1719 2274 1855 2328 lau-

187 2377 414 2440 damus,
446 2374 551 2444 qui
574 2370 1021 2428 Stichometriam
1053 2362 1347 2418 ἀδέσποτον
1387 2362 1652 2426 tradidit,
1685 2362 1822 2416 Nice

192 2467 357 2537 phori
392 2478 622 2518 nomen
658 2476 778 2514 non
812 2456 1107 2528 apposuit,
1143 2453 1216 2509 ad
1241 2452 1522 2525 Scaligeri
1567 2458 1624 2505 et
1645 2449 1857 2504 Pithaai

192 2555 486 2608 editiones
528 2567 640 2604 nos
668 2564 788 2602 non
823 2544 1131 2615 ablegavit,
1165 2542 1326 2613 quod
1375 2557 1506 2596 eam
1529 2540 1857 2610 Nicephoro

205 2644 446 2696 minime
482 2636 867 2693 tribuendam
899 2639 1151 2704 putaret.

260 2731 373 2785 Sed
399 2734 538 2800 post
562 2723 959 2781 eruditissimi
986 2724 1134 2775 Goar
1175 2719 1382 2774 infelix
1407 2717 1814 2772 testimonium
1841 2732 1854 2770 :

200 2823 285 2874 En
308 2817 663 2887 tibi.inquit,
695 2837 722 2861 α
742 2813 1033 2884 majorem
1055 2809 1214 2864 omni
1241 2808 1588 2878 exceptione
1621 2810 1855 2867 testem,

201 2908 574 2963 Auastasium
600 2898 1457 2965 Bibliothecarium,hominem
1471 2895 1612 2950 noni
1629 2893 1853 2957 saeculi,

198 2995 506 3066 Nicephori
524 2990 936 3063 supparesz
953 2987 1112 3041 enim
1137 2987 1196 3039 in
1219 2985 1564 3056 praafatione
1585 2981 1854 3037 Historiae

203 3084 618 3140 ecclesiasticae
646 3099 658 3134 :
693 3103 721 3128 ‹‹
749 3078 897 3133 Huic
921 3074 1468 3145 sane,inquit,operi
1494 3078 1687 3127 ratum
1711 3070 1850 3124 duxi

1961 1209 2121 1262 ensis
2137 1225 2253 1262 non
2278 1210 2640 1280 agnoscit.ln
2674 1215 2795 1265 tota
2814 1212 2992 1281 igitur
3017 1213 3126 1267 hac
3149 1213 3442 1285 farragine
3458 1216 3607 1270 nihil

1958 1313 2223 1366 unquam
2255 1315 2290 1352 a
2319 1299 2595 1369 quapiam
2617 1299 2946 1370 Nicephoro
2971 1302 3255 1356 tributum
3279 1309 3610 1374 est,prazter

1959 1387 2412 1458 Chronologiam
2434 1387 2507 1442 ab
2521 1387 2744 1442 Adamo
2763 1388 2836 1442 ad
2859 1389 3244 1460 Theophilum
3267 1408 3280 1444 :
3304 1391 3375 1446 de
3397 1409 3515 1462 qua
3530 1398 3612 1448 ta-

1960 1490 2097 1528 men
2110 1474 2304 1529 adhuc
2327 1475 2482 1530 haud
2507 1476 2805 1558 immerito
2822 1477 3078 1532 dubitari
3102 1481 3611 1552 potest,quidquid

1962 1565 2132 1631 Goar,
2157 1581 2332 1633 quem
2358 1563 2765 1620 doctissimum
2797 1566 3058 1636 appellat
3084 1568 3608 1635 Dallazus,dixerit.

2032 1653 2117 1706 Ad
2149 1669 2277 1706 rem
2311 1652 2502 1723 ipsam
2523 1654 2680 1722 quod
2707 1655 2942 1718 attinet,
2968 1657 3290 1711 asserimus
3309 1675 3504 1728 neque
3523 1661 3614 1714 Ni-

1959 1741 2282 1812 cephorum
2317 1741 2738 1811 patriarcham,
2772 1759 2964 1814 neque
2990 1745 3367 1800 Anastasium
3391 1746 3609 1801 Biblio-

1960 1831 2310 1896 thecarium,
2328 1847 2402 1884 ne
2435 1831 2838 1888 Stichometriie
2858 1833 3099 1903 quidem
3122 1837 3611 1905 auctorem,quis—

1968 1919 2100 1988 quis
2131 1923 2513 1989 est,unquam
2545 1919 2860 1975 tradidisse
2892 1921 3172 1992 epistolas
3199 1923 3430 1994 lgnatii,
3463 1941 3610 1994 quas

1965 2024 2075 2061 nos
2123 2007 2522 2070 defendimus,
2583 2009 2765 2064 fuisse
2824 2011 3246 2081 supposititias.
3293 2012 3608 2083 Nicephori

1969 2097 2211 2152 effatum
2235 2103 2325 2152 est
2357 2098 2416 2152 in
2451 2098 2702 2168 epistola
2731 2099 2804 2153 ad
2832 2100 3086 2154 Leonem
3131 2117 3344 2171 papam
3394 2104 3604 2156 Roma-

1966 2200 2110 2238 num
2135 2185 2208 2238 de
2239 2186 2492 2257 receptis
2519 2185 2612 2240 SS.
2648 2187 2888 2240 Patrum
2921 2187 3230 2256 operibus:
3261 2188 3480 2242 Πάντων
3499 2193 3607 2242 τῶν

1965 2269 2224 2344 ἐκκρίτων
2258 2273 2349 2327 καὶ
2385 2271 2667 2347 μακαρίων
2699 2271 2951 2346 Πατὲρων
3004 2275 3071 2328 τά
3127 2294 3185 2328 τε
3242 2272 3492 2348 δόγματα
3521 2275 3611 2330 καὶ

1966 2362 2103 2429 πονή
2116 2380 2258 2432 ματα
2281 2361 2615 2432 ἀσπάζομαι,
2633 2362 2708 2422 ὡς
2740 2358 3095 2416 διδασκαλίαν
3117 2362 3488 2432 ἀνεπίληπτον
3521 2366 3611 2419 καὶ

1969 2449 2248 2522 σωτηρίας
2279 2447 2559 2521 θεμέλιονο
2582 2449 2670 2503 καὶ
2699 2449 2790 2509 οὕς
2811 2452 2846 2517 ἡ
2873 2449 3138 2519 καθολική
3164 2450 3462 2521 Ἐκκλησία
3486 2474 3615 2528 προ·

1973 2538 2145 2591 σίεται
2177 2535 2549 2612 ἀποδέχομαι,
2569 2542 2659 2592 καὶ
2691 2537 2782 2600 οὕς
2800 2539 3158 2612 ἀποτρέπεται
3180 2541 3608 2618 ἀποστρέφομαι.

1967 2629 2278 2683 «Omnium
2299 2629 2619 2682 electorum
2637 2628 3065 2699 beatorumque
3081 2632 3319 2684 Patrum
3338 2631 3614 2702 dogmata

1967 2723 2026 2771 et
2055 2717 2432 2786 opuscula,ut
2448 2732 2577 2785 quas
2605 2716 2677 2769 ab
2691 2717 2851 2770 omni
2870 2719 3332 2787 reprehensione
3350 2720 3606 2775 alienam

1967 2805 2296 2859 doctrinam
2359 2805 2687 2875 salutisque
2745 2805 3201 2861 fundamentum
3244 2809 3609 2878 contineant,

1965 2893 2324 2962 amplector;
2377 2899 2435 2948 et
2463 2910 2850 2963 quoscunque
2882 2894 3145 2950 Ecclesia
3196 2897 3486 2953 catholica
3514 2915 3606 2953 re-

1963 2982 2386 3052 cipit,recipio,
2408 2999 2794 3053 quoscunque
2828 2983 2930 3037 illa
2961 2990 3286 3050 aversatur,
3318 2987 3543 3056 rejicio.
3581 3010 3609 3038 ››

1962 3073 2035 3125 At
2061 3072 2346 3143 lgnatium
2380 3073 2535 3126 inter
2563 3070 2845 3144 ἐκκρίτους
2899 3071 2988 3126 καὶ
3027 3074 3329 3146 μακαρίους
3371 3073 3608 3149 Πατέρας

206 3176 261 3230 Β.
287 3173 604 3245 Nicephori
629 3165 1274 3236 Constantinopolitani
1299 3163 1561 3234 episcOpi
1585 3162 1848 3217 Chrono-
1885 3177 1928 3242 ρ
1967 3166 2368 3227 numeratum,
2403 3167 2461 3216 et
2491 3162 2774 3233 epistolas
2827 3162 2974 3232 ejus,
3009 3168 3294 3234 tanquam
3327 3166 3614 3236 Opuscula

205 3265 509 3338 graphiam
535 3274 944 3332 praeponere.»
978 3277 998 3303 ι
1026 3255 1319 3318 Qnaaritur
1338 3253 1410 3307 de
1434 3251 1851 3317 Stichometria,

206 3353 524 3425 respondet
553 3349 806 3404 Dallzeus
833 3354 905 3400 de
929 3342 1431 3412 Chronographia,
1456 3340 1529 3395 ad
1553 3356 1730 3410 quam
1755 3340 1856 3394 illa

207 3445 365 3498 nullo
389 3438 572 3496 modo
598 3434 1033 3508 spectat.Hujus
1045 3438 1224 3485 autem
1241 3428 1713 3498 Chronographia?
1726 3445 1855 3497 pars

205 3534 390 3586 ultima
413 3537 517 3591 est,
554 3525 771 3594 inquit,
807 3522 909 3576 illa
931 3538 963 3575 α
993 3521 1150 3574 nobis
1175 3518 1401 3572 (nudata
1415 3516 1852 3583 Stichometria,

205 3635 430 3689 cainque
454 3617 635 3672 editio
666 3613 953 3668 Anastasii
981 3610 1196 3663 exhibet
1227 3610 1286 3661 in
1317 3608 1464 3661 calce
1501 3605 1858 3660 Historiam

207 3707 527 3780 quomodo,
546 3718 768 3774 quaeso,
803 3700 1190 3755 Stichometria
1214 3713 1347 3768 pars
1381 3701 1466 3750 est
1495 3695 1857 3766 Chronogra—

207 3803 379 3871 pliize,
415 3814 552 3868 quae
585 3795 659 3848 ab
710 3809 780 3846 ea
811 3796 934 3845 toto
966 3789 1110 3844 caelo
1144 3787 1364 3842 distat?
1398 3789 1610 3840 Assuta
1650 3791 1738 3839 est
1767 3785 1854 3838 illi

207 3889 446 3961 quidem
497 3886 560 3939 in
594 3881 900 3938 codicibus
937 3878 1173 3944 Gl‘fDClS,
1216 3876 1317 3930 sed
1352 3891 1470 3929 non
1510 3874 1699 3946 magis
1729 3875 1854 3944 ipsa

205 3997 335 4049 pars
369 3981 463 4032 est
485 3968 1199 4042 Chronographiaa,quam
1217 3963 1703 4035 Chronographia
1723 3979 1857 4033 pars

210 4079 294 4122 est
321 4066 753 4124 Stichometﬁae.
776 4059 945 4131 Apud
977 4057 1355 4113 Anastasium
1387 4061 1585 4110 autem
1617 4071 1689 4109 ne
1725 4055 1858 4124 qui-

213 4161 338 4215 dem
373 4152 880 4227 Chronographia:
909 4155 996 4204 est
1017 4145 1431 4219 adjuncta,sed
1462 4145 1523 4199 in
1547 4144 1707 4199 calce
1736 4143 1861 4197 His-

213 4251 373 4302 toriaa
435 4243 868 4304 Anastasianas,
902 4237 1374 4309 patriarcharum
1429 4233 1688 4288 indiculo
1723 4231 1862 4286 sub-

208 4332 793 4406 juncta.Anastasius
817 4328 888 4382 de
912 4325 1222 4396 Nicephori
1246 4322 1639 4393 Chronologia
1671 4321 1858 4390 loqui-

217 4435 322 4490 tur,
358 4440 536 4495 quam
573 4420 738 4492 operi
775 4434 878 4472 suo
906 4413 1285 4487 preposuisse
1307 4412 1415 4482 (vel
1451 4410 1861 4482 prmposuisse)

221 4532 278 4568 se
307 4511 631 4576 dixit.Quid
667 4509 778 4562 hoc
809 4506 882 4560 ad
902 4505 1557 4570 Stichometr-iamquam
1576 4499 1738 4570 operi
1756 4515 1861 4553 suo

227 4619 334 4656 non
365 4597 693 4672 praeposuit
743 4594 1114 4657 Anastasius,
1179 4607 1357 4660 quam
1407 4589 1466 4642 in
1499 4587 1658 4643 calce
1685 4588 1863 4642 editio

234 4689 502 4744 exhibet?
560 4687 702 4741 Ideo
761 4679 1305 4751 Chronographiam
1362 4677 1756 4748 prazposuisse
1803 4693 1864 4730 se

239 4779 369 4832 dixit
388 4776 758 4836 Anastasius,
781 4777 846 4826 ut
867 4773 1124 4826 Joannes
1147 4767 1560 4836 diaconus,qui
1596 4766 1876 4820 ecclesias-

244 4871 390 4921 ticam
420 4867 726 4921 Historiam
750 4861 1077 4930 scripturus
1095 4863 1315 4921 erat,e.2:
1344 4873 1408 4910 ea
1417 4861 1598 4926 posset
1614 4856 1874 4924 aliquan-

248 4956 349 5009 tulo
376 4971 642 5026 carpere;
675 4951 819 5022 quid
867 4954 1068 5004 autem
1115 4946 1347 5001 confert
1383 4943 1772 5000 Stichometria
1803 4944 1875 4999 ad

247 5048 652 5102 ecclesiasticam
684 5042 1032 5096 Historiam?
1053 5037 1368 5108 Scripsisse
1391 5035 1568 5107 igitur
1595 5035 1878 5105 Nicepho-

249 5153 364 5190 rum
394 5133 844 5191 Stichometriam
874 5127 1217 5183 Anastasius
1249 5125 1416 5180 testis
1447 5141 1564 5178 non
1591 5129 1698 5178 est.

311 5226 403 5279 Hei
425 5226 603 5295 hujus
643 5221 865 5275 veritas
896 5217 1039 5272 satis
1071 5213 1392 5269 innotescit
1441 5229 1513 5266 ex
1543 5213 1672 5282 ipsa
1700 5212 1880 5268 farra-

244 5316 384 5385 gine,
417 5331 547 5386 qua
579 5310 832 5382 Georgio
864 5305 1137 5379 Syncello
1200 5303 1518 5374 subjuncta
1548 5307 1658 5368 est,
1718 5309 1776 5357 et
1807 5321 1877 5358 ex

251 5405 494 5475 quinque
535 5399 811 5475 partibus
847 5394 1145 5451 distinctis
1201 5395 1452 5457 constat,
1509 5390 1882 5460 Chronologia

250 5493 405 5560 brevi,
437 5491 803 5559 Genealogia,
837 5485 1087 5541 Indicuto
1115 5499 1305 5552 regum
1330 5487 1381 5535 et
1400 5480 1762 5544 sacerdotum,
1797 5483 1885 5535 In-

251 5581 418 5635 diculo
443 5579 930 5652 patriarcharum,
992 5578 1051 5627 et
1077 5568 1491 5627 Stichometria.
1540 5569 1884 5622 Anastasius

249 5674 462 5722 tantum
484 5661 1002 5731 Chronographiam
1023 5658 1256 5712 brevem
1283 5655 1354 5710 ab
1379 5654 1604 5710 Adamo
1623 5654 1695 5708 ad
1709 5655 1890 5710 Theo-

254 5758 469 5826 philum
519 5754 851 5826 Nicephoro
904 5749 1139 5803 tribuit:
1171 5743 1558 5814 Genealogiam
1590 5744 1728 5798 huic
1755 5745 1884 5814 qui-

847 5870 1114 5930 Panos.
1158 5865 1268 5928 Gn.
1313 5863 1390 5928 ν.

1967 3249 2552 3320 irreprehensibilem
2587 3249 2917 3305 doctrinam
2940 3253 3407 3312 continentia.ab
3421 3255 3614 3310 Eccle-

1965 3340 2053 3394 sia
2083 3339 2374 3394 catholica
2406 3355 2512 3410 per
2542 3338 2770 3409 aliquot
2802 3346 2939 3394 ante
2972 3341 3368 3412 Nicephorum
3399 3343 3616 3398 saecula

1965 3432 2232 3498 receptas
2255 3428 2459 3494 fuisse,
2515 3426 2640 3496 jam
2672 3433 2808 3482 ante
2867 3430 3259 3485 ostendimus.
3297 3432 3351 3486 S.
3404 3433 3614 3504 Ignatii

1965 3517 2144 3588 igitur
2173 3515 2763 3587 epistolasrecepitet
2778 3519 3086 3588 amplexus
3117 3525 3208 3574 est
3228 3521 3612 3590 Nicephorus.

1965 3605 2677 3676 Praeterea,Nicephorum
2700 3607 2919 3661 scimus
2951 3607 3310 3678 Dionysiana
3332 3625 3436 3679 pro
3459 3612 3613 3665 veris

1965 3696 2334 3766 Areopagitas
2383 3695 2660 3765 operibus
2720 3696 3018 3762 habuisse,
3082 3715 3152 3751 ex
3207 3698 3607 3769 disputatione

1965 3801 2100 3838 cum
2151 3785 2344 3838 Leone
2375 3787 2679 3850 Armeno;
2735 3784 2892 3838 idem
2952 3786 3210 3840 sensisse
3259 3791 3484 3841 certum
3517 3770 3613 3842 est.

1967 3873 2344 3927 Anastasium
2395 3889 2465 3927 ex
2525 3873 2711 3943 ipsius
2743 3873 3084 3943 praefatione
3117 3873 3190 3929 ad
3225 3875 3603 3940 Dionysiana.

1968 3964 2040 4016 At
2099 3961 2410 4030 Dionysius
2469 3961 2522 4015 S.
2583 3961 2787 4031 lgnatii
2846 3961 3155 4031 epistolam
3218 3969 3336 4017 tam
3391 3964 3608 4019 diserte

1969 4049 2263 4114 laudat,ut
2285 4050 2384 4119 qui
2416 4065 2615 4104 verum
2645 4050 2990 4119 Dionysium
3021 4051 3200 4106 fuisse
3225 4053 3612 4119 sensit,aliter
3645 4089 3656 4100 ι

1969 4138 2039 4192 de
2075 4138 2297 4209 Ignatio
2324 4138 2543 4191 sentire
2573 4154 2693 4192 non
2713 4139 3004 4207 potuerit;
3031 4155 3223 4208 neque
3249 4155 3611 4210 quemquam

1971 4227 2242 4282 novimus
2275 4227 2374 4294 qui
2403 4226 2815 4296 Areopagitam
2844 4226 3450 4297 defendit,quinidem
3476 4229 3619 4284 licet

1971 4315 2043 4369 ad
2068 4313 2371 4384 angustias
2390 4312 2868 4379 redactus,etiam
2894 4314 2948 4366 S.
2981 4315 3268 4384 lgnatium
3287 4316 3616 4371 admiserit.

2043 4408 2359 4458 Auctorem
2395 4403 2571 4456 etiam
2607 4403 3025 4469 Stichometriae,
3062 4406 3333 4476 quisquis
3375 4412 3484 4473 est,
3517 4424 3620 4462 ne-

1972 4509 2181 4565 gamus
2215 4493 2270 4546 S.
2309 4491 2516 4558 lgnatii
2547 4492 2826 4561 epistolas
2857 4509 3004 4562 quas
3053 4493 3432 4550 defendimus
3481 4513 3624 4568 sup-

1973 4581 2269 4652 posititias
2300 4581 2746 4650 pronuntiasse.
2805 4582 2945 4652 Ejus
2997 4583 3240 4652 quidem
3290 4585 3468 4640 verba
3498 4586 3624 4640 haec

1978 4672 2331 4741 suntﬁ'prout
2359 4670 2420 4724 in
2448 4670 2707 4725 editione
2741 4671 3044 4727 Parisiana
3074 4673 3432 4728 exhibentur
3463 4692 3476 4728 :

2091 4777 2185 4829 1(αέ
2221 4776 2319 4830 ὅσα
2356 4779 2458 4840 τῆς
2491 4777 2630 4837 Νέας
2659 4776 2791 4830 εἰσὶν
2822 4777 3127 4840 ἀπόκρυφοι·

2092 4844 2354 4940 μερίοξος
2389 4835 2594 4940 ξξέτρου
2619 4835 2834 4940 στίχῖων
3049 4839 3058 4855 ⁸

2098 4917 2354 4997 ΙΙερίοξος
2389 4917 2644 4974 Ἰωάννου
2669 4917 2890 4997 στίχων

2094 4987 2354 5065 11ιξρίοδος
2383 4996 2582 5065 Θωμᾶη
2607 4987 2815 5065 στίχὼἷι
2847 4987 2957 5064 ἀγς.

2095 5061 2240 5134 Εὐαγ
2281 5061 2427 5116 ἐλιον
2457 5061 2598 5116 κατά
2636 5061 2858 5133 Θώμᾶνέ
2888 5061 3092 5137 σξίχων
3124 5083 3224 5130 ,ατ.

2099 5083 2309 5187 ΔιδαΞῆ
2343 5131 2694 5187 ἀποστόλων.
2728 5134 2932 5187 στίχων
2958 5136 3024 5187 σ’.

2235 5135 2247 5142 ς

2099 5131 2309 5200 Διδαχή
2343 5131 2694 5201 ἀποστόλων,
2728 5131 2932 5188 στίχων
2958 5131 3024 5189 δ’.

2098 5199 2527 5290 Etiamsi?
2555 5199 2760 5290 στίχων

2100 5274 2386 5348 Ἰγνατίου,
2427 5274 2822 5347 ιιολυκάρπουξ
2848 5274 3117 5350 Ποιμένος
3156 5278 3248 5331 καὶ
3274 5277 3470 5351 Ἑρμᾶ.

1991 5382 2129 5446 Quaa
2161 5380 2233 5435 ad
2269 5379 2491 5434 calcem
2522 5381 2821 5434 Anastasii
2855 5383 3104 5438 Historiae
3163 5385 3246 5439 ita
3278 5381 3478 5438 Latine
3509 5377 3644 5434 red-

1994 5470 2216 5524 duntur
2249 5486 2260 5522 :

2340 5577 2411 5630 Et
2462 5591 2582 5644 qua:
2629 5577 2769 5630 Novi
2796 5582 2925 5630 sunt
2956 5579 3299 5648 apocrypha.

2072 5679 2459 5734 Itinerarium
2489 5681 2667 5748 Petri,
2701 5696 2902 5735 versus
2933 5685 2987 5751 2,
3021 5684 3143 5736 800.

2071 5751 2454 5806 Itinerarium
2484 5753 2747 5821 Joannis,
2781 5770 2985 5809 versus
3015 5758 3067 5821 2,
3101 5757 3226 5807 500.

3298 5870 3337 5924 4
