3974 6134
354 307 471 370 107

429 442 809 498 ltinerarium
840 442 1099 508 Thomm,
1128 460 1331 499 versus
1368 447 1417 509 1,
1450 445 1573 497 600.

424 509 809 585 Evangelium
843 514 1170 569 secundum
1203 515 1508 577 Thomam,
1541 529 1744 568 versus
1778 517 1830 580 1,
1876 515 1999 568 300.

432 586 712 641 Doctrina
742 586 1166 655 apostolorum,
1199 602 1404 640 versus
1436 588 1562 641 200.

425 656 747 711 Clementis
770 656 858 725 Γ),
884 673 1088 711 versus
1117 658 1170 722 2,
1205 658 1328 711 600.

424 728 633 801 Ignatii
663 733 721 783 et
751 727 1082 798 Polycarpi.

425 822 505 873 Ex
533 817 625 872 his
657 833 805 888 nego
830 815 950 871 ullo
974 816 1149 871 modo
1181 816 1418 888 probari
1445 833 1619 888 posse
1641 815 1925 887 epistolas
1947 815 2004 872 S.

349 907 561 979 Ignatii
604 905 855 960 Eusebio
905 904 1060 960 visas
1106 905 1180 960 ab
1220 911 1459 961 auctore
1482 905 1880 961 Stichometriae
1897 921 2003 977 pro

349 995 742 1067 supposititiis
768 994 1001 1050 habitas
1025 995 1468 1050 fuisse.Nudum
1491 997 1651 1051 enim
1675 996 1770 1051 hic
1795 996 2003 1068 lgnatii

350 1101 573 1139 nomen
592 1085 1057 1155 ponitur,neque
1085 1084 1173 1138 vel
1195 1085 1267 1139 de
1289 1084 1672 1155 epistolis,vel
1694 1084 1767 1138 de
1785 1100 2003 1155 suppo-

354 1173 572 1229 sitione
605 1173 931 1244 quidquam
955 1174 1387 1229 afﬁrmatur.Ut
1415 1179 1615 1229 autem
1637 1174 1697 1228 id
1727 1173 1885 1244 quod
1905 1190 2001 1228 vo-

349 1261 483 1316 lunt
511 1262 768 1332 probent
796 1262 1389 1330 adversarii,necesse
1411 1267 1577 1318 estut
1606 1263 1667 1316 in
1697 1263 1856 1317 hunc
1873 1278 2004 1317 mo-

350 1350 494 1405 dum
522 1351 830 1421 disputent
860 1367 873 1404 :
907 1350 1202 1421 Quidquid
1222 1350 1294 1406 ab
1317 1357 1554 1406 auctore
1599 1350 2005 1408 Stichometria?

349 1439 424 1494 ad
452 1440 793 1511 apocrypha
813 1439 1086 1506 refertur,
1112 1438 1173 1493 id
1203 1440 1388 1511 ipsius
1419 1441 1717 1495 sententia
1740 1446 1829 1495 est
1858 1456 2000 1511 sup-

349 1528 703 1598 posititium.
740 1528 1018 1599 Epistolas
1052 1530 1262 1600 Ignatii
1320 1529 1393 1584 ab
1422 1534 1676 1591 auctore,
1705 1529 2000 1585 Stichome-

353 1618 479 1672 triae
536 1616 610 1671 ad
672 1617 1012 1687 apocrypha
1074 1616 1437 1672 referuntur.
1497 1618 1773 1688 Epistolis
1823 1618 2002 1691 igitur

352 1705 562 1773 Ignatii
595 1710 734 1759 sunt
755 1721 824 1759 ex
840 1705 1132 1760 sententia
1159 1706 1415 1761 auctoris
1434 1696 1838 1763 Stichometrize
1859 1723 1997 1778 sup-

351 1794 653 1864 posititiae.
680 1795 865 1865 Hujus
896 1793 1224 1866 syllogismi
1257 1796 1625 1851 Hammondo
1642 1802 1845 1850 nostro
1867 1812 1992 1851 ma.

343 1883 541 1953 jorem
563 1883 1031 1953 propositionem
1054 1898 1290 1955 negare,
1316 1885 1549 1939 Usserio
1578 1885 1650 1940 de
1675 1886 1890 1940 minori
1915 1885 2002 1939 vi-

352 1988 486 2026 sum
510 1979 600 2027 est
620 1972 1003 2045 distinguere.
1033 1974 1148 2045 Ego
1170 1979 1442 2029 neutram
1466 1974 1585 2029 ulla
1602 1976 1829 2030 ratione
1859 1992 1998 2046 pro-

354 2060 481 2115 bari
505 2077 678 2132 posse
701 2062 1403 2133 contendo,etutramque
1420 2064 1643 2134 pariter
1664 2064 1996 2136 negandam

350 2165 586 2217 censeo,
607 2156 670 2206 ut
701 2168 775 2205 ne
805 2152 897 2206 vel
923 2150 1135 2207 umbra
1164 2153 1495 2223 argumenti
1527 2152 1919 2222 relinquatur.

416 2240 613 2295 Primo
637 2241 797 2294 enim
818 2240 1149 2295 rectissime
1197 2241 1602 2296 Hammondus
1633 2248 1837 2297 noster
1864 2242 1990 2297 haec

347 2325 636 2384 Salmasio
659 2330 926 2401 reposuit
955 2346 1018 2383 :«
1044 2331 1170 2384 Non
1187 2330 1269 2384 ita
1296 2330 1458 2385 vocis
1479 2329 1985 2407 istius,&n6zpuca,

342 2415 698 2487 signiﬁcatio
721 2418 1069 2489 accipienda
1115 2424 1224 2483 est,
1255 2424 1323 2473 ut
1346 2419 1544 2474 statim
1585 2420 1850 2490 spurium
1885 2427 1987 2476 aut

338 2499 609 2574 κίϐδηλον
625 2512 727 2562 aut
745 2503 1503 2582 ψευδεπίγραφονβθειῐιίοτὶε
1516 2509 1618 2563 aavi
1634 2509 1981 2580 ﬁgmentum

339 2596 439 2660 sit,
467 2594 757 2666 quidquid
780 2596 969 2651 ubivis
991 2597 1148 2651 inter
1164 2598 1501 2668 apocrypha
1529 2598 1854 2668 repositum
1878 2599 1977 2653 in-

334 2685 622 2740 veniatur.
654 2706 682 2733 »
723 2685 881 2740 Nihil
902 2685 1012 2740 hoc
1041 2686 1216 2740 eﬂato
1234 2686 1427 2740 verius
1449 2691 1556 2741 est.
1591 2688 1829 2742 Fatetur
1842 2688 1975 2742 Dal-

329 2781 502 2841 laaus,
530 2789 651 2829 non
672 2790 803 2830 esse
846 2790 975 2829 eam
994 2774 1173 2845 hujus
1190 2774 1452 2830 nominis
1475 2791 1546 2830 ex
1562 2777 1742 2848 etymi
1770 2777 1860 2831 sui
1888 2794 1977 2832 ra-

332 2862 495 2916 tione
518 2863 634 2916 vim
660 2880 672 2927 ;
696 2863 822 2917 vult
840 2868 1039 2918 tamen
1064 2886 1091 2913 ‹‹
1125 2880 1197 2917 ex
1217 2880 1329 2918 usu
1353 2863 1844 2933 ecclesiastico,ut
1873 2866 1973 2936 qui

333 2950 487 3005 liber
506 2952 878 3021 apocryphus
895 2950 1114 3005 dicitur
1133 2951 1184 3004 is
1204 2951 1327 3005 fere
1348 2951 1549 3021 aliquo
1574 2952 1820 3008 istorum
1846 2954 1944 3008 viti
1958 2983 1973 2994 -

330 3056 499 3094 orum
525 3039 942 3105 laboret.Fere,
970 3061 996 3087 ι)
1028 3039 1244 3109 inquit,
1277 3039 1391 3094 hoc
1413 3045 1501 3094 est
1521 3040 1857 3111 aliquando,
1886 3043 1973 3099 vel

328 3127 702 3198 plerumque,
736 3127 892 3196 quod
923 3136 1034 3182 nec
1066 3128 1433 3183 Hammondo
1463 3131 1833 3200 contradicit,
1860 3147 1971 3187 nec

330 3215 657 3287 quidquam
669 3215 980 3286 probat.Al'
982 3217 1015 3270 li
1027 3222 1178 3272 rmat
1196 3218 1532 3289 apocrypha
1544 3221 1762 3291 opponi
1775 3239 1796 3266 α
1816 3221 1972 3292 apud

326 3310 554 3360 veteres
572 3305 890 3375 scriptores
914 3304 1080 3359 libris
1102 3312 1161 3360 et
1190 3306 1404 3361 divinis
1428 3313 1486 3361 et
1528 3309 1967 3378 ecclesiasticis,

324 3394 437 3448 hoc
460 3393 850 3459 est,omnibus
866 3392 1034 3447 libris
1055 3393 1212 3464 apud
1233 3394 1556 3449 Ecclesiam
1575 3396 1731 3451 notis
1754 3402 1811 3451 et
1823 3415 1966 3468 pro-

321 3481 696 3554 batis,»apud
717 3482 1285 3552 aliquos,scilicet,et
1305 3484 1625 3553 aliquando
1652 3486 1966 3555 (neminem

320 3571 476 3626 enim
493 3572 764 3627 nominat
773 3571 1426 3642 prmterTertullianum
1438 3578 1612 3643 atque
1625 3575 1963 3651 Gelasium),

320 3661 480 3731 quod
509 3662 759 3716 omnino
784 3660 935 3715 nihil
958 3659 1186 3731 probat.
1220 3661 1514 3726 Quaeritur
1543 3680 1617 3719 an
1641 3682 1876 3738 semper
1894 3686 1962 3724 ex

1430 310 1503 372 S.
1543 307 1939 370 IGNATIUS.
1988 339 2045 352 -
2103 308 2716 373 PROLEGOMENA.

2038 446 2089 511 Α
2126 442 2351 498 tionem
2372 444 2650 500 Ecclesiae
2666 446 3064 517 pertinentem
3079 449 3390 521 epistolam
3411 460 3749 530 composuit,

3643 327 3750 388 108

2119 549 2249 603 quas
2280 533 2437 587 inter
2457 535 2825 606 apocryphas
2847 537 3183 608 Scripturas
3205 538 3752 611 legitur.»Barnabaa

2116 621 2275 676 enim
2299 623 2610 693 epistolam
2632 624 2815 680 fuisse
2832 626 3042 693 tradit;
3068 645 3190 683 non
3236 630 3350 700 ipsi
3370 636 3745 707 suppositam,

2114 712 2490 783 autspuriam
2510 712 2614 778 ;ad
2636 714 3088 771 aedificationem
3112 719 3389 775 Ecclesiae
3403 724 3747 791 pertinuisse

2114 800 2329 855 asserit
2352 817 2368 868 ;
2389 817 2513 856 non
2540 803 2736 872 itaque
2760 803 3100 861 hasreticam
3139 809 3366 878 putavit
3391 826 3405 875 ;
3428 810 3637 867 lectam
3666 821 3747 871 ta-

2114 905 2253 944 men
2274 889 2433 945 inter
2450 892 2817 964 apocryphas
2849 895 3174 966 scripturas
3203 896 3394 967 docet,
3426 916 3536 955 nec
3558 901 3628 956 ab
3653 904 3752 958 Ec-

2113 977 2297 1033 clesia
2319 979 2690 1051 repudiatam
2742 982 2956 1037 innuit.
2988 984 3149 1039 Idem
3200 985 3259 1039 in
3313 988 3564 1058 epistola
3610 993 3747 1047 HO:

2117 1067 2396 1138 «Exigitis
2413 1067 2571 1123 enim
2595 1074 2661 1123 ut
2680 1070 2898 1126 librum
2920 1073 3191 1129 Chaldaeo
3214 1091 3488 1132 sermone
3509 1081 3752 1134 conseri.

2112 1162 2278 1226 ptum
2303 1156 2376 1211 ad
2397 1158 2666 1213 Latinum
2689 1160 2907 1230 stylum
2929 1163 3406 1230 traham,librum
3440 1170 3642 1240 utique
3662 1174 3756 1227 To-

2113 1243 2426 1315 biae,quem
2454 1246 2677 1302 Hebraai
2697 1248 2769 1303 de
2794 1250 3057 1322 catalogo
3081 1251 3413 1310 divinarum
3433 1258 3753 1330 Scriptura-

2111 1349 2245 1388 rum
2266 1340 2534 1390 secantes
2566 1336 2658 1390 his
2681 1354 2812 1407 qua;
2830 1338 3229 1412 hagiographa
3248 1344 3385 1413 (lege
3406 1348 3755 1419 apocrypha)

2110 1428 2468 1489 memorant,
2501 1425 2937 1497 manciparunt.
2995 1451 3024 1478 »
3056 1431 3553 1490 Emendationem
3610 1436 3753 1492 hanc
3790 1488 3791 1491 η

2109 1529 2244 1567 cum
2267 1513 2457 1570 multa
2486 1515 2623 1586 alia,
2658 1521 2783 1572 tum
2816 1519 2993 1574 verba
3016 1523 3333 1591 sequentia
3377 1526 3523 1580 satis
3545 1527 3754 1581 conﬁr-

2109 1607 2278 1658 mant
2299 1620 2313 1659 :
2337 1624 2366 1654 «
2389 1610 2659 1676 Arguunt
2679 1607 2838 1661 enim
2889 1624 2999 1663 nos
3048 1610 3430 1668 Hebraeorum
3455 1615 3668 1682 studia,
3701 1622 3755 1670 et

2110 1691 2407 1762 imputant
2428 1692 2599 1748 nobis
2627 1700 2833 1750 contra
2855 1712 3027 1752 suum
3051 1714 3341 1756 canonem
3367 1703 3593 1758 Latinis
3605 1704 3754 1759 auri-

2107 1780 2216 1836 bus
2236 1782 2349 1837 ista
2373 1784 2796 1841 transferre.Et
2820 1803 3010 1843 rursus
3039 1791 3272 1859 epistola
3296 1794 3391 1847 111
3426 1810 3439 1848 :
3466 1794 3636 1867 Apud
3658 1795 3760 1848 He-

2113 1868 2302 1925 braeos
2339 1871 2490 1927 liber
2533 1874 2733 1929 Judith
2782 1875 2939 1931 inter
2974 1877 3375 1952 hagiographa
3403 1882 3548 1954 (lege
3569 1886 3760 1937 iterum

2109 1961 2469 2031 apocrypha)
2498 1961 2728 2035 legitur,
2764 1966 2935 2035 cujus
2957 1971 3280 2024 auctoritas
3302 1972 3379 2025 ad
3433 1970 3763 2027 roboranda

2107 2046 2368 2118 illa,quae
2393 2050 2452 2103 in
2477 2053 2919 2109 contentionem
2936 2057 3181 2112 veniunt
3201 2060 3406 2115 minus
3426 2062 3647 2121 idonea
3668 2067 3762 2137 ju-

2104 2136 2354 2223 dicatur.
2378 2139 2653 2195 Chaldaeo
2680 2146 2875 2198 tamen
2906 2162 3182 2202 sermone
3204 2153 3592 2223 conscriptus
3616 2136 3765 2211 inter

2100 2220 2379 2279 historias
2409 2233 2843 2297 computatur.»
2874 2230 3062 2295 Quare
3087 2249 3155 2288 ex
3178 2250 3318 2291 voce
3342 2220 3511 2294 nuda
3532 2258 3765 2315 apocry-

2020 2338 2027 2345 -
2089 2310 2387 2379 pha,nihil
2410 2314 2571 2370 aliud
2589 2323 2748 2371 recte
2768 2318 3146 2389 infertur,ubi
3162 2323 3234 2379 de
3255 2324 3433 2383 libris
3456 2310 3761 2389 canonicis

2095 2402 2306 2473 agitur,
2341 2421 2520 2476 quam
2578 2409 2866 2480 scriptum
2943 2412 3184 2484 aliquod
3235 2433 3372 2473 esse
3434 2436 3471 2476 a
3531 2439 3759 2479 canone

2093 2489 2146 2543 S.
2184 2492 2498 2565 Scriptura:
2531 2499 2975 2556 removendum.
3028 2503 3205 2559 Extra
3235 2506 3427 2577 igitur
3459 2527 3754 2569 canonem

2090 2580 2227 2633 Novi
2261 2584 2621 2640 Testamenti
2663 2589 2993 2644 certissime
3018 2593 3262 2663 ponitur
3295 2598 3576 2668 Ignatius
3599 2619 3624 2670 ~;
3658 2618 3757 2658 ne-

2090 2684 2202 2737 que
2231 2672 2557 2743 quidquam
2590 2676 2754 2732 aliud
2809 2695 2879 2733 ex
2908 2679 2959 2733 vi
2992 2681 3306 2739 verborum
3336 2688 3752 2747 Stichometrix

2084 2772 2191 2826 per
2222 2763 2620 2818 necessariam
2645 2770 3133 2838 consequentiam
3179 2772 3378 2846 colligi
3415 2784 3641 2848 potest.

2156 2846 2344 2909 Quare
2378 2852 2535 2920 quod
2567 2869 2637 2907 ex
2669 2854 2883 2910 Gelasii
2942 2857 3181 2914 decreto
3212 2846 3437 2936 arripit
3468 2868 3754 2936 Dallmus,

2083 2934 2261 3005 plane
2285 2942 2374 2992 est
2400 2937 2971 3012 alnpocStovucrolele
2998 2948 3157 3003 enim
3188 2934 3523 3025 utriusque
3542 2934 3753 3013 Testa;

2085 3026 2582 3118 menticanonem
2612 3032 2810 3101 tradit,
2861 3035 3041 3090 nullis
3097 3041 3352 3096 omnino
3387 3047 3758 3118 apocryphis

2085 3113 2302 3205 additis
2336 3117 2494 3185 ;imo
2531 3121 2751 3177 Veteris
2779 3123 3139 3181 Testamenti
3173 3113 3555 3205 apocryphis
3585 3113 3756 3191 Vnone

2085 3203 2269 3260 nullis
2292 3206 2354 3260 in
2383 3223 2674 3264 canonem
2733 3215 3007 3285 receptis,
3040 3215 3169 3271 aliis
3210 3235 3350 3275 cum
3390 3203 3761 3297 apocryphis

2082 3292 2219 3347 Novi
2252 3295 2313 3349 in
2335 3295 2609 3353 ultimum
2642 3306 2818 3371 caput
2848 3304 3107 3374 rejectis,
3143 3310 3200 3360 et
3245 3292 3757 3369 inter—haeretica

2079 3383 2298 3454 scripta
2328 3387 2553 3457 positis.
2586 3388 2750 3444 Unde
2780 3390 2897 3445 duo
2948 3392 3103 3449 facta
3153 3403 3321 3462 sunt,
3358 3402 3663 3472 primum,
3694 3409 3763 3459 ut

2077 3474 2417 3544 apocrypha
2444 3477 2710 3531 melioris
2767 3484 2922 3534 notas
2951 3481 3025 3536 ad
3072 3484 3252 3539 Vetus
3283 3490 3756 3548 Testamentum

2072 3562 2452 3630 pertinentia,
2489 3565 2614 3620 sine
2646 3566 2769 3622 ulla
2814 3568 3215 3641 distinctione,
3251 3592 3368 3646 pro
3434 3584 3757 3639 canonicis

2071 3648 2436 3707 haberentur
2465 3655 2615 3725 (quas
2645 3655 2808 3712 labes
2839 3657 3032 3714 adhuc
3062 3665 3279 3718 canoni
3334 3669 3626 3726 Romano
3650 3673 3756 3727 ad-

2071 3739 2366 3813 haerescit)
2397 3759 2410 3810 ;
2447 3745 2798 3811 secundum,
2823 3752 2888 3802 ut
2917 3748 3147 3821 reliqua
3173 3753 3419 3812 Veteris
3453 3767 3520 3814 et
3540 3762 3753 3818 omnia

2065 3829 2207 3919 IVovi
2228 3830 2586 3887 Testamenti
2609 3836 2948 3907 apocrypha
2969 3854 3103 3893 cum
3127 3841 3380 3914 scriptis
3416 3848 3753 3919 hmreticis,

2069 3917 2291 3974 ﬁctitiis
2331 3925 2507 3991 atque
2556 3921 2852 3979 damnatis
2909 3931 3116 3982 contra
3157 3928 3461 3990 Veterum
3498 3917 3755 3995 Patrum

2064 4010 2422 4064 sententiam
2443 4010 2969 4069 confunderentur.
2991 4016 3391 4088 Iniquissime
3414 4027 3612 4099 igitur
3643 4048 3755 4101 po-

2064 4098 2339 4166 stulatur,
2398 4105 2464 4154 ut
2519 4116 2589 4155 ex
2642 4102 2754 4156 hoc
2811 4102 3047 4160 decreto
3082 4106 3190 4162 sub
3222 4098 3492 4170 nomine
3528 4098 3757 4175 Gelasii

317 3765 430 3803 usu
461 3749 864 3804 ecclesiastico
898 3750 980 3803 ita
1002 3755 1291 3817 sumatur,
1324 3756 1389 3804 ut
1410 3759 1747 3823 opponatur
1765 3759 1958 3811 omni-

312 3836 422 3891 bus
444 3837 614 3891 libris
633 3838 707 3893 ah
730 3839 988 3893 Ecclesia
1010 3854 1249 3908 quoquo
1268 3839 1442 3894 modo
1475 3844 1728 3914 receptis
1748 3844 1775 3900 ?
1797 3846 1958 3910 Quae-

311 3926 463 3979 ritur
481 3941 555 3981 an
590 3927 822 3997 quoties
879 3926 1122 3996 aliquod
1164 3928 1448 3998 scriptum
1495 3929 1712 3986 dicitur
1732 3934 1955 3990 Veteris

308 4014 397 4069 vel
417 4016 555 4069 Novi
570 4014 929 4071 Testamenti
944 4016 1436 4088 apocryphum,id
1460 4019 1657 4075 statim
1678 4024 1953 4079 omnibus

309 4104 733 4160 ecclesiasticis
747 4110 1168 4175 opponatur,et
1186 4122 1221 4159 a
1250 4110 1372 4161 tota
1400 4106 1662 4163 Ecclesia
1690 4127 1795 4180 pro
1814 4129 1953 4182 spu-

307 4193 396 4247 rio
428 4197 486 4247 et
512 4192 792 4248 hmretico
824 4193 1132 4263 rejiciatur
1159 4194 1187 4249 ‘I
1207 4197 1427 4250 Auctor
1455 4197 1845 4255 Stichometriz
1869 4202 1953 4257 ita
2063 4185 2220 4240 edito
2243 4187 2687 4243 δίίσίιοηίεενίαπι
2710 4189 3173 4261 interpretemur
3196 4211 3208 4250 ε
3235 4214 3389 4255 Cum
3416 4202 3485 4258 in
3514 4206 3757 4262 Sticho-

305 4278 607 4349 loquitur:
636 4303 663 4330 ιι
687 4282 786 4335 Has
819 4291 957 4336 sunt
976 4282 1187 4337 divinas
1246 4283 1583 4355 Scripturae,
1617 4303 1748 4357 qua;
1798 4291 1947 4344 reci-

2114 4274 2438 4338 :etria,Nom‘
2471 4276 2801 4331 Testamenti
2830 4283 3146 4351 apocrypha
3173 4282 3503 4356 dicantur,
3551 4295 3612 4348 in
3647 4296 3750 4350 de‘

310 4368 557 4438 piuntur
585 4368 658 4423 ab
696 4368 954 4425 Ecclesia
998 4376 1057 4424 et
1084 4372 1526 4429 canonizantur.
1560 4376 1629 4428 Et
1650 4392 1780 4445 qua)
1811 4385 1952 4433 sunt

2114 4368 2218 4417 -eto
2252 4368 2480 4452 tantum
2503 4367 2845 4437 apocrypha,
2878 4368 3006 4423 sine
3038 4370 3164 4425 ulla
3195 4378 3617 4439 restrictione
3654 4403 3666 4452 ;
3696 4386 3758 4442 in

304 4457 663 4528 apocrypha,
701 4458 923 4512 Veteris
952 4460 1329 4513 Testamenti.
1361 4462 1432 4514 Et
1478 4478 1609 4530 quas
1640 4465 1778 4519 Novi
1810 4473 1950 4522 sunt
2057 4449 2159 4504 in“
2188 4456 2321 4521 POSt
2342 4451 2660 4521 scriptores
2691 4455 3032 4519 οεωοηίοοεο
3073 4457 3132 4511 in
3163 4458 3281 4515 hoc
3349 4474 3503 4534 POSt
3534 4449 3755 4526 omnes

302 4545 808 4616 apocrypha_,,mc
834 4545 1002 4600 nulla
1020 4547 1243 4602 mentio
1275 4548 1563 4604 librorum
1590 4552 1950 4609 ecclesiasti-
1985 4543 2026 4606 υ
2060 4538 2383 4594 catholicos
2408 4556 2421 4605 ;
2446 4540 2508 4595 in
2529 4540 2634 4595 illa
2663 4543 2987 4608 canonicis,
3021 4544 3083 4600 in
3101 4546 3213 4603 hoc
3244 4555 3565 4613 omnibus
3588 4562 3753 4617 scri-

301 4641 677 4706 corum,puta
693 4635 993 4707 Cypriani,
1028 4637 1246 4701 Basilii,
1279 4638 1695 4709 Chrysostomi,
1728 4659 1763 4697 a
1792 4661 1940 4714 quo-

2116 4626 2317 4682 oribus
2335 4627 2407 4682 ab
2440 4629 2702 4685 Ecclesia
2731 4632 2995 4702 probatis
3020 4646 3446 4707 opponantur.

294 4739 425 4777 rum
452 4724 751 4779 consortio
782 4724 1044 4797 Ignatius
1059 4733 1117 4779 et
1133 4726 1490 4797 Polycarpus
1506 4727 1878 4801 ablegarentu
1890 4751 1936 4802 r;

2117 4716 2283 4782 Quod
2331 4723 2529 4773 autem
2557 4735 2627 4773 ex
2657 4720 2817 4775 nudo
2848 4722 3020 4778 titulo
3069 4725 3296 4783 frustra
3329 4734 3621 4802 probare
3648 4757 3751 4797 co-

297 4813 396 4866 sed
430 4812 657 4867 Veteris
682 4818 911 4868 tantum
936 4818 994 4866 et
1050 4814 1190 4868 Novi
1246 4816 1605 4871 Testamenti
1636 4824 1755 4876 uta
1779 4821 1936 4877 Scri-
2048 4813 2220 4898 “alus
2243 4811 2334 4862 θεῖ
2365 4806 2704 4876 δθιωδ⁸ίυδν
2737 4809 2796 4865 id
2826 4827 2898 4865 εκ
2925 4818 3138 4869 natura
3163 4816 3487 4880 “brorum
3516 4830 3627 4898 qui
3665 4831 3749 4885 si—

286 4906 474 4969 pturaa
494 4917 721 4956 canone
741 4900 1154 4972 rejicerentur.
1189 4904 1258 4958 Ut
1279 4902 1331 4957 S.
1360 4904 1753 4978 Hieronymus
1779 4910 1929 4981 epis-
2044 4896 2167 4951 111111
2194 4913 2328 4951 cum
2388 4899 2612 4969 Ῑϐηαῐίο
2672 4899 2830 4954 inter
2883 4906 3254 4975 apocryphos
3308 4896 3753 4977 numerantur

282 4987 405 5043 tola
427 4992 525 5044 106
557 5006 570 5043 :
595 5013 621 5039 ‹‹
651 4990 753 5045 Hic
772 4990 1049 5062 prologus
1073 4991 1706 5064 Scripturarum,quasi
1732 4999 1931 5070 galea-

2114 4991 2322 5082 mstare
2353 4986 2538 5082 voluit
2570 4987 2845 5082 pallaeus.
2892 4991 2979 5046 Ita
3011 4993 3188 5082 enim,
3223 4995 3495 5058 videtur
3529 5008 3752 5082 dispu-

278 5080 398 5132 tum
424 5078 783 5151 principium
833 5080 1113 5134 omnibus
1144 5080 1336 5149 libris,
1395 5098 1543 5152 quos
1572 5084 1645 5140 de
1688 5088 1926 5146 Hebraeo

273 5167 556 5222 vertimus
586 5169 646 5222 in
681 5169 973 5227 Latinum.
1007 5170 1319 5226 convenire
1380 5177 1572 5243 potest
1616 5191 1629 5228 :
1680 5182 1745 5231 ut
1774 5180 1924 5236 scire

270 5254 574 5311 valeamus
606 5257 898 5327 quidquid
932 5263 1098 5313 extra
1117 5258 1226 5313 hos
1257 5265 1366 5328 est,
1401 5260 1558 5317 inter
1586 5269 1925 5339 apocrypha

269 5358 398 5397 esse
431 5346 947 5414 ponendum.»Qui
972 5346 1149 5402 etiam
1173 5348 1381 5404 eodem
1407 5351 1757 5425 modoloqui
1781 5374 1922 5413 cen-

268 5429 489 5484 sendus
521 5431 584 5486 in
615 5433 891 5506 Catologo
920 5451 982 5489 :u
1006 5435 1305 5492 Barnabas
1352 5454 1534 5494 unam
1565 5441 1639 5496 ad
1661 5444 1916 5502 adifica-

2035 5164 2415 5235 apocryphos
2446 5172 2856 5235 numerantur,
2888 5169 2961 5223 ab
2985 5186 3055 5225 eo
3082 5176 3394 5243 tanquam
3455 5184 3750 5245 hmretici

2033 5258 2136 5308 aut
2168 5254 2287 5354 ﬁcti
2309 5270 2346 5354 θ.
2367 5253 2608 5325 publica
2637 5255 2915 5313 Ecclesia)
2944 5258 3077 5314 luce
3106 5277 3536 5329 removentur
3563 5293 3749 5354 :ergo

2033 5348 2091 5398 et
2138 5342 2404 5414 epistolas
2434 5345 2667 5416 Ignatii.
2703 5346 2814 5402 Sed
2846 5352 3174 5420 respondeo
3205 5355 3461 5427 primo,
3500 5342 3751 5427 nullam

2031 5447 2160 5487 esse
2210 5432 2627 5488 neceSsitatem
2686 5439 3147 5506 consequentiae.
3207 5441 3357 5500 Non
3394 5453 3581 5510 enim
3616 5457 3714 5513 lev

337 5546 404 5626 (ἦ)
431 5547 511 5601 De
535 5544 1327 5626 signiﬁcationelitterarum
1353 5548 1422 5607 λϐ
1447 5568 1577 5626 qum
1604 5557 1667 5613 in
1714 5560 1915 5619 Grmco

337 5565 350 5611 ι
389 5565 404 5616 )
431 5565 511 5601 ue
535 5565 971 5632 sngmncauone
994 5565 1327 5609 litterarum
1354 5565 1421 5607 1.6
1447 5568 1577 5626 qum
1604 5565 1667 5613 in
1714 5565 1915 5619 Grmco
2027 5568 2172 5621 Nota
2204 5565 2415 5634 obiter,
2440 5568 2722 5625 numeros
2745 5587 3019 5628 versuum
3046 5572 3106 5629 in
3136 5576 3447 5640 Anastasi
3455 5604 3586 5645 ana
3606 5611 3745 5649 ver-

264 5619 427 5672 textu
453 5625 706 5688 exstant,
740 5622 870 5677 vnde
893 5624 1049 5679 infra
1078 5626 1188 5682 col.
1216 5628 1337 5683 109.
1362 5627 1420 5682 C.
1457 5632 1516 5682 et
1546 5629 1659 5688 col.
1694 5634 1815 5703 129,
1851 5635 1911 5690 Β.
2025 5637 2191 5693 sione
2210 5653 2329 5692 non
2349 5646 2584 5703 semper
2605 5641 2801 5698 Graeco
2817 5645 3497 5703 te‘xtuiconsonar'eﬁn
3558 5638 3716 5703 βηῖι.

2025 5637 2191 5693 sione
2210 5653 2329 5692 non
2349 5646 2584 5711 semper
2605 5641 2801 5698 Graeco
2817 5645 2999 5699 textui
3016 5637 3537 5718 consonareribj

2038 5081 2195 5130 tare:
2220 5077 2436 5131 Omnes
2459 5076 2594 5130 libri
2617 5077 2715 5147 qui
2749 5078 2821 5133 ab
2843 5085 3081 5136 auctore
3104 5081 3561 5153 Stichometrias
3585 5076 3754 5155 inter
3857 5134 3880 5151 ο
