3974 6134
413 375 519 435 Ml

1479 376 1544 437 S.
1590 371 1990 437 IGNATIUS.
2041 400 2119 418 --
2158 368 2758 432 PROLEGOMENA.

3702 388 3807 447 11ΞΙ

404 508 431 561 ὁ
476 506 635 568 αὐτὸς
688 505 1031 570 Ἀπόστολος
1081 506 1133 563 ἐν
1191 513 1311 570 ταῖς
1372 506 1460 562 ἰπὶ
1516 504 1666 562 τέλει
1722 505 2055 581 προσρήσεσι
2085 505 2141 572 Α
2166 494 2278 589 -ϐᾗς
2311 499 2404 555 οὖν
2437 501 2645 556 ἅπασαν
2673 503 2774 572 τήν
2808 501 3083 582 διαγωγὴν
3119 508 3172 564 ἐν
3205 508 3341 584 οἷ’κῳ
3370 512 3565 575 κακίας
3596 512 3816 589 ἔχειδια

398 603 502 666 τῆς
550 597 687 672 πρὸς
741 597 1052 669 Ῥωμαίους
1112 599 1337 670 μνήμην
1392 598 1690 667 πεποίηται
1754 593 1888 668 μετὰ
1940 596 2050 648 τῶν

400 683 589 741 ἃλλων
619 686 706 740 καὶ
740 687 937 761 Ἑρμᾶ,
968 685 1030 739 οὗ
1053 706 1209 761 φασιν
1242 685 1508 760 ὕπάρχειν
1569 685 1632 740 τὸ
1688 687 1785 739 τοῦ
1846 678 2050 754 Ποιμέο

396 793 489 834 νος
539 769 775 847 βιϐλίον’
842 774 1013 828 ἰστέον
1065 774 1138 836 ὡς
1196 775 1287 828 καὶ
1339 778 1501 829 τοῦτο
1557 774 1695 847 πρὸς
1749 772 1843 846 μὲν
1884 791 2047 826 τινων

397 860 804 933 ἀντιλάλεκται,
867 860 935 917 δι’
969 860 1061 927 οὕς
1119 863 1223 917 οὐκ
1277 860 1336 918 ἅν
1370 864 1421 919 έν
1456 861 1934 937 ὁμολογουμένοις
1963 880 2048 914 τι-

400 950 541 1020 θείη·
577 951 665 1029 ὑφ’
722 947 915 1025 έτέρων
982 948 1039 1006 δὲ
1091 952 1506 1027 ἀναγκαιότατον
1561 953 1644 1014 οἷς
1700 948 1936 1023 μάλιστα
1967 945 2051 1003 δεῖ

398 1042 800 1115 στοιχειώσεως
860 1041 1225 1116 εἷσαγωγικῆς
1280 1038 1545 1114 κέκριται·
1577 1041 1698 1103 ὃθεν
1729 1036 1839 1109 ἤδη
1872 1038 1963 1093 καὶ
1992 1036 2044 1092 έν

392 1129 747 1201 Ἑκκλησίαις
805 1128 968 1203 ἷ’σμαν
1023 1130 1154 1184 αὐτὸ
1212 1127 1735 1203 δεδημοσιωμένον,
1798 1128 1886 1182 καὶ
1937 1132 2047 1183 τῶν

392 1217 778 1275 παλαιοτάτων
809 1217 865 1274 δὲ
916 1221 1264 1296 συγγραφέων
1310 1214 1687 1293 κεχρημένους
1712 1218 1864 1282 τινάς
1900 1216 2046 1290 αὐτῷ

390 1306 715 1386 κατείληφα.
751 1309 1076 1375 «Quoniam
1106 1327 1241 1365 vero
1273 1310 1431 1365 idem
1456 1309 1774 1382 Apostolus
1803 1309 1865 1364 in
1897 1308 2047 1364 salu-

393 1399 722 1454 tationibus
752 1400 1032 1454 adfinem
1081 1399 1360 1471 Epistolas
1409 1399 1484 1453 ad
1538 1400 1836 1454 Romanos
1887 1398 2046 1453 inter

393 1488 542 1543 alios
574 1490 941 1544 mentionem
974 1489 1114 1544 fecit
1144 1491 1396 1557 Hermia,
1424 1489 1597 1561 cujus
1630 1504 1757 1543 esse
1780 1489 1950 1543 aiunt
1977 1487 2044 1542 li-

394 1577 566 1632 brum
598 1580 845 1634 Pastoris
868 1596 890 1643 ;
912 1579 1219 1633 sciendum
1254 1578 1548 1633 est.etiam
1579 1578 1714 1633 huic
1735 1594 1770 1632 a
1793 1576 2040 1647 quibus-

394 1665 527 1720 dam
550 1666 1147 1738 contradici,propter
1166 1684 1315 1737 quos
1338 1668 1496 1721 inter
1510 1672 1759 1738 receptae
1782 1666 2043 1721 auctori-

388 1753 524 1808 tatis
556 1754 740 1809 libros
758 1755 897 1826 poni
935 1772 1054 1809 non
1084 1761 1298 1827 potest.
1334 1755 1420 1809 Ab
1455 1754 1588 1810 aliis
1616 1771 1752 1809 vero
1784 1755 2039 1810 maxime

2166 587 2489 662 λελυμένος,
2515 591 2651 647 κατὰ
2670 591 2797 647 τοὺς
2825 589 2927 664 ἔξω
2950 602 3051 667 τῆς
3078 595 3379 672 οἰκοδομῆς
3411 587 3680 670 Memmii?
3709 606 3814 681 οὐχ

2162 678 2462 753 ἁρμόζουσι
2492 678 2560 754 τῇ
2594 678 2864 757 οἰκοδομῇ
2893 688 2991 739 τοῦ
3019 686 3232 761 π-ὅργου
3262 689 3398 744 κατὰ
3424 690 3515 745 τὸν
3551 678 3806 765 ῐιυιμέναξ

2164 792 2189 824 α
2220 774 2365 828 Tota
2406 773 2586 845 igitur
2643 775 2812 845 impii
2865 780 3233 835 conversatio
3284 781 3345 836 in
3395 782 3570 838 domo
3628 788 3810 857 pravi-

2161 861 2297 916 tatis
2329 867 2438 927 est,
2481 879 2614 918 cum
2647 864 2727 918 sit
2747 865 3070 922 dissolutus
3109 885 3230 923 non
3262 871 3436 926 aliter
3462 890 3642 943 quam
3664 875 3806 947 lapi-

2160 950 2264 1005 des
2287 957 2453 1005 extra
2483 952 2824 1023 aadificium,
2860 955 2961 1025 qui
3003 957 3368 1015 aediﬁcandas
3424 963 3572 1033 turri
3632 964 3804 1035 plane

2156 1038 2344 1110 inepti
2363 1046 2520 1107 sunt,
2545 1041 2719 1112 juxta
2746 1044 3108 1100 Pastorem.»
3141 1049 3409 1119 Ruﬁnus,
3431 1050 3661 1122 Didymi
3695 1053 3803 1109 dis-

2156 1128 2389 1199 cipulus
2421 1129 2521 1200 qui
2571 1131 2634 1185 in
2664 1131 2927 1187 Ecclesia
2963 1135 3163 1191 Graeca
3191 1136 3515 1208 plurimum
3541 1148 3802 1198 versatus

2157 1223 2265 1284 est,
2303 1219 2681 1290 Expositione
2706 1220 2765 1275 in
2797 1222 3141 1293 Symbolum
3192 1228 3617 1301 apostolorum,
3672 1248 3802 1287 cum

2154 1322 2444 1362 canonem
2497 1309 2551 1361 S.
2606 1310 2923 1382 Scripturm
2982 1314 3146 1384 prius
3196 1315 3559 1385 tradidisset,
3591 1319 3801 1376 addit:

2159 1417 2181 1445 α
2216 1396 2533 1452 Sciendum
2570 1404 2767 1455 tamen
2801 1407 2890 1456 est
2921 1404 3080 1473 quod
3111 1410 3171 1459 et
3197 1405 3295 1460 alii
3327 1406 3461 1461 libri
3494 1415 3656 1479 sunt,
3703 1426 3806 1480 qui

2150 1500 2270 1540 non
2303 1487 2596 1556 canonici,
2633 1490 2738 1544 sed
2769 1490 3159 1547 ecclesiastici
3193 1510 3227 1548 a
3257 1495 3585 1566 majoribus
3619 1500 3814 1570 appel-

2152 1574 2258 1628 lati
2300 1581 2457 1640 sunt,
2492 1582 2557 1631 ut
2581 1583 2671 1633 est
2703 1579 3005 1650 Sapientia
3035 1581 3393 1653 Salomonis,
3428 1591 3487 1639 et
3541 1586 3659 1642 alia
3714 1590 3809 1644 Sa-

2149 1663 2374 1734 pientia
2407 1681 2539 1735 quae
2569 1666 2785 1721 dicitur
2816 1667 2921 1722 ﬁlii
2955 1669 3177 1725 Sirach.
3239 1673 3522 1743 Ejusdem
3579 1675 3807 1732 ordinis

2151 1757 2239 1806 est
2270 1752 2504 1809 libellus
2536 1755 2730 1810 Tobiae
2763 1761 2822 1811 et
2840 1757 3620 1821 Judith,etMachabaaorum
3647 1765 3804 1820 libri.

387 1844 760 1898 necessarius
776 1843 1181 1914 judicatur,iis
1202 1843 1519 1915 praesertim
1536 1844 1639 1914 qui
1654 1844 2042 1941 elementaria
2071 1878 2116 1941 Β
2150 1842 2213 1939 In
2235 1842 2392 1938 Novo
2411 1860 2556 1941 'v'ero
2580 1845 2959 1941 Testamento
2978 1846 3216 1941 libellus
3233 1849 3341 1941 qui
3373 1850 3592 1941 dicitur
3608 1859 3805 1941 Pasto-

386 1931 764 1987 institutione
796 1933 1088 2005 indigent.
1125 1933 1288 1987 Unde
1312 1933 1573 1987 etiamin
1593 1932 1873 1987 Ecclesiis
1904 1950 2040 1988 eum
2071 1928 2114 1941 ”’
2147 1929 2244 1996 νὶε,
2268 1928 2387 1983 sive
2409 1931 2723 1996 Hermatis,
2747 1932 2849 2001 qui
2873 1932 3206 2003 appellatur
3231 1936 3369 1990 Duas
3388 1936 3515 1999 viai,
3536 1939 3807 2010 veljudi-

388 2020 758 2092 publicatum
785 2021 1229 2093 scimus;etipse
1252 2038 1534 2092 quoscam
1553 2038 1620 2077 ex
1635 2022 2040 2077 vetustissimis

390 2113 1329 2185 scriptoribusipsiustestimonio
1370 2130 1509 2170 usos
1549 2131 1676 2170 esse
1706 2115 2035 2187 deprehen-

389 2201 468 2255 di.
498 2223 526 2252 »

452 2295 510 2345 S.
538 2290 923 2357 Athanasius,
956 2293 1211 2348 Eusebio
1264 2293 1658 2364 synchronus,
1690 2294 1752 2347 in
1785 2294 2038 2363 epistola

383 2376 731 2451 ἐορταστικῇ,
762 2396 897 2435 cum
930 2381 1116 2437 libros
1142 2382 1196 2438 S.
1233 2382 1548 2455 Scripturas
1590 2384 1908 2437 canonicos
1939 2400 2035 2439 rc-

380 2468 888 2538 citasset,monuit
917 2487 1045 2526 esse
1074 2470 1164 2523 καὶ
1189 2468 1345 2544 ἓτερα
1406 2465 1600 2544 βιϐλία
1649 2471 1859 2525 τούτων
1891 2466 2029 2542 ἔξω·

282 2578 293 2585 ·
378 2556 484 2623 θεν,
520 2555 583 2611 οὐ
613 2558 1005 2629 κανονιζόμενα
1041 2558 1161 2630 μὲν,
1192 2558 1552 2630 τετυπωμένα
1580 2558 1662 2632 ίδὲ
1719 2561 1866 2632 παρὰ
1920 2566 2028 2616 τῶν

382 2643 633 2719 Πατέρων
693 2646 1148 2720 ἀναγινώσκεσθαι
1213 2650 1331 2707 τοῖς
1386 2645 1506 2721 ἄρτι
1559 2647 2029 2727 προσερχομένοις

377 2733 467 2787 καὶ
529 2732 891 2809 βουλομένοις
922 2739 1287 2812 κατηχεῖσθαι
1334 2738 1425 2793 τὸν
1483 2745 1583 2808 τῆς
1633 2735 1904 2802 εὐσεϐείας
1938 2740 2028 2796 λό-

373 2841 494 2896 γον·
528 2825 706 2902 Σοφία
746 2822 1133 2897 Σολομῶντος,
1184 2832 1275 2881 καῖ
1303 2827 1476 2906 Σοφία
1534 2828 1732 2903 Σιρὰχ,
1780 2830 1867 2884 καὶ
1904 2832 2024 2886 Ἐσ-

371 2910 495 2983 θήρ,
531 2911 621 2964 καὶ
662 2910 878 2979 ’1ουδέ6,
916 2912 1006 2967 καὶ
1040 2908 1266 2982 Ῥοδίας,
1316 2916 1405 2969 καὶ
1463 2913 1675 2994 Διδαχή
1708 2915 2020 2990 καλουμένη

365 3003 473 3053 τῶν
514 3000 969 3070 ἀποστόλων,καί
1002 3002 1029 3054 ὁ
1062 3003 1302 3074 Ποιμήν.
1338 3027 1366 3055 ιι
1392 3006 1582 3060 Etiam
1633 3007 1782 3063 alios
1837 3007 2021 3063 libros

365 3094 530 3143 extra
559 3090 687 3155 hos,
723 3107 843 3145 non
876 3108 1105 3146 canone
1168 3092 1407 3163 quidem
1443 3094 1745 3165 probatos,
1780 3096 1885 3151 sed
1914 3099 2019 3151 Pa-

365 3180 522 3231 trum
581 3179 931 3234 auctoritate
991 3180 1111 3235 illis
1161 3182 1261 3252 qui
1308 3182 1544 3253 pietatis
1575 3184 2015 3241 elementisim-

363 3265 583 3320 buendi
617 3274 818 3321 essent
872 3270 1229 3340 propositos,
1288 3272 1478 3340 quales
1505 3280 1666 3327 sunt:
1711 3274 2011 3344 Sapientia

362 3353 1023 3429 Solomonis,Sapientia
1040 3359 1739 3427 Sirach,Esther,Judith,
1772 3362 2001 3433 Tobias,

359 3443 640 3499 Doctrina
668 3447 1577 3516 apostolorum,etPast.or.»Haec
1600 3449 1841 3518 quidem
1867 3457 2007 3507 tunc

2149 2016 2302 2071 cium
2325 2018 2651 2074 secundum
2675 2021 2913 2075 Petrum
2936 2038 2947 2074 :
2973 2038 3104 2091 quas
3124 2024 3324 2078 omnia
3343 2024 3455 2097 legi
3474 2027 3715 2097 quidem
3734 2029 3799 2083 in

2146 2106 2422 2161 Ecclesiis
2453 2108 2784 2176 voluerunt,
2817 2126 2938 2164 non
2971 2117 3170 2166 tamen
3204 2113 3456 2183 proferri
3489 2116 3561 2170 ad
3594 2124 3798 2172 aucto-

2143 2196 2369 2251 ritatem
2403 2214 2473 2252 ex
2503 2198 2595 2253 his
2625 2199 2763 2254 ﬁdei
2793 2201 3287 2257 confirmandam.
3324 2225 3351 2252 ››
3386 2205 3440 2259 S.
3505 2207 3799 2280 Hierony—

2144 2301 2294 2353 mus,
2327 2288 2429 2357 qui
2452 2286 2608 2342 inter
2639 2290 2870 2344 Graecos
2898 2292 3232 2359 consenuit,
3265 2293 3327 2347 in
3358 2294 3634 2366 Catalogo
3666 2298 3797 2353 haec

2140 2372 2359 2430 habet:
2394 2397 2417 2427 ιι
2455 2377 2712 2432 Herman
2742 2379 2911 2449 cujus
2942 2379 3246 2450 apostolus
3276 2381 3498 2436 Paulus
3544 2383 3620 2438 ad
3675 2390 3797 2441 Bo-

2138 2480 2346 2519 manos
2378 2464 2645 2521 scribens
2692 2467 2989 2533 meminit,
3022 2474 3297 2524 asserunt
3325 2477 3629 2526 auctorem
3660 2489 3797 2530 esse

2136 2550 2272 2605 libri
2331 2553 2431 2622 qui
2491 2553 2826 2625 appellatur
2877 2560 3092 2624 Pastor,
3169 2562 3227 2612 et
3283 2560 3440 2630 apud
3500 2561 3794 2631 quasdam

2139 2642 2372 2698 Graeciae
2404 2645 2695 2700 Ecclesias
2753 2646 2931 2702 etiam
2991 2648 3225 2719 publice
3274 2649 3507 2723 legitur.
3562 2654 3795 2709 Revera

2132 2731 2297 2787 utilis
2327 2732 2496 2801 liber,
2532 2735 2825 2805 multique
2864 2735 2935 2792 de
2980 2754 3046 2792 eo
3105 2738 3458 2810 scriptorum
3515 2747 3788 2799 veterum

2131 2828 2567 2892 usurpaverunt
2616 2824 2957 2879 testimonia
3020 2843 3034 2892 ;
3114 2826 3215 2881 sed
3302 2830 3457 2899 apud
3541 2830 3790 2888 Latinos

2127 2925 2278 2978 pene
2309 2910 2545 2981 ignotus
2575 2917 2694 2966 est:
2718 2931 2743 2963 ιι
2773 2913 2934 2968 Idem
2964 2914 3216 2985 epistola
3237 2919 3356 2982 196,
3385 2918 3502 2974 sive
3531 2920 3786 2994 Prologo

2126 2997 2402 3069 galeato:
2462 3002 2643 3069 Igitur
2698 3001 3000 3072 Sapientia
3067 3020 3191 3073 qua:
3274 3006 3441 3076 vulgo
3516 3008 3789 3067 Salomo-

2124 3086 2217 3140 nis
2272 3088 2616 3155 inscribitur,
2673 3096 2727 3145 et
2780 3091 2918 3145 Jesu
2981 3092 3090 3146 ﬁlii
3138 3094 3339 3148 Sirach
3374 3095 3544 3160 liber,
3591 3105 3645 3152 et
3675 3100 3785 3156 Ju-

2123 3174 2249 3228 dith
2281 3183 2333 3228 et
2363 3176 2572 3231 Tobias
2603 3185 2653 3232 et
2685 3180 2893 3233 Pastor
2921 3197 3031 3235 non
3061 3189 3187 3236 sunt
3218 3185 3275 3236 in
3324 3200 3551 3252 canone,
3609 3187 3791 3244 Joan-

2124 3277 2230 3315 nes
2317 3263 2672 3330 Classianus,
2771 3268 2961 3322 sancti
3042 3269 3441 3339 Chrysostomi
3523 3272 3793 3347 discipu-

2119 3349 2233 3418 lus,
2267 3352 2469 3408 collat.
2503 3372 2612 3425 vm,
2647 3356 2824 3426 capit,
2858 3360 2921 3410 17
2956 3374 2969 3412 :
3012 3379 3039 3406 «
3073 3359 3197 3413 Jam
3234 3360 3392 3429 quod
3447 3363 3785 3435 unicuique

2115 3446 2387 3496 nostrum
2425 3442 2539 3498 duo
2580 3445 2919 3499 cohzereant
2944 3446 3135 3518 angeli
3151 3447 3227 3511 ,id
3247 3455 3338 3502 est
3357 3449 3546 3505 bonus
3570 3458 3628 3506 et
3646 3470 3785 3509 ma-

2112 3527 2225 3598 lus,
2261 3530 2561 3603 Scriptura
2592 3539 2862 3588 testatur.
2891 3535 2972 3589 De
3001 3534 3175 3590 bonis
3210 3537 3449 3607 quidem
3482 3540 3777 3618 Salvator,

356 3532 630 3587 Ecclesias
663 3536 963 3590 sententia
994 3553 1007 3602 ;
1035 3535 1180 3605 quid
1201 3542 1398 3590 autem
1438 3537 1507 3591 de
1531 3538 1755 3593 Pastore
1770 3540 2005 3609 judica-

2113 3623 2256 3681 etc.,
2292 3618 2362 3673 de
2409 3620 2676 3690 utrisque
2724 3637 2865 3676 vero
2916 3620 3069 3677 liber
3113 3624 3361 3679 Pastoris
3416 3625 3780 3697 plenissime

353 3622 522 3689 verit,
556 3623 797 3678 aliunde
828 3627 1008 3694 patet.
1043 3625 1187 3678 Nam
1220 3628 1277 3677 et
1334 3625 1585 3695 epistola
1641 3625 1712 3680 de
1770 3629 2003 3686 Nicaena

355 3710 582 3781 synodo
615 3712 810 3766 verbis
834 3713 1060 3766 Hermas
1088 3712 1276 3782 ipsius
1307 3713 1581 3783 utitur,et
1599 3713 1781 3771 lib.De
1808 3718 1997 3773 Incar-

2159 3713 2300 3761 ocet.
2338 3710 2404 3761 Et
2428 3707 2620 3762 collat.
2658 3725 2785 3772 xm,
2810 3727 2932 3780 cap.
2981 3713 3049 3765 12
3079 3729 3092 3767 :
3128 3713 3413 3785 Adjacere
3435 3722 3631 3772 autem
3660 3718 3783 3774 ho-

2108 3794 2257 3849 mini
2282 3796 2343 3849 in
2366 3796 2697 3865 quamlibet
2716 3804 2945 3869 partem
2964 3800 3195 3855 arbitrii
3218 3802 3776 3874 libertatem,etiam

2106 3882 2259 3938 liber
2290 3884 2386 3939 ille
2410 3887 2508 3955 qui
2543 3887 2759 3942 dicitur
2784 3892 3022 3946 Pastoris
3039 3892 3414 3961 apertissime
3438 3894 3777 3950 docet.Ma-

2103 3976 2288 4027 ximus
2303 3975 2362 4027 in
2392 3975 2628 4031 Scholiis
2658 3978 2731 4030 ad
2756 3978 3002 4047 Dionysii
3034 3978 3241 4035 librum
3275 3983 3347 4036 De
3403 3984 3608 4038 divinis
3667 4001 3790 4041 no-

2099 4059 2361 4146 minibus,
2412 4078 2541 4133 cap.
2591 4065 2662 4118 42
2725 4060 3147 4139 Τελεσιουργίαν
3208 4063 3263 4120 δὲ
3310 4064 3558 4143 ἀγγέλων
3610 4067 3775 4146 λέγει

2098 4148 2170 4209 ὡς
2202 4144 2290 4201 ἔπί
2315 4152 2412 4203 τοῦ
2443 4150 2645 4217 Δανιὴλ
2676 4151 2776 4204 καὶ
2810 4156 2908 4206 τοῦ
2934 4152 3178 4229 ἀγγέλου
3234 4160 3332 4210 τοῦ
3392 4144 3774 4231 ἑρμηνεύσαν-

2093 4256 2186 4298 τος
2246 4236 2413 4309 αὐτῷ,
2473 4237 2564 4291 καὶ
2622 4239 2749 4313 περὶ
2811 4244 2909 4294 τοῦ
2972 4241 3239 4314 Ποιμένος
3297 4243 3389 4297 τὸν
3422 4244 3633 4317 Ἑρμᾶν
3666 4264 3766 4300 τε-

342 4329 505 4392 ὅντος
554 4332 629 4393 εἷς
685 4333 748 4386 τὸ
782 4333 931 4387 εἶναι.
968 4358 995 4386 ‹‹
1029 4338 1331 4400 Quatenus
1362 4338 1627 4409 loquitur
1655 4356 1762 4410 per
1786 4343 1986 4399 Mosen

2165 4326 2524 4395 ιώσαντος,ὡς
2552 4326 2664 4382 ἐκεῖ
2693 4327 3000 4402 ἀνέγνωμεν
3029 4329 3080 4384 ἐν
3111 4334 3191 4403 τῷ
3226 4333 3473 4405 Ποιμένι.
3503 4357 3532 4384 ‹‹
3563 4338 3759 4392 Porro

337 4422 575 4492 quidem
599 4439 654 4476 ;‹‹
676 4424 739 4476 In
758 4424 1049 4496 principio
1072 4424 1211 4480 fecit
1230 4427 1380 4481 Deus
1394 4427 1604 4481 caelum
1628 4433 1687 4483 et
1707 4433 1975 4486 terramu

2159 4415 2477 4471 :rfectionis
2527 4417 2907 4473 efficientiam
2964 4421 3311 4491 angelorum
3354 4429 3622 4491 vocat,ut
3674 4425 3757 4481 de

337 4528 444 4580 per
474 4511 862 4568 utilissimum
894 4519 1089 4568 autem
1116 4516 1360 4570 Pastoris
1389 4516 1608 4571 librum
1632 4535 1681 4571 τι(
1714 4520 1982 4576 Primum

2159 4504 2335 4559 iniele
2369 4510 2428 4559 et
2455 4505 2665 4578 angelo
2696 4507 2803 4578 ipsi
2841 4507 3357 4579 interpretante,et
3386 4510 3457 4565 de
3498 4512 3757 4570 Pastore

333 4616 599 4654 omnium
612 4602 785 4656 crede
806 4619 993 4656 unum
1017 4619 1147 4657 esse
1161 4603 1475 4675 Deum,qui
1494 4606 1761 4661 condidit
1782 4611 1984 4665 omnia

2159 4609 2369 4648 armam
2391 4594 2758 4665 perficiente,
2791 4601 2858 4649 ut
2886 4595 2966 4651 ibi
2998 4597 3246 4668 legimus
3277 4599 3338 4653 in
3389 4602 3637 4655 Pastore.
3680 4604 3753 4658 Et

329 4695 388 4743 et
417 4688 953 4760 absolvit,fecitque
984 4697 1048 4745 ut
1075 4708 1145 4746 ex
1178 4708 1298 4746 non
1330 4698 1461 4748 ente
1483 4700 1700 4750 essent.
1728 4717 1754 4744 ››
1788 4697 1973 4761 Quem

2159 4682 2252 4738 ιιίο
2279 4689 2403 4753 post
2433 4701 2446 4738 :
2481 4681 2582 4738 Καὶ
2615 4681 2698 4736 ὅτι
2726 4679 2814 4736 διὰ
2843 4687 2953 4738 τῶν
2985 4683 3228 4759 αγγέλων
3278 4687 3333 4740 αἱ
3390 4688 3565 4762 ψυχαὶ
3615 4706 3754 4763 χει-

326 4779 553 4832 Hermae
586 4779 781 4833 locum
812 4785 968 4838 ante.
994 4779 1067 4834 ad
1098 4780 1369 4836 eamdem
1401 4797 1522 4836 rem
1555 4782 1971 4842 demonstran-

2159 4774 2461 4848 λίωγοῦνται
2494 4772 2548 4825 αἱ
2583 4772 2728 4839 ζωὴν
2757 4771 3060 4846 ἀγγελικὴν
3106 4772 3549 4844 ἐπιτηδεύουσαι,
3583 4777 3740 4833 οὕτω

322 4866 480 4934 dam,
513 4867 874 4938 produxerat
930 4869 1211 4941 Origenes
1240 4874 1401 4925 tomo
1434 4872 1537 4927 lin
1565 4874 1874 4929 Joannem.
1901 4878 1969 4932 Et

2163 4864 2240 4932 τῷ
2266 4863 2493 4933 Ποιμένι
2546 4859 2873 4936 ἀνεγνωμεν.
2911 4885 2934 4915 ι
2969 4867 3040 4919 Et
3096 4865 3255 4937 quod
3298 4866 3514 4923 animae
3546 4868 3737 4926 vitam

317 4971 452 5009 cum
486 4955 765 5011 eumdem
798 4958 977 5012 etiam
1020 4958 1419 5029 producerent
1446 4961 1672 5026 Ariani,
1705 4964 1966 5020 Athana-
2076 4950 2404 5024 angelicam
2438 4950 2818 5007 instituentes
2858 4951 2930 5008 ab
2960 4954 3187 5026 angelis
3217 4955 3735 5025 manuducuntur,

317 5044 439 5098 sius
470 5044 720 5114 epistola
748 5061 854 5115 pro
886 5045 1126 5100 Nicaena
1156 5046 1419 5116 synodo:
1456 5047 1540 5101 ’Ev
1590 5045 1646 5101 δὲ
1703 5053 1782 5120 τῷ
1831 5057 1964 5106 Ποε-
2075 5042 2157 5096 ita
2187 5041 2247 5094 in
2275 5042 2501 5095 Pastore
2531 5039 2800 5112 legimus.

318 5130 435 5202 μέτι
500 5130 795 5208 γέγραπται
853 5129 1091 5204 (ἐπειδὰν
1139 5133 1230 5187 καὶ
1286 5138 1469 5201 τοῦτο,
1527 5135 1709 5212 κφίτοι
1771 5141 1844 5211 μὴ
1899 5138 1956 5196 ὅν

2159 5131 2286 5184 Sum
2316 5128 2443 5183 haec
2463 5128 2642 5183 fuerit
2685 5135 2805 5184 tam
2860 5132 3125 5202 antiqua,
3160 5138 3281 5189 tam
3312 5140 3594 5189 constans
3631 5152 3736 5191 eo-

310 5217 370 5272 ὲκ
422 5225 519 5275 τοῦ
566 5222 812 5289 κανόνος,
886 5221 1263 5295 προφέρουσι)’
1348 5246 1368 5273 ι
1434 5228 1653 5297 Πρῶτον
1740 5228 1954 5284 πάντων

2159 5235 2200 5273 n
2234 5217 2333 5287 qui
2366 5217 2427 5270 in
2458 5218 2658 5273 Graeca
2682 5218 2946 5276 Ecclesia
2976 5221 3309 5277 ﬂoruerunt
3330 5222 3402 5278 de
3426 5223 3579 5279 libro
3607 5225 3739 5280 Pa-

306 5308 612 5364 πίστευσον.
650 5334 678 5360 η
713 5334 740 5361 α
772 5312 836 5366 In
867 5312 1092 5365 Pastore
1121 5328 1355 5384 quoque
1388 5315 1673 5386 scriptum
1706 5317 1957 5374 habetur

2159 5308 2200 5361 is
2230 5304 2526 5360 sententia
2553 5322 2567 5371 ;
2601 5323 2735 5362 cum
2757 5315 3060 5364 auctorem
3088 5311 3343 5381 prodant
3376 5312 3657 5370 Hermam
3693 5333 3731 5372 a

2065 5398 2121 5451 S.
2154 5394 2336 5451 Paulo
2367 5393 2765 5463 nominatum,
2811 5413 2946 5454 cum
2975 5399 3195 5454 librum
3227 5401 3423 5472 ipsum
3481 5403 3545 5457 in
3603 5404 3723 5460 ali-

2060 5488 2275 5560 quibus
2296 5485 2565 5542 ecclesiis
2596 5488 2831 5558 publice
2867 5490 3110 5561 lectum,
3151 5492 3226 5548 ad
3273 5493 3721 5552 institutionem

2058 5578 2623 5635 catechumenorum
2639 5592 2673 5631 a
2690 5578 2965 5634 Patribus
2987 5581 3471 5637 commendatum
3494 5599 3731 5640 memo-

2057 5672 2352 5734 rent,cum
2384 5661 2501 5733 ipsi
2531 5669 2636 5719 aut
2666 5681 2901 5722 sacrum
2932 5672 2991 5723 et
3046 5667 3326 5737 divinum,
3387 5676 3492 5725 aut
3548 5680 3723 5731 certe

2053 5751 2440 5810 utilissimum
2464 5746 2687 5807 librum
2720 5753 3128 5825 pronuntient,
3150 5760 3208 5812 et
3236 5755 3368 5811 ideo
3403 5762 3640 5815 tantum
3660 5761 3725 5817 in

350 3800 579 3853 natione
608 3801 775 3854 Verbi
801 3799 1012 3870 probat
1033 3800 1235 3855 omnia
1259 3817 1329 3855 ex
1350 3801 1537 3856 nihilo
1558 3802 1710 3859 facta
1739 3821 1845 3876 per
1874 3808 2002 3862 Ver-

349 3888 533 3943 bum:
588 3889 653 3955 ᾚ
697 3909 829 3965 φησι
888 3885 976 3941 διὰ
1029 3888 1124 3959 μὲν
1181 3889 1446 3950 Μωσέως·
1498 3890 1778 3966 Ἐνλάρχῇ
1801 3892 1994 3964 ἐποίη-

348 3997 434 4031 σεν
493 3978 521 4031 ὁ
576 3978 705 4040 Θεὸς
749 3978 842 4031 τὸν
902 3977 1125 4049 οὐρανὸν
1180 3977 1271 4032 καὶ
1326 3979 1426 4047 τήν
1470 3981 1588 4055 γὴν*
1650 3979 1737 4036 διὰ
1795 3981 1853 4037 δὲ
1889 3991 1991 4053 τῆς

341 4065 779 4143 ὠφελιμωτάτης
834 4061 1031 4140 βίϐλου
1075 4071 1171 4121 τοῦ
1234 4066 1520 4139 ΙΙοιμένος’
1582 4075 1802 4143 Πρῶτον
1854 4074 1991 4127 πάν-

338 4176 446 4208 των
501 4154 785 4209 πίστευσον
843 4155 928 4209 ὅτι
986 4157 1066 4217 εἷς
1124 4155 1265 4211 ἔστιν
1325 4158 1353 4211 ὁ
1411 4158 1540 4220 Θεὸς
1599 4159 1627 4212 ὁ
1683 4160 1751 4213 τὰ
1816 4161 1989 4216 πὰντα

341 4242 525 4303 κτίσας
582 4242 673 4295 καὶ
729 4262 1054 4317 καταρτισας
1110 4245 1198 4299 καὶ
1259 4248 1502 4316 ποιήσας
1584 4244 1644 4300 ἐκ
1723 4252 1820 4303 τοῦ
1908 4250 1984 4322 μή

306 5397 612 5469 (quoniam
646 5406 704 5454 et
726 5400 856 5467 hoc,
889 5401 1160 5469 quamvis
1192 5418 1264 5456 ex
1296 5419 1526 5459 canone
1557 5421 1677 5459 non
1708 5406 1953 5476 sit,alle-

301 5491 467 5558 gunt)
502 5503 515 5540 :
553 5509 581 5537 n
611 5508 640 5537 «
675 5489 940 5541 Primum
972 5489 1241 5543 omnium
1273 5492 1466 5560 crede,
1501 5516 1529 5543 ν
1565 5498 1678 5549 etc.

370 5575 519 5638 Quid
550 5575 833 5646 Didymus
857 5576 1181 5633 Athanasio
1228 5580 1598 5650 synchronus
1629 5581 1700 5637 de
1734 5584 1948 5640 Herma

300 5665 847 5737 senserit,quamvis
870 5664 1001 5736 ejus
1030 5667 1233 5721 omnia
1262 5667 1385 5723 fere
1420 5686 1603 5740 opera
1631 5671 1942 5742 perierint,

291 5749 573 5821 colligere
606 5753 746 5807 licet
772 5767 846 5807 ex
874 5751 1201 5807 Catena-in
1229 5752 1574 5822 Jobum,ubi
1595 5755 1710 5811 ait:
1736 5755 1798 5811 Ὀ
1818 5755 1938 5811 ἀσε-
