3974 6134
184 369 289 428 113

959 372 1017 430 J.
1050 369 1472 433 PEARSONII
1515 371 1889 436 VlNDICl/E
1933 377 2419 446 lGNATIANE.
2469 420 2541 435 «-
2585 389 2787 450 PARS
2822 394 2871 451 Ι.

3523 399 3637 456 114

185 533 406 574 canone
436 535 572 573 non
612 520 994 589 ponendum.
1037 521 1193 591 quod
1224 521 1296 576 de
1329 537 1397 576 eo
1429 523 1612 593 aliqui
1645 523 1870 580 dubita-
1905 510 1952 574 Α
1986 513 2080 567 nis
2110 517 2526 592 Apocalypsin,
2561 538 2706 593 quos
2728 529 2929 579 tamen
2958 527 3224 598 agnoscit
3246 526 3430 582 libros
3457 529 3636 600 aple-

190 616 429 677 runt,an
450 610 770 665 credibile
804 617 896 665 est
917 611 1307 682 Nicephorum
1332 618 1433 668 aut
1458 614 1642 668 alium
1667 631 1874 684 quem-

199 703 272 754 vis
307 701 608 754 Ecclesia:
636 704 865 756 Grzrcaa
890 701 1224 767 alumnum,
1258 703 1530 758 eumdem
1565 709 1630 759 ut
1657 705 1875 760 falsum

209 798 255 846 et
281 790 514 852 ﬁctum,
551 796 621 844 ut
654 791 939 861 pessima:
971 797 1124 845 notaa
1147 793 1549 863 apocryphum
1573 793 1874 864 jugulare,

215 887 263 934 et
292 879 362 934 ab
387 879 557 932 omni
612 879 905 934 Ecclesiae
958 879 1088 934 luce
1122 897 1420 935 removere
1478 882 1778 936 voluisse?
1807 883 1876 936 Et

218 977 402 1025 tamen
433 969 701 1023 Dallaaus
735 986 846 1040 pro
871 975 1027 1024 certo
1059 970 1238 1024 habet
1261 971 1654 1041 Nicephorum
1676 988 1872 1039 suum,

222 1061 300 1114 his
330 1059 610 1114 omnibus
652 1059 1080 1130 praetermissis
1123 1060 1242 1114 sive
1277 1059 1594 1127 damnatis,
1630 1066 1872 1115 senten-

229 1150 352 1203 tiam
382 1148 744 1202 Tertulliani
779 1153 957 1217 atque
987 1148 1196 1203 Gelasii
1222 1154 1490 1203 secutum
1522 1166 1672 1204 esse.

283 1238 681 1292 Tertullianus
706 1237 1029 1308 aliquando
1051 1238 1732 1310 catholicus,a|iquando
1750 1239 1874 1293 hai-

224 1329 450 1392 reticus,
485 1332 544 1380 et
574 1327 697 1382 alia
729 1326 1030 1392 catholici,
1063 1325 1176 1380 alia
1223 1327 1485 1381 haeretici
1546 1328 1616 1382 de
1649 1330 1872 1382 Pastore

218 1418 504 1470 sententia
531 1416 925 1470 fuit.Librum
953 1418 1027 1470 De
1047 1418 1300 1470 oratione
1325 1416 1522 1471 adhuc
1543 1417 1871 1471 catholicus

215 1507 461 1576 scripsit,
499 1507 563 1560 in
596 1523 714 1576 quo
745 1505 888 1559 dum
933 1505 1078 1559 ritus
1130 1505 1420 1575 quosdam
1481 1505 1542 1559 in
1603 1506 1869 1560 oratione

210 1601 547 1666 usurpatos,
585 1600 879 1665 tanquam
911 1596 1213 1649 affectatos
1249 1600 1304 1648 et
1363 1599 1620 1659 coactos,
1683 1601 1736 1649 et
1769 1611 1868 1650 cu-

211 1686 348 1738 riosi
381 1685 589 1756 potius
626 1700 807 1754 quam
835 1683 1143 1738 rationalis
1162 1683 1342 1738 ofﬁeii
1377 1684 1872 1754 perstringit,hmc

213 1773 620 1828 habetruldem
639 1772 800 1842 quod
819 1773 1115 1844 assignate
1134 1773 1398 1826 oratione
1419 1772 1717 1827 assidendi
1743 1789 1870 1828 mos

1982 601 2182 672 risque
2209 608 2627 665 ecclesiasticis
2653 613 3011 683 agnitosqui
3047 617 3418 687 apocryphos
3450 618 3637 687 pessi-

1982 708 2092 746 maa
2125 702 2278 751 notzn
2308 695 2433 752 οὺδὶ
2461 699 2515 753 ἒν
2543 701 2724 762 νόθοις
2755 705 3061 774 ponendos
3095 706 3295 774 voluit,
3325 709 3446 761 Hist
3487 707 3525 760 l.
3547 725 3631 776 ιιι,

1982 797 2032 834 c.
2066 785 2152 835 25.
2189 786 2257 837 Et
2283 786 2408 856 ipse
2441 790 2835 845 Tertullianus
2870 792 2952 847 ita
2982 793 3214 848 videtur
3245 794 3506 865 seipsum
3541 812 3632 849 ex-

1980 869 2242 939 plicare;
2277 892 2413 930 nam
2447 879 2644 932 statim
2696 880 2900 934 addit:
2962 883 3037 934 At
3067 899 3164 950 ego
3200 885 3315 953 ejus
3372 885 3632 938 Pastoris

1982 961 2340 1032 «scripturas
2364 965 2593 1032 haurio,
2629 969 2728 1038 qui
2755 986 2872 1022 non
2895 976 3089 1040 potest
3112 972 3320 1040 frangi,
3348 994 3376 1021 ››
3410 973 3520 1027 hoc
3543 978 3632 1028 est

1979 1064 2112 1102 vere
2135 1053 2595 1110 canonicas.Nec
2616 1073 2734 1110 non
2760 1057 2965 1112 eodem
2991 1059 3162 1112 libro:
3191 1062 3294 1113 «Et
3314 1061 3518 1131 utique
3538 1078 3630 1116 re-

1980 1139 2371 1211 ceptiorapud
2385 1144 2673 1199 Ecclesias
2686 1147 2946 1216 Epistola
2962 1149 3238 1202 Barnabm
3252 1152 3622 1220 apocrypho»

1979 1228 2218 1283 Pastore
2247 1232 2571 1286 masc-horum
2606 1251 2618 1298 ;
2655 1235 2908 1305 epistola
2933 1242 3131 1290 autem
3167 1238 3450 1292 Barnabas
3482 1240 3622 1292 Ter-

1980 1315 2222 1371 tulliano
2245 1320 2358 1374 alia
2388 1328 2610 1376 nonest
2631 1340 2806 1393 quam
2838 1325 2937 1378 illa
2960 1327 3014 1380 S.
3039 1325 3202 1379 Pauli
3228 1327 3298 1381 ad
3320 1327 3617 1382 Hebrmos.

1978 1405 2142 1468 Quod
2175 1408 2222 1460 si
2255 1408 2481 1479 aliquid
2540 1411 2694 1465 aliud
2746 1413 3056 1478 intellexit,
3093 1421 3151 1469 et
3193 1433 3298 1485 per
3327 1415 3532 1470 falsam
3565 1421 3624 1470 et

1978 1493 2304 1550 adulteram
2359 1498 2734 1569 scripturam,
2797 1502 3024 1555 Hermas
3077 1503 3295 1557 librum
3339 1509 3621 1574 tanquam

1978 1583 2249 1652 pessimae
2291 1592 2445 1640 notae
2477 1589 2881 1658 apocryphum
2914 1589 2985 1643 ab
3017 1591 3294 1644 omnibus
3344 1593 3622 1647 Ecclesiis

1976 1671 2158 1726 fuisse
2181 1672 2550 1729 eliminatum
2574 1676 2844 1745 voluerit,
2872 1694 2990 1731 non
3014 1679 3200 1750 magis
3223 1679 3282 1732 id
3302 1696 3505 1734 verum
3535 1685 3624 1735 est

1978 1776 2157 1828 quam
2180 1779 2312 1816 cum
2337 1780 2464 1817 eam
2486 1765 2672 1819 solam
2697 1767 2960 1822 mcechos
3009 1785 3207 1824 amare
3240 1771 3321 1825 ait
3347 1788 3358 1824 :
3393 1777 3452 1826 et
3479 1788 3622 1826 con-

210 1869 295 1916 est
318 1862 838 1933 quibusdammon
869 1861 1128 1932 ρει-δρίοίο
1151 1860 1473 1928 rationem;
1508 1862 1621 1916 nisi
1655 1863 1703 1916 si
1727 1863 1858 1916 Her.
1899 1876 1944 1940 Β
1979 1850 2226 1904 trarium
2272 1851 2446 1921 plane
2485 1853 2897 1909 demonstrant
2940 1857 3170 1924 Irenaei,
3211 1858 3532 1914 Clementis
3563 1866 3621 1914 et

201 1968 322 2006 mas
345 1952 475 2014 ille,
505 1952 681 2022 cujus
703 1950 999 2021 scriptura
1022 1950 1142 2004 fere
1167 1970 1195 1999 »
1219 1951 1428 2004 Pastor
1449 1951 1856 2017 «inscribitur,

195 2047 499 2095 transacta
512 2041 787 2095 oratione
802 2057 914 2094 non
927 2056 1104 2110 super
1116 2039 1335 2094 lectum
1350 2040 1860 2103 asedisset,verum

193 2130 356 2185 aliud
371 2129 521 2201 quid
549 2129 882 2194 fecisset,id
897 2145 1130 2199 quoque
1146 2128 1217 2182 ad
1249 2128 1720 2183 observationem
1734 2130 1856 2183 vin-

197 2220 562 2274 dicaremus.
605 2219 814 2289 Utique
843 2235 984 2273 non.
1019 2218 1375 2288 Simpliciter
1422 2219 1578 2272 enim
1614 2224 1672 2272 et
1701 2235 1858 2273 nunc

195 2310 462 2379 positum
487 2313 599 2363 est:
627 2331 654 2358 «
675 2309 819 2362 Cum
839 2307 1266 2369 adorassem,et
1289 2322 1351 2360 as
1374 2307 1659 2362 sedissem
1682 2325 1861 2378 super

191 2397 481 2462 lectum,»
505 2397 582 2452 ad
608 2396 880 2451 ordinem
907 2396 1286 2460 narrationis,
1320 2413 1437 2450 non
1469 2396 1542 2451 ad
1575 2396 1762 2450 instar
1777 2396 1860 2450 di-

195 2486 790 2557 sciplinae.Alioquin
807 2501 1101 2555 nusquam
1121 2485 1232 2539 erit
1245 2485 1612 2540 adorandum
1628 2486 1741 2539 nisi
1757 2485 1856 2539 ubi

194 2576 373 2630 fuerit
398 2577 616 2630 lectus.
643 2577 767 2629 Imo
796 2581 1001 2629 contra
1021 2575 1380 2645 Scripturam
1400 2575 1627 2640 fecerit,
1653 2574 1699 2628 si
1725 2574 1856 2644 quis

199 2666 256 2720 in
271 2666 561 2720 cathedra
578 2670 681 2720 aut
701 2663 981 2718 subsellio
1005 2663 1520 2734 sederetﬂ‘lempe
1540 2664 1690 2717 ritus
1722 2664 1855 2732 qui-

201 2753 335 2808 dam
360 2771 392 2808 a
417 2752 777 2808 Christianis
808 2751 1163 2822 quibusdam
1211 2752 1592 2806 Tertullianei
1617 2752 1724 2805 aavi
1747 2751 1852 2805 ob-

204 2850 487 2906 servatus,
515 2842 718 2897 statim
751 2841 922 2895 ﬁnita
952 2841 1218 2896 oratione
1251 2840 1524 2904 sedendi;
1550 2857 1725 2910 quem
1752 2841 1852 2894 ille

201 2938 483 3002 tanquam
543 2931 1046 3002 superstitiosum,
1076 2930 1498 3002 irreligiosum,
1556 2935 1614 2983 et
1643 2929 1850 3001 gentili

198 3023 336 3074 ritui
370 3022 617 3076 afﬁnem
644 3019 1044 3091 reprehendit.
1090 3020 1284 3074 Ritum
1331 3024 1526 3074 autem
1559 3019 1752 3088 ipsum
1780 3036 1850 3073 ex

199 3110 324 3164 loco
358 3111 622 3180 quodam
653 3111 898 3164 Pastoris
957 3109 1108 3164 male
1138 3108 1440 3163 intellecto
1475 3113 1669 3162 ortum
1719 3125 1848 3162 esse

195 3207 374 3270 putat.
409 3198 580 3262 Quod
607 3199 766 3253 clare
799 3197 1076 3267 ostendit,
1136 3203 1356 3267 quanto
1407 3202 1534 3252 tum
1563 3197 1623 3250 in
1656 3197 1845 3267 pretio

190 3289 340 3343 liber
365 3289 467 3343 ille
503 3290 734 3342 Hermae
769 3288 900 3356 fuit,
935 3293 999 3342 ut
1047 3305 1117 3342 ex
1161 3304 1229 3342 eo
1281 3289 1430 3342 ritus
1462 3288 1524 3342 in
1568 3287 1844 3342 Ecclesiw

191 3377 575 3447 disciplinam
635 3376 1103 3431 transfundetur.
1154 3378 1286 3447 Ipse
1318 3380 1539 3435 autem,
1570 3380 1635 3430 ut
1674 3376 1843 3444 solet,

191 3473 359 3520 acute
392 3465 791 3535 respondens,
828 3482 944 3519 non
977 3465 1170 3536 rejicit
1213 3465 1347 3518 libri
1407 3464 1842 3534 auctoritatem,

189 3555 288 3609 sed
321 3554 614 3620 admittit,
674 3559 731 3609 et
759 3553 938 3608 verba
992 3554 1120 3625 ejus
1164 3555 1247 3608 ita
1300 3554 1746 3624 interpretatur,
1782 3558 1848 3608 ut

193 3645 466 3698 ostendat
487 3649 719 3697 tantum
738 3643 1004 3697 ordinem
1031 3643 1391 3698 narrationis
1410 3643 1844 3699 observandum

193 3750 460 3797 esse,nec
478 3731 661 3787 ullam
679 3732 814 3787 inde
840 3731 1170 3802 disciplinas
1184 3733 1477 3786 rationem
1498 3733 1620 3786 erui
1645 3750 1840 3803 posse.

189 3825 268 3879 lta
289 3823 702 3878 Tertullianus
736 3821 927 3876 adhuc
959 3821 1304 3883 catholicus,
1337 3826 1404 3876 ut
1425 3821 1754 3876 observavit
1784 3823 1839 3876 S.

191 3913 444 3966 Hilarius
469 3912 532 3965 in
547 3911 1144 3976 Mattheeum,canone
1165 3913 1215 3964 ὅς
1230 3910 1609 3980 «Quanquam
1635 3915 1691 3964 et
1706 3913 1838 3964 Ter-

191 4001 472 4055 tullianus
503 4001 645 4054 hinc
675 4000 778 4068 (De
829 4000 1118 4070 oratione)
1151 3999 1423 4053 volumen
1466 4000 1840 4070 aptissimum

192 4090 518 4160 scripserit,
555 4087 660 4142 sed
693 4104 1058 4158 consequens
1099 4105 1266 4142 error
1296 4087 1556 4142 hominis
1587 4087 1843 4142 detraxit

191 4179 422 4248 scriptis
437 4176 853 4248 probabilibus
886 4176 1356 4232 auctoritatem.»
1389 4175 1745 4232 Sedinlibro
1768 4182 1840 4231 De

189 4265 596 4336 pudicitia,ubi
623 4281 808 4336 purus
822 4270 999 4336 putus
1013 4266 1367 4320 Montanista
1381 4271 1490 4331 est,
1513 4270 1838 4335 contraque

193 4357 512 4411 catholicos
535 4361 821 4424 tanquam
846 4355 1156 4425 psychicos
1180 4355 1462 4425 disputat,
1488 4359 1545 4409 et
1569 4354 1674 4409 illa
1706 4371 1838 4424 qua)

190 4445 308 4514 ipse
343 4447 406 4499 in
441 4444 594 4498 libro
622 4449 698 4499 De
713 4446 1044 4513 pauitantia
1076 4449 1213 4498 ante
1238 4443 1538 4511 docuerat,
1574 4443 1836 4510 damnat,

190 4531 355 4587 aliter
386 4531 631 4602 quidem
664 4530 946 4602 loquitur.
980 4531 1082 4586 Sed
1103 4532 1343 4587 cederem
1370 4531 1492 4598 tibi,
1523 4532 1572 4585 si
1591 4531 1838 4600 scriptu-

1975 1937 2240 2009 Origenis
2258 1941 2618 1995 testimonia.
2648 1943 2819 1996 Nullo
2842 1943 3020 2013 igitur
3050 1945 3224 1999 modo
3256 1946 3615 2001 credendum

1971 2032 2058 2079 est
2109 2033 2410 2082 auctorem
2471 2030 2874 2087 Stichometriae
2905 2049 2940 2086 a
2996 2041 3233 2104 recepta
3275 2036 3611 2090 Graecorum

1969 2115 2208 2168 Patrum
2239 2118 2534 2171 sententia
2563 2120 2900 2185 recessisse,
2936 2126 2992 2174 et
3013 2123 3360 2178 auctoritate
3385 2124 3611 2177 Tertul-

1967 2202 2107 2257 liani
2162 2205 2422 2260 haeretici
2476 2213 2832 2276 permotum,
2892 2211 3118 2264 Hermas
3178 2213 3461 2266 Pastorem
3503 2229 3606 2282 pro

1967 2293 2239 2362 pessimae
2272 2300 2426 2348 nota;
2459 2297 2794 2366 apocrypho
2826 2297 3029 2352 haberi
3062 2298 3334 2354 voluisse.

2036 2391 2124 2444 Ad
2155 2391 2449 2447 Gelasium
2501 2401 2699 2448 autem
2733 2395 2888 2464 quod
2919 2397 3152 2460 attinet,
3186 2414 3319 2452 cum
3353 2398 3607 2453 Dallaeus

1971 2481 2311 2551 «utriusque
2327 2482 2593 2536 censoris
2607 2484 2855 2537 Romani
2875 2486 3609 2557 etConstantinopolitani,

1966 2573 2025 2623 et
2054 2569 2294 2638 quidem
2323 2571 2634 2640 utriusque
2668 2587 2960 2628 summam
2985 2573 3046 2626 in
3064 2574 3324 2629 Ecclesia
3355 2574 3608 2647 dignita-

1967 2663 2083 2711 tem
2099 2674 2204 2712 suo
2222 2659 2438 2712 sa-culo
2453 2661 2728 2729 gerentis,
2757 2662 3111 2717 concordem
3135 2665 3429 2734 planeque
3453 2667 3606 2735 ejus-

1963 2745 2094 2800 dem
2111 2746 2344 2816 generis
2365 2763 2714 2801 censuram»
2740 2748 2922 2803 fuisse
2941 2751 3334 2816 tradat,suave
3357 2754 3601 2808 omnino

1962 2836 2257 2889 somnium
2274 2840 2377 2889 est.
2388 2836 2526 2900 Quis
2540 2835 2695 2890 enim
2707 2837 2905 2891 credat
2916 2841 3606 2895 auctoremStichometriae

1962 2925 2190 2979 Graecos
2215 2926 2415 2979 Patres
2465 2925 2522 2979 in
2545 2925 2772 2996 judicio
2825 2926 2896 2981 de
2921 2929 3134 2983 llerma
3154 2929 3506 2998 deseruisse,
3539 2935 3605 2985 ut

1960 3013 2188 3068 Gelasio
2221 3015 2619 3079 consentiret;
2645 3016 3109 3088 eorumdemque
3141 3019 3497 3074 sententiam
3528 3020 3600 3073 de

1957 3103 2182 3174 Ignatio
2212 3105 2638 3175 postposuisse.
2663 3111 2726 3160 ut
2750 3106 2974 3161 Gelasio
2991 3109 3452 3164 contradiceret?
3469 3109 3600 3163 Vult

1957 3191 2114 3246 enim
2139 3192 2508 3247 adversarius
2528 3193 2915 3264 Nicephorum
2946 3213 3119 3250 suum
3137 3198 3417 3268 epistolas
3437 3199 3600 3269 Igna-

1952 3280 2014 3333 tii
2042 3285 2322 3351 tanquam
2352 3281 2518 3336 fictas
2546 3281 2702 3335 inter
2723 3285 3059 3354 apocrypha
3075 3303 3597 3357 numerasse,quas

1953 3369 2217 3424 Gelasius
2248 3371 2396 3441 ipse,
2429 3369 2648 3440 scripto
2681 3371 2858 3440 plane
2888 3374 3149 3443 genuino
3207 3376 3316 3446 ipsi
3352 3375 3596 3446 martyri

1951 3459 2245 3529 ascripsit,
2279 3464 2344 3514 ut
2375 3475 2442 3513 ex
2475 3459 2831 3513 testimoniis
2861 3462 3080 3516 nostris
3110 3469 3290 3532 patet.
3315 3466 3438 3518 Imo
3462 3465 3594 3534 quis

1951 3548 2348 3619 Nicephorum
2378 3547 2590 3601 Gelasii
2610 3549 2971 3604 sententiam
2988 3550 3048 3604 in
3068 3550 3302 3606 decreto
3325 3559 3598 3608 secutum

1951 3654 2078 3692 esse
2103 3636 2443 3704 afﬁrmabit,
2476 3637 2574 3706 qui
2601 3637 2745 3691 illud
2769 3638 2964 3708 ipsum
2988 3640 3292 3694 decretum
3316 3643 3544 3695 noverit
3564 3657 3599 3695 a

1948 3727 2188 3781 nemine
2217 3741 2478 3794 unquam
2515 3725 2601 3779 vel
2634 3725 2787 3779 inter
2819 3727 3052 3782 Latinos
3083 3729 3263 3782 fuisse
3321 3729 3588 3800 agnitum

1947 3822 2084 3871 ante
2115 3815 2343 3884 aliquot
2367 3830 2557 3868 annos
2588 3818 2722 3884 post
2755 3815 3061 3886 Nicephori
3095 3818 3392 3871 mortem?
3422 3818 3591 3874 Nice-

1946 3908 2169 3978 phorus
2230 3905 2566 3975 patriarcha
2596 3920 2626 3958 e
2685 3904 2826 3958 vivis
2873 3908 3126 3961 excessit
3176 3908 3331 3962 circa
3359 3924 3587 3963 annum

1944 3995 2155 4050 Christi
2183 3997 2284 4048 828
2311 4012 2322 4048 :
2350 3995 2524 4065 primi
2556 3995 3016 4065 autem,opinor,
3043 3998 3143 4067 qui
3171 3998 3393 4052 decreti
3417 3998 3584 4053 Gela-

1948 4084 2098 4139 siani
2125 4083 2471 4137 meminisse
2489 4082 3036 4153 deprehenduntur,
3064 4092 3202 4140 sunt
3229 4087 3421 4156 Lupus
3446 4089 3583 4140 Fer-

1945 4172 2608 4239 rariensis,Hincmarus
2639 4177 2698 4224 et
2718 4171 2989 4226 Nicolaus
3020 4191 3172 4244 papa
3192 4175 3439 4244 primus,
3471 4175 3584 4229 cir-

1947 4279 2013 4316 ca
2043 4261 2201 4314 idem
2233 4259 2471 4329 quidem
2499 4265 2732 4329 tempus
2763 4275 3004 4321 omnes;
3041 4263 3144 4316 sed
3191 4268 3247 4316 et
3278 4280 3348 4317 ex
3377 4263 3451 4316 iis
3483 4263 3584 4333 qui

1947 4352 2138 4422 primo
2165 4351 2291 4404 loco
2323 4348 2544 4402 decreti
2595 4348 2958 4404 mentionem
2989 4350 3146 4417 fecit,
3199 4358 3332 4423 post
3362 4369 3585 4408 annum

1947 4441 2049 4494 840
2099 4438 2352 4508 scripsit.
2414 4438 2627 4492 Mentio
2688 4437 2932 4507 quidem
2986 4440 3163 4510 hujus
3222 4443 3490 4512 opusculi
3525 4444 3587 4497 in

1947 4529 2210 4584 Chronico
2243 4526 2606 4581 Centulensia
2640 4526 2922 4581 Dacherio
2955 4528 3241 4593 edito,ubi
3269 4532 3423 4586 inter
3440 4532 3588 4586 alios

195 4639 248 4674 ra
266 4622 724 4690 Pastoris,uquee
757 4620 884 4674 sola
900 4622 1155 4676 maschos
1175 4628 1353 4687 amat,
1381 4621 1574 4675 divino
1603 4622 1830 4674 lnstru-
1867 4607 1911 4670 Ι)
1943 4617 2319 4671 bibliothecae
2350 4615 2510 4669 illius
2543 4614 2792 4670 abbatiaa
2817 4615 3002 4671 libros
3033 4618 3248 4690 legitur
3281 4637 3293 4672 :
3331 4642 3358 4669 «
3378 4619 3589 4675 Gelasii

201 4709 971 4766 mentorneruissetincidizsi
987 4726 1105 4764 non
1119 4709 1190 4765 ab
1206 4711 1368 4765 omni
1383 4709 1633 4764 concilio
1647 4708 1840 4763 Eccle-

200 4800 433 4864 siarum,
467 4800 646 4853 etiam
665 4805 1018 4866 vestrarum,
1054 4799 1210 4853 inter
1241 4799 1580 4870 apocrypha
1611 4804 1667 4852 et
1688 4798 1838 4853 falsa

196 4886 858 4956 judicaretur,adultera
878 4893 936 4942 et
957 4887 1102 4958 ipsa,
1135 4893 1190 4941 et
1212 4888 1348 4942 inde
1374 4893 1627 4958 patrona
1649 4887 1833 4941 socio-

200 4994 374 5046 rum,a
404 4995 523 5048 qua
545 4981 605 5031 et
625 4977 776 5031 alias
798 4977 1066 5031 initiaris.
1083 5000 1100 5023 η
1135 4977 1198 5031 In
1225 4977 1316 5031 his
1338 4976 1684 5031 Tertulliani
1707 4993 1834 5030 am-

201 5071 342 5138 pulis
363 5072 491 5142 jam
551 5068 983 5124 catholicorum
1019 5067 1284 5121 omnium
1335 5067 1522 5121 hostis
1575 5066 1734 5134 facti,
1777 5071 1836 5121 et

202 5158 459 5214 llermam
481 5176 587 5229 pro
611 5155 885 5211 doctrina
907 5155 1199 5211 catholica
1220 5154 1832 5219 accusantis,fortasse

201 5247 515 5304 nihilaliud
537 5245 835 5301 contineri
860 5244 1189 5314 putandum
1208 5251 1314 5313 est,
1347 5261 1522 5316 quam
1555 5247 1834 5298 Pastorem

199 5337 411 5392 Hermae
443 5353 566 5391 non
599 5334 786 5389 fuisse
819 5349 886 5386 ex
922 5332 1148 5402 judicio
1177 5333 1452 5388 Ecclesiae
1484 5333 1702 5388 librum
1734 5349 1832 5387 ca-

195 5428 481 5491 nonicum,
526 5424 632 5479 sed
664 5422 864 5494 potius
896 5421 1056 5476 inter
1083 5423 1472 5493 apocryphos,
1505 5423 1564 5477 id
1595 5428 1684 5477 est
1714 5439 1834 5476 non

193 5517 494 5571 canonicos
556 5516 982 5578 numeratum;
1043 5516 1109 5565 ut
1164 5511 1455 5565 Eusebius
1510 5511 1563 5562 ὲν
1596 5515 1713 5572 τοῖς
1742 5509 1835 5563 νό-

186 5604 287 5666 θοις
336 5605 536 5678 posuit
566 5605 875 5669 Pastorem,
929 5616 1108 5671 quem
1169 5601 1295 5671 ipse
1355 5600 1736 5655 utilissimum
1767 5600 1833 5654 li-

190 5693 348 5751 brum
379 5690 816 5766 pronuntiavit,
841 5695 899 5745 et
927 5689 1208 5745 Barnabas
1230 5688 1828 5762 Epistolam,etJoan.

1945 4723 2111 4778 papa:
2133 4705 2201 4760 de
2219 4705 2386 4758 libris
2401 4703 2756 4774 recipiendis
2769 4710 2828 4758 et
2842 4722 2958 4760 non
2973 4708 3491 4778 recipiendis,nlib.
3505 4727 3586 4780 ιιι,

1946 4814 1993 4851 c.
2032 4799 2082 4852 3.
2116 4799 2230 4850 Iste
2291 4801 2487 4850 autem
2537 4794 2835 4866 catalogus
2867 4797 3167 4853 confectus
3213 4816 3338 4854 esse
3371 4799 3588 4853 dicitur

1945 4903 2100 4940 anno
2122 4888 2215 4939 831
2234 4885 2510 4951 ,triennio
2540 4889 2853 4954 postquam
2888 4886 3252 4956 Nicephorus
3274 4888 3584 4942 defunctus

1945 4981 2055 5029 est.
2098 4978 2177 5030 Ne
2209 4981 2406 5029 autem
2453 4973 2702 5028 duorum
2764 4974 3232 5044 patriarcharum
3289 4993 3585 5032 consensu

1941 5066 2194 5119 nimium
2227 5065 2331 5118 viri
2366 5063 2692 5118 doctissimi
2717 5063 3041 5134 triumphet
3071 5068 3279 5133 oratio,
3305 5068 3584 5137 quemad-

1943 5154 2183 5209 modum
2214 5153 2317 5207 uni
2349 5153 2624 5222 superius
2654 5151 2872 5206 larvam
2895 5152 3280 5223 detraximus,
3315 5157 3394 5209 ita
3417 5162 3474 5210 et
3503 5156 3583 5210 al-

1943 5243 2048 5296 teri
2076 5242 2203 5313 jam
2236 5240 2638 5294 detrahamus.

2013 5341 2322 5393 Decretum
2339 5335 2579 5404 quidem
2605 5341 2762 5390 extat
2782 5339 2885 5393 «de
2902 5339 3064 5395 libris
3085 5343 3388 5397 canonicis
3407 5342 3588 5398 eccle-

1943 5428 2200 5482 eiasticis
2222 5430 2281 5480 et
2301 5423 2676 5495 apocryphis,
2704 5445 2730 5472 »
2763 5428 2920 5494 quod
2951 5446 3166 5501 magna
3195 5433 3452 5487 virorum
3487 5435 3591 5489 hu-

1936 5514 2036 5583 jus
2069 5514 2171 5568 mvi
2193 5513 2504 5567 doctorum
2536 5511 2978 5581 conspiratione
3011 5517 3240 5573 Gelasio
3271 5521 3588 5590 [pontiﬁci

1944 5602 2205 5655 Romano
2238 5597 2540 5653 tribuitur.
2565 5595 2677 5651 Sed
2706 5599 3090 5656 mss.codices
3123 5605 3444 5660 multorum
3479 5625 3586 5661 sae-

1942 5687 2210 5744 culorum
2245 5688 2303 5742 in
2333 5684 2690 5756 assignando
2719 5692 2956 5744 auctore
2989 5691 3311 5761 plurimum
3336 5696 3579 5751 variant.
