3990 6136
258 330 371 387 125

1011 331 1062 392 J.
1107 330 1543 394 PEARSONII
1586 330 1960 393 VINDICEE
2001 332 2481 393 lGNA'l‘iAN/E‘.
2530 367 2603 378 ~-
2645 334 2848 394 PARS
2888 332 2939 394 Ι.

3584 330 3702 392 126

256 458 563 520 Εεεῐρεὶειε
586 467 787 521 etiam
820 467 1050 538 publice
1081 467 1193 539 legi
1224 471 1474 522 testatus
1506 471 1613 533 est,
1649 471 1708 522 et
1736 483 1942 523 revera
1969 469 2023 535 Α
2055 484 2185 538 quas
2216 468 2617 524 adversarium
2659 468 2932 530 absolvit,
2964 469 3312 540 argumento
3343 465 3533 521 cedit!
3589 464 3698 530 Qui

258 552 467 607 utilem
534 555 782 611 librum
848 556 1188 627 pronuntiat
1244 557 1652 627 Hieronymus.
1728 560 1947 612 Auctor
2052 557 2136 613 sic
2166 559 2357 613 virum
2384 574 2682 613 summum
2715 558 2935 624 laudat,
2966 556 3263 626 quomodo
3293 554 3635 626 vituperat?

258 642 508 698 decreti.
549 665 583 693 ‹‹
613 645 922 716 Opuscula
975 645 1292 700 Clementis
1342 644 1723 700 Alexandrini
1799 663 1944 718 apo-

262 733 509 803 crypha.
528 735 924 806 Hieronymus
948 738 1003 789 in
1022 734 1282 804 Catalogo
1303 751 1316 788 :
1334 734 1630 788 Feruntur
1651 734 1779 805 ejus
1802 735 1944 790 insi-

252 821 392 893 gnia
409 820 763 889 volumina,
788 823 1087 895 plenaque
1115 823 1465 879 eruditionis
1488 825 1539 878 ei
1560 823 1937 895 eloquentius,

254 917 372 964 tam
396 910 474 966 de
499 911 848 982 Scripturis
872 911 1290 982 divinis,quam
1308 911 1380 966 de
1400 912 1701 968 saecularis
1717 913 1939 968 littera-

249 1004 394 1054 tune
412 999 845 1055 instrumento
868 1001 1087 1056 ».Adeo
1102 1001 1323 1056 decreti
1345 1003 1824 1072 scopus,etquasi
1838 1019 1937 1073 pe-

245 1089 492 1144 culiaris
516 1091 807 1145 tractatio
822 1090 913 1150 ,ab
933 1091 1269 1163 Hieronymi
1289 1092 1558 1147 doctrina
1574 1092 1810 1164 penitus
1831 1092 1936 1147 ab-

243 1178 523 1233 horrent.
535 1203 563 1230 «ι
575 1180 759 1235 Liber
774 1180 1354 1251 Proverbiorum,qui
1374 1181 1446 1237 ab
1461 1181 1757 1237 haereticis
1770 1198 1937 1236 cons-

245 1269 498 1340 criptus,
530 1276 600 1324 et
632 1269 687 1324 S.
724 1270 874 1323 Sixti
896 1269 1140 1325 nomine
1166 1276 1529 1342 pramotatus
1551 1276 1659 1338 est,
1692 1287 1933 1342 apocry-

236 1358 390 1430 phus
413 1381 469 1425 ››,
487 1360 707 1430 inquit
726 1358 829 1415 ille
844 1376 1024 1430 quem
1038 1359 1335 1416 Gelasium
1352 1378 1477 1417 esse
1491 1361 1930 1417 volunt.AtHie-

238 1465 543 1520 ronymus
562 1464 709 1504 eum
725 1448 948 1504 librum
974 1450 1173 1505 docuit
1192 1467 1313 1505 non
1338 1450 1410 1506 ab
1433 1450 1728 1506 ha‘reticis
1748 1452 1927 1508 fuisse

243 1538 818 1608 conscriptum,sed
840 1556 875 1593 a
895 1538 1247 1610 phi1050pho
1269 1539 1798 1612 Pythagoro,epist.
1827 1542 1926 1597 66:

235 1648 253 1673 ι
298 1626 565 1682 Librum
608 1628 1927 1700 SixtiPythagorei,hominisabsqueChristo,

234 1722 416 1785 atque
442 1717 713 1779 ethnici,
731 1716 1047 1772 immutato
1072 1717 1333 1780 nomine,
1372 1718 1536 1789 Xysti
1568 1719 1848 1791 martyris
1871 1725 1930 1775 et

227 1805 533 1860 Romana:
568 1805 859 1860 Ecclesia;
891 1806 1150 1878 episc0pi
1180 1808 1528 1878 praenotavit
1558 1829 1608 1865 η.

289 1894 451 1949 Cum
489 1895 693 1967 igitur
715 1910 825 1950 nec
848 1895 1241 1951 Stichometria
1264 1897 1617 1967 patriarchae
1640 1898 1924 1953 Constan-

230 1983 661 2055 tinopolitano
692 1983 1015 2039 tribuenda
1040 1984 1135 2049 sit,
1166 2000 1277 2039 nec
1309 1986 1622 2041 Decretum
1654 1988 1919 2043 Romano

225 2071 413 2126 tribui
451 2089 651 2143 posse
680 2071 971 2137 videatur,
1003 2088 1123 2127 non
1159 2079 1246 2128 est
1278 2090 1346 2128 ea
1375 2090 1643 2130 censurae
1667 2077 1920 2131 auctori-

220 2167 333 2227 tas,
360 2178 566 2233 quam
598 2162 787 2218 voluit
812 2162 1096 2219 Dallazus:
1125 2180 1379 2234 cumque
1409 2171 1578 2222 tanta
1603 2167 1679 2221 sit
1698 2167 1915 2223 Sticho-

219 2257 436 2309 metﬁae
470 2261 672 2325 atque
695 2256 941 2310 Decreto
970 2255 1030 2309 in
1054 2257 1409 2328 apocryphis
1429 2257 1782 2315 denotandis
1800 2260 1914 2314 dis-

220 2345 582 2414 crepantia,
606 2360 733 2398 non
765 2348 855 2399 est
895 2360 964 2400 ea
1020 2362 1285 2401 censurae
1341 2348 1679 2418 concordia,
1732 2366 1908 2420 quam

219 2432 410 2487 tradit
428 2433 540 2487 vir
560 2433 979 2488 doctissimus:
1010 2451 1141 2489 cum
1163 2435 1425 2506 denique
1448 2437 1510 2491 iu
1532 2437 1661 2507 ipsa
1690 2438 1909 2493 Sticho-

222 2524 427 2576 metria
449 2521 609 2576 libri
642 2521 734 2576 illi
767 2523 1178 2578 tantummodo
1210 2526 1348 2579 Novi
1407 2526 1739 2582 Testamenti
1776 2543 1909 2595 apo-

218 2611 423 2681 cryphi
453 2610 769 2675 dicantur,
803 2611 951 2666 satis
980 2612 1242 2683 apposite
1261 2613 1685 2681 Hammondus,
1715 2616 1764 2669 si
1786 2616 1905 2687 epi-

220 2700 403 2754 stolas
461 2700 686 2770 lguatii
743 2700 805 2754 in
862 2700 1125 2755 Indiculo
1181 2701 1452 2757 denotari
1519 2703 1898 2772 concedatur,

220 2789 520 2846 Salmasio
537 2790 670 2846 vide
680 2797 775 2845 tur
792 2791 1171 2862 respondisse
1192 2809 1205 2846 :
1230 2814 1259 2843 «
1281 2793 1439 2847 Nihil
1461 2793 1897 2851 abauctoritate

228 2881 504 2949 epistolis
536 2880 704 2935 hisce
725 2896 759 2935 a
781 2879 955 2934 nobis
980 2880 1202 2936 tributa
1230 2898 1302 2936 ex
1333 2898 1401 2936 eo
1433 2882 1761 2938 detractum
1794 2890 1897 2939 aut

220 2969 535 3024 minutum
569 2984 724 3035 esse,
758 2969 912 3040 quod
946 2972 1021 3024 sic
1050 2970 1110 3024 in
1145 2971 1619 3043 apocryphorum
1642 2989 1892 3029 numero

215 3060 505 3129 repositae
521 3059 929 3114 inveniantur.
946 3059 1037 3114 Sic
1053 3079 1074 3109 ι
1088 3060 1431 3131 ,inquam,id
1446 3067 1537 3116 est
1550 3062 1611 3116 in
1626 3061 1890 3119 Indiculo

214 3143 545 3212 librerum,
579 3149 683 3218 qui
702 3147 765 3202 in
787 3162 1075 3202 canonem
1097 3149 1489 3221 recipiuntur,
1522 3156 1580 3205 et
1605 3152 1705 3221 qui
1729 3168 1763 3207 a
1792 3168 1861 3207 ca

214 3250 375 3291 none
408 3243 832 3292 removentur.
857 3236 1021 3302 Quod
1044 3238 1201 3293 enim
1224 3241 1302 3293 sic
1322 3238 1384 3293 in
1414 3240 1888 3312 apocryphorum

214 3340 359 3380 num
370 3343 483 3380 ero
498 3327 835 3397 reponitur,
858 3327 1159 3382 canonicis
1190 3326 1362 3382 libris
1392 3327 1534 3383 solis
1550 3330 1888 3401 opponitur.

216 3415 280 3468 Ut
313 3415 353 3469 S
416 3415 794 3485 Augustinus
856 3438 877 3463 ι
911 3416 989 3470 De
1033 3417 1275 3472 Civitate
1320 3416 1446 3483 Dei,
1481 3417 1519 3472 ι.
1548 3434 1644 3486 xv,
1677 3435 1723 3474 c.
1780 3420 1890 3473 23:

220 3502 413 3558 Multa
441 3502 558 3558 sub
589 3502 941 3558 nominibus
973 3508 1031 3558 et
1077 3503 1327 3560 aliorum
1367 3505 1794 3577 prophetarum
1836 3513 1893 3562 et

217 3592 571 3647 recentiora
604 3591 716 3646 sub
746 3592 1092 3647 nominibus
1122 3598 1534 3664 apostotorum
1582 3594 1654 3651 ah
1703 3596 1889 3651 haere-

218 3682 355 3737 ticis
391 3681 804 3752 proferuntur,
841 3698 972 3752 quin
1003 3683 1206 3738 omnia
1237 3683 1345 3738 sub
1377 3684 1722 3740 nominibus
1750 3702 1892 3756 apo-

218 3771 594 3842 cryphorum
627 3768 701 3824 ab
732 3772 1081 3826 auctoritate
1149 3773 1570 3828 canonicorum
1621 3774 1890 3847 diligenti

222 3859 676 3915 examinatione
700 3866 931 3915 remata
962 3864 1118 3916 sunt.
1143 3863 1345 3917 Nomen
1376 3864 1552 3932 igitur
1567 3865 1887 3935 apocryphi

228 3955 446 4003 tantum
506 3947 580 4003 ab
639 3948 994 4003 auctoritate
1051 3950 1474 4006 canonicorum
1502 3973 1530 4001 ››
1603 3952 1886 4023 scriptum

228 4036 477 4107 aliquod
509 4035 870 4091 removebat.

300 4149 330 4175 ι(
363 4126 478 4181 Sed
499 4124 688 4180 multo
706 4124 921 4179 melius
940 4142 1007 4182 ac
1019 4128 1552 4201 modestius,atque
1563 4130 1889 4201 sapientius

230 4216 497 4286 optimus
519 4232 587 4270 ac
622 4213 1003 4271 doctissimus
1030 4217 1302 4274 Usserius
1342 4219 1648 4293 lgnatiana
1678 4236 1784 4277 sua
1814 4222 1886 4278 ab

230 4303 339 4359 hoc
360 4303 684 4375 Nicephori
716 4302 838 4359 telo
864 4304 1203 4375 defendit»,
1236 4308 1432 4378 inquit
1460 4309 1733 4365 Dallaeus.
1759 4313 1885 4367 Non

232 4392 385 4447 male
405 4392 749 4448 defendisse
770 4392 1145 4449 ostendimus
1160 4397 1625 4466 Hammondum;
1649 4399 1696 4453 si
1710 4402 1885 4455 multo

235 4484 423 4537 melius
452 4481 749 4551 Usserius,
785 4488 944 4536 certe
965 4484 1185 4555 Optime
1208 4483 1496 4541 defendit.
1522 4488 1742 4560 Nempe
1764 4493 1880 4545 Ar-

1920 3197 1970 3267 C

2126 646 2439 703 Videamus
2470 647 2648 719 igitur
2671 647 2863 718 primo
2894 646 3037 717 quid
3068 645 3307 702 tandem
3340 644 3516 709 sit,ob
3539 644 3699 715 quod

2050 735 2203 791 hanc
2231 736 2635 791 defensienem
2671 742 2831 791 tanto
2878 735 3178 807 praaconio
3226 735 3431 801 etlert;
3486 750 3698 804 nempe

2047 826 2206 895 quod
2236 824 2377 880 hinc
2407 830 2690 897 appareat
2721 842 2819 879 eos
2848 825 3148 880 immerito
3203 828 3509 879 accusatos
3542 838 3694 889 esse,

2045 914 2146 984 qui
2181 914 2483 987 lgnatiana
2510 914 2889 982 damnarunt,
2922 919 3243 984 antequam
3274 912 3479 983 purior
3509 911 3690 966 editio

2041 1009 2359 1075 procurata
2390 1009 2495 1058 est.
2528 1005 2602 1057 At
2630 1005 2815 1059 nostri
2851 1021 2952 1058 eos
2982 1018 3104 1058 non
3164 1005 3538 1066 accusarunt,
3589 1001 3692 1071 qui

2042 1092 2325 1164 epistolas
2337 1094 2589 1149 Eusebio
2613 1094 2859 1148 minime
2879 1109 2933 1147 m
2944 1097 3236 1147 emoratas
3249 1096 3527 1161 tanquam
3545 1106 3689 1161 spu-

2039 1182 2159 1237 rias
2189 1183 2548 1254 rejecerunt,
2581 1188 2683 1238 aut
2732 1182 2911 1237 etiam
2969 1181 3229 1251 reliquas
3295 1178 3686 1250 interpolatas

2041 1288 2171 1326 esse
2201 1272 2699 1343 pronuntiabant;
2731 1271 2835 1326 sed
2865 1287 2968 1326 eos
2994 1276 3245 1335 tantum,
3281 1268 3381 1338 qui
3405 1268 3688 1339 epistolas

2038 1361 2173 1417 illas
2194 1379 2326 1432 qua:
2348 1362 2721 1433 interpolatas
2741 1366 3226 1431 suntantequam
3250 1358 3685 1430 interpolaren-

2037 1453 2153 1518 tur,
2186 1450 2353 1505 ﬁctas
2382 1450 2565 1506 fuisse
2598 1450 3041 1506 contendebant
3073 1467 3087 1515 ;
3146 1454 3248 1504 aut
3295 1447 3685 1518 interpolatas

2036 1539 2272 1610 penitus
2304 1540 2673 1612 rejiciebant,
2705 1546 2989 1610 tanquam
3022 1539 3172 1593 nihil
3203 1554 3274 1593 ex
3302 1538 3396 1608 giis
3444 1535 3682 1607 probari

2034 1635 2252 1700 posset.
2286 1630 2449 1694 Quod
2481 1636 2679 1686 autem
2712 1629 2993 1701 epistolas
3048 1628 3257 1701 lgnatii
3309 1644 3516 1682 omnem
3560 1643 3679 1681 eam

2033 1721 2439 1785 auctoritatem,
2468 1736 2637 1790 quam
2666 1721 2798 1775 olim
2826 1718 3182 1773 obtinuerant
3205 1717 3377 1788 plane
3414 1718 3677 1782 amisisse,

1958 1839 2000 1904 Β
2032 1807 2347 1880 nulliusque
2373 1811 2728 1864 auctoritatis
2759 1809 2939 1864 fuisse
2971 1812 3108 1862 ante
3143 1806 3559 1878 Nicephorum,
3613 1822 3682 1860 ex

2034 1897 2267 1953 Usserio
2288 1897 2501 1953 doceat
2518 1898 2770 1953 Dallaaus
2795 1914 2809 1964 ;
2842 1898 3086 1953 observo
3099 1912 3232 1952 eam
3257 1911 3459 1951 vocem
3475 1910 3685 1950 omnem

2030 2001 2149 2040 non
2192 2001 2321 2041 esse
2352 1986 2424 2041 ah
2455 1987 2828 2042 Armachano
2861 1991 3228 2057 usurpatam,
3260 1983 3366 2040 sed
3396 2000 3432 2039 a
3459 1983 3680 2038 Dallmo

2029 2075 2357 2146 adjectam;
2389 2083 2453 2131 ut
2483 2082 2542 2133 et
2573 2077 2695 2135 illa.
2724 2075 2936 2131 nullius
2963 2077 3340 2142 auctoritatis,
3373 2090 3505 2144 quae
3535 2073 3674 2128 inde

2024 2165 2249 2236 pariter
2277 2166 2534 2222 deducit.
2568 2168 2684 2239 Ego
2722 2166 2899 2221 aliter
2934 2164 3236 2221 Usserium
3275 2162 3582 2234 intelligo;
3617 2168 3675 2217 et

2024 2253 2124 2322 qui
2175 2255 2261 2309 sic
2308 2253 2797 2326 interpretantur,
2841 2255 3116 2310 fruantur
3157 2253 3245 2307 illi
3291 2252 3670 2306 excusatione

2022 2357 2201 2413 quam
2232 2345 2499 2415 cupiunt,
2532 2345 2638 2400 sed
2670 2345 2909 2400 interim
2929 2346 3121 2399 sciant
3155 2342 3507 2397 sententiam
3540 2356 3671 2396 eam

2017 2447 2134 2502 qua
2165 2435 2433 2489 excusari
2460 2434 2664 2490 volunt
2695 2451 2824 2491 esse
2855 2435 3228 2508 apertissime
3267 2432 3499 2488 falsam.

2088 2521 2250 2578 Hanc
2289 2528 2492 2578 tamen
2521 2523 2934 2580 defensionem
2960 2525 3038 2581 ab
3081 2522 3314 2579 Usserio
3344 2522 3670 2591 ingmiosis~

2011 2612 2147 2666 sime
2172 2617 2224 2665 et
2250 2613 2325 2666 ad
2354 2629 2572 2669 causam
2604 2630 2773 2685 quam
2804 2617 2922 2684 agit
2948 2613 3351 2685 appositissime
3385 2610 3663 2665 inventam

2009 2700 2205 2770 rejicit
2233 2701 2320 2755 vir
2347 2702 2746 2771 doctissimus,
2779 2702 2940 2774 quod
2968 2718 3081 2757 non
3096 2701 3355 2756 videatur
3381 2702 3513 2755 satis
3541 2715 3658 2752 cer-

2008 2794 2085 2842 ta.
2112 2791 2182 2843 Et
2208 2793 2343 2846 satis
2375 2791 2614 2862 quidem
2647 2798 2854 2847 certum
2911 2808 3032 2845 non
3085 2796 3194 2857 est,
3244 2788 3399 2844 ullas
3449 2788 3658 2860 lgnatii

2005 2880 2285 2949 epistolas
2314 2881 2712 2937 Stichomctria:
2761 2886 3063 2937 auctorem
3114 2881 3271 2935 inter
3318 2876 3656 2949 apocrypha

2001 2985 2370 3037 numerasse,
2404 2976 2469 3025 ut
2496 2971 2682 3026 voluit
2711 2970 3074 3035 Salmasius;
3105 2968 3295 3024 multo
3316 2968 3515 3022 minus
3546 2982 3654 3020 cer-

1999 3062 2115 3112 tum
2150 3064 2256 3125 est,
2282 3060 2437 3114 inter
2466 3061 2741 3132 pessimm
2762 3066 2916 3115 notua
2937 3059 3275 3131 apocrypha
3287 3057 3648 3128 reposuisse,

1999 3153 2068 3201 ut
2104 3147 2227 3201 vult
2257 3148 2510 3204 Dallaeus
2536 3166 2549 3217 ;
2578 3148 2684 3203 sed
2713 3149 2763 3204 si
2795 3150 2929 3219 quis
2967 3150 3093 3204 haec
3151 3148 3459 3209 concedat.
3507 3145 3651 3200 satis

2000 3236 2267 3307 profecto
2299 3243 2526 3293 certum
2559 3243 2668 3304 est,
2703 3254 2800 3293 cas
2831 3244 3074 3309 propter
3120 3237 3368 3293 aliarum
3426 3250 3649 3307 suppo-

1998 3324 2243 3380 sitiones
2280 3332 2338 3381 et
2368 3326 2628 3397 ipsarum
2670 3326 3182 3398 interpolationes,
3220 3331 3441 3380 tantam
3488 3324 3650 3395 igno-

1994 3415 2243 3470 miniam
2274 3432 2481 3487 passas
2512 3432 2660 3471 esse.
2694 3416 2938 3471 Constat
2967 3416 3126 3470 enim
3159 3414 3438 3485 epistolas
3467 3415 3642 3468 Euse-

1995 3502 2092 3559 bio
2124 3505 2276 3560 visas
2307 3521 2413 3576 per
2441 3506 2629 3561 multa
2660 3505 2880 3561 szecula
2907 3519 3141 3560 summa
3170 3504 3520 3559 auctoritate
3548 3502 3647 3556 ilo-

2000 3593 2234 3648 ruisse:
2269 3601 2502 3649 constat
2529 3601 2664 3650 ante
2696 3610 2923 3650 nonum
2964 3593 3251 3649 saeculum
3303 3591 3538 3647 easdem
3592 3595 3649 3646 et

1996 3682 2556 3755 interpolationihus
2585 3683 2850 3749 fmdatas,
2884 3689 2942 3738 et
2980 3681 3412 3756 adjectionibus
3441 3684 3644 3736 auctas

1994 3770 2222 3838 fuisse;
2256 3778 2488 3827 constat
2533 3773 2692 3828 alios
2716 3772 2901 3827 libros
2957 3773 3149 3843 primo
3198 3771 3459 3840 integros
3500 3768 3641 3823 dein

1995 3866 2304 3932 corruptos
2335 3862 2491 3917 inter
2521 3863 2858 3934 apocrypha
2887 3861 3055 3932 rejici
3087 3859 3293 3915 solitos
3328 3875 3341 3913 :
3392 3858 3441 3913 si
3467 3857 3645 3929 igitur

1980 3949 2084 4004 ihae
2102 3950 2366 4021 epistolas
2390 3967 2548 4006 nono
2580 3951 2681 4007 illo
2703 3950 2921 4006 saeculo
2940 3955 3223 4021 tanquam
3245 3947 3524 4004 omnibus
3546 3948 3649 4003 Ca-

1994 4038 2234 4094 tholicis
2262 4039 2515 4095 vitandae
2546 4046 3041 4112 proponerentur,
3076 4055 3206 4110 quea
3254 4040 3542 4094 hactenus
3569 4037 3642 4092 ab

1994 4128 2276 4184 omnibue
2309 4133 2433 4183 tum
2462 4129 2769 4184 catholicis
2798 4135 2925 4183 tum
2956 4128 3252 4183 haireticis
3283 4127 3518 4182 fuerant
3536 4143 3643 4181 're-

1993 4222 2200 4288 cepta),
2232 4217 2293 4272 id
2323 4217 2397 4272 ob
2444 4218 2633 4273 aliam
2681 4233 2945 4282 causam,
2994 4232 3172 4288 quam
3230 4216 3307 4271 ob
3362 4216 3644 4287 adjectio-

1990 4324 2100 4364 nes
2130 4307 2616 4380 cormptelasque
2675 4308 2805 4362 ﬁeri
2858 4320 2981 4363 non
3023 4307 3286 4379 potuisse
3334 4308 3468 4379 quis
3514 4323 3636 4362 non

1988 4398 2147 4453 videt
2165 4397 2194 4452 ?

2061 4489 2196 4543 Haec
2218 4492 2439 4557 tamen,
2462 4492 2777 4559 postquam
2812 4492 3115 4560 tantopere
3139 4488 3496 4552 laudaverat,
3520 4504 3636 4543 tne-

235 4571 557 4627 machanus
575 4570 780 4626 docuit
800 4587 921 4627 non
945 4572 1160 4628 mirum
1183 4575 1390 4643 esse,si
1420 4576 1687 4648 epistolae
1710 4579 1881 4650 Igna-
1912 4567 1959 4629 Ι)
1988 4583 2088 4650 gat
2115 4577 2396 4646 Dallmus,
2430 4577 2644 4649 primo,
2677 4578 2817 4648 quia
2856 4577 3043 4634 nullus
3076 4584 3171 4633 est
3216 4594 3403 4634 eorum
3454 4579 3632 4633 libro-

235 4659 321 4726 tii,
362 4660 695 4731 adjcctione
751 4660 1111 4731 spuriarum,
1156 4667 1216 4717 et
1260 4663 1818 4734 interpolationihus
1848 4685 1883 4724 a

234 4749 475 4816 pristina
494 4748 687 4803 forma
702 4747 1032 4804 immutatae
1056 4750 1117 4805 in
1138 4753 1613 4824 apocryphorum
1631 4772 1880 4812 numero

234 4842 694 4907 reponerentur:
730 4837 1236 4907 quemadmodum
1267 4841 1529 4897 Esther-ae
1557 4842 1882 4912 liber,licet

236 4925 304 4980 ab
328 4926 588 4981 Hebrmis
623 4931 920 4997 receptus,
951 4931 1151 4982 tamen
1177 4936 1425 5001 propter
1453 4932 1878 5002 additamenta,

239 5029 271 5067 a
297 5015 565 5070 lelitone
597 5014 903 5081 Sardensi,
936 5021 995 5070 et
1022 5017 1301 5089 Oregorto
1334 5019 1696 5078 Nazianzeno
1724 5023 1881 5079 inter

241 5119 427 5158 sacros
452 5104 641 5159 libros
697 5104 1042 5159 nominatus
1083 5120 1207 5161 non
1257 5112 1364 5170 est,
1424 5109 1497 5164 ab
1556 5111 1875 5168 Athanasio

235 5193 400 5247 etiam
433 5195 591 5248 inter
619 5194 843 5248 nothos
864 5194 1215 5250 nominatim
1247 5196 1532 5267 abjectus.
1562 5201 1874 5256 Verumta-

231 5296 358 5337 men
379 5284 427 5337 si
451 5282 739 5338 Dallaeum
759 5281 915 5336 bene
945 5284 1101 5351 novi,
1121 5300 1241 5339 non
1264 5292 1355 5341 est
1382 5287 1553 5356 nihil,
1587 5288 1744 5358 quod
1764 5292 1870 5345 Ar-

231 5372 489 5427 machani
521 5371 942 5427 defensionem
968 5376 1275 5444 tantopere
1300 5375 1528 5446 probat.
1560 5377 1687 5431 Non
1712 5378 1872 5434 enim

233 5459 345 5514 sine
372 5462 505 5515 dolo
540 5461 770 5523 laudat,
805 5475 983 5528 quam
1016 5460 1408 5519 sine'ratione
1451 5465 1667 5537 rejicit.
1723 5467 1874 5524 Lau-

221 5547 337 5616 dat,
364 5558 430 5605 ut
457 5553 915 5606 suos‘excuset:
950 5548 1167 5620 rejicit,
1198 5557 1267 5606 ut
1296 5560 1712 5623 argumentum
1750 5557 1868 5612 vim

225 5642 701 5698 suam'retineat:
723 5630 1170 5710 0.‘przeola‘ratni
1186 5641 1868 5719 Usserii’tlefensienem,

1988 4681 2138 4736 rum,
2180 4682 2313 4737 quos
2341 4667 2570 4721 damnat
2595 4666 2982 4738 Nicephorus,
3032 4667 3100 4722 de
3153 4682 3263 4737 quo
3309 4667 3531 4737 aliquid
3557 4669 3633 4722 si-

1980 4756 2118 4810 ‘mile
2140 4755 2256 4810 dici
2276 4757 2476 4825 possit.
2511 4755 2569 4810 Si
2600 4755 2713 4810 hoc
2742 4772 2944 4811 verum
2994 4762 3172 4823 esset,
3230 4756 3381 4811 nihil
3433 4761 3635 4810 tamen

1989 4844 2274 4912 efﬁceret,
2306 4846 2446 4916 quia
2471 4860 2593 4899 non
2625 4850 2715 4900 est
2743 4846 2950 4901 eadem
2981 4846 3248 4901 omnium
3278 4844 3637 4917 apocrypha-

1985 4948 2119 4988 rum
2150 4933 2324 5000 ratio,
2359 4938 2423 4988 ut
2452 4932 3019 4989 ante‘ostendimus:
3045 4934 3148 4989 sed
3170 4940 3259 4990 est
3287 4940 3488 5007 aperte
3523 4933 3630 4988 [αις

1987 5039 2141 5079 sum.
2172 5022 2320 5077 Ecce
2351 5023 2511 5077 enim
2541 5022 2604 5076 in
2634 5022 3025 5078 Stiehometria
3064 5023 3316 5095 legimus
3367 5019 3632 5093 ’Περίθδος

1985 5115 2214 5184 Πέτρου,
2269 5110 2464 5189 στίχου
2639 5114 2996 5168 Itineran‘um
3026 5115 3411 5180 Pen-iremus
3444 5114 3628 5176 2,700.

1985 5204 2104 5257 Hoc
2130 5202 2503 5256 itinerarium
2527 5217 2561 5255 a
2581 5200 2879 5257 Clemente
2900 5204 3166 5257 Romano
3187 5200 3632 5271 scriptum'fuis-

1984 5309 2045 5346 se
2077 5289 2399 5346 credebant
2422 5295 2668 5356 veteres,
2699 5290 2859 5344 unde
2879 5290 3137 5361 primum
3168 5290 3323 5345 inter
3351 5285 3630 5363 ἀντέλεγό-

1986 5399 2113 5452 μενα
2146 5378 2405 5451 positum
2437 5383 2546 5439 est,
2580 5377 2718 5432 dein
2748 5378 2906 5432 inter
2933 5379 3290 5451 apocrypha.
3315 5380 3627 5436 Rationem

1976 5469 2093 5540 ipsi
2125 5466 2532 5533 reddiderunt,
2567 5465 2724 5536 quod
2758 5467 2887 5538 ejus
2919 5468 3052 5522 libri
3082 5468 3356 5526 doctrina
3388 5469 3475 5526 ab
3500 5469 3625 5524 =il'la

1981 5574 2113 5632 quae
2144 5574 2177 5612 a
2208 5557 2510 5612 Clemente
2541 5554 2894 5625 tradita-est,
2928 5557 3449 5615 multumltian'd'em
3476 5559 3627 5613 -tlis-

1972 5646 2287 5720 ‘crepabat.
2309 5647 2435 5702 Non
2454 5644 2609 5719 quod
2639 5643 3005 5705 Clementem
3029 5661 3165 5709 eum
3194 5646 3625 5709 librumu‘mini-
