3990 6136
317 348 431 408 127

1376 343 1440 403 S.
1489 339 1874 402 IGNATIUS.
1925 369 1997 379 -
2039 329 2636 394 PROLEGOMENA.

3607 315 3722 378 128

313 495 408 532 me
439 477 749 548 scripsisse
782 477 1110 543 crederent,
1135 475 1237 531 sed
1269 474 1428 546 quod
1445 474 1516 530 ab
1548 472 1843 528 haereticis
1872 470 1960 524 in-

2085 463 2220 520 Βκτὼ
2253 457 2494 537 βιϐλίοις
2527 453 3099 534 προσπεφωνημέναι),
3125 456 3485 524 quostamen
3499 449 3724 522 pariter

318 567 675 638 terpolatum
708 566 973 637 adeoque
1006 571 1349 637 corruptum
1381 570 1678 634 putarent.
1718 566 1798 615 lta
1825 560 1960 631 Epi-

317 658 573 729 phanius
607 656 676 710 de
707 655 1037 710 Ebionaais:
1071 655 1316 727 Χρῶνται
1366 649 1423 706 δὲ
1469 651 1557 706 καὶ
1611 647 1807 708 ἄλλαις
1853 667 1962 702 τισι

321 742 564 820 βίϐλοις,
598 741 759 813 δῆθεν
814 749 932 806 ταῖς
991 740 1275 818 Περιόδοις
1330 740 1702 812 καλουμέναις
1761 737 1964 810 Πέτρον

315 837 434 898 ταῖς
476 830 566 885 διὰ
617 828 935 903 Κλήμεντος
977 830 1314 908 γραφείσαις,
1366 828 1704 890 νοθεύσαντες
1754 825 1849 898 μὲν
1897 822 1965 877 τά

317 919 368 975 ἐν
403 920 612 989 αὐταῖς,
645 917 805 993 ὀλίγα
835 917 892 973 δὲ
952 919 1184 990 ἀληθνὰ
1234 918 1502 979 ἐάσαντες.
1564 919 1705 974 Sunt
1763 922 1813 970 et
1863 914 1966 968 alii

318 1011 451 1065 libri
483 1012 680 1080 quibus
708 1017 967 1076 utuntur,
1006 1018 1059 1065 ut
1109 1011 1400 1065 Circuitus
1445 1008 1602 1064 Petri
1634 1025 1667 1061 a
1697 1007 1966 1062 Clemente

317 1102 530 1169 scripti,
567 1117 672 1169 quo
729 1103 788 1154 in
843 1102 1003 1167 libro,
1058 1103 1252 1169 paucis
1317 1102 1457 1153 veris
1513 1095 1723 1151 relictis
1770 1100 1967 1149 caetera

320 1196 742 1260 supposuerunt.
793 1190 958 1253 Quod
1005 1190 1184 1261 igitur
1236 1187 1539 1248 asseritur,
1595 1185 1809 1240 nullum
1860 1199 1968 1238 esse

321 1295 505 1333 eorum
538 1279 832 1342 librorum,
865 1295 998 1348 quos
1027 1279 1254 1332 damnat
1288 1275 1714 1332 Stichometriaa
1739 1277 1964 1338 auctor,

320 1368 386 1422 de
415 1384 524 1437 quo
551 1367 770 1438 aliquid
799 1368 980 1423 simile
1011 1368 1123 1422 dici
1155 1373 1337 1437 posset
1360 1385 1381 1431 ;
1439 1381 1560 1420 non
1607 1368 1696 1418 est
1737 1363 1967 1418 veritati

322 1465 811 1514 consentaneum.

393 1549 660 1602 Secundo
694 1548 1100 1603 defensionem
1133 1549 1584 1621 Usseriirejicit.
1618 1547 1776 1618 quod
1802 1547 1970 1617 putet

2070 553 2446 626 recipiendos
2477 549 2722 605 minime
2754 545 3057 616 putabant.
3095 545 3342 598 Necesse
3364 543 3561 611 itaque
3595 544 3726 594 erat

2070 651 2137 700 ut
2155 645 2547 699 admonerent
2563 636 3012 695 constitutiones
3037 633 3167 687 illas
3190 649 3317 687 esse
3340 629 3722 702 rejiciendas;

2073 734 2246 791 aliter
2270 731 2476 787 eadem
2501 745 2680 801 opera
2701 743 2834 781 cum
2861 723 3188 780 canonibus
3214 720 3557 792 apostolicis
3580 735 3726 773 con-

2073 824 2320 878 ﬁrmatas
2343 821 2613 875 fuissent.
2643 819 2714 870 At
2728 813 3183 870 constitutiones
3201 827 3300 865 eas
3314 815 3379 864 ut
3399 808 3591 880 primo
3622 807 3724 862 fic-

2073 919 2161 968 tas
2193 917 2249 967 et
2281 907 2690 980 supposititias
2737 904 2987 975 rejicere
3034 917 3153 956 non
3205 903 3546 971 potuerunt,
3607 895 3728 951 nisi

2076 999 2254 1057 simul
2285 1013 2540 1053 canones
2573 995 2890 1067 rejicerent
2922 990 3045 1063 (qui
3081 1006 3284 1044 earum
3317 992 3432 1042 tam
3479 985 3728 1040 honori-

2076 1090 2249 1144 ficam
2264 1086 2628 1142 mentionem
2643 1084 2916 1138 fecerant"
2931 1097 3099 1151 ,quos
3113 1077 3375 1134 stabilire
3393 1076 3725 1131 voluerant.

2075 1181 2147 1235 Ut
2173 1179 2350 1250 igitur
2387 1191 2645 1231 canones
2676 1172 3026 1238 retinerent,
3061 1175 3120 1223 et
3149 1166 3603 1223 constitutiones
3631 1181 3727 1219 re-

2075 1267 2418 1340 probarent,
2453 1263 2620 1335 quasi
2653 1261 2725 1316 ab
2756 1259 3037 1332 apostolis
3075 1257 3268 1330 primo
3298 1256 3545 1310 dictatas
3603 1258 3664 1308 et
3691 1269 3730 1308 a

2075 1357 2377 1412 Clemente
2411 1354 2661 1425 scriptas
2684 1351 2772 1422 (ut
2793 1365 3051 1405 canones
3074 1345 3492 1414 affirmabant),
3524 1342 3629 1398 sed
3652 1342 3729 1398 ab

2076 1446 2372 1502 haereticis
2404 1449 2611 1516 postea
2642 1444 2948 1510 corruptas
2980 1455 3078 1492 eas
3109 1437 3490 1491 damnarunt.
3561 1433 3731 1486 Hasc-

2079 1552 2194 1606 que
2229 1534 2428 1590 omnia
2458 1547 2594 1587 vera
2626 1546 2755 1584 esse
2787 1527 3044 1583 ostendit
3096 1527 3289 1596 ipsum
3329 1521 3733 1578 damnationis

321 1637 740 1709 Nicephorum,
765 1637 812 1691 si
840 1637 1167 1708 tgnatiana,
1186 1655 1307 1693 non
1338 1656 1444 1709 per
1484 1655 1544 1693 se
1575 1636 1831 1709 proprie,
1865 1632 1970 1689 sed

2085 1625 2453 1695 prommium.
2490 1615 2714 1686 Ἐπειδή
2750 1613 2792 1669 δ’
2825 1615 2875 1669 ἐν
2906 1615 3118 1674 τούτοις
3146 1617 3262 1674 τοῖς
3311 1609 3527 1665 κακόσιν
3580 1608 3730 1663 ἐντὲ-

323 1695 556 1781 tantum
590 1727 662 1782 ob
695 1695 964 1782 addititia
993 1733 1051 1781 et
1097 1695 1452 1799 in’terpol‘ota
1497 1695 1860 1792 damnasset,
1908 1723 1970 1777 id

2085 1712 2272 1768 ταλται
2307 1708 2558 1785 δέχεσθαι
2599 1709 2746 1780 ἡμᾶς
2801 1708 2907 1758 τῶν
2960 1701 3135 1757 αὐτῶν
3184 1701 3352 1775 ἁγίων
3403 1695 3732 1753 ἀποστόλων

324 1815 521 1885 ipsum
556 1815 779 1883 testari,
812 1832 1106 1887 suumque
1139 1816 1210 1871 de
1241 1791 1392 1872 libro
1424 1816 1564 1871 olim
1596 1815 1843 1886 probato
1868 1813 1968 1884 ju—

2085 1801 2167 1857 διὰ
2196 1799 2516 1874 Κλήμεντος
2549 1795 2832 1868 διατάξεις.
2886 1822 2904 1843 α
2943 1795 3232 1860 Quoniam
3284 1799 3482 1848 autem
3529 1792 3587 1846 in
3633 1791 3730 1844 his

2276 1892 2309 1904 II
2702 1893 2711 1904 ι
2873 1903 2896 1904 η
2953 1885 3036 1904 Lf,
3097 1890 3174 1904 _,1
3256 1889 3318 1904 __L
3387 1881 3724 1904 -______.I-—...

324 1903 543 1958 dicium
576 1903 890 1976 diligenter
920 1922 1168 1977 purgare
1201 1905 1498 1972 voluisse;
1533 1904 1690 1959 idem
1713 1903 1874 1958 enim
1907 1901 1970 1955 in

324 1994 858 2049 Constitutionibus
885 1995 1224 2066 apostolicis
1253 1995 1520 2050 fecerunt
1549 1993 1809 2049 Trullani
1861 1993 1972 2045 Pa-

327 2090 466 2138 tres.
500 2083 692 2137 Mirari
725 2083 870 2138 satis
900 2101 1020 2138 non
1051 2100 1291 2154 possum
1324 2084 1476 2138 hanc
1514 2083 1622 2136 viri
1646 2078 1973 2137 doctissimi

328 2167 767 2241 iniquissimam
800 2171 1282 2243 postulationem,
1315 2177 1397 2239 ut,
1460 2173 1706 2236 scilicet,
1757 2169 1976 2225 Sticho-

329 2263 536 2315 metrize
568 2267 776 2316 auctor
797 2279 1035 2317 causam
1060 2262 1438 2332 exprimeret,
1463 2278 1644 2332 seque
1663 2260 1978 2331 diligenter

334 2355 629 2419 purgaret,
663 2351 711 2404 si
745 2351 818 2405 ob
851 2368 978 2406 eam
1014 2367 1254 2406 causam
1287 2351 1592 2423 lgnatiana
1640 2351 1794 2404 inter
1845 2363 1981 2418 apo-

335 2439 556 2509 crypha
586 2440 894 2506 relegaret,
929 2458 1107 2510 quam
1139 2441 1325 2495 voluit
1371 2441 1659 2496 Usserius.
1711 2439 1767 2492 Si
1817 2438 1979 2492 enim

335 2532 454 2581 tam
481 2527 680 2583 nobile
712 2530 1083 2600 scriptum,et
1105 2530 1176 2585 ab
1207 2529 1486 2584 omnibus
1513 2535 1814 2599 receptum
1839 2544 1977 2582 con-

331 2616 613 2672 demnare
646 2618 847 2683 voluit,
887 2636 990 2673 cur
1015 2620 1166 2674 hanc
1195 2636 1317 2673 non
1349 2620 1567 2685 minus,
1596 2635 1774 2688 quam
1799 2617 1977 2671 aliam

331 2723 768 2778 quamcumque
801 2725 1060 2774 causam,
1095 2725 1270 2779 quam
1296 2707 1573 2762 habuisse
1601 2707 1980 2770 videatur,re-

333 2796 506 2850 ticere
527 2796 756 2866 potuit?
775 2798 1185 2853 Certissimum
1209 2803 1317 2861 est,
1349 2797 1559 2868 Ignatii
1575 2795 1851 2867 epistolas
1874 2811 1980 2865 per

332 2881 555 2953 aliquot
589 2884 806 2940 saacula
835 2891 970 2940 ante
1001 2901 1246 2949 nonum,
1282 2901 1398 2953 quo
1431 2883 1737 2954 scripsisse
1769 2899 1980 2938 censor

334 2971 430 3025 ille
455 2973 820 3042 perhibetur,
855 2980 978 3028 tum
1012 2974 1084 3027 ab
1134 2972 1410 3026 omnibus
1466 2971 1801 3038 Catholicis,
1855 2977 1977 3026 tum

334 3061 511 3114 etiam
534 3062 829 3116 haereticis
846 3062 1281 3132 receptissimas
1303 3060 1573 3127 fuisse,et
1590 3062 1744 3116 inter
1760 3061 1979 3131 scripta

333 3149 624 3204 catholica
655 3150 846 3220 primo
879 3151 1006 3205 loco
1032 3155 1396 3205 numeratas.
1420 3148 1477 3202 Si
1509 3149 1688 3221 igitur
1710 3151 1814 3204 has
1831 3167 1972 3204 con-

333 3238 637 3307 demnare,
671 3240 967 3310 simulque
993 3243 1232 3296 debitam
1261 3243 1568 3314 majoribus
1614 3241 1975 3294 reverentiam

335 3333 635 3397 przestare,
670 3334 726 3382 et
757 3330 1016 3400 seipsum
1051 3331 1350 3400 diligenter
1395 3349 1638 3402 purgare
1684 3329 1980 3395 voluisset,

336 3432 404 3470 eo
438 3417 622 3487 magis
663 3419 752 3472 sui
779 3418 992 3488 judicii
1023 3437 1262 3476 causam
1295 3421 1540 3475 reddere
1573 3419 1906 3482 tenebatur,
1934 3416 1982 3471 si

336 3511 401 3558 ut
425 3522 664 3575 prorsus
688 3509 1093 3578 supposititias
1113 3516 1171 3563 et
1193 3511 1359 3565 fictas
1381 3509 1748 3580 abjiciendas
1768 3509 1978 3579 potius,

339 3611 516 3664 quam
546 3596 932 3668 interpolatas
964 3602 1022 3652 et
1044 3605 1244 3653 auctas
1265 3598 1979 3669 respuendasjudicaret;

339 3683 725 3754 interpolatas
757 3685 915 3739 enim
949 3691 1007 3740 et
1037 3686 1266 3756 spurias
1296 3687 1467 3758 pauci
1498 3693 1641 3742 tunc
1670 3702 1738 3742 ac
1757 3684 1983 3740 moder-

340 3771 420 3836 ni,
457 3788 556 3826 eas
586 3779 783 3828 autem
816 3790 962 3844 quas
992 3775 1280 3846 genuinas
1311 3781 1612 3846 putamus,
1646 3780 1704 3830 et
1739 3773 1982 3846 plurimi

339 3866 400 3914 et
429 3861 809 3916 vetustissimi
843 3864 1328 3933 receperant.Sed
1349 3881 1553 3919 revera
1583 3871 1647 3919 ut
1667 3864 1983 3934 quisquam

337 3949 437 4019 qui
471 3949 799 4005 indiculum
835 3957 1062 4005 tantum
1098 3952 1215 4007 sive
1249 3951 1642 4025 ἀπαρίθμησιν,
1689 3959 1754 4008 ut
1801 3951 1985 4007 Graeci

339 4038 686 4108 loquuntur,
720 4040 972 4096 confecit
1002 4040 1290 4096 librorum
1321 4042 1744 4097 canonicorum
1767 4047 1826 4095 et
1853 4057 1984 4111 apo-

343 4127 723 4198 cryphorum,
766 4129 836 4184 de
870 4135 1082 4185 natura
1112 4129 1399 4186 librorum
1431 4147 1580 4201 quos
1611 4135 1838 4184 tantum
1872 4144 1986 4182 nu-

345 4223 551 4283 merat,
587 4217 934 4290 disputaret,
966 4227 1069 4275 aut
1097 4220 1169 4275 de
1200 4221 1400 4292 aliquo
1433 4221 1716 4292 peculiari
1743 4220 1984 4291 scripto,

344 4323 449 4360 cur
478 4324 545 4361 eo
578 4308 706 4362 loco
741 4312 1379 4379 poneretur,rationem
1400 4309 1988 4375 redderet,hactenus

346 4395 520 4466 plane
549 4397 882 4451 inauditum
915 4406 1022 4453 est.
1061 4399 1270 4470 Dispar
1298 4400 1475 4470 igitur
1499 4399 1673 4469 plane
1704 4399 1853 4454 ratio
1899 4404 1988 4453 est

341 4484 586 4539 canonis
627 4485 935 4556 Trulliani,
969 4493 1028 4540 et
1057 4487 1328 4554 lndiculi,
1384 4488 1502 4541 sive
1560 4487 1982 4543 Stichometriaz.

344 4575 432 4638 Ut,
468 4573 515 4628 si
548 4575 748 4627 Patres
781 4574 944 4629 illius
969 4575 1204 4629 concilii
1263 4592 1512 4646 purgare
1558 4593 1619 4631 se
1669 4576 1982 4641 voluerint,
2021 4560 2060 4622 ί)

341 4661 498 4718 idem
530 4663 707 4717 etiam
739 4663 811 4716 ab
843 4669 1080 4718 auctore
1107 4663 1284 4734 hujus
1301 4662 1552 4717 lndiculi
1579 4665 1749 4718 nobis
1779 4681 1980 4735 exspe-

341 4752 620 4808 ctandum
653 4768 772 4806 non
800 4753 894 4807 sit.
931 4752 1040 4806 Sed
1071 4768 1181 4807 nec
1213 4751 1362 4806 illud
1391 4768 1594 4806 verum
1617 4753 1876 4824 estquod
1893 4769 1979 4808 as-

342 4841 487 4895 serit
514 4840 790 4907 Dallseus,
818 4843 1021 4896 Patres
1079 4841 1408 4906 Trullanos,
1463 4841 1595 4895 ideo
1642 4842 1980 4911 rejectionis

338 4930 842 4984 Constitutionum
872 4929 1166 4984 rationem
1199 4928 1547 4996 reddidisse,
1580 4935 1644 4983 ut
1681 4930 1980 5000 judicium

337 5035 510 5073 suum
541 5019 1062 5091 purgarent,aliter
1091 5019 1250 5073 enim
1282 5019 1526 5072 omnino
1553 5035 1616 5072 se
1636 5035 1731 5072 res
1754 5019 1979 5088 habuit,

337 5108 495 5177 quod
529 5109 801 5176 ignorare
832 5108 1087 5163 Dallaaus
1118 5124 1238 5162 non
1272 5107 1482 5178 potuit.
1533 5109 1775 5178 Recepit
1833 5110 1982 5165 illud

339 5195 652 5250 concilium
678 5198 744 5249 85
768 5213 1028 5251 canones
1051 5195 1712 5266 apostolicos,tanquam
1734 5197 1805 5251 ab
1837 5198 1983 5269 ipsis

340 5286 625 5354 apostolis
657 5285 945 5341 dictatos:
975 5285 1249 5339 videbant
1279 5285 1339 5338 in
1378 5284 1590 5340 ultimo
1651 5302 1856 5341 eorum
1887 5304 1979 5342 ca-

342 5390 565 5430 nonum
588 5382 718 5431 octo
752 5376 937 5430 libros
957 5374 1454 5430 Constitutionum
1489 5375 1825 5430 confirmari
1860 5376 1985 5447 (nu-

344 5469 652 5520 merantur
673 5467 832 5519 enim
865 5466 1020 5519 inter
1051 5456 1242 5536 βιϐΛία
1269 5457 1536 5534 σεϐάσμια
1566 5465 1655 5516 καὶ
1687 5462 1836 5538 ἆγια,
1888 5464 1986 5518 ad-

342 5554 564 5610 duntur
593 5553 828 5624 scriptis
886 5553 1250 5624 apostolicis,
1307 5552 1443 5607 Novi
1497 5553 1878 5623 Testamenti,
1932 5554 1986 5607 at

344 5639 599 5721 δικταγαὶ
633 5641 760 5716 ὑμῖν
789 5646 907 5705 τοῖς
940 5639 1255 5703 ἐπισκόποις
1288 5637 1354 5696 δι’
1385 5641 1524 5715 ἐμοῦ
1556 5638 1876 5714 Κλήμεντος
1931 5639 1987 5702 ἂν

2079 1892 2406 1949 canonibus
2463 1893 2826 1961 praeceptum
2870 1885 3040 1939 nobis
3089 1890 3198 1945 est,
3256 1889 3322 1937 ut
3381 1881 3732 1937 eorumdem

2081 1985 2419 2036 sanctorum
2453 1977 2852 2048 apostolorum
2887 1989 2992 2044 per
3021 1972 3384 2026 Clementem
3436 1969 3739 2024 constitu-

2084 2070 2276 2124 tiones
2309 2067 2746 2138 susciperemus
2779 2087 2829 2124 ››,
2865 2069 2973 2118 etc.
3010 2064 3133 2116 Non
3167 2062 3342 2132 igitur
3373 2064 3498 2114 erat
3529 2075 3633 2112 cur
3659 2055 3738 2112 ab

2085 2158 2358 2230 exemplo
2391 2157 2636 2212 canonis
2667 2154 2902 2210 concilii
2944 2151 3228 2220 Trullani,
3276 2167 3409 2205 cum
3469 2147 3738 2203 indiculo

2085 2263 2398 2321 perperam
2431 2245 2650 2310 collati,
2687 2242 3095 2297 defensionem
3129 2241 3370 2308 Usserii,
3427 2244 3740 2309 tantopere

2087 2355 2122 2392 a
2152 2355 2213 2392 se
2246 2336 2565 2399 laudatam,
2599 2334 2878 2404 rejiceret
2908 2330 3182 2386 Dallmus.

2161 2445 2270 2502 Sed
2297 2443 2589 2516 quidquid
2619 2443 2716 2508 sit,
2748 2459 2858 2496 nec
2890 2440 3147 2496 auctoris
3185 2439 3605 2501 Stichometriw,
3630 2453 3751 2492 nec

2089 2535 2432 2606 interpretis
2463 2531 2761 2587 Anastasii
2805 2529 3144 2584 testimonia
3174 2528 3583 2584 auctoritatem
3612 2527 3752 2599 epi-

2089 2626 2374 2680 stolarum
2408 2623 2463 2677 S.
2491 2621 2701 2693 Ignatii
2754 2619 2841 2674 vel
2891 2618 3190 2672 tantillum
3236 2617 3532 2671 minuunt.
3582 2616 3747 2686 Nego

2091 2716 2249 2770 enim
2283 2715 2445 2768 illius
2476 2711 2760 2782 epistolas
2791 2710 2854 2763 in
2877 2709 2987 2763 hoc
3016 2707 3283 2762 Indiculo
3308 2706 3395 2760 vel
3417 2706 3744 2774 nominari,

2088 2804 2172 2859 vel
2205 2804 2394 2868 innui,
2418 2801 2507 2856 vel
2535 2801 2744 2871 quovis
2767 2798 2941 2854 modo
2964 2797 3492 2867 contineri.lgnatii
3516 2812 3744 2850 nomen

2087 2893 2286 2959 audio,
2319 2890 2598 2962 epistolas
2640 2906 2758 2943 non
2793 2888 2959 2959 lego:
2993 2886 3160 2941 video
3194 2886 3251 2939 in
3298 2885 3511 2940 Graacis
3558 2886 3748 2956 Ἰγνα-

2085 2981 2228 3049 τίου,
2263 2980 2324 3034 in
2358 2978 2578 3033 Latinis
2605 2978 2835 3046 Ignatii,
2869 2991 3062 3045 neque
3085 2973 3338 3044 amplius
3371 2973 3739 3044 quidquam:

2089 3071 2292 3126 volunt
2313 3067 2634 3122 Salmasius
2656 3071 2715 3119 et
2746 3064 2998 3120 Dallaaus
3020 3063 3226 3136 Ignatii
3256 3064 3459 3118 omnia
3487 3061 3744 3133 intelligi

2089 3163 2324 3220 debere.
2357 3161 2420 3215 Id
2447 3176 2582 3214 vero
2613 3158 2761 3213 mihi
2793 3174 2921 3213 esse
2953 3155 3183 3210 videtur
3213 3155 3285 3210 ab
3316 3154 3477 3209 omni
3508 3153 3746 3207 ratione

2089 3250 2540 3308 alienissimum.
2591 3247 2819 3302 Recitat
2867 3250 3074 3300 auctor
3115 3244 3298 3298 libros
3348 3243 3488 3297 Novi
3537 3243 3748 3296 Testa-

2087 3340 2271 3396 menti
2304 3338 2645 3400 canonicos,
2676 3335 2889 3390 dubios
2922 3341 2980 3389 et
3011 3333 3418 3404 apocryphos:
3465 3329 3750 3401 epistolas

2088 3447 2122 3484 a
2151 3430 2207 3484 S.
2241 3427 2489 3499 Ignatio,
2523 3426 2785 3480 instante
2848 3422 3157 3494 martyrio,
3215 3421 3485 3490 scriptas,
3535 3418 3624 3472 vel
3669 3417 3753 3472 ad

2091 3516 2442 3587 martyrium
2473 3513 2782 3568 festinanti
2813 3511 3172 3582 suppositas,
3197 3526 3306 3563 nec
3329 3509 3484 3562 inter
3506 3506 3755 3561 canoni-

2089 3624 2208 3672 cas,
2240 3621 2351 3660 nec
2381 3603 2612 3667 dubias,
2646 3619 2756 3658 nec
2785 3599 3153 3672 apocryphas
3184 3599 3508 3669 scripturas
3537 3612 3750 3651 nume-

2088 3696 2207 3752 rari
2240 3698 2397 3748 recte
2440 3692 2705 3763 potuisse
2761 3689 3076 3744 contendo.
3126 3688 3352 3743 Scimus
3383 3704 3418 3742 a
3465 3685 3749 3756 qualibus

2089 3786 2228 3841 viris
2251 3783 2515 3855 profecta
2537 3787 2675 3838 sunt
2697 3781 3075 3852 scripta,qua:
3098 3780 3156 3833 in
3183 3795 3415 3834 sacrum
3447 3794 3747 3833 canonem

2089 3873 2470 3943 recipiantur,
2503 3870 2748 3937 scilicet,
2791 3869 2880 3923 vel
2911 3868 2982 3923 ab
3016 3867 3318 3939 apostolis,
3354 3868 3405 3921 S.
3442 3867 3743 3936 Matthzeo,

2091 3965 2146 4018 S.
2177 3964 2426 4023 Joanne,
2455 3960 2511 4015 S.
2545 3957 2748 4024 Paulo,
2781 3959 2837 4012 S.
2871 3959 3065 4023 Petro,
3102 3962 3162 4011 et
3189 3957 3438 4011 fortasse
3488 3956 3543 4009 S.
3575 3957 3747 4010 Jaco-

2093 4051 2165 4104 bo
2197 4054 2373 4118 atque
2404 4048 2460 4102 S.
2493 4045 2662 4110 Juda,
2716 4044 2807 4098 vel
2859 4044 2930 4098 ab
2981 4042 3384 4114 apostolorum
3434 4042 3748 4112 discipulis
3835 4069 3840 4074 -

2092 4145 2269 4209 atque
2303 4134 2642 4198 comitibus,
2673 4133 2881 4188 eodem
2927 4134 3137 4203 spiritu
3189 4131 3429 4199 afﬂatis,
3462 4133 3515 4186 S.
3549 4133 3747 4188 Marco

2093 4233 2268 4298 atque
2297 4227 2352 4281 S.
2380 4225 2549 4279 Luca.
2577 4224 2656 4277 De
2688 4222 2760 4276 iis
2784 4239 2913 4292 quae
2937 4221 3044 4277 sub
3068 4219 3310 4276 nomine
3337 4220 3748 4292 apostolorum

2093 4317 2314 4387 scripta
2345 4319 2504 4381 sunt,
2537 4312 2856 4383 aliquando
2889 4311 3259 4378 dubitabant,
3294 4318 3352 4366 et
3380 4329 3541 4366 nunc
3567 4312 3753 4365 haesi-

2093 4411 2312 4471 tanter,
2343 4421 2504 4459 nunc
2533 4408 2734 4474 aperte
2767 4407 2826 4455 et
2856 4401 3209 4472 simpliciter
3240 4401 3609 4472 rejicieban't.
3661 4402 3750 4456 De

2093 4493 2164 4548 iis
2195 4510 2327 4563 quae
2350 4509 2386 4547 a
2410 4491 2720 4563 discipulis
2743 4496 2846 4544 aut
2871 4489 3186 4544 comitibus
3204 4489 3749 4560 apostolorum.qui

2091 4583 2235 4637 vivis
2261 4581 2543 4653 apostolis
2593 4579 2854 4634 defuncti
2907 4584 3064 4646 sunt,
3111 4578 3272 4633 edita
3317 4579 3498 4633 fuisse
3549 4579 3746 4648 primo

2090 4671 2475 4743 putabantur,
2508 4668 2858 4724 dubitabant
2879 4683 2953 4722 an
2975 4667 3047 4722 ab
3076 4668 3284 4722 eodem
3309 4668 3520 4738 spiritu
3544 4667 3745 4738 profe-

2091 4770 2185 4817 cta
2214 4763 2274 4815 in
2304 4758 2577 4814 eumdem
2605 4773 2894 4813 canonem
2926 4774 3059 4812 cum
3093 4756 3206 4811 illis
3238 4757 3292 4813 S.
3348 4758 3515 4812 Lucan
3563 4763 3744 4826 atque

2091 4851 2144 4905 S.
2180 4849 2357 4904 Marci
2388 4847 2572 4918 recipi
2596 4846 2898 4912 deberent,
2926 4851 2991 4900 ut
3021 4846 3091 4900 de
3123 4845 3449 4912 Clemente,
3475 4845 3750 4901 Barnaba

2093 4945 2151 4995 et
2173 4941 2388 4993 Herma
2403 4937 2596 5008 primo
2626 4937 2942 5007 quaesitum
2969 4940 3074 4990 est.
3099 4937 3312 4989 Postea
3339 4935 3519 4990 etiam
3543 4935 3751 5005 aliqua

2094 5027 2447 5082 dicebantur
2467 5025 2539 5080 ab
2565 5026 2710 5097 ipsis
2732 5024 3013 5095 apostolis
3035 5024 3274 5088 dictata,
3299 5029 3358 5078 et
3382 5041 3416 5078 a
3436 5024 3751 5095 discipulis

2094 5117 2216 5171 suis
2239 5133 2310 5170 ex
2341 5113 2746 5186 apostolorum
2779 5118 3072 5184 praacepto
3103 5113 3342 5183 scripta.
3377 5118 3436 5166 et
3482 5119 3617 5184 post
3648 5130 3753 5169 eo-

2094 5221 2226 5260 rum
2258 5207 2510 5258 mortem
2542 5202 2692 5256 forte
2727 5201 3040 5274 divulgata,
3083 5201 3154 5256 de
3177 5201 3392 5270 quibus
3423 5219 3665 5258 rursum
3689 5203 3754 5259 in

2093 5293 2358 5348 Ecclesia
2388 5290 2721 5346 dubitatum
2755 5296 2876 5358 est;
2913 5296 2971 5346 et
3000 5308 3072 5345 ex
3105 5290 3224 5345 illis
3256 5294 3363 5344 τῶν
3390 5288 3750 5364 ἀντιλεγομέ-

2093 5403 2196 5434 νων
2228 5387 2286 5436 et
2316 5384 2422 5433 τῶν
2457 5376 2784 5453 ἀποκρύφων
2838 5379 3086 5434 lndiculi
3137 5379 3390 5434 confecti
3444 5387 3603 5435 sunt.
3650 5381 3755 5436 llla

2095 5471 2274 5543 igitur
2301 5469 2542 5539 scripta,
2577 5484 2708 5537 quea
2753 5484 2890 5523 cum
2941 5468 3132 5538 primo
3183 5469 3572 5538 apparebant,
3618 5475 3751 5525 tan-

2098 5575 2272 5631 quam
2298 5559 2355 5613 S.
2386 5558 2705 5628 Scriptura
2726 5562 2924 5628 partes
2947 5555 3413 5626 accipiebantur,
3443 5557 3516 5611 ab
3535 5558 3756 5630 aliqui-

2097 5647 2208 5708 bus
2239 5651 2446 5720 postea
2491 5651 2723 5720 negata,
2779 5645 2936 5704 inter
2971 5642 3362 5720 ἀντιλεγόμινα
3414 5645 3746 5722 haaserunt,
