3990 6136
191 340 278 402 l29
985 349 1046 410 Ι.
1094 349 1242 409 ΡΕΑ
1259 345 1513 409 RSONll
1563 347 1933 409 VINDICIIE
1974 345 2450 408 IGNATIANE.
2498 383 2576 393 -—
2617 349 2820 410 PARS
2864 350 2908 412 Ι.
3561 355 3677 415 130

191 492 294 548 qua
323 474 396 530 ab
432 476 759 534 omnibus
795 497 835 536 a
895 496 1130 538 canone
1184 482 1423 554 rejecta,
1459 483 1521 537 in
1552 483 1904 555 apocryphis
1934 488 1990 555 Α
2021 479 2119 533 tici
2179 483 2280 533 aut
2333 479 2486 535 male
2517 480 2710 536 feriati
2741 482 3034 550 homines,
3065 486 3246 540 sacris
3279 487 3532 542 oraculis
3562 489 3671 543 mi-

193 566 694 623 numerabantur.
733 570 860 626 Illa
895 588 1200 643 vero,qum
1232 571 1306 627 ad
1338 573 1551 628 divinas
1584 572 1883 644 Scriptura

2017 567 2180 621 nime
2209 569 2494 636 contenti,
2527 569 2678 624 tales
2701 566 2931 644 διδαχάς
2982 577 3040 626 et
3097 568 3452 634 διδασκαλίας
3512 594 3668 633 com-

201 675 477 713 cauouem
512 676 874 732 nunquam
909 663 1277 735 aspirabant,
1309 680 1440 733 qua:
1461 663 1904 735 quamprimum

206 751 401 822 scripta
435 751 878 824 sunt.diuque
919 759 1152 826 postea,
1186 771 1305 808 non
1358 760 1424 808 ut
1453 756 1764 822 canonica,
1799 752 1898 809 sed

215 840 489 896 catholica
523 846 786 897 tantum
819 843 1494 915 recipiebantur,neque
1519 845 1675 898 inter
1698 841 1908 897 ἀντιλε-

221 930 422 1006 γόμενα,
455 947 668 1002 neque
706 931 888 986 inter
918 934 1259 1004 apocrypha
1315 933 1618 988 numerari
1669 933 1906 988 saeculis

227 1021 596 1092 sequentibus
632 1024 1160 1093 potuerunt.Cum
1184 1024 1363 1095 igitur
1385 1024 1908 1096 epistolm.S.lgna-

233 1115 286 1167 tii
313 1119 437 1184 post
458 1112 750 1167 omnium
779 1112 1198 1184 apostolorum
1222 1118 1573 1182 mortem,ex
1591 1114 1906 1168 occasione

235 1210 442 1258 tantum
470 1203 792 1275 martyrii,
857 1209 917 1257 et
949 1204 1010 1258 in
1051 1203 1263 1258 itinere
1295 1203 1490 1258 subito
1529 1204 1729 1259 effusa:
1765 1204 1905 1274 sint,

233 1293 826 1348 eumaChristianis
850 1310 960 1364 pro
1015 1293 1247 1364 scriptis
1306 1293 1496 1348 sancti
1557 1293 1666 1346 viri
1727 1297 1906 1363 atque

239 1383 498 1452 martyris
534 1381 978 1437 tantummodo
1010 1388 1404 1455 acceptaa,nec
1435 1399 1724 1453 unquam,
1747 1383 1907 1453 quod

236 1475 466 1540 scimus,
493 1474 560 1528 in
595 1473 878 1528 Ecclesia
902 1474 1073 1529 lectae
1097 1475 1444 1542 sint,nescio
1467 1474 1765 1545 quomodo
1787 1475 1907 1530 cui-

241 1580 408 1635 quam
439 1563 504 1617 in
537 1569 818 1618 mentem
842 1563 1044 1618 venire
1075 1564 1355 1635 potuerit,
1381 1569 1445 1618 ut
1474 1581 1572 1619 eas
1605 1564 1666 1618 in
1697 1581 1904 1620 nume-

237 1669 294 1705 ro
341 1653 840 1723 apocryphorum
873 1655 1012 1708 Novi
1045 1653 1405 1708 Testamenti
1440 1658 1803 1708 numeraret.

302 1743 456 1806 Quid
487 1742 970 1814 igitur,inquies,
994 1742 1133 1798 facit
1173 1742 1234 1797 in
1265 1742 1532 1797 lndiculo
1557 1742 1766 1815 lgnatii
1799 1760 1906 1797 no-

238 1848 370 1885 men
401 1831 428 1884 ?
485 1831 712 1886 Facilis
773 1837 834 1886 et
882 1832 1156 1903 expedita
1195 1832 1525 1902 responsio.
1558 1834 1685 1886 Non
1707 1833 1768 1886 in
1796 1833 1908 1887 hoc

237 1921 613 1985 tantum,sed
647 1928 706 1975 et
728 1922 790 1976 in
809 1920 927 1976 alio
948 1921 1216 1976 lndiculo
1240 1938 1459 1976 nomen
1483 1923 1690 1993 lgnatii
1714 1939 1909 1994 reper-

240 2011 401 2076 itur;
437 2017 500 2064 et
542 2027 691 2064 sane
750 2012 901 2064 ratio
953 2010 1181 2078 suadet,
1214 2009 1288 2064 ob
1342 2010 1613 2066 eamdem
1667 2028 1907 2067 causam

243 2099 527 2154 eumdem
573 2099 637 2153 in
687 2105 942 2170 utroque
971 2100 1288 2154 nominari.
1327 2100 1631 2155 lndiculus
1662 2100 1760 2155 ille
1791 2117 1904 2156 ms.

242 2196 432 2244 exstat
465 2190 631 2244 inter
660 2189 843 2244 libros
867 2190 1253 2245 Baroccianos
1302 2191 1363 2244 in
1397 2190 1763 2246 Bibliotheca
1793 2208 1904 2262 pu-

245 2279 395 2334 blica
426 2279 665 2345 Oxonii,
701 2279 772 2333 de
805 2296 921 2350 quo
969 2279 1200 2335 monuit
1253 2280 1546 2348 Usserius,
1605 2297 1902 2352 quemque

245 2385 353 2423 nos
384 2369 671 2424 vidimus.
706 2369 770 2422 In
803 2369 906 2422 illo
937 2369 1096 2422 inter
1117 2367 1372 2439 plurima
1429 2369 1768 2440 apocrypha
1797 2386 1903 2425 nu-

246 2465 560 2513 merantur
582 2453 814 2530 Διδαχαί
844 2461 951 2510 τῶν
983 2454 1327 2527 ἀποστόλων,
1387 2453 1717 2510 Δίδασκκλία
1747 2457 1900 2527 Κλή-

247 2569 461 2619 μεντος,
501 2547 764 2622 Ἰγνανίου
796 2544 1149 2602 Διδασκαλία.
1221 2549 1292 2604 Ut
1333 2554 1532 2603 autem
1591 2548 1754 2603 aliud
1811 2554 1902 2604 est

242 2635 586 2693 Διδασκαλίαι
623 2639 714 2693 vel
745 2636 957 2714 Διδαχή
992 2637 1505 2704 Clementis,aliud
1531 2638 1900 2708 epistola,ita

243 2735 296 2782 et
326 2729 562 2801 lgnatii.
602 2728 716 2783 Sed
741 2727 951 2783 eodem
973 2727 1146 2782 modo
1171 2727 1563 2799 supplendam
1586 2734 1644 2782 et
1672 2728 1894 2783 intelli-

243 2821 490 2890 gendam
532 2819 987 2874 Stichometriam
1019 2823 1283 2873 nostram
1331 2834 1547 2873 censeo
1583 2835 1594 2871 :
1647 2818 1894 2887 scilicet,

244 2904 450 2981 Διδαχή
513 2905 865 2974 ἀποστόλων,
923 2904 1237 2978 Κλήμεντος
1297 2902 1570 2980 (διδαχὴ),
1631 2907 1894 2980 Ἰγνατίου

239 2996 488 3077 (διδαχή,
523 3006 588 3055 ut
622 2999 726 3055 illa
746 3016 854 3054 vox
886 2993 1112 3071 διδαχή,
1146 2999 1313 3069 quasi
1344 2997 1449 3051 ἀπὸ
1471 3001 1657 3051 κοινοῦ
1690 2999 1891 3054 subin-

238 3089 726 3162 telligatur,quod
759 3088 1150 3160 scriptoribus
1179 3087 1458 3143 omnibus
1495 3105 1780 3159 perquam
1805 3088 1895 3143 fa-

239 3180 498 3234 milliare
532 3185 640 3233 est.
675 3182 866 3250 Atque
892 3179 974 3232 ita
995 3178 1141 3232 illud
1171 3172 1241 3232 λϐ
1273 3178 1560 3234 Clementi
1592 3178 1892 3249 adjectum

241 3223 497 3234 ..........-
534 3223 640 3233 νυ-.
675 3223 865 3250 .-.τη
893 3223 974 3232 ηε.
995 3223 1141 3232 -.-η
1172 3223 1238 3232 η-
1278 3223 1560 3234 -......-.--.
1592 3223 1892 3249 “ac”-..

238 3270 295 3322 in
319 3269 567 3336 Grmcis,
593 3273 651 3322 et
702 3267 776 3322 ab
827 3267 1136 3323 Anastasio
1198 3268 1684 3338 praetermissum,
1743 3223 1964 3322 nihilC

239 3360 401 3414 aliud
433 3360 824 3430 fueritquem
848 3359 1206 3414 abbreviatio
1231 3358 1429 3428 aliqua
1447 3357 1604 3413 vocis
1636 3351 1838 3430 διδαχή
1863 3373 1898 3411 a

235 3448 486 3503 librario
521 3449 766 3503 minime
800 3447 1104 3502 intellecta
1135 3453 1193 3502 et
1223 3447 1378 3502 male
1397 3447 1760 3518 depicta,aut
1785 3463 1893 3500 nu-

233 3556 436 3593 merus
471 3538 1032 3610 capitulorum,qua3
1051 3539 1111 3592 in
1133 3537 1236 3592 illa
1270 3535 1598 3591 Didascalia
1623 3534 1892 3590 contine~

234 3628 474 3682 bantur.
511 3629 584 3682 Ut
629 3629 995 3698 Coptitarum
1044 3625 1392 3693 Didascalia,
1447 3642 1626 3696 quam
1678 3624 1892 3680 factam

231 3717 479 3772 tradunt
506 3734 540 3771 a
571 3715 885 3772 duodecim
916 3716 1220 3787 apostolis,
1252 3730 1385 3770 cum
1418 3715 1468 3768 S.
1507 3713 1690 3768 Paulo
1724 3719 1781 3768 et
1804 3714 1894 3768 Ja-

230 3809 376 3862 cobo
409 3807 960 3876 Hierosolymorum
1001 3805 1302 3877 episcopo,
1335 3803 1676 3859 continebat
1697 3805 1763 3856 38
1794 3817 1892 3856 ca-

229 3896 439 3968 pitula,
490 3901 549 3950 et
599 3896 1016 3950 abbreviatura
1072 3894 1324 3949 solemni
1374 3893 1683 3948 dicebatur
1724 3893 1888 3960 Dask,

230 3984 744 4056 quemadmodum
781 4002 851 4039 ex
873 4001 984 4039 ms.
1010 3983 1208 4039 codice
1238 3983 1594 4038 Barocciano
1637 3986 1888 4038 constat.

232 4077 377 4129 Cum
411 4075 579 4130 enim
638 4075 698 4127 in
758 4073 944 4129 altero
992 4073 1258 4128 lndiculo
1314 4070 1576 4146 Ἰγνατίου
1634 4066 1889 4124 διδασκα-

233 4159 356 4215 λίαι
391 4163 466 4218 ad
492 4163 833 4234 apocrypha
861 4162 1163 4217 videamus
1193 4160 1692 4234 relegatam,quid
1725 4159 1887 4214 aliud

233 4259 321 4308 est
345 4253 512 4323 quod
544 4255 608 4307 in
641 4259 841 4307 nostro
863 4253 938 4308 ad
959 4269 1180 4306 nomen
1234 4249 1494 4324 Ἰγνατίου
1547 4249 1886 4305 subintelli-

231 4349 402 4413 gatur
435 4342 834 4414 (subintelligi
885 4342 1044 4396 enim
1093 4340 1319 4412 aliquid
1365 4340 1608 4395 omnino
1667 4339 1886 4415 debet),

231 4448 408 4500 quam
433 4427 640 4503 διδαχή
671 4449 684 4498 ;
714 4438 774 4486 et
803 4447 938 4486 cum
972 4425 1290 4483 διδασκακια
1323 4426 1640 4500 Κλήμεντος
1691 4429 1750 4483 in
1783 4429 1886 4483 illo

231 4521 708 4577 alterolndiculo
738 4519 1036 4592 praecedat
1067 4535 1195 4574 eam
1217 4519 1560 4588 lgnatii,cur
1589 4519 1684 4573 hic
1707 4518 1886 4574 etiam

2017 656 2202 710 menti
2239 662 2396 711 sunt.
2434 658 2572 722 Qum
2601 659 2752 713 nulli
2782 665 2942 714 certo
2975 663 3298 732 apostolico
3333 665 3456 719 viro
3489 668 3668 722 ascri-

2014 743 2287 814 bebatur,
2310 745 2467 801 dicta.
2499 753 2590 801 est
2619 742 2824 824 διδαχή
2850 749 2940 804 vel
2971 745 3295 805 διδασκαλία
3319 752 3665 823 ἀποστόλων,

2015 849 2148 902 quas
2162 834 2233 888 ab
2251 835 2448 905 aliquo
2471 837 2874 908 apostolorum
2890 838 3180 910 discipulo
3197 844 3414 914 scripta
3431 845 3669 916 putaba-

2015 923 2270 994 tur,ejus
2302 940 2521 978 nomen
2552 941 2671 995 pra)
2697 942 2758 981 se
2781 926 3027 997 ferebat,
3060 927 3487 1000 υιζόιδασκαλία
3521 933 3669 1003 Κλή-

2022 1011 2347 1081 μεντος,νθι
2379 1008 2468 1064 διά
2500 1011 2846 1084 Κλήμεντος,
2897 1033 3028 1086 quae
3060 1020 3326 1074 omnium
3358 1022 3536 1093 hujus
3567 1039 3656 1095 ge.

2016 1100 2177 1153 neris
2199 1101 2614 1171 antiquissima
2641 1102 2988 1159 videtur.Ad
3007 1107 3182 1178 hujus
3201 1115 3396 1164 autem
3420 1113 3668 1168 formam

2015 1187 2228 1241 emota;
2256 1193 2393 1242 sunt
2415 1195 2472 1242 et
2503 1189 2634 1244 alias
2658 1192 2997 1261 complures
3021 1194 3266 1250 diversis
3310 1199 3542 1252 saeculis
3565 1216 3662 1254 ex.

2020 1277 2288 1348 cogitata:
2310 1283 2488 1348 atque
2548 1278 2864 1351 evulgataa;
2895 1287 2960 1336 ut
3018 1279 3340 1337 διδασκαλία
3383 1286 3665 1360 Ἰγνατίου,

2021 1375 2093 1428 de
2127 1391 2244 1444 qua
2275 1374 2554 1445 diximus,
2578 1383 2638 1431 et
2667 1373 2992 1432 διδασκαλία
3022 1376 3111 1434 διὰ
3143 1381 3490 1456 Ἱππολύτου,
3515 1405 3666 1444 non-

2016 1462 2158 1518 dum
2185 1479 2221 1517 a
2252 1464 2531 1535 quopiam
2553 1465 2881 1531 observata,
2903 1486 3079 1540 quam
3113 1472 3172 1526 in
3204 1474 3402 1530 codice
3436 1493 3544 1532 ms.
3580 1479 3666 1532 bi-

2016 1550 2327 1605 bliothecae
2359 1552 2710 1608 Oxoniensis
2740 1555 2922 1610 latere
2959 1563 3260 1617 testamur.
3287 1565 3484 1634 Neque
3508 1566 3666 1621 enim

2015 1638 2284 1708 deerant,
2346 1642 2444 1710 qui
2496 1642 2873 1714 Hippolytum
2934 1647 3076 1718 ipsis
3132 1656 3337 1705 notum
3383 1655 3664 1724 apostolis

2015 1727 2425 1799 praedicarent.
2463 1731 2612 1794 Quin
2646 1733 2898 1787 ettalem
2931 1730 3166 1812 διδαχὴν
3201 1739 3376 1794 etiam
3401 1742 3456 1797 S.
3491 1743 3665 1814 Poly-

2017 1833 2195 1887 carpo
2227 1817 2572 1874 attributam
2621 1821 2801 1877 fuisse
2861 1840 2981 1878 non
3037 1827 3260 1884 dubito.
3295 1830 3458 1886 Tales
3498 1839 3669 1888 erant

2021 1906 2350 1976 antiquitus
2377 1908 2856 1982 evulgataa,quasi
2887 1913 2960 1967 ab
2983 1917 3267 1985 apostolis
3287 1919 3562 1976 derivata:
3595 1918 3670 1975 δι-

2021 1991 2186 2067 δαχαί
2219 2001 2395 2067 atque
2429 1993 2714 2066 διατάξεις.
2750 2003 2987 2068 Nam,ut
3017 2011 3174 2061 recte
3206 2009 3262 2062 S.
3317 2011 3664 2082 Chrysosto-

2019 2100 2176 2152 mus,
2206 2087 2312 2137 τῶν
2346 2086 2677 2161 πραγμάτων
2708 2089 2777 2142 τὰ
2807 2089 2898 2160 μὲν
2941 2087 3290 2156 διδασκαλίας
3349 2093 3540 2165 δεῖται,
3598 2101 3664 2154 τὰ

2025 2169 2084 2226 δε
2113 2171 2400 2250 ἐπιταγῆς,
2432 2179 2564 2234 alia:
2593 2195 2676 2234 res
2723 2181 3008 2250 docentur,
3042 2184 3171 2240 aliae
3194 2188 3551 2245 mandantur.
3583 2193 3664 2246 Ex

2025 2263 2139 2317 illis
2169 2263 2528 2335 didascaliaa,
2564 2285 2632 2322 ex
2665 2269 2757 2323 his
2807 2273 3261 2330 constitutiones
3316 2278 3666 2347 prodierunt

2014 2353 2134 2408 sive
2166 2349 2427 2422 διατάξεις
2459 2362 2524 2410 ιιι
2555 2357 2610 2412 S.
2645 2360 2883 2429 Paulus,
2918 2363 2940 2414 Ι
2971 2364 3099 2417 Cor.
3157 2381 3254 2432 vn,
3289 2369 3353 2420 17
3398 2385 3412 2422 :
3471 2369 3662 2431 Οὕτως

2014 2438 2066 2494 ἐν
2129 2446 2250 2498 ταῖς
2293 2442 2648 2513 Ἐκκλησίαις
2701 2448 2896 2510 πάσαις
2969 2447 3352 2526 διατάσσομαι,
3440 2465 3499 2514 et
3579 2478 3657 2532 χι,

2013 2533 2116 2586 34;
2152 2531 2234 2587 Τὰ
2266 2529 2322 2586 δὲ
2353 2531 2542 2603 λοιπὰ,
2569 2535 2644 2596 ὡς
2674 2533 2733 2589 ἄν
2764 2534 2930 2607 ἔλθω,
2964 2537 3306 2615 διατάξομαι.

2083 2641 2153 2695 Ut
2209 2641 2388 2712 hujus
2434 2642 2863 2700 observationis
2917 2653 3133 2704 nostra)
3165 2654 3380 2709 veritas
3410 2656 3659 2714 ulterius

2007 2730 2436 2791 innotescat,ex
2466 2732 2559 2785 his
2589 2733 2834 2789 diversis
2860 2736 3197 2794 didascaliis
3223 2752 3397 2812 atque
3427 2748 3645 2801 consti-

2009 2820 2357 2884 tutionibus,
2394 2821 2576 2876 libros
2609 2828 2739 2878 octo
2772 2825 3271 2884 Constitutionum
3296 2834 3646 2902 apostolica-

2003 2927 2159 2978 rum,
2193 2928 2340 2980 quos
2370 2927 2528 2966 nunc
2552 2912 3167 2980 habemus,conlectos
3197 2926 3374 2993 atque
3408 2941 3646 2981 consar-

2003 2999 2215 3055 citatos
2260 3001 2464 3069 fuisse,
2523 3018 2788 3058 asserere
2837 3021 2957 3061 non
3013 3007 3239 3064 dubito.
3284 3013 3440 3068 Duos
3470 3014 3648 3087 hujus

2003 3090 2200 3161 operis
2232 3089 2434 3145 titulos
2464 3093 2710 3163 reperiri
2740 3093 3003 3150 fatentur
3031 3098 3138 3152 viri
3171 3099 3349 3168 docti,
3391 3121 3646 3174 quorum

2007 3195 2161 3234 unus
2189 3177 2468 3254 Διαταγαί,
2503 3180 2652 3235 alter
2684 3181 2966 3250 Καθολική
3019 3181 3359 3245 διδασκαλία.
3417 3195 3648 3250 Utrius-

2006 3284 2119 3338 que
2151 3285 2306 3339 saape
2332 3269 2394 3322 in
2427 3269 2568 3340 ipsis
2592 3269 2761 3325 libris
2782 3275 3005 3329 mentio
3030 3276 3181 3343 fit,et
3208 3285 3372 3336 vetus
3405 3284 3650 3355 Epipha-

2005 3357 2089 3411 nii
2117 3357 2526 3412 testimonium
2557 3358 2769 3413 haaresi
2800 3363 2868 3414 80
2915 3363 3272 3436 suffragatur
3302 3387 3314 3423 :
3377 3370 3472 3424 Καὶ
3523 3371 3649 3446 περὶ

2009 3444 2105 3516 μὲν
2137 3443 2226 3497 οὗν
2260 3449 2357 3498 τοῦ
2406 3445 2617 3520 γενείου
2652 3445 2707 3500 ἐν
2737 3453 2856 3510 ταῖς
2882 3450 3158 3521 Διατάξεσι
3189 3459 3294 3510 τῶν
3324 3443 3650 3514 ἀποστόλων

2004 3534 2193 3612 φάσκει
2219 3533 2247 3586 ὁ
2281 3538 2422 3596 θεῖος
2465 3532 2633 3609 λόγος
2663 3535 2752 3588 καὶ
2783 3537 2817 3600 ἡ
2855 3533 3198 3596 διδασκαλία.
3245 3547 3310 3600 Et
3360 3549 3427 3602 de
3481 3551 3650 3605 barba

2005 3623 2227 3694 quidem
2258 3626 2316 3677 in
2345 3625 2837 3681 Constitutionibus
2861 3631 3234 3697 apostolorum
3266 3624 3513 3704 loquitur
3567 3638 3652 3692 di-

2001 3716 2160 3768 vinus
2189 3730 2362 3768 sermo
2402 3720 2453 3767 et
2474 3717 2745 3769 doctrina.
2778 3717 2865 3770 Ita
2894 3717 3015 3784 ille,
3048 3720 3226 3776 verba
3270 3724 3458 3778 citans
3517 3743 3648 3795 quas

2001 3819 2160 3857 nunc
2189 3802 2570 3872 reperiuntur
2600 3803 2702 3857 lib.
2728 3820 2767 3870 ι,
2802 3821 2930 3876 cap.
2964 3809 3016 3872 3,
3058 3809 3228 3880 cujus
3281 3811 3415 3866 libri
3475 3815 3645 3869 initio

2001 3891 2225 3946 dictum
2256 3897 2344 3945 est
2375 3906 2388 3944 :
2424 3888 2716 3944 Ἀγοῦσατε
2755 3887 3074 3947 διδασκαλία
3105 3895 3273 3971 ἱεράν.
3311 3901 3417 3957 illa
3443 3909 3642 3958 autem

1997 3977 2266 4046 καθολικὴ
2301 3975 2622 4033 διδασκαλία
2660 3983 2925 4036 omnium
2953 3983 3439 4045 disdascaliarum
3471 3993 3644 4047 colle-

2000 4070 2258 4124 ctionem
2289 4068 2575 4122 denotare
2604 4068 2956 4126 videturllai
2981 4081 3178 4129 autem
3201 4077 3536 4135 didascaliae
3560 4081 3646 4134 di-

1997 4159 2183 4213 versis
2216 4156 2600 4228 temporibus,
2625 4163 2683 4211 et
2714 4157 2960 4214 diversis
2993 4162 3170 4217 etiam
3202 4167 3479 4222 Ecclesiaa
3511 4186 3642 4240 par-

1999 4247 2178 4310 tibus,
2207 4245 2307 4300 ubi
2339 4243 2633 4299 distincta;
2693 4251 2861 4300 erant
2899 4249 3248 4307 traditiones
3280 4257 3642 4326 apostolicae,

1998 4333 2632 4407 scriptaa,occasionem
2665 4334 2956 4390 dederunt
2975 4342 3438 4398 consarcinatori
3458 4347 3646 4402 multa

1997 4423 2351 4480 immutandi
2383 4421 2925 4494 interpolandique,
2949 4431 3015 4480 ut
3053 4431 3252 4485 omnia
3284 4432 3468 4505 ipsius
3521 4454 3641 4492 mvo

1997 4515 2210 4570 melius
2234 4512 2595 4584 quadrarent
2619 4528 2630 4564 :
2652 4514 3155 4582 quemadmodum
3177 4529 3423 4593 apparet
3441 4527 3644 4596 praeci-

235 4609 555 4680 Κλήμεντος
589 4607 793 4682 διδαχή
829 4627 950 4665 non
979 4615 1134 4664 recte
1165 4607 1890 4680 intelligatur,prwsertim
1923 4608 1964 4672 Ι)
1998 4620 2113 4674 pue
2144 4619 2214 4656 ex
2244 4602 2336 4671 iis,
2372 4617 2502 4672 quae
2535 4600 2897 4671 Epiphanius
2929 4605 3147 4675 citavit,
3171 4625 3205 4663 a
3235 4613 3453 4668 nostris
3485 4631 3634 4669 non-

240 4717 364 4755 cum
399 4701 701 4773 praecedat
733 4702 793 4755 in
824 4701 954 4766 hoc,
990 4706 1056 4755 ut
1089 4700 1148 4754 in
1178 4699 1388 4766 altero,
1414 4694 1622 4772 Διδαχή
1657 4697 1884 4752 ἀποστό-

241 4787 360 4846 λων.
393 4793 580 4846 Tanta
613 4797 703 4845 est
728 4791 786 4844 in
811 4795 1061 4860 utroque
1092 4787 1360 4843 lndiculo
1383 4787 1457 4843 ad
1488 4788 1641 4842 hanc
1697 4787 1883 4842 inter.

242 4883 628 4948 pretationem
661 4879 1062 4934 roborandam
1095 4877 1474 4948 conspiratio.

307 4971 451 5034 Quin
482 4977 654 5024 etres
687 4969 816 5040 ipsa
845 4967 1006 5022 idem
1055 4967 1298 5022 omnino
1329 4966 1500 5021 docet
1553 4965 1877 5020 Observan-

245 5057 372 5112 dum
396 5060 553 5113 enim
584 5064 695 5122 est,
728 5057 934 5128 plures
966 5055 1104 5111 olim
1128 5055 1426 5110 exstitisse
1459 5050 1712 5126 διδαχάς,
1763 5055 1880 5110 sive

242 5139 610 5216 διδασκαλίας,
643 5147 817 5218 quasi
849 5145 923 5202 ab
956 5145 1236 5216 apostolis
1266 5143 1656 5217 profectas,et
1686 5145 1777 5199 vel
1807 5145 1880 5200 ab

241 5234 373 5305 ipsis
404 5237 675 5310 scriptas,
710 5235 799 5291 vel
830 5241 993 5290 certe
1041 5235 1178 5290 viris
1235 5233 1578 5306 apostolicis
1609 5233 1876 5302 dictatas,

238 5331 290 5377 et
309 5327 375 5381 ab
396 5329 512 5382 illis
544 5327 655 5383 sub
680 5323 1087 5398 apostolorum
1120 5323 1363 5378 nomine
1390 5326 1658 5378 exaratas
1689 5328 1745 5376 et
1774 5323 1880 5377 Ec-

236 5412 408 5470 clesiae
441 5414 1074 5473 commendatas.Cum
1095 5413 1254 5467 enim
1285 5428 1454 5467 voces
1477 5405 1680 5486 διδαχή
1706 5415 1765 5465 et
1793 5408 1878 5464 δι-

238 5497 485 5560 δυκαλία
541 5502 1040 5578 frequentissime
1099 5502 1158 5555 in
1190 5504 1342 5556 Novo
1374 5502 1748 5555 Testamento
1779 5517 1879 5556 oc-

235 5606 542 5666 currerent,
598 5601 664 5650 ut
719 5587 931 5663 διδαχή
983 5587 1207 5662 Κυρίου,
1267 5585 1470 5662 διδαχὴ
1527 5585 1874 5655 ἀποστόλων,

225 5676 531 5738 διδετκτλίπ
561 5686 661 5738 τοῦ
703 5684 996 5750 Σωτῆρος,
1027 5673 1352 5732 ὃιδασκαλῖα
1384 5673 1628 5745 Παύλου,
1688 5677 1877 5734 Ῐιαπθ-

1989 4720 2297 4774 nunquam
2331 4702 2828 4772 discrepantiam
2859 4704 2921 4758 in
2957 4710 3353 4768 vetustissima
3397 4715 3639 4780 diataxi,

1989 4811 2119 4864 quas
2145 4791 2456 4863 Epiphanii
2482 4807 2601 4846 aavo
2622 4791 2944 4857 exstitit,de
2963 4796 3314 4855 celebrando
3337 4803 3639 4870 Paschate,

1991 4883 2384 4938 constitutum
2416 4879 2562 4934 fuit:
2597 4877 2781 4950 Ὑμεῖς
2816 4881 2892 4950 μή
2925 4883 3209 4956 ψηφίζετε,
3258 4887 3405 4942 ἀλλὰ
3434 4896 3641 4944 ποιεῖτε

1991 4971 2115 5024 ὅταν
2169 4968 2221 5024 οἱ
2278 4964 2505 5044 ἀδελφοὶ
2568 4967 2721 5038 ὑμῶν
2757 4967 2808 5020 οἱ
2841 4967 2900 5023 ἐκ
2929 4981 3256 5046 περιτομῆς,
3303 4979 3419 5048 μετ’
3462 4975 3635 5033 ointh

1992 5059 2102 5132 ἅμα
2133 5061 2368 5112 ππιεῖτε.
2410 5059 2514 5112 Vos
2543 5057 2767 5111 calculis
2798 5059 2950 5114 haud
3009 5063 3252 5131 utimini,
3283 5066 3378 5120 sed
3405 5083 3467 5120 eo
3497 5073 3634 5121 tem-

1982 5167 2126 5221 pora
2156 5149 2420 5205 celebrate
2447 5162 2554 5215 quo
2583 5149 2788 5212 fratres
2808 5151 2975 5203 vestri
3002 5155 3100 5220 qui
3129 5169 3198 5206 ea:
3225 5155 3634 5214 circumcisione

1978 5239 2310 5310 prodierunt
2345 5253 2357 5289 :
2387 5251 2507 5289 cum
2538 5237 2602 5289 iis
2636 5237 2800 5289 simul
2828 5239 3038 5294 Pascha
3081 5245 3353 5310 peragite.
3390 5243 3633 5302 Videtur

1984 5328 2162 5399 igitur
2191 5326 2317 5378 haec
2346 5321 2598 5377 diataxis
2628 5322 3130 5397 facta,antequam
3162 5330 3304 5385 urbs
3358 5333 3631 5392 Hieroso-

1986 5415 2274 5488 lymitana
2310 5411 2382 5467 ab
2411 5410 2668 5464 Adriano
2701 5419 3224 5475 everteretur.Post
3253 5421 3406 5478 hanc
3435 5429 3634 5481 autem

1985 5503 2272 5569 diataxin,
2299 5499 2519 5572 prodiit
2549 5497 2687 5554 alibi
2719 5519 2910 5559 canon
2951 5506 3059 5560 sub
3091 5512 3495 5579 apostolorum
3525 5532 3636 5570 no-

1988 5595 2149 5650 mine
2177 5592 2275 5663 qui
2295 5605 2453 5645 nunc
2488 5589 2780 5660 septimus
2801 5591 3053 5650 habetur
3081 5613 3093 5650 :
3120 5593 3189 5652 Et’
3213 5619 3294 5660 τις
3315 5597 3630 5664 inimcoqu

1985 5683 2020 5752 ἢ
2053 5674 2440 5756 πρεσϐύτερος,
2471 5676 2506 5746 ἢ
2540 5673 2788 5742 διάκονος
2821 5681 2918 5750 τήν
2951 5682 3106 5759 ἁγίαν
3137 5692 3232 5741 τοῦ
3267 5690 3456 5765 Ιιάσχα
3486 5692 3629 5763 ἡμε-
