  <div class='ocr_page' id='page_1' title='image "/cluster/home/n/w/nwhite01/storage/ocr_20150623/5/mdp.39015015401063/079.png"; bbox 0 0 3990 6136; ppageno 0'>
   <div class='ocr_carea' id='block_1_1' title="bbox 290 345 399 405">
    <p class='ocr_par' dir='ltr' id='par_1_1' title="bbox 290 345 399 405">
     <span class='ocr_line' id='line_1_1' title="bbox 290 345 399 405; baseline 0.018 -2"><span class='ocrx_word' id='word_1_1' title='bbox 290 345 399 405; x_wconf 72' lang='grc'><strong><em>131</em></strong></span> 
     </span>
    </p>
   </div>
   <div class='ocr_carea' id='block_1_2' title="bbox 1349 314 2654 387">
    <p class='ocr_par' dir='ltr' id='par_1_2' title="bbox 1349 314 2654 387">
     <span class='ocr_line' id='line_1_2' title="bbox 1349 314 2654 387; baseline -0.007 -1"><span class='ocrx_word' id='word_1_2' title='bbox 1349 324 1409 387; x_wconf 90' lang='lat' dir='ltr'><strong><em>S.</em></strong></span> <span class='ocrx_word' id='word_1_3' title='bbox 1460 320 1858 385; x_wconf 81' lang='lat' dir='ltr'><strong><em>IGNATIUS.</em></strong></span> <span class='ocrx_word' id='word_1_4' title='bbox 1907 348 1984 362; x_wconf 88' lang='lat'><strong><em>—-</em></strong></span> <span class='ocrx_word' id='word_1_5' title='bbox 2024 314 2654 379; x_wconf 74' lang='lat' dir='ltr'><strong><em>PROLEGOMENA.</em></strong></span> 
     </span>
    </p>
   </div>
   <div class='ocr_carea' id='block_1_3' title="bbox 3586 307 3700 367">
    <p class='ocr_par' dir='ltr' id='par_1_3' title="bbox 3586 307 3700 367">
     <span class='ocr_line' id='line_1_3' title="bbox 3586 307 3700 367; baseline 0.009 -1"><span class='ocrx_word' id='word_1_6' title='bbox 3586 307 3700 367; x_wconf 86' lang='lat'><strong><em>132</em></strong></span> 
     </span>
    </p>
   </div>
   <div class='ocr_carea' id='block_1_4' title="bbox 292 443 1933 550">
    <p class='ocr_par' dir='ltr' id='par_1_4' title="bbox 292 449 1933 550">
     <span class='ocr_line' id='line_1_4' title="bbox 292 449 1933 550; baseline -0.015 -21"><span class='ocrx_word' id='word_1_7' title='bbox 292 495 387 550; x_wconf 87' lang='grc' dir='ltr'><strong><em>ραν</em></strong></span> <span class='ocrx_word' id='word_1_8' title='bbox 419 472 524 547; x_wconf 79' lang='grc' dir='ltr'>πρὸ</span> <span class='ocrx_word' id='word_1_9' title='bbox 552 476 653 538; x_wconf 81' lang='grc' dir='ltr'><strong><em>τῆς</em></strong></span> <span class='ocrx_word' id='word_1_10' title='bbox 722 465 940 541; x_wconf 70' lang='grc' dir='ltr'>ἐαρινῆς</span> <span class='ocrx_word' id='word_1_11' title='bbox 992 460 1279 535; x_wconf 76' lang='grc' dir='ltr'><strong><em>ἰσημερίας</em></strong></span> <span class='ocrx_word' id='word_1_12' title='bbox 1315 455 1450 529; x_wconf 76' lang='grc' dir='ltr'><strong>μετᾶ</strong></span> <span class='ocrx_word' id='word_1_13' title='bbox 1499 449 1782 512; x_wconf 81' lang='grc' dir='ltr'><strong><em>Ἰουδαίων</em></strong></span> <span class='ocrx_word' id='word_1_14' title='bbox 1813 449 1933 506; x_wconf 70' lang='grc' dir='ltr'><strong><em>ἑπι-</em></strong></span> 
     </span>
    </p>
   </div>
   <div class='ocr_carea' id='block_1_5' title="bbox 2052 443 3691 550">
    <p class='ocr_par' dir='ltr' id='par_1_5' title="bbox 2052 443 3691 550">
     <span class='ocr_line' id='line_1_5' title="bbox 2052 443 3691 518; baseline -0.01 -11"><span class='ocrx_word' id='word_1_15' title='bbox 2052 468 2160 507; x_wconf 88' lang='lat' dir='ltr'><strong><em>ms.</em></strong></span> <span class='ocrx_word' id='word_1_16' title='bbox 2185 451 2387 506; x_wconf 85' lang='lat' dir='ltr'><strong><em>codice</em></strong></span> <span class='ocrx_word' id='word_1_17' title='bbox 2415 447 2755 515; x_wconf 81' lang='lat' dir='ltr'><strong><em>Oxoniensi,</em></strong></span> <span class='ocrx_word' id='word_1_18' title='bbox 2783 463 2898 518; x_wconf 90' lang='lat' dir='ltr'><strong><em>quo</em></strong></span> <span class='ocrx_word' id='word_1_19' title='bbox 2919 444 3424 517; x_wconf 68' lang='lat' dir='ltr'><strong><em>repraesentantur</em></strong></span> <span class='ocrx_word' id='word_1_20' title='bbox 3445 444 3571 494; x_wconf 91' lang='lat' dir='ltr'><strong><em>tum</em></strong></span> <span class='ocrx_word' id='word_1_21' title='bbox 3600 443 3691 491; x_wconf 90' lang='grc' dir='ltr'>Δι-</span> 
     </span>
     <span class='ocr_line' id='line_1_6' title="bbox 2053 525 3684 550; baseline 0 0"><span class='ocrx_word' id='word_1_22' title='bbox 2053 534 2076 550; x_wconf 58' lang='lat' dir='ltr'><strong><em>a</em></strong></span> <span class='ocrx_word' id='word_1_23' title='bbox 2220 534 2276 550; x_wconf 56' lang='grc' dir='ltr'>λι</span> <span class='ocrx_word' id='word_1_24' title='bbox 2349 533 2483 550; x_wconf 58' lang='lat' dir='ltr'><strong><em>sun»</em></strong></span> <span class='ocrx_word' id='word_1_25' title='bbox 2606 532 2669 550; x_wconf 57' lang='grc' dir='ltr'>κθ</span> <span class='ocrx_word' id='word_1_26' title='bbox 2806 540 2815 550; x_wconf 90' lang='grc'>.</span> <span class='ocrx_word' id='word_1_27' title='bbox 2968 540 2978 550; x_wconf 69' lang='grc' dir='ltr'><strong><em>ι</em></strong></span> <span class='ocrx_word' id='word_1_28' title='bbox 3199 530 3212 547; x_wconf 83' lang='lat'><strong><em>\</em></strong></span> <span class='ocrx_word' id='word_1_29' title='bbox 3260 525 3684 550; x_wconf 48' lang='lat'><strong><em>‘,,,,,!\...-_</em></strong></span> 
     </span>
    </p>
   </div>
   <div class='ocr_carea' id='block_1_6' title="bbox 291 543 1940 632">
    <p class='ocr_par' dir='ltr' id='par_1_6' title="bbox 291 543 1940 632">
     <span class='ocr_line' id='line_1_7' title="bbox 291 543 1940 632; baseline -0.015 -12"><span class='ocrx_word' id='word_1_30' title='bbox 291 543 522 629; x_wconf 56' lang='lat' dir='ltr'><strong><em>inexesa,</em></strong></span> <span class='ocrx_word' id='word_1_31' title='bbox 554 556 915 632; x_wconf 80' lang='grc' dir='ltr'><strong><em>καθαιρείσθω</em></strong></span> <span class='ocrx_word' id='word_1_32' title='bbox 942 557 1003 611; x_wconf 93' lang='lat' dir='ltr'><strong><em>Si</em></strong></span> <span class='ocrx_word' id='word_1_33' title='bbox 1031 552 1156 623; x_wconf 83' lang='lat' dir='ltr'><strong><em>quis</em></strong></span> <span class='ocrx_word' id='word_1_34' title='bbox 1172 549 1478 620; x_wconf 83' lang='lat' dir='ltr'><strong><em>episcOpus,</em></strong></span> <span class='ocrx_word' id='word_1_35' title='bbox 1513 551 1610 599; x_wconf 81' lang='lat' dir='ltr'><strong><em>aut</em></strong></span> <span class='ocrx_word' id='word_1_36' title='bbox 1633 543 1940 614; x_wconf 76' lang='lat' dir='ltr'><strong><em>presbyter,</em></strong></span> 
     </span>
    </p>
   </div>
   <div class='ocr_carea' id='block_1_7' title="bbox 292 634 1942 711">
    <p class='ocr_par' dir='ltr' id='par_1_7' title="bbox 292 634 1942 711">
     <span class='ocr_line' id='line_1_8' title="bbox 292 634 1942 711; baseline -0.016 0"><span class='ocrx_word' id='word_1_37' title='bbox 292 663 390 711; x_wconf 90' lang='lat' dir='ltr'><strong><em>aut</em></strong></span> <span class='ocrx_word' id='word_1_38' title='bbox 424 655 690 708; x_wconf 81' lang='lat' dir='ltr'><strong><em>diaconus</em></strong></span> <span class='ocrx_word' id='word_1_39' title='bbox 721 652 972 704; x_wconf 84' lang='lat' dir='ltr'><strong><em>sanctum</em></strong></span> <span class='ocrx_word' id='word_1_40' title='bbox 998 642 1220 698; x_wconf 62' lang='lat' dir='ltr'><strong><em>Pascha</em></strong></span> <span class='ocrx_word' id='word_1_41' title='bbox 1248 640 1393 694; x_wconf 86' lang='lat' dir='ltr'><strong><em>diem</em></strong></span> <span class='ocrx_word' id='word_1_42' title='bbox 1441 642 1569 691; x_wconf 86' lang='lat' dir='ltr'><strong><em>ante</em></strong></span> <span class='ocrx_word' id='word_1_43' title='bbox 1592 634 1732 688; x_wconf 79' lang='lat' dir='ltr'><strong><em>veris</em></strong></span> <span class='ocrx_word' id='word_1_44' title='bbox 1763 634 1942 700; x_wconf 66' lang='lat' dir='ltr'><strong><em>aequi-</em></strong></span> 
     </span>
    </p>
   </div>
   <div class='ocr_carea' id='block_1_8' title="bbox 291 723 1938 803">
    <p class='ocr_par' dir='ltr' id='par_1_8' title="bbox 291 723 1938 803">
     <span class='ocr_line' id='line_1_9' title="bbox 291 723 1938 803; baseline -0.016 -2"><span class='ocrx_word' id='word_1_45' title='bbox 291 750 535 801; x_wconf 76' lang='lat' dir='ltr'><strong><em>noctium</em></strong></span> <span class='ocrx_word' id='word_1_46' title='bbox 590 757 711 796; x_wconf 88' lang='lat' dir='ltr'><strong><em>cum</em></strong></span> <span class='ocrx_word' id='word_1_47' title='bbox 743 738 948 794; x_wconf 66' lang='lat' dir='ltr'><strong><em>Judeeis</em></strong></span> <span class='ocrx_word' id='word_1_48' title='bbox 974 735 1169 803; x_wconf 85' lang='lat' dir='ltr'><strong><em>egerit,</em></strong></span> <span class='ocrx_word' id='word_1_49' title='bbox 1202 747 1236 785; x_wconf 92' lang='lat' dir='ltr'><strong><em>a</em></strong></span> <span class='ocrx_word' id='word_1_50' title='bbox 1278 729 1459 799; x_wconf 81' lang='lat' dir='ltr'><strong><em>gradu</em></strong></span> <span class='ocrx_word' id='word_1_51' title='bbox 1495 741 1593 780; x_wconf 87' lang='lat' dir='ltr'><strong><em>suo</em></strong></span> <span class='ocrx_word' id='word_1_52' title='bbox 1622 723 1938 794; x_wconf 74' lang='lat' dir='ltr'><strong><em>deﬁciatur.</em></strong></span> 
     </span>
    </p>
   </div>
   <div class='ocr_carea' id='block_1_9' title="bbox 291 815 1940 903">
    <p class='ocr_par' dir='ltr' id='par_1_9' title="bbox 291 815 1940 903">
     <span class='ocr_line' id='line_1_10' title="bbox 291 815 1940 903; baseline -0.017 -11"><span class='ocrx_word' id='word_1_53' title='bbox 291 838 427 891; x_wconf 69' lang='lat' dir='ltr'><strong><em>Hau:</em></strong></span> <span class='ocrx_word' id='word_1_54' title='bbox 457 849 593 890; x_wconf 88' lang='lat' dir='ltr'><strong><em>cum</em></strong></span> <span class='ocrx_word' id='word_1_55' title='bbox 614 836 817 903; x_wconf 89' lang='lat' dir='ltr'><strong><em>postea</em></strong></span> <span class='ocrx_word' id='word_1_56' title='bbox 837 844 871 882; x_wconf 88' lang='lat' dir='ltr'><strong><em>a</em></strong></span> <span class='ocrx_word' id='word_1_57' title='bbox 886 823 1138 881; x_wconf 90' lang='lat' dir='ltr'><strong><em>concilio</em></strong></span> <span class='ocrx_word' id='word_1_58' title='bbox 1159 822 1395 876; x_wconf 74' lang='lat' dir='ltr'><strong><em>Nicseno</em></strong></span> <span class='ocrx_word' id='word_1_59' title='bbox 1419 815 1940 881; x_wconf 82' lang='lat' dir='ltr'><strong><em>confirmarentur,</em></strong></span> 
     </span>
    </p>
   </div>
   <div class='ocr_carea' id='block_1_10' title="bbox 289 905 1937 983">
    <p class='ocr_par' dir='ltr' id='par_1_10' title="bbox 289 905 1937 983">
     <span class='ocr_line' id='line_1_11' title="bbox 289 905 1937 983; baseline -0.017 -2"><span class='ocrx_word' id='word_1_60' title='bbox 289 922 782 981; x_wconf 83' lang='lat' dir='ltr'><strong><em>constitutionuin</em></strong></span> <span class='ocrx_word' id='word_1_61' title='bbox 803 930 1006 972; x_wconf 87' lang='lat' dir='ltr'><strong><em>carum</em></strong></span> <span class='ocrx_word' id='word_1_62' title='bbox 1031 928 1178 983; x_wconf 88' lang='lat' dir='ltr'><strong><em>quas</em></strong></span> <span class='ocrx_word' id='word_1_63' title='bbox 1206 925 1364 964; x_wconf 91' lang='lat' dir='ltr'><strong><em>nunc</em></strong></span> <span class='ocrx_word' id='word_1_64' title='bbox 1381 905 1669 961; x_wconf 84' lang='lat' dir='ltr'><strong><em>habemus</em></strong></span> <span class='ocrx_word' id='word_1_65' title='bbox 1701 917 1937 957; x_wconf 90' lang='lat' dir='ltr'><strong><em>consar-</em></strong></span> 
     </span>
    </p>
   </div>
   <div class='ocr_carea' id='block_1_11' title="bbox 290 990 1943 1072">
    <p class='ocr_par' dir='ltr' id='par_1_11' title="bbox 290 990 1943 1072">
     <span class='ocr_line' id='line_1_12' title="bbox 290 990 1943 1072; baseline -0.018 0"><span class='ocrx_word' id='word_1_66' title='bbox 290 1018 521 1072; x_wconf 89' lang='lat' dir='ltr'><strong><em>cinator</em></strong></span> <span class='ocrx_word' id='word_1_67' title='bbox 574 1018 833 1066; x_wconf 76' lang='lat' dir='ltr'><strong><em>veterem</em></strong></span> <span class='ocrx_word' id='word_1_68' title='bbox 892 1003 1157 1060; x_wconf 86' lang='lat' dir='ltr'><strong><em>diataxin</em></strong></span> <span class='ocrx_word' id='word_1_69' title='bbox 1212 995 1569 1059; x_wconf 88' lang='lat' dir='ltr'><strong><em>immutavit,</em></strong></span> <span class='ocrx_word' id='word_1_70' title='bbox 1622 997 1682 1047; x_wconf 90' lang='lat' dir='ltr'><strong><em>et</em></strong></span> <span class='ocrx_word' id='word_1_71' title='bbox 1731 990 1805 1046; x_wconf 89' lang='lat' dir='ltr'><strong><em>ad</em></strong></span> <span class='ocrx_word' id='word_1_72' title='bbox 1833 1005 1943 1045; x_wconf 86' lang='lat' dir='ltr'><strong><em>sua</em></strong></span> 
     </span>
    </p>
   </div>
   <div class='ocr_carea' id='block_1_12' title="bbox 292 1078 1937 1175">
    <p class='ocr_par' dir='ltr' id='par_1_12' title="bbox 292 1078 1937 1175">
     <span class='ocr_line' id='line_1_13' title="bbox 292 1078 1937 1175; baseline -0.019 -14"><span class='ocrx_word' id='word_1_73' title='bbox 292 1114 564 1175; x_wconf 87' lang='lat' dir='ltr'><strong><em>tempora</em></strong></span> <span class='ocrx_word' id='word_1_74' title='bbox 592 1090 1259 1159; x_wconf 82' lang='lat' dir='ltr'><strong><em>accommodavit,lib,v,</em></strong></span> <span class='ocrx_word' id='word_1_75' title='bbox 1293 1105 1343 1142; x_wconf 91' lang='lat' dir='ltr'><strong><em>c.</em></strong></span> <span class='ocrx_word' id='word_1_76' title='bbox 1371 1088 1435 1140; x_wconf 80' lang='grc'><strong><em>16</em></strong></span> <span class='ocrx_word' id='word_1_77' title='bbox 1464 1101 1476 1138; x_wconf 91' lang='lat'><strong>:</strong></span> <span class='ocrx_word' id='word_1_78' title='bbox 1535 1086 1625 1135; x_wconf 85' lang='grc' dir='ltr'><strong><em>Δεῖ</em></strong></span> <span class='ocrx_word' id='word_1_79' title='bbox 1655 1078 1746 1135; x_wconf 78' lang='grc' dir='ltr'>οὖν</span> <span class='ocrx_word' id='word_1_80' title='bbox 1775 1078 1937 1151; x_wconf 80' lang='grc' dir='ltr'>ὐμᾶς,</span> 
     </span>
    </p>
   </div>
   <div class='ocr_carea' id='block_1_13' title="bbox 284 1166 1937 1268">
    <p class='ocr_par' dir='ltr' id='par_1_13' title="bbox 284 1166 1937 1268">
     <span class='ocr_line' id='line_1_14' title="bbox 284 1166 1937 1268; baseline -0.018 -19"><span class='ocrx_word' id='word_1_81' title='bbox 284 1166 543 1268; x_wconf 44' lang='lat' dir='ltr'><strong><em>doti-(poi,</em></strong></span> <span class='ocrx_word' id='word_1_82' title='bbox 572 1188 697 1248; x_wconf 74' lang='grc' dir='ltr'>τοὺς</span> <span class='ocrx_word' id='word_1_83' title='bbox 729 1185 810 1257; x_wconf 76' lang='grc' dir='ltr'><strong><em>τῷ</em></strong></span> <span class='ocrx_word' id='word_1_84' title='bbox 837 1187 935 1237; x_wconf 63' lang='lat' dir='ltr'><strong><em>to?)</em></strong></span> <span class='ocrx_word' id='word_1_85' title='bbox 977 1181 1216 1254; x_wconf 76' lang='grc' dir='ltr'><strong><em>Χριστοῦ</em></strong></span> <span class='ocrx_word' id='word_1_86' title='bbox 1244 1175 1429 1268; x_wconf 66' lang='grc' dir='ltr'><strong><em>τιμίῳΔ</em></strong></span> <span class='ocrx_word' id='word_1_87' title='bbox 1473 1166 1937 1245; x_wconf 78' lang='grc' dir='ltr'>ἐξηγορασμένους</span> 
     </span>
    </p>
   </div>
   <div class='ocr_carea' id='block_1_14' title="bbox 291 1256 1940 1353">
    <p class='ocr_par' dir='ltr' id='par_1_14' title="bbox 291 1256 1940 1353">
     <span class='ocr_line' id='line_1_15' title="bbox 291 1256 1940 1353; baseline -0.019 -16"><span class='ocrx_word' id='word_1_88' title='bbox 291 1256 502 1353; x_wconf 52' lang='lat' dir='ltr'><strong><em>aliialii,</em></strong></span> <span class='ocrx_word' id='word_1_89' title='bbox 531 1256 630 1339; x_wconf 48' lang='grc' dir='ltr'>λιτὰς</span> <span class='ocrx_word' id='word_1_90' title='bbox 661 1256 870 1349; x_wconf 69' lang='grc' dir='ltr'><strong><em>ἡμέρας</em></strong></span> <span class='ocrx_word' id='word_1_91' title='bbox 910 1274 1008 1326; x_wconf 80' lang='grc' dir='ltr'><strong><em>τοῦ</em></strong></span> <span class='ocrx_word' id='word_1_92' title='bbox 1050 1269 1240 1341; x_wconf 80' lang='grc' dir='ltr'><strong><em>Πάσχα</em></strong></span> <span class='ocrx_word' id='word_1_93' title='bbox 1270 1256 1509 1334; x_wconf 77' lang='grc' dir='ltr'>ἀκριϐῶς</span> <span class='ocrx_word' id='word_1_94' title='bbox 1560 1261 1808 1321; x_wconf 82' lang='grc' dir='ltr'>ποεῖσθαι</span> <span class='ocrx_word' id='word_1_95' title='bbox 1842 1276 1940 1325; x_wconf 87' lang='grc' dir='ltr'><strong>με-</strong></span> 
     </span>
    </p>
   </div>
   <div class='ocr_carea' id='block_1_15' title="bbox 286 1349 1941 1440">
    <p class='ocr_par' dir='ltr' id='par_1_15' title="bbox 286 1349 1941 1440">
     <span class='ocr_line' id='line_1_16' title="bbox 286 1349 1941 1440; baseline -0.017 -12"><span class='ocrx_word' id='word_1_96' title='bbox 286 1349 363 1427; x_wconf 29' lang='grc' dir='ltr'><strong><em>τὰ·</em></strong></span> <span class='ocrx_word' id='word_1_97' title='bbox 384 1349 556 1440; x_wconf 68' lang='grc' dir='ltr'>πέσῃς</span> <span class='ocrx_word' id='word_1_98' title='bbox 589 1363 906 1437; x_wconf 70' lang='grc' dir='ltr'><strong><em>ἐπιμελείας</em></strong></span> <span class='ocrx_word' id='word_1_99' title='bbox 938 1359 1072 1432; x_wconf 82' lang='grc' dir='ltr'><strong><em>μετὰ</em></strong></span> <span class='ocrx_word' id='word_1_100' title='bbox 1098 1355 1308 1430; x_wconf 82' lang='grc' dir='ltr'>τροπὴν</span> <span class='ocrx_word' id='word_1_101' title='bbox 1342 1349 1690 1424; x_wconf 76' lang='grc' dir='ltr'>ἰσημερινήν.</span> <span class='ocrx_word' id='word_1_102' title='bbox 1754 1353 1941 1415; x_wconf 83' lang='lat' dir='ltr'><strong><em>Opor-</em></strong></span> 
     </span>
    </p>
   </div>
   <div class='ocr_carea' id='block_1_16' title="bbox 289 1438 1938 1531">
    <p class='ocr_par' dir='ltr' id='par_1_16' title="bbox 289 1438 1938 1531">
     <span class='ocr_line' id='line_1_17' title="bbox 289 1438 1938 1531; baseline -0.019 -12"><span class='ocrx_word' id='word_1_103' title='bbox 289 1470 363 1519; x_wconf 92' lang='lat' dir='ltr'><strong><em>tet</em></strong></span> <span class='ocrx_word' id='word_1_104' title='bbox 421 1438 601 1531; x_wconf 81' lang='lat' dir='ltr'><strong><em>igitur</em></strong></span> <span class='ocrx_word' id='word_1_105' title='bbox 652 1472 767 1523; x_wconf 88' lang='lat' dir='ltr'><strong><em>vos,</em></strong></span> <span class='ocrx_word' id='word_1_106' title='bbox 798 1458 1023 1523; x_wconf 81' lang='lat' dir='ltr'><strong><em>fratres,</em></strong></span> <span class='ocrx_word' id='word_1_107' title='bbox 1056 1453 1247 1518; x_wconf 85' lang='lat' dir='ltr'><strong><em>utpote</em></strong></span> <span class='ocrx_word' id='word_1_108' title='bbox 1298 1441 1541 1514; x_wconf 84' lang='lat' dir='ltr'><strong><em>pretioso</em></strong></span> <span class='ocrx_word' id='word_1_109' title='bbox 1573 1438 1779 1495; x_wconf 80' lang='lat' dir='ltr'><strong><em>Christi</em></strong></span> <span class='ocrx_word' id='word_1_110' title='bbox 1806 1451 1938 1491; x_wconf 86' lang='lat' dir='ltr'><strong><em>san-</em></strong></span> 
     </span>
    </p>
   </div>
   <div class='ocr_carea' id='block_1_17' title="bbox 290 1524 1940 1622">
    <p class='ocr_par' dir='ltr' id='par_1_17' title="bbox 290 1524 1940 1622">
     <span class='ocr_line' id='line_1_18' title="bbox 290 1524 1940 1622; baseline -0.019 -14"><span class='ocrx_word' id='word_1_111' title='bbox 290 1524 468 1622; x_wconf 66' lang='lat' dir='ltr'><strong><em>guine</em></strong></span> <span class='ocrx_word' id='word_1_112' title='bbox 513 1549 841 1616; x_wconf 84' lang='lat' dir='ltr'><strong><em>redemptos,</em></strong></span> <span class='ocrx_word' id='word_1_113' title='bbox 899 1541 1013 1595; x_wconf 86' lang='lat' dir='ltr'><strong><em>dies</em></strong></span> <span class='ocrx_word' id='word_1_114' title='bbox 1066 1543 1282 1593; x_wconf 65' lang='lat' dir='ltr'><strong><em>Pascha:</em></strong></span> <span class='ocrx_word' id='word_1_115' title='bbox 1329 1536 1579 1587; x_wconf 82' lang='lat' dir='ltr'><strong><em>aecurate</em></strong></span> <span class='ocrx_word' id='word_1_116' title='bbox 1610 1533 1659 1582; x_wconf 74' lang='lat' dir='ltr'><strong><em>et</em></strong></span> <span class='ocrx_word' id='word_1_117' title='bbox 1684 1527 1832 1581; x_wconf 87' lang='lat' dir='ltr'><strong><em>omni</em></strong></span> <span class='ocrx_word' id='word_1_118' title='bbox 1859 1524 1940 1578; x_wconf 85' lang='lat' dir='ltr'><strong><em>di-</em></strong></span> 
     </span>
    </p>
   </div>
   <div class='ocr_carea' id='block_1_18' title="bbox 291 1615 1937 1711">
    <p class='ocr_par' dir='ltr' id='par_1_18' title="bbox 291 1615 1937 1711">
     <span class='ocr_line' id='line_1_19' title="bbox 291 1615 1937 1711; baseline -0.019 -14"><span class='ocrx_word' id='word_1_119' title='bbox 291 1615 526 1711; x_wconf 78' lang='lat' dir='ltr'><strong><em>ligentia</em></strong></span> <span class='ocrx_word' id='word_1_120' title='bbox 564 1615 713 1709; x_wconf 17' lang='lat' dir='ltr'><strong><em>post,</em></strong></span> <span class='ocrx_word' id='word_1_121' title='bbox 746 1631 1139 1703; x_wconf 71' lang='lat' dir='ltr'><strong><em>aequinoctium</em></strong></span> <span class='ocrx_word' id='word_1_122' title='bbox 1183 1624 1473 1679; x_wconf 80' lang='lat' dir='ltr'><strong><em>celebrare.</em></strong></span> <span class='ocrx_word' id='word_1_123' title='bbox 1507 1617 1729 1684; x_wconf 87' lang='lat' dir='ltr'><strong><em>Quibus</em></strong></span> <span class='ocrx_word' id='word_1_124' title='bbox 1759 1615 1937 1671; x_wconf 83' lang='lat' dir='ltr'><strong><em>etiam</em></strong></span> 
     </span>
    </p>
   </div>
   <div class='ocr_carea' id='block_1_19' title="bbox 294 1706 1942 1786">
    <p class='ocr_par' dir='ltr' id='par_1_19' title="bbox 294 1706 1942 1786">
     <span class='ocr_line' id='line_1_20' title="bbox 294 1706 1942 1786; baseline -0.017 -2"><span class='ocrx_word' id='word_1_125' title='bbox 294 1706 383 1786; x_wconf 74' lang='lat' dir='ltr'><strong><em>tot</em></strong></span> <span class='ocrx_word' id='word_1_126' title='bbox 411 1706 690 1785; x_wconf 74' lang='lat' dir='ltr'><strong><em>adversus</em></strong></span> <span class='ocrx_word' id='word_1_127' title='bbox 719 1722 953 1779; x_wconf 61' lang='lat' dir='ltr'><strong><em>Iudaeos</em></strong></span> <span class='ocrx_word' id='word_1_128' title='bbox 976 1716 1179 1773; x_wconf 86' lang='lat' dir='ltr'><strong><em>addita</em></strong></span> <span class='ocrx_word' id='word_1_129' title='bbox 1207 1718 1368 1778; x_wconf 88' lang='lat' dir='ltr'><strong><em>sunt,</em></strong></span> <span class='ocrx_word' id='word_1_130' title='bbox 1398 1715 1466 1765; x_wconf 88' lang='lat' dir='ltr'><strong><em>ut</em></strong></span> <span class='ocrx_word' id='word_1_131' title='bbox 1495 1710 1780 1780; x_wconf 81' lang='lat' dir='ltr'><strong><em>appareat</em></strong></span> <span class='ocrx_word' id='word_1_132' title='bbox 1807 1706 1942 1776; x_wconf 89' lang='lat' dir='ltr'><strong><em>post</em></strong></span> 
     </span>
    </p>
   </div>
   <div class='ocr_carea' id='block_1_20' title="bbox 290 1797 1936 1889">
    <p class='ocr_par' dir='ltr' id='par_1_20' title="bbox 290 1797 1936 1889">
     <span class='ocr_line' id='line_1_21' title="bbox 290 1797 1936 1889; baseline -0.018 -15"><span class='ocrx_word' id='word_1_133' title='bbox 290 1826 563 1889; x_wconf 88' lang='lat' dir='ltr'><strong><em>tempora</em></strong></span> <span class='ocrx_word' id='word_1_134' title='bbox 590 1809 903 1885; x_wconf 88' lang='lat' dir='ltr'><strong><em>Epiphanii</em></strong></span> <span class='ocrx_word' id='word_1_135' title='bbox 936 1808 1062 1861; x_wconf 70' lang='lat' dir='ltr'><strong><em>hinc</em></strong></span> <span class='ocrx_word' id='word_1_136' title='bbox 1091 1805 1406 1859; x_wconf 86' lang='lat' dir='ltr'><strong><em>immutata</em></strong></span> <span class='ocrx_word' id='word_1_137' title='bbox 1430 1797 1636 1861; x_wconf 83' lang='lat' dir='ltr'><strong><em>fuisse,</em></strong></span> <span class='ocrx_word' id='word_1_138' title='bbox 1663 1800 1722 1850; x_wconf 91' lang='lat' dir='ltr'><strong><em>et</em></strong></span> <span class='ocrx_word' id='word_1_139' title='bbox 1751 1798 1936 1846; x_wconf 90' lang='lat' dir='ltr'><strong><em>totum</em></strong></span> 
     </span>
    </p>
   </div>
   <div class='ocr_carea' id='block_1_21' title="bbox 288 1883 1945 1975">
    <p class='ocr_par' dir='ltr' id='par_1_21' title="bbox 288 1883 1945 1975">
     <span class='ocr_line' id='line_1_22' title="bbox 288 1883 1945 1975; baseline -0.017 -12"><span class='ocrx_word' id='word_1_140' title='bbox 288 1883 437 1963; x_wconf 84' lang='lat' dir='ltr'><strong><em>illud</em></strong></span> <span class='ocrx_word' id='word_1_141' title='bbox 465 1883 654 1975; x_wconf 73' lang='lat' dir='ltr'><strong><em>caput</em></strong></span> <span class='ocrx_word' id='word_1_142' title='bbox 669 1902 844 1957; x_wconf 90' lang='lat' dir='ltr'><strong><em>aliter</em></strong></span> <span class='ocrx_word' id='word_1_143' title='bbox 866 1898 1043 1969; x_wconf 84' lang='lat' dir='ltr'><strong><em>plane</em></strong></span> <span class='ocrx_word' id='word_1_144' title='bbox 1070 1896 1424 1962; x_wconf 88' lang='lat' dir='ltr'><strong><em>conceptum</em></strong></span> <span class='ocrx_word' id='word_1_145' title='bbox 1454 1883 1779 1943; x_wconf 89' lang='lat' dir='ltr'><strong><em>esse.Unde</em></strong></span> <span class='ocrx_word' id='word_1_146' title='bbox 1808 1898 1945 1937; x_wconf 81' lang='lat' dir='ltr'><strong><em>con-</em></strong></span> 
     </span>
    </p>
   </div>
   <div class='ocr_carea' id='block_1_22' title="bbox 283 1976 1936 2074">
    <p class='ocr_par' dir='ltr' id='par_1_22' title="bbox 283 1976 1936 2074">
     <span class='ocr_line' id='line_1_23' title="bbox 283 1976 1936 2074; baseline -0.018 -17"><span class='ocrx_word' id='word_1_147' title='bbox 283 2002 428 2074; x_wconf 85' lang='lat' dir='ltr'><strong><em>jicio</em></strong></span> <span class='ocrx_word' id='word_1_148' title='bbox 458 2005 590 2054; x_wconf 88' lang='lat' dir='ltr'><strong><em>octo</em></strong></span> <span class='ocrx_word' id='word_1_149' title='bbox 622 1997 807 2052; x_wconf 88' lang='lat' dir='ltr'><strong><em>libros</em></strong></span> <span class='ocrx_word' id='word_1_150' title='bbox 832 1988 1331 2047; x_wconf 89' lang='lat' dir='ltr'><strong><em>Constitutionum</em></strong></span> <span class='ocrx_word' id='word_1_151' title='bbox 1381 1986 1517 2054; x_wconf 88' lang='lat' dir='ltr'><strong><em>post</em></strong></span> <span class='ocrx_word' id='word_1_152' title='bbox 1570 1995 1759 2035; x_wconf 60' lang='lat' dir='ltr'><strong><em>avum</em></strong></span> <span class='ocrx_word' id='word_1_153' title='bbox 1803 1976 1936 2047; x_wconf 87' lang='lat' dir='ltr'><strong><em>Epi-</em></strong></span> 
     </span>
    </p>
   </div>
   <div class='ocr_carea' id='block_1_23' title="bbox 287 2066 1941 2163">
    <p class='ocr_par' dir='ltr' id='par_1_23' title="bbox 287 2066 1941 2163">
     <span class='ocr_line' id='line_1_24' title="bbox 287 2066 1941 2163; baseline -0.016 -17"><span class='ocrx_word' id='word_1_154' title='bbox 287 2066 491 2163; x_wconf 76' lang='lat' dir='ltr'><strong><em>phanii</em></strong></span> <span class='ocrx_word' id='word_1_155' title='bbox 527 2104 595 2142; x_wconf 85' lang='lat' dir='ltr'><strong><em>ex</em></strong></span> <span class='ocrx_word' id='word_1_156' title='bbox 647 2083 944 2140; x_wconf 79' lang='lat' dir='ltr'><strong><em>veteribus</em></strong></span> <span class='ocrx_word' id='word_1_157' title='bbox 994 2075 1331 2134; x_wconf 86' lang='lat' dir='ltr'><strong><em>didascaliis</em></strong></span> <span class='ocrx_word' id='word_1_158' title='bbox 1391 2077 1567 2143; x_wconf 88' lang='lat' dir='ltr'><strong><em>atque</em></strong></span> <span class='ocrx_word' id='word_1_159' title='bbox 1609 2066 1941 2124; x_wconf 85' lang='lat' dir='ltr'><strong><em>diataxibus</em></strong></span> 
     </span>
    </p>
   </div>
   <div class='ocr_carea' id='block_1_24' title="bbox 293 2154 1941 2243">
    <p class='ocr_par' dir='ltr' id='par_1_24' title="bbox 293 2154 1941 2243">
     <span class='ocr_line' id='line_1_25' title="bbox 293 2154 1941 2243; baseline -0.017 -8"><span class='ocrx_word' id='word_1_160' title='bbox 293 2154 623 2235; x_wconf 72' lang='lat' dir='ltr'><strong><em>immutatis</em></strong></span> <span class='ocrx_word' id='word_1_161' title='bbox 652 2169 1143 2243; x_wconf 88' lang='lat' dir='ltr'><strong><em>interpolatisque</em></strong></span> <span class='ocrx_word' id='word_1_162' title='bbox 1164 2165 1350 2220; x_wconf 80' lang='lat' dir='ltr'><strong><em>factos</em></strong></span> <span class='ocrx_word' id='word_1_163' title='bbox 1377 2177 1506 2217; x_wconf 88' lang='lat' dir='ltr'><strong><em>esse</em></strong></span> <span class='ocrx_word' id='word_1_164' title='bbox 1535 2172 1750 2229; x_wconf 90' lang='lat' dir='ltr'><strong><em>:neque</em></strong></span> <span class='ocrx_word' id='word_1_165' title='bbox 1780 2154 1941 2211; x_wconf 90' lang='lat' dir='ltr'><strong><em>enim</em></strong></span> 
     </span>
    </p>
   </div>
   <div class='ocr_carea' id='block_1_25' title="bbox 292 2245 1941 2322">
    <p class='ocr_par' dir='ltr' id='par_1_25' title="bbox 292 2245 1941 2322">
     <span class='ocr_line' id='line_1_26' title="bbox 292 2245 1941 2322; baseline -0.016 2"><span class='ocrx_word' id='word_1_166' title='bbox 292 2268 394 2322; x_wconf 90' lang='lat' dir='ltr'><strong><em>ille</em></strong></span> <span class='ocrx_word' id='word_1_167' title='bbox 412 2279 729 2322; x_wconf 86' lang='lat' dir='ltr'><strong><em>numerum</em></strong></span> <span class='ocrx_word' id='word_1_168' title='bbox 753 2260 1039 2315; x_wconf 91' lang='lat' dir='ltr'><strong><em>librorum</em></strong></span> <span class='ocrx_word' id='word_1_169' title='bbox 1054 2252 1433 2310; x_wconf 82' lang='lat' dir='ltr'><strong><em>memoratln</em></strong></span> <span class='ocrx_word' id='word_1_170' title='bbox 1452 2262 1683 2304; x_wconf 81' lang='lat' dir='ltr'><strong><em>canone</em></strong></span> <span class='ocrx_word' id='word_1_171' title='bbox 1714 2245 1941 2317; x_wconf 85' lang='lat' dir='ltr'><strong><em>quidem</em></strong></span> 
     </span>
    </p>
   </div>
   <div class='ocr_carea' id='block_1_26' title="bbox 293 2334 1940 2421">
    <p class='ocr_par' dir='ltr' id='par_1_26' title="bbox 293 2334 1940 2421">
     <span class='ocr_line' id='line_1_27' title="bbox 293 2334 1940 2421; baseline -0.016 -8"><span class='ocrx_word' id='word_1_172' title='bbox 293 2357 506 2413; x_wconf 89' lang='lat' dir='ltr'><strong><em>ultimo</em></strong></span> <span class='ocrx_word' id='word_1_173' title='bbox 538 2369 745 2409; x_wconf 90' lang='lat' dir='ltr'><strong><em>eorum</em></strong></span> <span class='ocrx_word' id='word_1_174' title='bbox 772 2349 873 2421; x_wconf 88' lang='lat' dir='ltr'><strong><em>qui</em></strong></span> <span class='ocrx_word' id='word_1_175' title='bbox 909 2347 1188 2401; x_wconf 88' lang='lat' dir='ltr'><strong><em>dicuntur</em></strong></span> <span class='ocrx_word' id='word_1_176' title='bbox 1217 2338 1778 2412; x_wconf 87' lang='lat' dir='ltr'><strong><em>apostolorum,octo</em></strong></span> <span class='ocrx_word' id='word_1_177' title='bbox 1801 2334 1940 2388; x_wconf 86' lang='lat' dir='ltr'><strong><em>libri</em></strong></span> 
     </span>
    </p>
   </div>
   <div class='ocr_carea' id='block_1_27' title="bbox 292 2426 1940 2502">
    <p class='ocr_par' dir='ltr' id='par_1_27' title="bbox 292 2426 1940 2502">
     <span class='ocr_line' id='line_1_28' title="bbox 292 2426 1940 2502; baseline -0.016 1"><span class='ocrx_word' id='word_1_178' title='bbox 292 2443 794 2502; x_wconf 87' lang='lat' dir='ltr'><strong><em>Constitutionum</em></strong></span> <span class='ocrx_word' id='word_1_179' title='bbox 826 2439 1045 2494; x_wconf 83' lang='lat' dir='ltr'><strong><em>diserte</em></strong></span> <span class='ocrx_word' id='word_1_180' title='bbox 1076 2433 1462 2489; x_wconf 84' lang='lat' dir='ltr'><strong><em>nominantur</em></strong></span> <span class='ocrx_word' id='word_1_181' title='bbox 1485 2444 1499 2495; x_wconf 88' lang='lat'><strong>;</strong></span> <span class='ocrx_word' id='word_1_182' title='bbox 1523 2426 1627 2483; x_wconf 91' lang='lat' dir='ltr'><strong><em>sed</em></strong></span> <span class='ocrx_word' id='word_1_183' title='bbox 1647 2426 1815 2480; x_wconf 90' lang='lat' dir='ltr'><strong><em>illum</em></strong></span> <span class='ocrx_word' id='word_1_184' title='bbox 1849 2440 1940 2479; x_wconf 85' lang='lat' dir='ltr'><strong><em>ca-</em></strong></span> 
     </span>
    </p>
   </div>
   <div class='ocr_carea' id='block_1_28' title="bbox 291 2513 1936 2595">
    <p class='ocr_par' dir='ltr' id='par_1_28' title="bbox 291 2513 1936 2595">
     <span class='ocr_line' id='line_1_29' title="bbox 291 2513 1936 2595; baseline -0.015 -4"><span class='ocrx_word' id='word_1_185' title='bbox 291 2550 508 2590; x_wconf 88' lang='lat' dir='ltr'><strong><em>nonem</em></strong></span> <span class='ocrx_word' id='word_1_186' title='bbox 542 2533 625 2587; x_wconf 91' lang='lat' dir='ltr'><strong><em>ita</em></strong></span> <span class='ocrx_word' id='word_1_187' title='bbox 646 2531 829 2585; x_wconf 73' lang='lat' dir='ltr'><strong><em>fuisse</em></strong></span> <span class='ocrx_word' id='word_1_188' title='bbox 852 2528 1205 2595; x_wconf 72' lang='lat' dir='ltr'><strong><em>conceptum</em></strong></span> <span class='ocrx_word' id='word_1_189' title='bbox 1227 2536 1299 2575; x_wconf 90' lang='lat' dir='ltr'><strong><em>an</em></strong></span> <span class='ocrx_word' id='word_1_190' title='bbox 1310 2524 1362 2574; x_wconf 91' lang='lat' dir='ltr'><strong><em>te</em></strong></span> <span class='ocrx_word' id='word_1_191' title='bbox 1384 2522 1612 2571; x_wconf 89' lang='lat' dir='ltr'><strong><em>sextum</em></strong></span> <span class='ocrx_word' id='word_1_192' title='bbox 1633 2513 1936 2579; x_wconf 68' lang='lat' dir='ltr'><strong><em>saeculum,</em></strong></span> 
     </span>
    </p>
   </div>
   <div class='ocr_carea' id='block_1_29' title="bbox 287 2605 1935 2697">
    <p class='ocr_par' dir='ltr' id='par_1_29' title="bbox 287 2605 1935 2697">
     <span class='ocr_line' id='line_1_30' title="bbox 287 2605 1935 2697; baseline -0.015 -16"><span class='ocrx_word' id='word_1_193' title='bbox 287 2626 645 2697; x_wconf 87' lang='lat' dir='ltr'><strong><em>opinor,non</em></strong></span> <span class='ocrx_word' id='word_1_194' title='bbox 678 2622 943 2691; x_wconf 89' lang='lat' dir='ltr'><strong><em>apparet.</em></strong></span> <span class='ocrx_word' id='word_1_195' title='bbox 961 2613 1221 2685; x_wconf 88' lang='lat' dir='ltr'><strong><em>Septimo</em></strong></span> <span class='ocrx_word' id='word_1_196' title='bbox 1244 2608 1485 2681; x_wconf 87' lang='lat' dir='ltr'><strong><em>quidem</em></strong></span> <span class='ocrx_word' id='word_1_197' title='bbox 1532 2605 1748 2661; x_wconf 69' lang='lat' dir='ltr'><strong><em>smculo</em></strong></span> <span class='ocrx_word' id='word_1_198' title='bbox 1797 2608 1935 2658; x_wconf 83' lang='lat' dir='ltr'><strong><em>ante</em></strong></span> 
     </span>
    </p>
   </div>
   <div class='ocr_carea' id='block_1_30' title="bbox 286 2693 1934 2772">
    <p class='ocr_par' dir='ltr' id='par_1_30' title="bbox 286 2693 1934 2772">
     <span class='ocr_line' id='line_1_31' title="bbox 286 2693 1934 2772; baseline -0.015 0"><span class='ocrx_word' id='word_1_199' title='bbox 286 2693 607 2772; x_wconf 77' lang='lat' dir='ltr'><strong><em>concilium</em></strong></span> <span class='ocrx_word' id='word_1_200' title='bbox 637 2708 983 2765; x_wconf 88' lang='lat' dir='ltr'><strong><em>Trullanum</em></strong></span> <span class='ocrx_word' id='word_1_201' title='bbox 1042 2701 1326 2757; x_wconf 81' lang='lat' dir='ltr'><strong><em>Maximus</em></strong></span> <span class='ocrx_word' id='word_1_202' title='bbox 1355 2702 1560 2753; x_wconf 88' lang='lat' dir='ltr'><strong><em>monet</em></strong></span> <span class='ocrx_word' id='word_1_203' title='bbox 1589 2693 1934 2764; x_wconf 79' lang='lat' dir='ltr'><strong><em>Dionysium</em></strong></span> 
     </span>
    </p>
   </div>
   <div class='ocr_carea' id='block_1_31' title="bbox 286 2779 1931 2873">
    <p class='ocr_par' dir='ltr' id='par_1_31' title="bbox 286 2779 1931 2873">
     <span class='ocr_line' id='line_1_32' title="bbox 286 2779 1931 2873; baseline -0.018 -12"><span class='ocrx_word' id='word_1_204' title='bbox 286 2806 509 2861; x_wconf 84' lang='lat' dir='ltr'><strong><em>factum</em></strong></span> <span class='ocrx_word' id='word_1_205' title='bbox 542 2800 883 2873; x_wconf 84' lang='lat' dir='ltr'><strong><em>episcopum</em></strong></span> <span class='ocrx_word' id='word_1_206' title='bbox 930 2791 1190 2856; x_wconf 75' lang='lat' dir='ltr'><strong><em>Athenis,</em></strong></span> <span class='ocrx_word' id='word_1_207' title='bbox 1243 2786 1380 2842; x_wconf 79' lang='grc' dir='ltr'>κατὰ</span> <span class='ocrx_word' id='word_1_208' title='bbox 1433 2785 1497 2839; x_wconf 87' lang='grc' dir='ltr'><strong><em>τὸ</em></strong></span> <span class='ocrx_word' id='word_1_209' title='bbox 1556 2781 1849 2860; x_wconf 76' lang='grc' dir='ltr'>φερόμενον</span> <span class='ocrx_word' id='word_1_210' title='bbox 1879 2779 1931 2832; x_wconf 82' lang='grc' dir='ltr'>ἐν</span> 
     </span>
    </p>
   </div>
   <div class='ocr_carea' id='block_1_32' title="bbox 290 2870 1933 2964">
    <p class='ocr_par' dir='ltr' id='par_1_32' title="bbox 290 2870 1933 2964">
     <span class='ocr_line' id='line_1_33' title="bbox 290 2870 1933 2964; baseline -0.013 -18"><span class='ocrx_word' id='word_1_211' title='bbox 290 2886 516 2964; x_wconf 73' lang='grc' dir='ltr'><strong><em>ἑϐδόμῳ</em></strong></span> <span class='ocrx_word' id='word_1_212' title='bbox 556 2870 763 2963; x_wconf 64' lang='grc' dir='ltr'>βιϐλίῳ</span> <span class='ocrx_word' id='word_1_213' title='bbox 792 2888 899 2937; x_wconf 80' lang='grc' dir='ltr'><strong><em>τῶν</em></strong></span> <span class='ocrx_word' id='word_1_214' title='bbox 922 2880 1306 2936; x_wconf 75' lang='grc' dir='ltr'>ἂποστολικῶν</span> <span class='ocrx_word' id='word_1_215' title='bbox 1338 2872 1741 2945; x_wconf 70' lang='grc' dir='ltr'><strong><em>διαταγμάτων,</em></strong></span> <span class='ocrx_word' id='word_1_216' title='bbox 1775 2870 1933 2941; x_wconf 87' lang='lat' dir='ltr'><strong><em>quod</em></strong></span> 
     </span>
    </p>
   </div>
   <div class='ocr_carea' id='block_1_33' title="bbox 288 2961 1934 3052">
    <p class='ocr_par' dir='ltr' id='par_1_33' title="bbox 288 2961 1934 3052">
     <span class='ocr_line' id='line_1_34' title="bbox 288 2961 1934 3052; baseline -0.017 -11"><span class='ocrx_word' id='word_1_217' title='bbox 288 2961 451 3040; x_wconf 88' lang='lat' dir='ltr'><strong><em>nunc</em></strong></span> <span class='ocrx_word' id='word_1_218' title='bbox 481 2961 733 3052; x_wconf 80' lang='lat' dir='ltr'><strong><em>legimus</em></strong></span> <span class='ocrx_word' id='word_1_219' title='bbox 760 2975 865 3031; x_wconf 91' lang='lat' dir='ltr'><strong><em>lib.</em></strong></span> <span class='ocrx_word' id='word_1_220' title='bbox 897 2989 995 3031; x_wconf 84' lang='lat' dir='ltr'><strong><em>vn.</em></strong></span> <span class='ocrx_word' id='word_1_221' title='bbox 1021 2986 1141 3041; x_wconf 88' lang='lat' dir='ltr'><strong><em>cap.</em></strong></span> <span class='ocrx_word' id='word_1_222' title='bbox 1202 2969 1289 3022; x_wconf 79' lang='grc'><strong><em>48.</em></strong></span> <span class='ocrx_word' id='word_1_223' title='bbox 1350 2968 1571 3021; x_wconf 85' lang='lat' dir='ltr'><strong><em>Auctor</em></strong></span> <span class='ocrx_word' id='word_1_224' title='bbox 1619 2961 1934 3031; x_wconf 75' lang='lat' dir='ltr'><strong><em>Imperfecti</em></strong></span> 
     </span>
    </p>
   </div>
   <div class='ocr_carea' id='block_1_34' title="bbox 290 3052 1933 3143">
    <p class='ocr_par' dir='ltr' id='par_1_34' title="bbox 290 3052 1933 3143">
     <span class='ocr_line' id='line_1_35' title="bbox 290 3052 1933 3143; baseline -0.016 -13"><span class='ocrx_word' id='word_1_225' title='bbox 290 3075 482 3143; x_wconf 85' lang='lat' dir='ltr'><strong><em>Operis</em></strong></span> <span class='ocrx_word' id='word_1_226' title='bbox 510 3074 570 3125; x_wconf 86' lang='lat' dir='ltr'><strong><em>in</em></strong></span> <span class='ocrx_word' id='word_1_227' title='bbox 597 3066 945 3130; x_wconf 62' lang='lat' dir='ltr'><strong><em>Matt/laeum,</em></strong></span> <span class='ocrx_word' id='word_1_228' title='bbox 979 3058 1228 3114; x_wconf 85' lang='lat' dir='ltr'><strong><em>liomilia</em></strong></span> <span class='ocrx_word' id='word_1_229' title='bbox 1258 3059 1347 3120; x_wconf 85' lang='grc'><strong><em>53,</em></strong></span> <span class='ocrx_word' id='word_1_230' title='bbox 1380 3052 1583 3109; x_wconf 82' lang='lat' dir='ltr'><strong><em>laudat</em></strong></span> <span class='ocrx_word' id='word_1_231' title='bbox 1611 3052 1813 3121; x_wconf 87' lang='lat' dir='ltr'><strong><em>aliqua</em></strong></span> <span class='ocrx_word' id='word_1_232' title='bbox 1861 3066 1933 3104; x_wconf 81' lang='lat' dir='ltr'><strong><em>ex</em></strong></span> 
     </span>
    </p>
   </div>
   <div class='ocr_carea' id='block_1_35' title="bbox 284 3145 1934 3219">
    <p class='ocr_par' dir='ltr' id='par_1_35' title="bbox 284 3145 1934 3219">
     <span class='ocr_line' id='line_1_36' title="bbox 284 3145 1934 3219; baseline -0.015 -3"><span class='ocrx_word' id='word_1_233' title='bbox 284 3160 437 3216; x_wconf 90' lang='lat' dir='ltr'><strong><em>libro</em></strong></span> <span class='ocrx_word' id='word_1_234' title='bbox 462 3162 664 3213; x_wconf 89' lang='lat' dir='ltr'><strong><em>octavo</em></strong></span> <span class='ocrx_word' id='word_1_235' title='bbox 695 3155 1000 3209; x_wconf 89' lang='lat' dir='ltr'><strong><em>Canonum</em></strong></span> <span class='ocrx_word' id='word_1_236' title='bbox 1031 3145 1457 3219; x_wconf 81' lang='lat' dir='ltr'><strong><em>apostolorum,</em></strong></span> <span class='ocrx_word' id='word_1_237' title='bbox 1491 3158 1622 3213; x_wconf 73' lang='lat' dir='ltr'><strong><em>quae</em></strong></span> <span class='ocrx_word' id='word_1_238' title='bbox 1653 3155 1814 3195; x_wconf 91' lang='lat' dir='ltr'><strong><em>nunc</em></strong></span> <span class='ocrx_word' id='word_1_239' title='bbox 1844 3154 1934 3192; x_wconf 90' lang='lat' dir='ltr'><strong><em>re-</em></strong></span> 
     </span>
    </p>
   </div>
   <div class='ocr_carea' id='block_1_36' title="bbox 284 3202 2014 3321">
    <p class='ocr_par' dir='ltr' id='par_1_36' title="bbox 284 3202 2014 3321">
     <span class='ocr_line' id='line_1_37' title="bbox 284 3202 2014 3321; baseline -0.014 -17"><span class='ocrx_word' id='word_1_240' title='bbox 284 3249 599 3321; x_wconf 89' lang='lat' dir='ltr'><strong><em>periuntur</em></strong></span> <span class='ocrx_word' id='word_1_241' title='bbox 654 3242 758 3298; x_wconf 92' lang='lat' dir='ltr'><strong><em>lib.</em></strong></span> <span class='ocrx_word' id='word_1_242' title='bbox 815 3257 934 3308; x_wconf 83' lang='lat' dir='ltr'><strong><em>vni,</em></strong></span> <span class='ocrx_word' id='word_1_243' title='bbox 988 3202 1115 3309; x_wconf 76' lang='lat' dir='ltr'><strong><em>cap.</em></strong></span> <span class='ocrx_word' id='word_1_244' title='bbox 1174 3239 1209 3289; x_wconf 86' lang='lat'><strong>2</strong></span> <span class='ocrx_word' id='word_1_245' title='bbox 1272 3202 1790 3311; x_wconf 75' lang='lat' dir='ltr'><strong><em>Consiilutionum.</em></strong></span> <span class='ocrx_word' id='word_1_246' title='bbox 1863 3229 1934 3281; x_wconf 91' lang='lat' dir='ltr'><strong><em>Et</em></strong></span> <span class='ocrx_word' id='word_1_247' title='bbox 1971 3202 2014 3268; x_wconf 60' lang='grc' dir='ltr'><strong>(ἶ</strong></span> 
     </span>
    </p>
   </div>
   <div class='ocr_carea' id='block_1_37' title="bbox 285 3318 1935 3406">
    <p class='ocr_par' dir='ltr' id='par_1_37' title="bbox 285 3318 1935 3406">
     <span class='ocr_line' id='line_1_38' title="bbox 285 3318 1935 3406; baseline -0.013 -13"><span class='ocrx_word' id='word_1_248' title='bbox 285 3318 447 3394; x_wconf 82' lang='lat' dir='ltr'><strong><em>hunc</em></strong></span> <span class='ocrx_word' id='word_1_249' title='bbox 480 3333 718 3406; x_wconf 87' lang='lat' dir='ltr'><strong><em>quidem</em></strong></span> <span class='ocrx_word' id='word_1_250' title='bbox 753 3335 1052 3386; x_wconf 80' lang='lat' dir='ltr'><strong><em>auctorem</em></strong></span> <span class='ocrx_word' id='word_1_251' title='bbox 1100 3323 1373 3382; x_wconf 89' lang='lat' dir='ltr'><strong><em>Usserius</em></strong></span> <span class='ocrx_word' id='word_1_252' title='bbox 1400 3320 1542 3377; x_wconf 87' lang='lat' dir='ltr'><strong><em>facit</em></strong></span> <span class='ocrx_word' id='word_1_253' title='bbox 1597 3335 1705 3374; x_wconf 88' lang='lat' dir='ltr'><strong><em>non</em></strong></span> <span class='ocrx_word' id='word_1_254' title='bbox 1756 3318 1935 3372; x_wconf 80' lang='lat' dir='ltr'><strong><em>minus</em></strong></span> 
     </span>
    </p>
   </div>
   <div class='ocr_carea' id='block_1_38' title="bbox 288 3404 1934 3495">
    <p class='ocr_par' dir='ltr' id='par_1_38' title="bbox 288 3404 1934 3495">
     <span class='ocr_line' id='line_1_39' title="bbox 288 3404 1934 3495; baseline -0.015 -14"><span class='ocrx_word' id='word_1_255' title='bbox 288 3404 785 3495; x_wconf 77' lang='lat' dir='ltr'><strong><em>antiquum,quam</em></strong></span> <span class='ocrx_word' id='word_1_256' title='bbox 814 3418 929 3473; x_wconf 87' lang='lat' dir='ltr'><strong><em>fuit</em></strong></span> <span class='ocrx_word' id='word_1_257' title='bbox 974 3412 1357 3487; x_wconf 82' lang='lat' dir='ltr'><strong><em>Epiphanius.</em></strong></span> <span class='ocrx_word' id='word_1_258' title='bbox 1419 3408 1532 3464; x_wconf 90' lang='lat' dir='ltr'><strong><em>Sed</em></strong></span> <span class='ocrx_word' id='word_1_259' title='bbox 1585 3407 1713 3461; x_wconf 90' lang='lat' dir='ltr'><strong><em>sine</em></strong></span> <span class='ocrx_word' id='word_1_260' title='bbox 1770 3404 1934 3459; x_wconf 90' lang='lat' dir='ltr'><strong><em>omni</em></strong></span> 
     </span>
    </p>
   </div>
   <div class='ocr_carea' id='block_1_39' title="bbox 287 3503 1935 3584">
    <p class='ocr_par' dir='ltr' id='par_1_39' title="bbox 287 3503 1935 3584">
     <span class='ocr_line' id='line_1_40' title="bbox 287 3503 1935 3584; baseline -0.015 -5"><span class='ocrx_word' id='word_1_261' title='bbox 287 3519 688 3579; x_wconf 87' lang='lat' dir='ltr'><strong><em>controversia</em></strong></span> <span class='ocrx_word' id='word_1_262' title='bbox 717 3515 905 3572; x_wconf 91' lang='lat' dir='ltr'><strong><em>multo</em></strong></span> <span class='ocrx_word' id='word_1_263' title='bbox 948 3512 1154 3584; x_wconf 90' lang='lat' dir='ltr'><strong><em>junior</em></strong></span> <span class='ocrx_word' id='word_1_264' title='bbox 1182 3508 1314 3564; x_wconf 83' lang='lat' dir='ltr'><strong><em>fuit.</em></strong></span> <span class='ocrx_word' id='word_1_265' title='bbox 1347 3505 1596 3577; x_wconf 87' lang='lat' dir='ltr'><strong><em>Scripsit</em></strong></span> <span class='ocrx_word' id='word_1_266' title='bbox 1631 3503 1935 3557; x_wconf 84' lang='lat' dir='ltr'><strong><em>Panarium</em></strong></span> 
     </span>
    </p>
   </div>
   <div class='ocr_carea' id='block_1_40' title="bbox 288 3585 1938 3682">
    <p class='ocr_par' dir='ltr' id='par_1_40' title="bbox 288 3585 1938 3682">
     <span class='ocr_line' id='line_1_41' title="bbox 288 3585 1938 3682; baseline -0.016 -17"><span class='ocrx_word' id='word_1_267' title='bbox 288 3607 656 3682; x_wconf 87' lang='lat' dir='ltr'><strong><em>Epiphanius</em></strong></span> <span class='ocrx_word' id='word_1_268' title='bbox 682 3610 817 3659; x_wconf 87' lang='lat' dir='ltr'><strong><em>ante</em></strong></span> <span class='ocrx_word' id='word_1_269' title='bbox 864 3599 1182 3671; x_wconf 87' lang='lat' dir='ltr'><strong><em>imperium</em></strong></span> <span class='ocrx_word' id='word_1_270' title='bbox 1223 3593 1572 3650; x_wconf 89' lang='lat' dir='ltr'><strong><em>Theodosii:</em></strong></span> <span class='ocrx_word' id='word_1_271' title='bbox 1626 3585 1938 3659; x_wconf 83' lang='lat' dir='ltr'><strong><em>imperavit</em></strong></span> 
     </span>
    </p>
   </div>
   <div class='ocr_carea' id='block_1_41' title="bbox 285 3677 1934 3756">
    <p class='ocr_par' dir='ltr' id='par_1_41' title="bbox 285 3677 1934 3756">
     <span class='ocr_line' id='line_1_42' title="bbox 285 3677 1934 3756; baseline -0.016 0"><span class='ocrx_word' id='word_1_272' title='bbox 285 3677 648 3755; x_wconf 74' lang='lat' dir='ltr'><strong><em>Theodosius</em></strong></span> <span class='ocrx_word' id='word_1_273' title='bbox 670 3692 844 3750; x_wconf 89' lang='lat' dir='ltr'><strong><em>annis</em></strong></span> <span class='ocrx_word' id='word_1_274' title='bbox 875 3688 1168 3752; x_wconf 89' lang='lat' dir='ltr'><strong><em>sedecim,</em></strong></span> <span class='ocrx_word' id='word_1_275' title='bbox 1203 3685 1303 3741; x_wconf 92' lang='lat' dir='ltr'><strong><em>diu</em></strong></span> <span class='ocrx_word' id='word_1_276' title='bbox 1352 3687 1487 3756; x_wconf 90' lang='lat' dir='ltr'><strong><em>post</em></strong></span> <span class='ocrx_word' id='word_1_277' title='bbox 1540 3677 1934 3736; x_wconf 88' lang='lat' dir='ltr'><strong><em>Theodosium</em></strong></span> 
     </span>
    </p>
   </div>
   <div class='ocr_carea' id='block_1_42' title="bbox 292 3767 1932 3860">
    <p class='ocr_par' dir='ltr' id='par_1_42' title="bbox 292 3767 1932 3860">
     <span class='ocr_line' id='line_1_43' title="bbox 292 3767 1932 3860; baseline -0.016 -15"><span class='ocrx_word' id='word_1_278' title='bbox 292 3788 532 3860; x_wconf 87' lang='lat' dir='ltr'><strong><em>scripsit</em></strong></span> <span class='ocrx_word' id='word_1_279' title='bbox 579 3790 786 3841; x_wconf 88' lang='lat' dir='ltr'><strong><em>auctor</em></strong></span> <span class='ocrx_word' id='word_1_280' title='bbox 812 3781 1002 3851; x_wconf 80' lang='lat' dir='ltr'><strong><em>Operis</em></strong></span> <span class='ocrx_word' id='word_1_281' title='bbox 1035 3775 1361 3848; x_wconf 75' lang='lat' dir='ltr'><strong><em>imperfecti,</em></strong></span> <span class='ocrx_word' id='word_1_282' title='bbox 1387 3777 1456 3827; x_wconf 91' lang='lat' dir='ltr'><strong><em>ut</em></strong></span> <span class='ocrx_word' id='word_1_283' title='bbox 1483 3771 1574 3824; x_wconf 85' lang='lat' dir='ltr'><strong><em>vel</em></strong></span> <span class='ocrx_word' id='word_1_284' title='bbox 1602 3785 1671 3824; x_wconf 87' lang='lat' dir='ltr'><strong><em>ex</em></strong></span> <span class='ocrx_word' id='word_1_285' title='bbox 1702 3767 1793 3822; x_wconf 89' lang='lat' dir='ltr'><strong><em>bis</em></strong></span> <span class='ocrx_word' id='word_1_286' title='bbox 1811 3782 1932 3821; x_wconf 91' lang='lat' dir='ltr'><strong><em>ver-</em></strong></span> 
     </span>
    </p>
   </div>
   <div class='ocr_carea' id='block_1_43' title="bbox 284 3860 1936 3949">
    <p class='ocr_par' dir='ltr' id='par_1_43' title="bbox 284 3860 1936 3949">
     <span class='ocr_line' id='line_1_44' title="bbox 284 3860 1936 3949; baseline -0.015 -14"><span class='ocrx_word' id='word_1_287' title='bbox 284 3880 377 3935; x_wconf 90' lang='lat' dir='ltr'><strong><em>bis</em></strong></span> <span class='ocrx_word' id='word_1_288' title='bbox 406 3881 569 3949; x_wconf 87' lang='lat' dir='ltr'><strong><em>patet</em></strong></span> <span class='ocrx_word' id='word_1_289' title='bbox 599 3872 804 3929; x_wconf 84' lang='lat' dir='ltr'><strong><em>homil.</em></strong></span> <span class='ocrx_word' id='word_1_290' title='bbox 827 3874 896 3926; x_wconf 81' lang='grc'><strong>49</strong></span> <span class='ocrx_word' id='word_1_291' title='bbox 929 3888 941 3925; x_wconf 91' lang='lat'><strong>:</strong></span> <span class='ocrx_word' id='word_1_292' title='bbox 975 3870 1036 3925; x_wconf 92' lang='lat' dir='ltr'><strong><em>Si</em></strong></span> <span class='ocrx_word' id='word_1_293' title='bbox 1065 3869 1188 3938; x_wconf 88' lang='lat' dir='ltr'><strong><em>quis</em></strong></span> <span class='ocrx_word' id='word_1_294' title='bbox 1239 3872 1420 3920; x_wconf 88' lang='lat' dir='ltr'><strong><em>autem</em></strong></span> <span class='ocrx_word' id='word_1_295' title='bbox 1470 3862 1783 3917; x_wconf 84' lang='lat' dir='ltr'><strong><em>auditiones</em></strong></span> <span class='ocrx_word' id='word_1_296' title='bbox 1808 3860 1936 3929; x_wconf 88' lang='lat' dir='ltr'><strong><em>qui-</em></strong></span> 
     </span>
    </p>
   </div>
   <div class='ocr_carea' id='block_1_44' title="bbox 289 3950 1935 4036">
    <p class='ocr_par' dir='ltr' id='par_1_44' title="bbox 289 3950 1935 4036">
     <span class='ocr_line' id='line_1_45' title="bbox 289 3950 1935 4036; baseline -0.013 -13"><span class='ocrx_word' id='word_1_297' title='bbox 289 3969 411 4023; x_wconf 91' lang='lat' dir='ltr'><strong><em>dem</em></strong></span> <span class='ocrx_word' id='word_1_298' title='bbox 427 3964 779 4036; x_wconf 77' lang='lat' dir='ltr'><strong><em>praeliorum,</em></strong></span> <span class='ocrx_word' id='word_1_299' title='bbox 811 3963 1003 4029; x_wconf 84' lang='lat' dir='ltr'><strong><em>fames,</em></strong></span> <span class='ocrx_word' id='word_1_300' title='bbox 1064 3963 1114 4011; x_wconf 91' lang='lat' dir='ltr'><strong><em>et</em></strong></span> <span class='ocrx_word' id='word_1_301' title='bbox 1172 3954 1461 4020; x_wconf 81' lang='lat' dir='ltr'><strong><em>tumultus,</em></strong></span> <span class='ocrx_word' id='word_1_302' title='bbox 1491 3957 1545 4007; x_wconf 85' lang='lat' dir='ltr'><strong><em>et</em></strong></span> <span class='ocrx_word' id='word_1_303' title='bbox 1593 3950 1935 4021; x_wconf 76' lang='lat' dir='ltr'><strong><em>pestilentias</em></strong></span> 
     </span>
    </p>
   </div>
   <div class='ocr_carea' id='block_1_45' title="bbox 289 4039 1936 4126">
    <p class='ocr_par' dir='ltr' id='par_1_45' title="bbox 289 4039 1936 4126">
     <span class='ocr_line' id='line_1_46' title="bbox 289 4039 1936 4126; baseline -0.013 -14"><span class='ocrx_word' id='word_1_304' title='bbox 289 4056 569 4126; x_wconf 83' lang='lat' dir='ltr'><strong><em>intelligat</em></strong></span> <span class='ocrx_word' id='word_1_305' title='bbox 597 4069 704 4109; x_wconf 83' lang='lat' dir='ltr'><strong><em>esse</em></strong></span> <span class='ocrx_word' id='word_1_306' title='bbox 728 4052 912 4106; x_wconf 83' lang='lat' dir='ltr'><strong><em>omnia</em></strong></span> <span class='ocrx_word' id='word_1_307' title='bbox 943 4049 1054 4102; x_wconf 62' lang='lat' dir='ltr'><strong><em>hac</em></strong></span> <span class='ocrx_word' id='word_1_308' title='bbox 1082 4045 1231 4100; x_wconf 83' lang='lat' dir='ltr'><strong><em>mala</em></strong></span> <span class='ocrx_word' id='word_1_309' title='bbox 1258 4040 1600 4112; x_wconf 47' lang='lat' dir='ltr'><strong><em>spifritualia,</em></strong></span> <span class='ocrx_word' id='word_1_310' title='bbox 1628 4052 1754 4110; x_wconf 56' lang='lat' dir='ltr'><strong><em>queo</em></strong></span> <span class='ocrx_word' id='word_1_311' title='bbox 1780 4039 1936 4105; x_wconf 85' lang='lat' dir='ltr'><strong><em>facta</em></strong></span> 
     </span>
    </p>
   </div>
   <div class='ocr_carea' id='block_1_46' title="bbox 288 4129 1935 4213">
    <p class='ocr_par' dir='ltr' id='par_1_46' title="bbox 288 4129 1935 4213">
     <span class='ocr_line' id='line_1_47' title="bbox 288 4129 1935 4213; baseline -0.013 -12"><span class='ocrx_word' id='word_1_312' title='bbox 288 4152 420 4201; x_wconf 84' lang='lat' dir='ltr'><strong><em>sunt</em></strong></span> <span class='ocrx_word' id='word_1_313' title='bbox 451 4151 691 4213; x_wconf 83' lang='lat' dir='ltr'><strong><em>tempore</em></strong></span> <span class='ocrx_word' id='word_1_314' title='bbox 749 4137 1101 4197; x_wconf 85' lang='lat' dir='ltr'><strong><em>Constantini</em></strong></span> <span class='ocrx_word' id='word_1_315' title='bbox 1137 4132 1303 4189; x_wconf 82' lang='lat' dir='ltr'><strong><em>simul</em></strong></span> <span class='ocrx_word' id='word_1_316' title='bbox 1359 4137 1409 4186; x_wconf 87' lang='lat' dir='ltr'><strong><em>et</em></strong></span> <span class='ocrx_word' id='word_1_317' title='bbox 1451 4129 1737 4184; x_wconf 83' lang='lat' dir='ltr'><strong><em>Theodosii</em></strong></span> <span class='ocrx_word' id='word_1_318' title='bbox 1766 4142 1935 4196; x_wconf 86' lang='lat' dir='ltr'><strong><em>usque</em></strong></span> 
     </span>
    </p>
   </div>
   <div class='ocr_carea' id='block_1_47' title="bbox 281 4218 1935 4303">
    <p class='ocr_par' dir='ltr' id='par_1_47' title="bbox 281 4218 1935 4303">
     <span class='ocr_line' id='line_1_48' title="bbox 281 4218 1935 4303; baseline -0.012 -11"><span class='ocrx_word' id='word_1_319' title='bbox 281 4253 450 4292; x_wconf 88' lang='lat' dir='ltr'><strong><em>nunc.</em></strong></span> <span class='ocrx_word' id='word_1_320' title='bbox 483 4237 644 4289; x_wconf 87' lang='lat' dir='ltr'><strong><em>Inter</em></strong></span> <span class='ocrx_word' id='word_1_321' title='bbox 672 4237 939 4303; x_wconf 85' lang='lat' dir='ltr'><strong><em>tempora.</em></strong></span> <span class='ocrx_word' id='word_1_322' title='bbox 968 4229 1148 4301; x_wconf 84' lang='lat' dir='ltr'><strong><em>igitur</em></strong></span> <span class='ocrx_word' id='word_1_323' title='bbox 1189 4222 1502 4295; x_wconf 87' lang='lat' dir='ltr'><strong><em>Epiphanii</em></strong></span> <span class='ocrx_word' id='word_1_324' title='bbox 1562 4224 1620 4275; x_wconf 92' lang='lat' dir='ltr'><strong><em>et</em></strong></span> <span class='ocrx_word' id='word_1_325' title='bbox 1676 4218 1935 4275; x_wconf 87' lang='lat' dir='ltr'><strong><em>auctoris</em></strong></span> 
     </span>
    </p>
   </div>
   <div class='ocr_carea' id='block_1_48' title="bbox 286 4307 1930 4395">
    <p class='ocr_par' dir='ltr' id='par_1_48' title="bbox 286 4307 1930 4395">
     <span class='ocr_line' id='line_1_49' title="bbox 286 4307 1930 4395; baseline -0.012 -16"><span class='ocrx_word' id='word_1_326' title='bbox 286 4324 479 4395; x_wconf 85' lang='lat' dir='ltr'><strong><em>Operis</em></strong></span> <span class='ocrx_word' id='word_1_327' title='bbox 510 4318 1123 4392; x_wconf 75' lang='lat' dir='ltr'><strong><em>imperferti,existimo</em></strong></span> <span class='ocrx_word' id='word_1_328' title='bbox 1147 4313 1611 4371; x_wconf 89' lang='lat' dir='ltr'><strong><em>Constitutiones</em></strong></span> <span class='ocrx_word' id='word_1_329' title='bbox 1633 4307 1930 4381; x_wconf 86' lang='lat' dir='ltr'><strong><em>apostolo-</em></strong></span> 
     </span>
    </p>
   </div>
   <div class='ocr_carea' id='block_1_49' title="bbox 290 4397 1935 4470">
    <p class='ocr_par' dir='ltr' id='par_1_49' title="bbox 290 4397 1935 4470">
     <span class='ocr_line' id='line_1_50' title="bbox 290 4397 1935 4470; baseline -0.012 0"><span class='ocrx_word' id='word_1_330' title='bbox 290 4430 423 4470; x_wconf 89' lang='lat' dir='ltr'><strong><em>rum</em></strong></span> <span class='ocrx_word' id='word_1_331' title='bbox 457 4429 523 4467; x_wconf 86' lang='lat' dir='ltr'><strong><em>ex</em></strong></span> <span class='ocrx_word' id='word_1_332' title='bbox 557 4409 804 4466; x_wconf 82' lang='lat' dir='ltr'><strong><em>diversis</em></strong></span> <span class='ocrx_word' id='word_1_333' title='bbox 826 4405 1164 4463; x_wconf 86' lang='lat' dir='ltr'><strong><em>didascaliis</em></strong></span> <span class='ocrx_word' id='word_1_334' title='bbox 1194 4402 1647 4470; x_wconf 86' lang='lat' dir='ltr'><strong><em>diataxibusque</em></strong></span> <span class='ocrx_word' id='word_1_335' title='bbox 1695 4397 1935 4454; x_wconf 90' lang='lat' dir='ltr'><strong><em>minori-</em></strong></span> 
     </span>
    </p>
   </div>
   <div class='ocr_carea' id='block_1_50' title="bbox 280 4488 1930 4558">
    <p class='ocr_par' dir='ltr' id='par_1_50' title="bbox 280 4488 1930 4558">
     <span class='ocr_line' id='line_1_51' title="bbox 280 4488 1930 4558; baseline -0.011 1"><span class='ocrx_word' id='word_1_336' title='bbox 280 4503 390 4558; x_wconf 89' lang='lat' dir='ltr'><strong><em>bus</em></strong></span> <span class='ocrx_word' id='word_1_337' title='bbox 415 4500 706 4557; x_wconf 81' lang='lat' dir='ltr'><strong><em>conflatus</em></strong></span> <span class='ocrx_word' id='word_1_338' title='bbox 729 4497 803 4553; x_wconf 87' lang='lat' dir='ltr'><strong><em>ad</em></strong></span> <span class='ocrx_word' id='word_1_339' title='bbox 818 4496 1093 4552; x_wconf 88' lang='lat' dir='ltr'><strong><em>volumen</em></strong></span> <span class='ocrx_word' id='word_1_340' title='bbox 1115 4498 1246 4548; x_wconf 92' lang='lat' dir='ltr'><strong><em>octo</em></strong></span> <span class='ocrx_word' id='word_1_341' title='bbox 1276 4491 1565 4545; x_wconf 86' lang='lat' dir='ltr'><strong><em>librorum</em></strong></span> <span class='ocrx_word' id='word_1_342' title='bbox 1580 4488 1930 4555; x_wconf 82' lang='lat' dir='ltr'><strong><em>excrevisse,</em></strong></span> 
     </span>
    </p>
   </div>
   <div class='ocr_carea' id='block_1_51' title="bbox 2049 525 3685 606">
    <p class='ocr_par' dir='ltr' id='par_1_51' title="bbox 2049 525 3685 606">
     <span class='ocr_line' id='line_1_52' title="bbox 2049 525 3685 606; baseline -0.007 -15"><span class='ocrx_word' id='word_1_343' title='bbox 2049 534 2316 591; x_wconf 70' lang='grc' dir='ltr'>ὂιισκιλία</span> <span class='ocrx_word' id='word_1_344' title='bbox 2346 533 2414 591; x_wconf 81' lang='grc' dir='ltr'>δι’</span> <span class='ocrx_word' id='word_1_345' title='bbox 2446 532 2928 602; x_wconf 73' lang='grc' dir='ltr'>Ἰππολ·5του,ῐιιω</span> <span class='ocrx_word' id='word_1_346' title='bbox 2956 530 3215 606; x_wconf 77' lang='grc' dir='ltr'>Διαταγαὶ</span> <span class='ocrx_word' id='word_1_347' title='bbox 3249 525 3685 591; x_wconf 71' lang='grc' dir='ltr'>ἀποστὸλιυν,θκ</span> 
     </span>
    </p>
   </div>
   <div class='ocr_carea' id='block_1_52' title="bbox 2053 617 3698 698">
    <p class='ocr_par' dir='ltr' id='par_1_52' title="bbox 2053 617 3698 698">
     <span class='ocr_line' id='line_1_53' title="bbox 2053 617 3698 698; baseline -0.008 -16"><span class='ocrx_word' id='word_1_348' title='bbox 2053 628 2268 698; x_wconf 90' lang='lat' dir='ltr'><strong><em>quibus</em></strong></span> <span class='ocrx_word' id='word_1_349' title='bbox 2296 628 2446 683; x_wconf 86' lang='lat' dir='ltr'><strong><em>liber</em></strong></span> <span class='ocrx_word' id='word_1_350' title='bbox 2474 631 2712 682; x_wconf 89' lang='lat' dir='ltr'><strong><em>octavus</em></strong></span> <span class='ocrx_word' id='word_1_351' title='bbox 2748 624 3043 696; x_wconf 69' lang='lat' dir='ltr'><strong><em>praecipue</em></strong></span> <span class='ocrx_word' id='word_1_352' title='bbox 3075 625 3325 688; x_wconf 87' lang='lat' dir='ltr'><strong><em>constat,</em></strong></span> <span class='ocrx_word' id='word_1_353' title='bbox 3360 617 3698 689; x_wconf 86' lang='lat' dir='ltr'><strong><em>deprehen-</em></strong></span> 
     </span>
    </p>
   </div>
   <div class='ocr_carea' id='block_1_53' title="bbox 2050 718 2267 773">
    <p class='ocr_par' dir='ltr' id='par_1_53' title="bbox 2050 718 2267 773">
     <span class='ocr_line' id='line_1_54' title="bbox 2050 718 2267 773; baseline -0.005 -1"><span class='ocrx_word' id='word_1_354' title='bbox 2050 718 2267 773; x_wconf 87' lang='lat' dir='ltr'><strong><em>dimus.</em></strong></span> 
     </span>
    </p>
   </div>
   <div class='ocr_carea' id='block_1_54' title="bbox 2121 816 3703 891">
    <p class='ocr_par' dir='ltr' id='par_1_54' title="bbox 2121 816 3703 891">
     <span class='ocr_line' id='line_1_55' title="bbox 2121 816 3703 891; baseline -0.009 -9"><span class='ocrx_word' id='word_1_355' title='bbox 2121 829 2290 882; x_wconf 88' lang='lat' dir='ltr'><strong><em>Certe</em></strong></span> <span class='ocrx_word' id='word_1_356' title='bbox 2322 828 2479 882; x_wconf 89' lang='lat' dir='ltr'><strong><em>inter</em></strong></span> <span class='ocrx_word' id='word_1_357' title='bbox 2508 826 2638 881; x_wconf 89' lang='lat' dir='ltr'><strong><em>illas</em></strong></span> <span class='ocrx_word' id='word_1_358' title='bbox 2667 822 3041 889; x_wconf 88' lang='lat' dir='ltr'><strong><em>didascalias,</em></strong></span> <span class='ocrx_word' id='word_1_359' title='bbox 3074 836 3221 891; x_wconf 86' lang='lat' dir='ltr'><strong><em>quas</em></strong></span> <span class='ocrx_word' id='word_1_360' title='bbox 3252 816 3703 873; x_wconf 88' lang='lat' dir='ltr'><strong><em>consarcinator</em></strong></span> 
     </span>
    </p>
   </div>
   <div class='ocr_carea' id='block_1_55' title="bbox 2049 904 3701 984">
    <p class='ocr_par' dir='ltr' id='par_1_55' title="bbox 2049 904 3701 984">
     <span class='ocr_line' id='line_1_56' title="bbox 2049 904 3701 984; baseline -0.01 -13"><span class='ocrx_word' id='word_1_361' title='bbox 2049 917 2337 972; x_wconf 91' lang='lat' dir='ltr'><strong><em>librorum</em></strong></span> <span class='ocrx_word' id='word_1_362' title='bbox 2371 921 2501 970; x_wconf 92' lang='lat' dir='ltr'><strong><em>octo</em></strong></span> <span class='ocrx_word' id='word_1_363' title='bbox 2531 913 2856 984; x_wconf 85' lang='lat' dir='ltr'><strong><em>usurpavit,</em></strong></span> <span class='ocrx_word' id='word_1_364' title='bbox 2904 910 3087 966; x_wconf 82' lang='lat' dir='ltr'><strong><em>fuisse</em></strong></span> <span class='ocrx_word' id='word_1_365' title='bbox 3131 904 3490 963; x_wconf 77' lang='grc' dir='ltr'>Διδασκαλίαν</span> <span class='ocrx_word' id='word_1_366' title='bbox 3528 905 3701 976; x_wconf 78' lang='grc' dir='ltr'><strong><em>Ἰγνα-</em></strong></span> 
     </span>
    </p>
   </div>
   <div class='ocr_carea' id='block_1_56' title="bbox 2046 993 3700 1076">
    <p class='ocr_par' dir='ltr' id='par_1_56' title="bbox 2046 993 3700 1076">
     <span class='ocr_line' id='line_1_57' title="bbox 2046 993 3700 1076; baseline -0.006 -19"><span class='ocrx_word' id='word_1_367' title='bbox 2046 1005 2187 1073; x_wconf 65' lang='lat' dir='ltr'><strong><em>rion,</em></strong></span> <span class='ocrx_word' id='word_1_368' title='bbox 2221 1004 2662 1076; x_wconf 87' lang='lat' dir='ltr'><strong><em>quamplurima</em></strong></span> <span class='ocrx_word' id='word_1_369' title='bbox 2686 1007 2825 1057; x_wconf 89' lang='lat' dir='ltr'><strong><em>sunt</em></strong></span> <span class='ocrx_word' id='word_1_370' title='bbox 2846 1017 2976 1072; x_wconf 72' lang='lat' dir='ltr'><strong><em>quae</em></strong></span> <span class='ocrx_word' id='word_1_371' title='bbox 3001 1004 3066 1054; x_wconf 89' lang='lat' dir='ltr'><strong><em>ut</em></strong></span> <span class='ocrx_word' id='word_1_372' title='bbox 3084 997 3422 1053; x_wconf 85' lang='lat' dir='ltr'><strong><em>ﬁrmissime</em></strong></span> <span class='ocrx_word' id='word_1_373' title='bbox 3456 993 3700 1051; x_wconf 88' lang='lat' dir='ltr'><strong><em>credam</em></strong></span> 
     </span>
    </p>
   </div>
   <div class='ocr_carea' id='block_1_57' title="bbox 2049 1085 3702 1164">
    <p class='ocr_par' dir='ltr' id='par_1_57' title="bbox 2049 1085 3702 1164">
     <span class='ocr_line' id='line_1_58' title="bbox 2049 1085 3702 1164; baseline -0.009 -14"><span class='ocrx_word' id='word_1_374' title='bbox 2049 1096 2334 1152; x_wconf 86' lang='lat' dir='ltr'><strong><em>efﬁciunt.</em></strong></span> <span class='ocrx_word' id='word_1_375' title='bbox 2366 1096 2473 1159; x_wconf 86' lang='lat' dir='ltr'><strong><em>Qui</em></strong></span> <span class='ocrx_word' id='word_1_376' title='bbox 2513 1094 2772 1164; x_wconf 90' lang='lat' dir='ltr'><strong><em>primum</em></strong></span> <span class='ocrx_word' id='word_1_377' title='bbox 2828 1093 2934 1146; x_wconf 90' lang='lat' dir='ltr'><strong><em>has</em></strong></span> <span class='ocrx_word' id='word_1_378' title='bbox 2993 1086 3346 1144; x_wconf 88' lang='lat' dir='ltr'><strong><em>didascalias</em></strong></span> <span class='ocrx_word' id='word_1_379' title='bbox 3377 1085 3702 1150; x_wconf 84' lang='lat' dir='ltr'><strong><em>ﬁnxerunt,</em></strong></span> 
     </span>
    </p>
   </div>
   <div class='ocr_carea' id='block_1_58' title="bbox 2050 1171 3704 1253">
    <p class='ocr_par' dir='ltr' id='par_1_58' title="bbox 2050 1171 3704 1253">
     <span class='ocr_line' id='line_1_59' title="bbox 2050 1171 3704 1253; baseline -0.01 -14"><span class='ocrx_word' id='word_1_380' title='bbox 2050 1186 2177 1241; x_wconf 89' lang='lat' dir='ltr'><strong><em>sine</em></strong></span> <span class='ocrx_word' id='word_1_381' title='bbox 2207 1183 2386 1238; x_wconf 90' lang='lat' dir='ltr'><strong><em>dubio</em></strong></span> <span class='ocrx_word' id='word_1_382' title='bbox 2418 1198 2621 1237; x_wconf 89' lang='lat' dir='ltr'><strong><em>eorum</em></strong></span> <span class='ocrx_word' id='word_1_383' title='bbox 2644 1182 2865 1253; x_wconf 89' lang='lat' dir='ltr'><strong><em>scripta</em></strong></span> <span class='ocrx_word' id='word_1_384' title='bbox 2884 1185 3020 1235; x_wconf 88' lang='lat' dir='ltr'><strong><em>ante</em></strong></span> <span class='ocrx_word' id='word_1_385' title='bbox 3052 1176 3254 1233; x_wconf 90' lang='lat' dir='ltr'><strong><em>oculos</em></strong></span> <span class='ocrx_word' id='word_1_386' title='bbox 3276 1171 3704 1241; x_wconf 82' lang='lat' dir='ltr'><strong><em>habuere,qui-</em></strong></span> 
     </span>
    </p>
   </div>
   <div class='ocr_carea' id='block_1_59' title="bbox 2048 1261 3699 1345">
    <p class='ocr_par' dir='ltr' id='par_1_59' title="bbox 2048 1261 3699 1345">
     <span class='ocr_line' id='line_1_60' title="bbox 2048 1261 3699 1345; baseline -0.009 -17"><span class='ocrx_word' id='word_1_387' title='bbox 2048 1274 2158 1328; x_wconf 91' lang='lat' dir='ltr'><strong><em>bus</em></strong></span> <span class='ocrx_word' id='word_1_388' title='bbox 2190 1273 2470 1345; x_wconf 76' lang='lat' dir='ltr'><strong><em>figmenta</em></strong></span> <span class='ocrx_word' id='word_1_389' title='bbox 2526 1288 2632 1326; x_wconf 88' lang='lat' dir='ltr'><strong><em>sua</em></strong></span> <span class='ocrx_word' id='word_1_390' title='bbox 2689 1269 2868 1326; x_wconf 89' lang='lat' dir='ltr'><strong><em>tribui</em></strong></span> <span class='ocrx_word' id='word_1_391' title='bbox 2928 1268 3262 1325; x_wconf 85' lang='lat' dir='ltr'><strong><em>voluerunt,</em></strong></span> <span class='ocrx_word' id='word_1_392' title='bbox 3303 1268 3369 1319; x_wconf 90' lang='lat' dir='ltr'><strong><em>ut</em></strong></span> <span class='ocrx_word' id='word_1_393' title='bbox 3398 1278 3500 1317; x_wconf 90' lang='lat' dir='ltr'><strong><em>eos</em></strong></span> <span class='ocrx_word' id='word_1_394' title='bbox 3532 1261 3699 1331; x_wconf 89' lang='lat' dir='ltr'><strong><em>ipsos</em></strong></span> 
     </span>
    </p>
   </div>
   <div class='ocr_carea' id='block_1_60' title="bbox 2049 1349 3706 1433">
    <p class='ocr_par' dir='ltr' id='par_1_60' title="bbox 2049 1349 3706 1433">
     <span class='ocr_line' id='line_1_61' title="bbox 2049 1349 3706 1433; baseline -0.008 -16"><span class='ocrx_word' id='word_1_395' title='bbox 2049 1367 2336 1433; x_wconf 88' lang='lat' dir='ltr'><strong><em>quantum</em></strong></span> <span class='ocrx_word' id='word_1_396' title='bbox 2385 1365 2632 1432; x_wconf 90' lang='lat' dir='ltr'><strong><em>possent</em></strong></span> <span class='ocrx_word' id='word_1_397' title='bbox 2683 1359 3122 1430; x_wconf 83' lang='lat' dir='ltr'><strong><em>exprimerent;</em></strong></span> <span class='ocrx_word' id='word_1_398' title='bbox 3159 1353 3313 1409; x_wconf 90' lang='lat' dir='ltr'><strong><em>unde</em></strong></span> <span class='ocrx_word' id='word_1_399' title='bbox 3346 1368 3465 1406; x_wconf 88' lang='lat' dir='ltr'><strong><em>non</em></strong></span> <span class='ocrx_word' id='word_1_400' title='bbox 3497 1349 3706 1404; x_wconf 91' lang='lat' dir='ltr'><strong><em>dubito</em></strong></span> 
     </span>
    </p>
   </div>
   <div class='ocr_carea' id='block_1_61' title="bbox 2048 1438 3706 1520">
    <p class='ocr_par' dir='ltr' id='par_1_61' title="bbox 2048 1438 3706 1520">
     <span class='ocr_line' id='line_1_62' title="bbox 2048 1438 3706 1520; baseline -0.008 -14"><span class='ocrx_word' id='word_1_401' title='bbox 2048 1451 2370 1507; x_wconf 86' lang='lat' dir='ltr'><strong><em>Clementis</em></strong></span> <span class='ocrx_word' id='word_1_402' title='bbox 2391 1444 2624 1520; x_wconf 76' lang='grc' dir='ltr'>διδαχήν</span> <span class='ocrx_word' id='word_1_403' title='bbox 2652 1449 2736 1503; x_wconf 87' lang='lat' dir='ltr'><strong><em>ita</em></strong></span> <span class='ocrx_word' id='word_1_404' title='bbox 2755 1447 2938 1503; x_wconf 88' lang='lat' dir='ltr'><strong><em>fuisse</em></strong></span> <span class='ocrx_word' id='word_1_405' title='bbox 2962 1443 3373 1516; x_wconf 86' lang='lat' dir='ltr'><strong><em>compositam,</em></strong></span> <span class='ocrx_word' id='word_1_406' title='bbox 3396 1445 3465 1495; x_wconf 89' lang='lat' dir='ltr'><strong><em>ut</em></strong></span> <span class='ocrx_word' id='word_1_407' title='bbox 3485 1438 3706 1510; x_wconf 86' lang='lat' dir='ltr'><strong><em>episto-</em></strong></span> 
     </span>
    </p>
   </div>
   <div class='ocr_carea' id='block_1_62' title="bbox 2049 1527 3700 1611">
    <p class='ocr_par' dir='ltr' id='par_1_62' title="bbox 2049 1527 3700 1611">
     <span class='ocr_line' id='line_1_63' title="bbox 2049 1527 3700 1611; baseline -0.008 -16"><span class='ocrx_word' id='word_1_408' title='bbox 2049 1541 2135 1595; x_wconf 87' lang='lat' dir='ltr'><strong><em>las</em></strong></span> <span class='ocrx_word' id='word_1_409' title='bbox 2165 1539 2294 1611; x_wconf 90' lang='lat' dir='ltr'><strong><em>ejus</em></strong></span> <span class='ocrx_word' id='word_1_410' title='bbox 2317 1539 2572 1594; x_wconf 80' lang='lat' dir='ltr'><strong><em>maxime</em></strong></span> <span class='ocrx_word' id='word_1_411' title='bbox 2593 1538 2906 1592; x_wconf 87' lang='lat' dir='ltr'><strong><em>referrent.</em></strong></span> <span class='ocrx_word' id='word_1_412' title='bbox 2934 1537 3015 1589; x_wconf 92' lang='lat' dir='ltr'><strong><em>Ex</em></strong></span> <span class='ocrx_word' id='word_1_413' title='bbox 3041 1534 3150 1587; x_wconf 89' lang='lat' dir='ltr'><strong><em>hac</em></strong></span> <span class='ocrx_word' id='word_1_414' title='bbox 3172 1532 3352 1603; x_wconf 79' lang='lat' dir='ltr'><strong><em>igitur</em></strong></span> <span class='ocrx_word' id='word_1_415' title='bbox 3371 1527 3700 1584; x_wconf 81' lang='lat' dir='ltr'><strong><em>Clementis</em></strong></span> 
     </span>
    </p>
   </div>
   <div class='ocr_carea' id='block_1_63' title="bbox 2050 1616 3703 1692">
    <p class='ocr_par' dir='ltr' id='par_1_63' title="bbox 2050 1616 3703 1692">
     <span class='ocr_line' id='line_1_64' title="bbox 2050 1616 3703 1692; baseline -0.007 -9"><span class='ocrx_word' id='word_1_416' title='bbox 2050 1629 2379 1684; x_wconf 87' lang='lat' dir='ltr'><strong><em>Didascalia</em></strong></span> <span class='ocrx_word' id='word_1_417' title='bbox 2406 1626 2945 1682; x_wconf 87' lang='lat' dir='ltr'><strong><em>consarcinatorem</em></strong></span> <span class='ocrx_word' id='word_1_418' title='bbox 2968 1639 3038 1678; x_wconf 90' lang='lat' dir='ltr'><strong><em>ea</em></strong></span> <span class='ocrx_word' id='word_1_419' title='bbox 3062 1620 3385 1692; x_wconf 88' lang='lat' dir='ltr'><strong><em>sumpsisse</em></strong></span> <span class='ocrx_word' id='word_1_420' title='bbox 3411 1616 3703 1672; x_wconf 88' lang='lat' dir='ltr'><strong><em>credibile</em></strong></span> 
     </span>
    </p>
   </div>
   <div class='ocr_carea' id='block_1_64' title="bbox 2049 1705 3701 1789">
    <p class='ocr_par' dir='ltr' id='par_1_64' title="bbox 2049 1705 3701 1789">
     <span class='ocr_line' id='line_1_65' title="bbox 2049 1705 3701 1789; baseline -0.009 -16"><span class='ocrx_word' id='word_1_421' title='bbox 2049 1726 2157 1783; x_wconf 87' lang='lat' dir='ltr'><strong><em>est,</em></strong></span> <span class='ocrx_word' id='word_1_422' title='bbox 2191 1735 2323 1789; x_wconf 69' lang='lat' dir='ltr'><strong><em>qua)</em></strong></span> <span class='ocrx_word' id='word_1_423' title='bbox 2355 1717 2427 1772; x_wconf 92' lang='lat' dir='ltr'><strong><em>de</em></strong></span> <span class='ocrx_word' id='word_1_424' title='bbox 2458 1716 2726 1788; x_wconf 68' lang='lat' dir='ltr'><strong><em>phoenice</em></strong></span> <span class='ocrx_word' id='word_1_425' title='bbox 2758 1714 2936 1769; x_wconf 87' lang='lat' dir='ltr'><strong><em>habet</em></strong></span> <span class='ocrx_word' id='word_1_426' title='bbox 2965 1717 3022 1767; x_wconf 90' lang='lat' dir='ltr'><strong><em>et</em></strong></span> <span class='ocrx_word' id='word_1_427' title='bbox 3059 1709 3422 1766; x_wconf 90' lang='lat' dir='ltr'><strong><em>carminibus</em></strong></span> <span class='ocrx_word' id='word_1_428' title='bbox 3460 1705 3701 1777; x_wconf 65' lang='lat' dir='ltr'><strong><em>Sibyllae</em></strong></span> 
     </span>
    </p>
   </div>
   <div class='ocr_carea' id='block_1_65' title="bbox 2049 1797 3707 1877">
    <p class='ocr_par' dir='ltr' id='par_1_65' title="bbox 2049 1797 3707 1877">
     <span class='ocr_line' id='line_1_66' title="bbox 2049 1797 3707 1877; baseline -0.009 -14"><span class='ocrx_word' id='word_1_429' title='bbox 2049 1809 2086 1863; x_wconf 93' lang='lat' dir='ltr'><strong><em>l.</em></strong></span> <span class='ocrx_word' id='word_1_430' title='bbox 2119 1826 2172 1877; x_wconf 92' lang='lat' dir='ltr'><strong><em>v,</em></strong></span> <span class='ocrx_word' id='word_1_431' title='bbox 2199 1825 2246 1863; x_wconf 93' lang='lat' dir='ltr'><strong><em>c.</em></strong></span> <span class='ocrx_word' id='word_1_432' title='bbox 2276 1808 2333 1873; x_wconf 89' lang='lat'><strong><em>6,</em></strong></span> <span class='ocrx_word' id='word_1_433' title='bbox 2358 1824 2429 1862; x_wconf 87' lang='lat' dir='ltr'><strong><em>ex</em></strong></span> <span class='ocrx_word' id='word_1_434' title='bbox 2461 1805 2724 1877; x_wconf 89' lang='lat' dir='ltr'><strong><em>epistolis</em></strong></span> <span class='ocrx_word' id='word_1_435' title='bbox 2754 1802 3074 1858; x_wconf 88' lang='lat' dir='ltr'><strong><em>Clementis</em></strong></span> <span class='ocrx_word' id='word_1_436' title='bbox 3100 1800 3267 1872; x_wconf 91' lang='lat' dir='ltr'><strong><em>prius</em></strong></span> <span class='ocrx_word' id='word_1_437' title='bbox 3297 1797 3613 1867; x_wconf 90' lang='lat' dir='ltr'><strong><em>desumpta</em></strong></span> <span class='ocrx_word' id='word_1_438' title='bbox 3640 1799 3707 1849; x_wconf 87' lang='lat' dir='ltr'><strong><em>et</em></strong></span> 
     </span>
    </p>
   </div>
   <div class='ocr_carea' id='block_1_66' title="bbox 2050 1884 3711 1968">
    <p class='ocr_par' dir='ltr' id='par_1_66' title="bbox 2050 1884 3711 1968">
     <span class='ocr_line' id='line_1_67' title="bbox 2050 1884 3711 1968; baseline -0.009 -16"><span class='ocrx_word' id='word_1_439' title='bbox 2050 1902 2416 1968; x_wconf 72' lang='lat' dir='ltr'><strong><em>exaggerata.</em></strong></span> <span class='ocrx_word' id='word_1_440' title='bbox 2475 1898 2559 1950; x_wconf 86' lang='lat' dir='ltr'><strong><em>Ex</em></strong></span> <span class='ocrx_word' id='word_1_441' title='bbox 2605 1893 2835 1956; x_wconf 81' lang='lat' dir='ltr'><strong><em>eadem,</em></strong></span> <span class='ocrx_word' id='word_1_442' title='bbox 2893 1892 2956 1946; x_wconf 91' lang='lat' dir='ltr'><strong><em>ni</em></strong></span> <span class='ocrx_word' id='word_1_443' title='bbox 3009 1890 3203 1954; x_wconf 85' lang='lat' dir='ltr'><strong><em>fallor,</em></strong></span> <span class='ocrx_word' id='word_1_444' title='bbox 3262 1887 3448 1942; x_wconf 87' lang='lat' dir='ltr'><strong><em>totius</em></strong></span> <span class='ocrx_word' id='word_1_445' title='bbox 3503 1884 3711 1956; x_wconf 90' lang='lat' dir='ltr'><strong><em>operis</em></strong></span> 
     </span>
    </p>
   </div>
   <div class='ocr_carea' id='block_1_67' title="bbox 2049 1973 3714 2057">
    <p class='ocr_par' dir='ltr' id='par_1_67' title="bbox 2049 1973 3714 2057">
     <span class='ocr_line' id='line_1_68' title="bbox 2049 1973 3714 2057; baseline -0.007 -18"><span class='ocrx_word' id='word_1_446' title='bbox 2049 1986 2402 2057; x_wconf 64' lang='lat' dir='ltr'><strong><em>proemium</em></strong></span> <span class='ocrx_word' id='word_1_447' title='bbox 2431 1983 2782 2054; x_wconf 89' lang='lat' dir='ltr'><strong><em>descripsit;</em></strong></span> <span class='ocrx_word' id='word_1_448' title='bbox 2808 1998 2929 2036; x_wconf 92' lang='lat' dir='ltr'><strong><em>non</em></strong></span> <span class='ocrx_word' id='word_1_449' title='bbox 2963 1979 3122 2034; x_wconf 89' lang='lat' dir='ltr'><strong><em>enim</em></strong></span> <span class='ocrx_word' id='word_1_450' title='bbox 3147 1995 3181 2033; x_wconf 88' lang='lat' dir='ltr'><strong><em>a</em></strong></span> <span class='ocrx_word' id='word_1_451' title='bbox 3201 1981 3502 2049; x_wconf 86' lang='lat' dir='ltr'><strong><em>postremo</em></strong></span> <span class='ocrx_word' id='word_1_452' title='bbox 3526 1973 3714 2029; x_wconf 89' lang='lat' dir='ltr'><strong><em>colle-</em></strong></span> 
     </span>
    </p>
   </div>
   <div class='ocr_carea' id='block_1_68' title="bbox 2050 2063 3709 2142">
    <p class='ocr_par' dir='ltr' id='par_1_68' title="bbox 2050 2063 3709 2142">
     <span class='ocr_line' id='line_1_69' title="bbox 2050 2063 3709 2142; baseline -0.008 -13"><span class='ocrx_word' id='word_1_453' title='bbox 2050 2081 2211 2130; x_wconf 90' lang='lat' dir='ltr'><strong><em>ctore</em></strong></span> <span class='ocrx_word' id='word_1_454' title='bbox 2233 2073 2378 2127; x_wconf 91' lang='lat' dir='ltr'><strong><em>illud</em></strong></span> <span class='ocrx_word' id='word_1_455' title='bbox 2395 2073 2615 2127; x_wconf 83' lang='lat' dir='ltr'><strong><em>factum</em></strong></span> <span class='ocrx_word' id='word_1_456' title='bbox 2642 2076 2779 2142; x_wconf 79' lang='lat' dir='ltr'><strong><em>puto</em></strong></span> <span class='ocrx_word' id='word_1_457' title='bbox 2804 2086 2818 2135; x_wconf 94' lang='lat'>;</span> <span class='ocrx_word' id='word_1_458' title='bbox 2845 2085 3022 2140; x_wconf 88' lang='lat' dir='ltr'><strong><em>quem</em></strong></span> <span class='ocrx_word' id='word_1_459' title='bbox 3047 2065 3377 2139; x_wconf 90' lang='lat' dir='ltr'><strong><em>Epiphanio</em></strong></span> <span class='ocrx_word' id='word_1_460' title='bbox 3395 2063 3709 2135; x_wconf 88' lang='lat' dir='ltr'><strong><em>juniorem</em></strong></span> 
     </span>
    </p>
   </div>
   <div class='ocr_carea' id='block_1_69' title="bbox 2050 2152 3707 2231">
    <p class='ocr_par' dir='ltr' id='par_1_69' title="bbox 2050 2152 3707 2231">
     <span class='ocr_line' id='line_1_70' title="bbox 2050 2152 3707 2231; baseline -0.008 -13"><span class='ocrx_word' id='word_1_461' title='bbox 2050 2179 2180 2219; x_wconf 89' lang='lat' dir='ltr'><strong><em>esse</em></strong></span> <span class='ocrx_word' id='word_1_462' title='bbox 2202 2162 2413 2222; x_wconf 85' lang='lat' dir='ltr'><strong><em>sentio.</em></strong></span> <span class='ocrx_word' id='word_1_463' title='bbox 2435 2160 2532 2231; x_wconf 90' lang='lat' dir='ltr'><strong><em>qui</em></strong></span> <span class='ocrx_word' id='word_1_464' title='bbox 2557 2159 2912 2214; x_wconf 84' lang='lat' dir='ltr'><strong><em>sententiam</em></strong></span> <span class='ocrx_word' id='word_1_465' title='bbox 2937 2157 3102 2211; x_wconf 91' lang='lat' dir='ltr'><strong><em>illam</em></strong></span> <span class='ocrx_word' id='word_1_466' title='bbox 3120 2172 3190 2211; x_wconf 89' lang='lat' dir='ltr'><strong><em>ex</em></strong></span> <span class='ocrx_word' id='word_1_467' title='bbox 3212 2154 3496 2226; x_wconf 70' lang='lat' dir='ltr'><strong><em>prommio</em></strong></span> <span class='ocrx_word' id='word_1_468' title='bbox 3520 2152 3664 2206; x_wconf 80' lang='lat' dir='ltr'><strong><em>citat</em></strong></span> <span class='ocrx_word' id='word_1_469' title='bbox 3692 2167 3707 2204; x_wconf 92' lang='lat'>:</span> 
     </span>
    </p>
   </div>
   <div class='ocr_carea' id='block_1_70' title="bbox 2049 2237 3709 2327">
    <p class='ocr_par' dir='ltr' id='par_1_70' title="bbox 2049 2237 3709 2327">
     <span class='ocr_line' id='line_1_71' title="bbox 2049 2237 3709 2327; baseline -0.008 -22"><span class='ocrx_word' id='word_1_470' title='bbox 2049 2255 2183 2306; x_wconf 75' lang='grc' dir='ltr'>Θεοῦ</span> <span class='ocrx_word' id='word_1_471' title='bbox 2240 2249 2428 2327; x_wconf 75' lang='grc' dir='ltr'><strong>φυτεία</strong></span> <span class='ocrx_word' id='word_1_472' title='bbox 2482 2251 2517 2315; x_wconf 74' lang='grc' dir='ltr'><strong>ἡ</strong></span> <span class='ocrx_word' id='word_1_473' title='bbox 2574 2244 2845 2313; x_wconf 83' lang='grc' dir='ltr'>καθολική</span> <span class='ocrx_word' id='word_1_474' title='bbox 2905 2242 3227 2314; x_wconf 74' lang='grc' dir='ltr'><strong><em>Ἐκκλησία,</em></strong></span> <span class='ocrx_word' id='word_1_475' title='bbox 3285 2242 3372 2296; x_wconf 88' lang='grc' dir='ltr'><strong><em>καὶ</em></strong></span> <span class='ocrx_word' id='word_1_476' title='bbox 3432 2237 3709 2311; x_wconf 82' lang='grc' dir='ltr'><strong><em>ἀμπελὼν</em></strong></span> 
     </span>
    </p>
   </div>
   <div class='ocr_carea' id='block_1_71' title="bbox 2047 2330 3709 2400">
    <p class='ocr_par' dir='ltr' id='par_1_71' title="bbox 2047 2330 3709 2400">
     <span class='ocr_line' id='line_1_72' title="bbox 2047 2330 3709 2400; baseline -0.007 -7"><span class='ocrx_word' id='word_1_477' title='bbox 2047 2338 2211 2393; x_wconf 79' lang='grc' dir='ltr'><strong><em>αὐτοῦ</em></strong></span> <span class='ocrx_word' id='word_1_478' title='bbox 2233 2335 2504 2400; x_wconf 74' lang='grc' dir='ltr'>ἐκλεκτός,</span> <span class='ocrx_word' id='word_1_479' title='bbox 2529 2361 2555 2387; x_wconf 89' lang='grc'><strong><em>‹‹</em></strong></span> <span class='ocrx_word' id='word_1_480' title='bbox 2577 2336 2839 2391; x_wconf 87' lang='lat' dir='ltr'><strong><em>Ecclesia</em></strong></span> <span class='ocrx_word' id='word_1_481' title='bbox 2855 2333 3147 2389; x_wconf 82' lang='lat' dir='ltr'><strong><em>catholica</em></strong></span> <span class='ocrx_word' id='word_1_482' title='bbox 3161 2332 3338 2387; x_wconf 90' lang='lat' dir='ltr'><strong><em>arbor</em></strong></span> <span class='ocrx_word' id='word_1_483' title='bbox 3351 2348 3388 2386; x_wconf 89' lang='lat' dir='ltr'><strong><em>a</em></strong></span> <span class='ocrx_word' id='word_1_484' title='bbox 3402 2330 3539 2392; x_wconf 85' lang='lat' dir='ltr'><strong><em>Deo,</em></strong></span> <span class='ocrx_word' id='word_1_485' title='bbox 3550 2333 3709 2395; x_wconf 87' lang='lat' dir='ltr'><strong><em>sata,</em></strong></span> 
     </span>
    </p>
   </div>
   <div class='ocr_carea' id='block_1_72' title="bbox 2048 2418 3710 2499">
    <p class='ocr_par' dir='ltr' id='par_1_72' title="bbox 2048 2418 3710 2499">
     <span class='ocr_line' id='line_1_73' title="bbox 2048 2418 3710 2499; baseline -0.006 -15"><span class='ocrx_word' id='word_1_486' title='bbox 2048 2436 2107 2484; x_wconf 88' lang='lat' dir='ltr'><strong><em>et</em></strong></span> <span class='ocrx_word' id='word_1_487' title='bbox 2134 2430 2305 2485; x_wconf 88' lang='lat' dir='ltr'><strong><em>vinea</em></strong></span> <span class='ocrx_word' id='word_1_488' title='bbox 2326 2428 2456 2499; x_wconf 87' lang='lat' dir='ltr'><strong><em>ejus</em></strong></span> <span class='ocrx_word' id='word_1_489' title='bbox 2477 2426 2683 2482; x_wconf 89' lang='lat' dir='ltr'><strong><em>electa.</em></strong></span> <span class='ocrx_word' id='word_1_490' title='bbox 2721 2448 2748 2475; x_wconf 87' lang='grc'><strong>››</strong></span> <span class='ocrx_word' id='word_1_491' title='bbox 2781 2424 3103 2480; x_wconf 88' lang='lat' dir='ltr'><strong><em>Clementis</em></strong></span> <span class='ocrx_word' id='word_1_492' title='bbox 3134 2427 3335 2478; x_wconf 89' lang='lat' dir='ltr'><strong><em>autem</em></strong></span> <span class='ocrx_word' id='word_1_493' title='bbox 3367 2419 3557 2474; x_wconf 70' lang='lat' dir='ltr'><strong><em>simiai</em></strong></span> <span class='ocrx_word' id='word_1_494' title='bbox 3583 2418 3710 2474; x_wconf 81' lang='lat' dir='ltr'><strong><em>ista</em></strong></span> 
     </span>
    </p>
   </div>
   <div class='ocr_carea' id='block_1_73' title="bbox 2047 2508 3710 2592">
    <p class='ocr_par' dir='ltr' id='par_1_73' title="bbox 2047 2508 3710 2592">
     <span class='ocr_line' id='line_1_74' title="bbox 2047 2508 3710 2592; baseline -0.008 -15"><span class='ocrx_word' id='word_1_495' title='bbox 2047 2521 2298 2587; x_wconf 82' lang='lat' dir='ltr'><strong><em>ascribo,</em></strong></span> <span class='ocrx_word' id='word_1_496' title='bbox 2348 2517 2806 2591; x_wconf 78' lang='grc' dir='ltr'>ἐνεστερνισμένοι</span> <span class='ocrx_word' id='word_1_497' title='bbox 2855 2516 2947 2569; x_wconf 87' lang='grc' dir='ltr'><strong><em>τὸν</em></strong></span> <span class='ocrx_word' id='word_1_498' title='bbox 2994 2508 3164 2592; x_wconf 75' lang='grc' dir='ltr'>φόϐον</span> <span class='ocrx_word' id='word_1_499' title='bbox 3218 2510 3407 2581; x_wconf 79' lang='grc' dir='ltr'>αὐτοῦ,</span> <span class='ocrx_word' id='word_1_500' title='bbox 3438 2516 3503 2565; x_wconf 84' lang='lat' dir='ltr'><strong><em>ut</em></strong></span> <span class='ocrx_word' id='word_1_501' title='bbox 3542 2509 3710 2565; x_wconf 87' lang='lat' dir='ltr'><strong><em>allu-</em></strong></span> 
     </span>
    </p>
   </div>
   <div class='ocr_carea' id='block_1_74' title="bbox 2047 2601 3706 2678">
    <p class='ocr_par' dir='ltr' id='par_1_74' title="bbox 2047 2601 3706 2678">
     <span class='ocr_line' id='line_1_75' title="bbox 2047 2601 3706 2678; baseline -0.008 -12"><span class='ocrx_word' id='word_1_502' title='bbox 2047 2611 2213 2666; x_wconf 91' lang='lat' dir='ltr'><strong><em>deret</em></strong></span> <span class='ocrx_word' id='word_1_503' title='bbox 2243 2609 2316 2665; x_wconf 90' lang='lat' dir='ltr'><strong><em>ad</em></strong></span> <span class='ocrx_word' id='word_1_504' title='bbox 2340 2609 2444 2664; x_wconf 89' lang='lat' dir='ltr'><strong><em>illa</em></strong></span> <span class='ocrx_word' id='word_1_505' title='bbox 2463 2608 2526 2662; x_wconf 90' lang='lat' dir='ltr'><strong><em>in</em></strong></span> <span class='ocrx_word' id='word_1_506' title='bbox 2547 2606 2809 2678; x_wconf 88' lang='lat' dir='ltr'><strong><em>Epistola</em></strong></span> <span class='ocrx_word' id='word_1_507' title='bbox 2833 2606 2962 2675; x_wconf 84' lang='lat' dir='ltr'><strong><em>ejus</em></strong></span> <span class='ocrx_word' id='word_1_508' title='bbox 2993 2603 3069 2659; x_wconf 88' lang='lat' dir='ltr'><strong><em>ad</em></strong></span> <span class='ocrx_word' id='word_1_509' title='bbox 3089 2601 3429 2658; x_wconf 90' lang='lat' dir='ltr'><strong><em>Corinthios</em></strong></span> <span class='ocrx_word' id='word_1_510' title='bbox 3461 2616 3581 2655; x_wconf 90' lang='lat' dir='ltr'><strong><em>non</em></strong></span> <span class='ocrx_word' id='word_1_511' title='bbox 3607 2615 3706 2655; x_wconf 87' lang='lat' dir='ltr'><strong><em>sa-</em></strong></span> 
     </span>
    </p>
   </div>
   <div class='ocr_carea' id='block_1_75' title="bbox 2047 2688 3702 2769">
    <p class='ocr_par' dir='ltr' id='par_1_75' title="bbox 2047 2688 3702 2769">
     <span class='ocr_line' id='line_1_76' title="bbox 2047 2688 3702 2769; baseline -0.007 -14"><span class='ocrx_word' id='word_1_512' title='bbox 2047 2701 2121 2755; x_wconf 79' lang='lat' dir='ltr'><strong><em>tis</em></strong></span> <span class='ocrx_word' id='word_1_513' title='bbox 2152 2700 2312 2765; x_wconf 84' lang='lat' dir='ltr'><strong><em>trita,</em></strong></span> <span class='ocrx_word' id='word_1_514' title='bbox 2341 2694 2792 2769; x_wconf 73' lang='grc' dir='ltr'>ἑνεστερνισμένοι</span> <span class='ocrx_word' id='word_1_515' title='bbox 2848 2695 2946 2760; x_wconf 73' lang='grc' dir='ltr'><strong>ἤτε</strong></span> <span class='ocrx_word' id='word_1_516' title='bbox 2999 2697 3114 2753; x_wconf 82' lang='grc' dir='ltr'>τοῖς</span> <span class='ocrx_word' id='word_1_517' title='bbox 3162 2688 3527 2764; x_wconf 78' lang='grc' dir='ltr'>σπλάγχνοις,</span> <span class='ocrx_word' id='word_1_518' title='bbox 3568 2689 3702 2743; x_wconf 82' lang='lat' dir='ltr'><strong><em>lam</em></strong></span> 
     </span>
    </p>
   </div>
   <div class='ocr_carea' id='block_1_76' title="bbox 2043 2779 3707 2858">
    <p class='ocr_par' dir='ltr' id='par_1_76' title="bbox 2043 2779 3707 2858">
     <span class='ocr_line' id='line_1_77' title="bbox 2043 2779 3707 2858; baseline -0.007 -15"><span class='ocrx_word' id='word_1_519' title='bbox 2043 2806 2179 2844; x_wconf 88' lang='lat' dir='ltr'><strong><em>vero</em></strong></span> <span class='ocrx_word' id='word_1_520' title='bbox 2202 2795 2368 2844; x_wconf 89' lang='lat' dir='ltr'><strong><em>tanta</em></strong></span> <span class='ocrx_word' id='word_1_521' title='bbox 2387 2792 2478 2842; x_wconf 90' lang='lat' dir='ltr'><strong><em>est</em></strong></span> <span class='ocrx_word' id='word_1_522' title='bbox 2500 2785 2885 2858; x_wconf 81' lang='lat' dir='ltr'><strong><em>epistolamm</em></strong></span> <span class='ocrx_word' id='word_1_523' title='bbox 2911 2783 3139 2856; x_wconf 83' lang='lat' dir='ltr'><strong><em>lgnatii,</em></strong></span> <span class='ocrx_word' id='word_1_524' title='bbox 3162 2780 3494 2853; x_wconf 63' lang='lat' dir='ltr'><strong><em>praesertim</em></strong></span> <span class='ocrx_word' id='word_1_525' title='bbox 3517 2779 3707 2833; x_wconf 86' lang='lat' dir='ltr'><strong><em>inter-</em></strong></span> 
     </span>
    </p>
   </div>
   <div class='ocr_carea' id='block_1_77' title="bbox 2044 2869 3704 2949">
    <p class='ocr_par' dir='ltr' id='par_1_77' title="bbox 2044 2869 3704 2949">
     <span class='ocr_line' id='line_1_78' title="bbox 2044 2869 3704 2949; baseline -0.006 -17"><span class='ocrx_word' id='word_1_526' title='bbox 2044 2877 2399 2949; x_wconf 85' lang='lat' dir='ltr'><strong><em>polatarum,</em></strong></span> <span class='ocrx_word' id='word_1_527' title='bbox 2423 2892 2559 2930; x_wconf 90' lang='lat' dir='ltr'><strong><em>cum</em></strong></span> <span class='ocrx_word' id='word_1_528' title='bbox 2580 2873 3114 2929; x_wconf 88' lang='lat' dir='ltr'><strong><em>Constitutionibus</em></strong></span> <span class='ocrx_word' id='word_1_529' title='bbox 3134 2869 3482 2934; x_wconf 90' lang='lat' dir='ltr'><strong><em>similitudo,</em></strong></span> <span class='ocrx_word' id='word_1_530' title='bbox 3518 2872 3704 2938; x_wconf 88' lang='lat' dir='ltr'><strong><em>atque</em></strong></span> 
     </span>
    </p>
   </div>
   <div class='ocr_carea' id='block_1_78' title="bbox 2042 2956 3703 3037">
    <p class='ocr_par' dir='ltr' id='par_1_78' title="bbox 2042 2956 3703 3037">
     <span class='ocr_line' id='line_1_79' title="bbox 2042 2956 3703 3037; baseline -0.007 -17"><span class='ocrx_word' id='word_1_531' title='bbox 2042 2965 2423 3037; x_wconf 89' lang='lat' dir='ltr'><strong><em>conspiratio,</em></strong></span> <span class='ocrx_word' id='word_1_532' title='bbox 2456 2967 2525 3018; x_wconf 89' lang='lat' dir='ltr'><strong><em>ut</em></strong></span> <span class='ocrx_word' id='word_1_533' title='bbox 2556 2978 2685 3017; x_wconf 90' lang='lat' dir='ltr'><strong><em>eam</em></strong></span> <span class='ocrx_word' id='word_1_534' title='bbox 2716 2978 2837 3016; x_wconf 91' lang='lat' dir='ltr'><strong><em>non</em></strong></span> <span class='ocrx_word' id='word_1_535' title='bbox 2883 2966 3115 3016; x_wconf 89' lang='lat' dir='ltr'><strong><em>tantum</em></strong></span> <span class='ocrx_word' id='word_1_536' title='bbox 3146 2957 3466 3014; x_wconf 87' lang='lat' dir='ltr'><strong><em>Turrianus</em></strong></span> <span class='ocrx_word' id='word_1_537' title='bbox 3499 2961 3558 3010; x_wconf 90' lang='lat' dir='ltr'><strong><em>ct</em></strong></span> <span class='ocrx_word' id='word_1_538' title='bbox 3588 2956 3703 3009; x_wconf 87' lang='lat' dir='ltr'><strong><em>Bo-</em></strong></span> 
     </span>
    </p>
   </div>
   <div class='ocr_carea' id='block_1_79' title="bbox 2042 3046 3699 3124">
    <p class='ocr_par' dir='ltr' id='par_1_79' title="bbox 2042 3046 3699 3124">
     <span class='ocr_line' id='line_1_80' title="bbox 2042 3046 3699 3124; baseline -0.007 -15"><span class='ocrx_word' id='word_1_539' title='bbox 2042 3054 2187 3121; x_wconf 90' lang='lat' dir='ltr'><strong><em>vius,</em></strong></span> <span class='ocrx_word' id='word_1_540' title='bbox 2222 3053 2296 3109; x_wconf 89' lang='lat' dir='ltr'><strong><em>ad</em></strong></span> <span class='ocrx_word' id='word_1_541' title='bbox 2324 3051 2687 3124; x_wconf 86' lang='lat' dir='ltr'><strong><em>probandam</em></strong></span> <span class='ocrx_word' id='word_1_542' title='bbox 2719 3050 3221 3105; x_wconf 90' lang='lat' dir='ltr'><strong><em>Constitutionum</em></strong></span> <span class='ocrx_word' id='word_1_543' title='bbox 3255 3046 3699 3117; x_wconf 83' lang='lat' dir='ltr'><strong><em>antiquitatem,</em></strong></span> 
     </span>
    </p>
   </div>
   <div class='ocr_carea' id='block_1_80' title="bbox 2042 3137 3702 3210">
    <p class='ocr_par' dir='ltr' id='par_1_80' title="bbox 2042 3137 3702 3210">
     <span class='ocr_line' id='line_1_81' title="bbox 2042 3137 3702 3210; baseline -0.007 -8"><span class='ocrx_word' id='word_1_544' title='bbox 2042 3145 2145 3202; x_wconf 89' lang='lat' dir='ltr'><strong><em>sed</em></strong></span> <span class='ocrx_word' id='word_1_545' title='bbox 2177 3151 2235 3201; x_wconf 90' lang='lat' dir='ltr'><strong><em>et</em></strong></span> <span class='ocrx_word' id='word_1_546' title='bbox 2269 3143 2541 3201; x_wconf 88' lang='lat' dir='ltr'><strong><em>Usserius</em></strong></span> <span class='ocrx_word' id='word_1_547' title='bbox 2573 3142 2750 3197; x_wconf 87' lang='lat' dir='ltr'><strong><em>etiam</em></strong></span> <span class='ocrx_word' id='word_1_548' title='bbox 2780 3141 3091 3203; x_wconf 84' lang='lat' dir='ltr'><strong><em>notaverit.</em></strong></span> <span class='ocrx_word' id='word_1_549' title='bbox 3123 3145 3190 3195; x_wconf 92' lang='lat' dir='ltr'><strong><em>ut</em></strong></span> <span class='ocrx_word' id='word_1_550' title='bbox 3218 3137 3497 3210; x_wconf 89' lang='lat' dir='ltr'><strong><em>probaret</em></strong></span> <span class='ocrx_word' id='word_1_551' title='bbox 3528 3151 3702 3191; x_wconf 92' lang='lat' dir='ltr'><strong><em>eum-</em></strong></span> 
     </span>
    </p>
   </div>
   <div class='ocr_carea' id='block_1_81' title="bbox 2042 3226 3706 3300">
    <p class='ocr_par' dir='ltr' id='par_1_81' title="bbox 2042 3226 3706 3300">
     <span class='ocr_line' id='line_1_82' title="bbox 2042 3226 3706 3300; baseline -0.007 -9"><span class='ocrx_word' id='word_1_552' title='bbox 2042 3236 2175 3291; x_wconf 91' lang='lat' dir='ltr'><strong><em>dem</em></strong></span> <span class='ocrx_word' id='word_1_553' title='bbox 2207 3234 2393 3290; x_wconf 86' lang='lat' dir='ltr'><strong><em>fuisse</em></strong></span> <span class='ocrx_word' id='word_1_554' title='bbox 2421 3232 2742 3289; x_wconf 91' lang='lat' dir='ltr'><strong><em>Clementis</em></strong></span> <span class='ocrx_word' id='word_1_555' title='bbox 2773 3236 2832 3286; x_wconf 92' lang='lat' dir='ltr'><strong><em>et</em></strong></span> <span class='ocrx_word' id='word_1_556' title='bbox 2859 3230 3065 3300; x_wconf 74' lang='lat' dir='ltr'><strong><em>Ignatii</em></strong></span> <span class='ocrx_word' id='word_1_557' title='bbox 3096 3226 3597 3298; x_wconf 86' lang='lat' dir='ltr'><strong><em>interpolatorem.</em></strong></span> <span class='ocrx_word' id='word_1_558' title='bbox 3627 3227 3706 3279; x_wconf 89' lang='lat' dir='ltr'><strong><em>Et</em></strong></span> 
     </span>
    </p>
   </div>
   <div class='ocr_carea' id='block_1_82' title="bbox 2042 3314 3699 3393">
    <p class='ocr_par' dir='ltr' id='par_1_82' title="bbox 2042 3314 3699 3393">
     <span class='ocr_line' id='line_1_83' title="bbox 2042 3314 3699 3393; baseline -0.006 -14"><span class='ocrx_word' id='word_1_559' title='bbox 2042 3323 2311 3379; x_wconf 86' lang='lat' dir='ltr'><strong><em>Turriani</em></strong></span> <span class='ocrx_word' id='word_1_560' title='bbox 2341 3322 2577 3393; x_wconf 87' lang='lat' dir='ltr'><strong><em>quidem</em></strong></span> <span class='ocrx_word' id='word_1_561' title='bbox 2625 3327 2801 3390; x_wconf 86' lang='lat' dir='ltr'><strong><em>atque</em></strong></span> <span class='ocrx_word' id='word_1_562' title='bbox 2834 3318 2990 3374; x_wconf 89' lang='lat' dir='ltr'><strong><em>Bovii</em></strong></span> <span class='ocrx_word' id='word_1_563' title='bbox 3022 3316 3317 3372; x_wconf 87' lang='lat' dir='ltr'><strong><em>sententia</em></strong></span> <span class='ocrx_word' id='word_1_564' title='bbox 3345 3314 3558 3371; x_wconf 90' lang='lat' dir='ltr'><strong><em>merito</em></strong></span> <span class='ocrx_word' id='word_1_565' title='bbox 3590 3331 3699 3369; x_wconf 86' lang='lat' dir='ltr'><strong><em>ex-</em></strong></span> 
     </span>
    </p>
   </div>
   <div class='ocr_carea' id='block_1_83' title="bbox 2042 3402 3700 3484">
    <p class='ocr_par' dir='ltr' id='par_1_83' title="bbox 2042 3402 3700 3484">
     <span class='ocr_line' id='line_1_84' title="bbox 2042 3402 3700 3484; baseline -0.005 -17"><span class='ocrx_word' id='word_1_566' title='bbox 2042 3412 2210 3484; x_wconf 88' lang='lat' dir='ltr'><strong><em>plosa</em></strong></span> <span class='ocrx_word' id='word_1_567' title='bbox 2239 3417 2346 3467; x_wconf 90' lang='lat' dir='ltr'><strong><em>est.</em></strong></span> <span class='ocrx_word' id='word_1_568' title='bbox 2383 3410 2656 3467; x_wconf 89' lang='lat' dir='ltr'><strong><em>Usserius</em></strong></span> <span class='ocrx_word' id='word_1_569' title='bbox 2685 3413 2885 3464; x_wconf 89' lang='lat' dir='ltr'><strong><em>autem</em></strong></span> <span class='ocrx_word' id='word_1_570' title='bbox 2911 3407 2972 3462; x_wconf 91' lang='lat' dir='ltr'><strong><em>id</em></strong></span> <span class='ocrx_word' id='word_1_571' title='bbox 3003 3404 3162 3477; x_wconf 89' lang='lat' dir='ltr'><strong><em>quod</em></strong></span> <span class='ocrx_word' id='word_1_572' title='bbox 3192 3404 3377 3460; x_wconf 87' lang='lat' dir='ltr'><strong><em>voluit</em></strong></span> <span class='ocrx_word' id='word_1_573' title='bbox 3416 3402 3700 3474; x_wconf 86' lang='lat' dir='ltr'><strong><em>probasse</em></strong></span> 
     </span>
    </p>
   </div>
   <div class='ocr_carea' id='block_1_84' title="bbox 2043 3500 3704 3578">
    <p class='ocr_par' dir='ltr' id='par_1_84' title="bbox 2043 3500 3704 3578">
     <span class='ocr_line' id='line_1_85' title="bbox 2043 3500 3704 3578; baseline -0.006 -13"><span class='ocrx_word' id='word_1_574' title='bbox 2043 3526 2163 3565; x_wconf 90' lang='lat' dir='ltr'><strong><em>non</em></strong></span> <span class='ocrx_word' id='word_1_575' title='bbox 2193 3509 2433 3577; x_wconf 86' lang='lat' dir='ltr'><strong><em>videtur,</em></strong></span> <span class='ocrx_word' id='word_1_576' title='bbox 2467 3507 2738 3578; x_wconf 89' lang='lat' dir='ltr'><strong><em>quamvis</em></strong></span> <span class='ocrx_word' id='word_1_577' title='bbox 2774 3505 3081 3560; x_wconf 86' lang='lat' dir='ltr'><strong><em>veritatem</em></strong></span> <span class='ocrx_word' id='word_1_578' title='bbox 3137 3518 3288 3574; x_wconf 90' lang='lat' dir='ltr'><strong><em>pene</em></strong></span> <span class='ocrx_word' id='word_1_579' title='bbox 3320 3500 3600 3572; x_wconf 82' lang='lat' dir='ltr'><strong><em>attigerit.</em></strong></span> <span class='ocrx_word' id='word_1_580' title='bbox 3639 3500 3704 3555; x_wconf 87' lang='lat' dir='ltr'><strong><em>Id</em></strong></span> 
     </span>
    </p>
   </div>
   <div class='ocr_carea' id='block_1_85' title="bbox 2044 3589 3696 3663">
    <p class='ocr_par' dir='ltr' id='par_1_85' title="bbox 2044 3589 3696 3663">
     <span class='ocr_line' id='line_1_86' title="bbox 2044 3589 3696 3663; baseline -0.007 -9"><span class='ocrx_word' id='word_1_581' title='bbox 2044 3601 2204 3655; x_wconf 92' lang='lat' dir='ltr'><strong><em>enim</em></strong></span> <span class='ocrx_word' id='word_1_582' title='bbox 2236 3598 2383 3654; x_wconf 91' lang='lat' dir='ltr'><strong><em>mihi</em></strong></span> <span class='ocrx_word' id='word_1_583' title='bbox 2436 3596 2728 3653; x_wconf 88' lang='lat' dir='ltr'><strong><em>maximus</em></strong></span> <span class='ocrx_word' id='word_1_584' title='bbox 2759 3594 2857 3649; x_wconf 92' lang='lat' dir='ltr'><strong><em>ille</em></strong></span> <span class='ocrx_word' id='word_1_585' title='bbox 2887 3609 3214 3648; x_wconf 89' lang='lat' dir='ltr'><strong><em>consensus</em></strong></span> <span class='ocrx_word' id='word_1_586' title='bbox 3244 3590 3443 3663; x_wconf 88' lang='lat' dir='ltr'><strong><em>potius</em></strong></span> <span class='ocrx_word' id='word_1_587' title='bbox 3473 3589 3696 3657; x_wconf 88' lang='lat' dir='ltr'><strong><em>innuit,</em></strong></span> 
     </span>
    </p>
   </div>
   <div class='ocr_carea' id='block_1_86' title="bbox 2046 3678 3700 3758">
    <p class='ocr_par' dir='ltr' id='par_1_86' title="bbox 2046 3678 3700 3758">
     <span class='ocr_line' id='line_1_87' title="bbox 2046 3678 3700 3758; baseline -0.005 -18"><span class='ocrx_word' id='word_1_588' title='bbox 2046 3683 2405 3740; x_wconf 71' lang='grc' dir='ltr'>Διδασκαλίαν</span> <span class='ocrx_word' id='word_1_589' title='bbox 2437 3685 2646 3758; x_wconf 85' lang='lat' dir='ltr'><strong><em>lgnatii</em></strong></span> <span class='ocrx_word' id='word_1_590' title='bbox 2699 3680 3230 3738; x_wconf 89' lang='lat' dir='ltr'><strong><em>Constitutionibus</em></strong></span> <span class='ocrx_word' id='word_1_591' title='bbox 3272 3680 3455 3735; x_wconf 82' lang='lat' dir='ltr'><strong><em>fuisse</em></strong></span> <span class='ocrx_word' id='word_1_592' title='bbox 3508 3678 3700 3733; x_wconf 83' lang='lat' dir='ltr'><strong><em>inter-</em></strong></span> 
     </span>
    </p>
   </div>
   <div class='ocr_carea' id='block_1_87' title="bbox 2045 3766 3702 3848">
    <p class='ocr_par' dir='ltr' id='par_1_87' title="bbox 2045 3766 3702 3848">
     <span class='ocr_line' id='line_1_88' title="bbox 2045 3766 3702 3848; baseline -0.006 -17"><span class='ocrx_word' id='word_1_593' title='bbox 2045 3792 2331 3848; x_wconf 79' lang='lat' dir='ltr'><strong><em>spei-sam,</em></strong></span> <span class='ocrx_word' id='word_1_594' title='bbox 2365 3789 2616 3844; x_wconf 83' lang='lat' dir='ltr'><strong><em>eamque</em></strong></span> <span class='ocrx_word' id='word_1_595' title='bbox 2645 3768 3004 3826; x_wconf 77' lang='grc' dir='ltr'>Διδασκαλίαν</span> <span class='ocrx_word' id='word_1_596' title='bbox 3036 3770 3217 3825; x_wconf 83' lang='lat' dir='ltr'><strong><em>fuisse</em></strong></span> <span class='ocrx_word' id='word_1_597' title='bbox 3257 3769 3332 3824; x_wconf 89' lang='lat' dir='ltr'><strong><em>ad</em></strong></span> <span class='ocrx_word' id='word_1_598' title='bbox 3373 3766 3702 3837; x_wconf 87' lang='lat' dir='ltr'><strong><em>interpola-</em></strong></span> 
     </span>
    </p>
   </div>
   <div class='ocr_carea' id='block_1_88' title="bbox 2043 3857 3706 3937">
    <p class='ocr_par' dir='ltr' id='par_1_88' title="bbox 2043 3857 3706 3937">
     <span class='ocr_line' id='line_1_89' title="bbox 2043 3857 3706 3937; baseline -0.006 -17"><span class='ocrx_word' id='word_1_599' title='bbox 2043 3871 2132 3921; x_wconf 85' lang='lat' dir='ltr'><strong><em>tas</em></strong></span> <span class='ocrx_word' id='word_1_600' title='bbox 2163 3865 2373 3937; x_wconf 84' lang='lat' dir='ltr'><strong><em>Ignatii</em></strong></span> <span class='ocrx_word' id='word_1_601' title='bbox 2404 3863 2686 3934; x_wconf 90' lang='lat' dir='ltr'><strong><em>epistolas</em></strong></span> <span class='ocrx_word' id='word_1_602' title='bbox 2707 3861 3160 3926; x_wconf 87' lang='lat' dir='ltr'><strong><em>conformatam,</em></strong></span> <span class='ocrx_word' id='word_1_603' title='bbox 3181 3858 3271 3913; x_wconf 87' lang='lat' dir='ltr'><strong><em>vel</em></strong></span> <span class='ocrx_word' id='word_1_604' title='bbox 3294 3857 3487 3929; x_wconf 88' lang='lat' dir='ltr'><strong><em>potius</em></strong></span> <span class='ocrx_word' id='word_1_605' title='bbox 3514 3857 3706 3912; x_wconf 85' lang='lat' dir='ltr'><strong><em>inter-</em></strong></span> 
     </span>
    </p>
   </div>
   <div class='ocr_carea' id='block_1_89' title="bbox 2043 3945 3705 4026">
    <p class='ocr_par' dir='ltr' id='par_1_89' title="bbox 2043 3945 3705 4026">
     <span class='ocr_line' id='line_1_90' title="bbox 2043 3945 3705 4026; baseline -0.006 -17"><span class='ocrx_word' id='word_1_606' title='bbox 2043 3955 2372 4026; x_wconf 88' lang='lat' dir='ltr'><strong><em>polatorem</em></strong></span> <span class='ocrx_word' id='word_1_607' title='bbox 2402 3952 2612 4024; x_wconf 83' lang='lat' dir='ltr'><strong><em>lgnatii</em></strong></span> <span class='ocrx_word' id='word_1_608' title='bbox 2644 3967 2674 4005; x_wconf 93' lang='lat' dir='ltr'><strong><em>e</em></strong></span> <span class='ocrx_word' id='word_1_609' title='bbox 2717 3949 3051 4005; x_wconf 85' lang='lat' dir='ltr'><strong><em>Didascalia</em></strong></span> <span class='ocrx_word' id='word_1_610' title='bbox 3103 3946 3373 4019; x_wconf 88' lang='lat' dir='ltr'><strong><em>ejusdem</em></strong></span> <span class='ocrx_word' id='word_1_611' title='bbox 3401 3962 3539 4001; x_wconf 87' lang='lat' dir='ltr'><strong><em>suas</em></strong></span> <span class='ocrx_word' id='word_1_612' title='bbox 3570 3945 3705 4016; x_wconf 89' lang='lat' dir='ltr'><strong><em>pri-</em></strong></span> 
     </span>
    </p>
   </div>
   <div class='ocr_carea' id='block_1_90' title="bbox 2042 4035 3701 4112">
    <p class='ocr_par' dir='ltr' id='par_1_90' title="bbox 2042 4035 3701 4112">
     <span class='ocr_line' id='line_1_91' title="bbox 2042 4035 3701 4112; baseline -0.006 -14"><span class='ocrx_word' id='word_1_613' title='bbox 2042 4059 2206 4098; x_wconf 92' lang='lat' dir='ltr'><strong><em>mum</em></strong></span> <span class='ocrx_word' id='word_1_614' title='bbox 2235 4041 2482 4097; x_wconf 82' lang='lat' dir='ltr'><strong><em>lacinias</em></strong></span> <span class='ocrx_word' id='word_1_615' title='bbox 2513 4039 2779 4112; x_wconf 90' lang='lat' dir='ltr'><strong><em>epistolis</em></strong></span> <span class='ocrx_word' id='word_1_616' title='bbox 2834 4038 3180 4093; x_wconf 89' lang='lat' dir='ltr'><strong><em>intexuisse.</em></strong></span> <span class='ocrx_word' id='word_1_617' title='bbox 3211 4035 3376 4101; x_wconf 86' lang='lat' dir='ltr'><strong><em>Quod</em></strong></span> <span class='ocrx_word' id='word_1_618' title='bbox 3406 4050 3541 4089; x_wconf 89' lang='lat' dir='ltr'><strong><em>cum</em></strong></span> <span class='ocrx_word' id='word_1_619' title='bbox 3575 4036 3701 4089; x_wconf 89' lang='lat' dir='ltr'><strong><em>alia</em></strong></span> 
     </span>
    </p>
   </div>
   <div class='ocr_carea' id='block_1_91' title="bbox 2043 4122 3698 4197">
    <p class='ocr_par' dir='ltr' id='par_1_91' title="bbox 2043 4122 3698 4197">
     <span class='ocr_line' id='line_1_92' title="bbox 2043 4122 3698 4197; baseline -0.006 -9"><span class='ocrx_word' id='word_1_620' title='bbox 2043 4132 2313 4196; x_wconf 89' lang='lat' dir='ltr'><strong><em>suadent,</em></strong></span> <span class='ocrx_word' id='word_1_621' title='bbox 2346 4136 2473 4185; x_wconf 89' lang='lat' dir='ltr'><strong><em>tum</em></strong></span> <span class='ocrx_word' id='word_1_622' title='bbox 2506 4129 2685 4184; x_wconf 90' lang='lat' dir='ltr'><strong><em>etiam</em></strong></span> <span class='ocrx_word' id='word_1_623' title='bbox 2708 4127 2857 4183; x_wconf 91' lang='lat' dir='ltr'><strong><em>illud</em></strong></span> <span class='ocrx_word' id='word_1_624' title='bbox 2886 4127 2949 4181; x_wconf 92' lang='lat' dir='ltr'><strong><em>in</em></strong></span> <span class='ocrx_word' id='word_1_625' title='bbox 2979 4125 3230 4197; x_wconf 88' lang='lat' dir='ltr'><strong><em>epistola</em></strong></span> <span class='ocrx_word' id='word_1_626' title='bbox 3256 4124 3331 4179; x_wconf 91' lang='lat' dir='ltr'><strong><em>ad</em></strong></span> <span class='ocrx_word' id='word_1_627' title='bbox 3360 4122 3698 4179; x_wconf 85' lang='lat' dir='ltr'><strong><em>Trallianos</em></strong></span> 
     </span>
    </p>
   </div>
   <div class='ocr_carea' id='block_1_92' title="bbox 2044 4208 3698 4293">
    <p class='ocr_par' dir='ltr' id='par_1_92' title="bbox 2044 4208 3698 4293">
     <span class='ocr_line' id='line_1_93' title="bbox 2044 4208 3698 4293; baseline -0.008 -16"><span class='ocrx_word' id='word_1_628' title='bbox 2044 4222 2117 4277; x_wconf 91' lang='lat' dir='ltr'><strong><em>ab</em></strong></span> <span class='ocrx_word' id='word_1_629' title='bbox 2146 4219 2573 4293; x_wconf 86' lang='lat' dir='ltr'><strong><em>interpolatore</em></strong></span> <span class='ocrx_word' id='word_1_630' title='bbox 2604 4217 2873 4272; x_wconf 91' lang='lat' dir='ltr'><strong><em>additum</em></strong></span> <span class='ocrx_word' id='word_1_631' title='bbox 2898 4233 2911 4269; x_wconf 88' lang='lat'><strong>:</strong></span> <span class='ocrx_word' id='word_1_632' title='bbox 2962 4210 3210 4275; x_wconf 72' lang='grc' dir='ltr'><strong>Αἷδεῖσθε</strong></span> <span class='ocrx_word' id='word_1_633' title='bbox 3237 4208 3295 4265; x_wconf 78' lang='grc' dir='ltr'><strong><em>δὲ</em></strong></span> <span class='ocrx_word' id='word_1_634' title='bbox 3325 4210 3417 4266; x_wconf 77' lang='grc' dir='ltr'>καὶ</span> <span class='ocrx_word' id='word_1_635' title='bbox 3446 4210 3539 4265; x_wconf 83' lang='grc' dir='ltr'><strong><em>τὸν</em></strong></span> <span class='ocrx_word' id='word_1_636' title='bbox 3574 4209 3698 4265; x_wconf 68' lang='grc' dir='ltr'><strong>ἐπί-</strong></span> 
     </span>
    </p>
   </div>
   <div class='ocr_carea' id='block_1_93' title="bbox 2043 4296 3708 4378">
    <p class='ocr_par' dir='ltr' id='par_1_93' title="bbox 2043 4296 3708 4378">
     <span class='ocr_line' id='line_1_94' title="bbox 2043 4296 3708 4378; baseline -0.005 -15"><span class='ocrx_word' id='word_1_637' title='bbox 2043 4329 2242 4363; x_wconf 85' lang='grc' dir='ltr'>σκοπον</span> <span class='ocrx_word' id='word_1_638' title='bbox 2278 4308 2429 4368; x_wconf 66' lang='grc' dir='ltr'>ὑμῶν</span> <span class='ocrx_word' id='word_1_639' title='bbox 2464 4306 2539 4366; x_wconf 82' lang='grc' dir='ltr'><strong><em>ὡς</em></strong></span> <span class='ocrx_word' id='word_1_640' title='bbox 2568 4304 2818 4378; x_wconf 65' lang='grc' dir='ltr'>Υριστὸν,</span> <span class='ocrx_word' id='word_1_641' title='bbox 2848 4304 2964 4365; x_wconf 88' lang='grc' dir='ltr'>καθ’</span> <span class='ocrx_word' id='word_1_642' title='bbox 2997 4298 3026 4356; x_wconf 78' lang='grc' dir='ltr'>ὅ</span> <span class='ocrx_word' id='word_1_643' title='bbox 3060 4302 3186 4372; x_wconf 83' lang='grc' dir='ltr'>ὑμῖν</span> <span class='ocrx_word' id='word_1_644' title='bbox 3217 4301 3269 4355; x_wconf 81' lang='lat' dir='ltr'><strong><em>ol.</em></strong></span> <span class='ocrx_word' id='word_1_645' title='bbox 3294 4298 3552 4372; x_wconf 81' lang='grc' dir='ltr'>μακάριοι</span> <span class='ocrx_word' id='word_1_646' title='bbox 3585 4296 3708 4355; x_wconf 76' lang='grc' dir='ltr'>διε-</span> 
     </span>
    </p>
   </div>
   <div class='ocr_carea' id='block_1_94' title="bbox 2040 4389 3704 4465">
    <p class='ocr_par' dir='ltr' id='par_1_94' title="bbox 2040 4389 3704 4465">
     <span class='ocr_line' id='line_1_95' title="bbox 2040 4389 3704 4465; baseline -0.002 -16"><span class='ocrx_word' id='word_1_647' title='bbox 2040 4396 2259 4465; x_wconf 74' lang='grc' dir='ltr'>τάξαντο</span> <span class='ocrx_word' id='word_1_648' title='bbox 2282 4393 2641 4449; x_wconf 69' lang='grc' dir='ltr'>ἀπόστολοι.‹‹</span> <span class='ocrx_word' id='word_1_649' title='bbox 2663 4392 3037 4449; x_wconf 90' lang='lat' dir='ltr'><strong><em>Veneramini</em></strong></span> <span class='ocrx_word' id='word_1_650' title='bbox 3054 4397 3253 4445; x_wconf 89' lang='lat' dir='ltr'><strong><em>autem</em></strong></span> <span class='ocrx_word' id='word_1_651' title='bbox 3271 4395 3330 4446; x_wconf 90' lang='lat' dir='ltr'><strong><em>et</em></strong></span> <span class='ocrx_word' id='word_1_652' title='bbox 3347 4389 3704 4461; x_wconf 88' lang='lat' dir='ltr'><strong><em>episcopum</em></strong></span> 
     </span>
    </p>
   </div>
   <div class='ocr_carea' id='block_1_95' title="bbox 2041 4480 3703 4551">
    <p class='ocr_par' dir='ltr' id='par_1_95' title="bbox 2041 4480 3703 4551">
     <span class='ocr_line' id='line_1_96' title="bbox 2041 4480 3703 4551; baseline -0.004 -11"><span class='ocrx_word' id='word_1_653' title='bbox 2041 4494 2303 4543; x_wconf 88' lang='lat' dir='ltr'><strong><em>vestrum</em></strong></span> <span class='ocrx_word' id='word_1_654' title='bbox 2319 4487 2470 4542; x_wconf 80' lang='lat' dir='ltr'><strong><em>sicut</em></strong></span> <span class='ocrx_word' id='word_1_655' title='bbox 2481 4486 2799 4549; x_wconf 89' lang='lat' dir='ltr'><strong><em>Christum,</em></strong></span> <span class='ocrx_word' id='word_1_656' title='bbox 2822 4488 2888 4539; x_wconf 87' lang='lat' dir='ltr'><strong><em>ut</em></strong></span> <span class='ocrx_word' id='word_1_657' title='bbox 2916 4481 3079 4537; x_wconf 88' lang='lat' dir='ltr'><strong><em>vobis</em></strong></span> <span class='ocrx_word' id='word_1_658' title='bbox 3099 4481 3257 4537; x_wconf 87' lang='lat' dir='ltr'><strong><em>beati</em></strong></span> <span class='ocrx_word' id='word_1_659' title='bbox 3280 4480 3533 4551; x_wconf 89' lang='lat' dir='ltr'><strong><em>apostoli</em></strong></span> <span class='ocrx_word' id='word_1_660' title='bbox 3559 4497 3703 4535; x_wconf 82' lang='lat' dir='ltr'><strong><em>con-</em></strong></span> 
     </span>
    </p>
   </div>
   <div class='ocr_carea' id='block_1_96' title="bbox 278 4569 3705 4664">
    <p class='ocr_par' dir='ltr' id='par_1_96' title="bbox 278 4569 3705 4664">
     <span class='ocr_line' id='line_1_97' title="bbox 278 4569 3705 4664; baseline -0.006 -17"><span class='ocrx_word' id='word_1_661' title='bbox 278 4590 436 4664; x_wconf 90' lang='lat' dir='ltr'><strong><em>quod</em></strong></span> <span class='ocrx_word' id='word_1_662' title='bbox 457 4590 530 4644; x_wconf 86' lang='lat' dir='ltr'><strong><em>ab</em></strong></span> <span class='ocrx_word' id='word_1_663' title='bbox 553 4588 655 4642; x_wconf 93' lang='lat' dir='ltr'><strong><em>illo</em></strong></span> <span class='ocrx_word' id='word_1_664' title='bbox 688 4584 966 4641; x_wconf 62' lang='lat' dir='ltr'><strong><em>hasretico</em></strong></span> <span class='ocrx_word' id='word_1_665' title='bbox 1015 4581 1180 4637; x_wconf 90' lang='lat' dir='ltr'><strong><em>avide</em></strong></span> <span class='ocrx_word' id='word_1_666' title='bbox 1234 4583 1557 4651; x_wconf 89' lang='lat' dir='ltr'><strong><em>arreptum,</em></strong></span> <span class='ocrx_word' id='word_1_667' title='bbox 1589 4576 1692 4648; x_wconf 87' lang='lat' dir='ltr'><strong><em>qui</em></strong></span> <span class='ocrx_word' id='word_1_668' title='bbox 1722 4576 1923 4647; x_wconf 88' lang='lat' dir='ltr'><strong><em>spuria</em></strong></span> <span class='ocrx_word' id='word_1_669' title='bbox 1955 4575 1997 4639; x_wconf 91' lang='lat' dir='ltr'><strong>D</strong></span> <span class='ocrx_word' id='word_1_670' title='bbox 2029 4577 2559 4633; x_wconf 68' lang='lat' dir='ltr'><strong><em>stituerunt.»Cum</em></strong></span> <span class='ocrx_word' id='word_1_671' title='bbox 2582 4573 2746 4627; x_wconf 89' lang='lat' dir='ltr'><strong><em>enim</em></strong></span> <span class='ocrx_word' id='word_1_672' title='bbox 2767 4572 2917 4626; x_wconf 91' lang='lat' dir='ltr'><strong><em>nihil</em></strong></span> <span class='ocrx_word' id='word_1_673' title='bbox 2935 4571 3058 4627; x_wconf 89' lang='lat' dir='ltr'><strong><em>illic</em></strong></span> <span class='ocrx_word' id='word_1_674' title='bbox 3076 4571 3138 4625; x_wconf 90' lang='lat' dir='ltr'><strong><em>in</em></strong></span> <span class='ocrx_word' id='word_1_675' title='bbox 3159 4570 3418 4642; x_wconf 81' lang='lat' dir='ltr'><strong><em>genuina</em></strong></span> <span class='ocrx_word' id='word_1_676' title='bbox 3440 4569 3705 4639; x_wconf 87' lang='lat' dir='ltr'><strong><em>epistola</em></strong></span> 
     </span>
    </p>
   </div>
   <div class='ocr_carea' id='block_1_97' title="bbox 279 4665 1929 4743">
    <p class='ocr_par' dir='ltr' id='par_1_97' title="bbox 279 4665 1929 4743">
     <span class='ocr_line' id='line_1_98' title="bbox 279 4665 1929 4743; baseline -0.012 -6"><span class='ocrx_word' id='word_1_677' title='bbox 279 4678 597 4737; x_wconf 88' lang='lat' dir='ltr'><strong><em>Clementis</em></strong></span> <span class='ocrx_word' id='word_1_678' title='bbox 617 4676 990 4743; x_wconf 88' lang='lat' dir='ltr'><strong><em>aliorumque</em></strong></span> <span class='ocrx_word' id='word_1_679' title='bbox 1018 4670 1237 4740; x_wconf 89' lang='lat' dir='ltr'><strong><em>scripta</em></strong></span> <span class='ocrx_word' id='word_1_680' title='bbox 1266 4667 1483 4738; x_wconf 60' lang='lat' dir='ltr'><strong><em>sapius</em></strong></span> <span class='ocrx_word' id='word_1_681' title='bbox 1503 4665 1762 4720; x_wconf 89' lang='lat' dir='ltr'><strong><em>adducit.</em></strong></span> <span class='ocrx_word' id='word_1_682' title='bbox 1787 4665 1929 4719; x_wconf 90' lang='lat' dir='ltr'><strong><em>Fue-</em></strong></span> 
     </span>
    </p>
   </div>
   <div class='ocr_carea' id='block_1_98' title="bbox 276 4751 1921 4839">
    <p class='ocr_par' dir='ltr' id='par_1_98' title="bbox 276 4751 1921 4839">
     <span class='ocr_line' id='line_1_99' title="bbox 276 4751 1921 4839; baseline -0.012 -14"><span class='ocrx_word' id='word_1_683' title='bbox 276 4775 419 4825; x_wconf 89' lang='lat' dir='ltr'><strong><em>runt</em></strong></span> <span class='ocrx_word' id='word_1_684' title='bbox 439 4769 618 4839; x_wconf 79' lang='lat' dir='ltr'><strong><em>igitur</em></strong></span> <span class='ocrx_word' id='word_1_685' title='bbox 648 4782 717 4820; x_wconf 82' lang='lat' dir='ltr'><strong><em>ex</em></strong></span> <span class='ocrx_word' id='word_1_686' title='bbox 744 4761 1039 4818; x_wconf 89' lang='lat' dir='ltr'><strong><em>sententia</em></strong></span> <span class='ocrx_word' id='word_1_687' title='bbox 1066 4764 1271 4813; x_wconf 89' lang='lat' dir='ltr'><strong><em>nostra</em></strong></span> <span class='ocrx_word' id='word_1_688' title='bbox 1292 4755 1620 4825; x_wconf 89' lang='lat' dir='ltr'><strong><em>antiquitus</em></strong></span> <span class='ocrx_word' id='word_1_689' title='bbox 1677 4753 1737 4808; x_wconf 90' lang='lat' dir='ltr'><strong><em>hi</em></strong></span> <span class='ocrx_word' id='word_1_690' title='bbox 1766 4751 1921 4818; x_wconf 89' lang='lat' dir='ltr'><strong><em>libri,</em></strong></span> 
     </span>
    </p>
   </div>
   <div class='ocr_carea' id='block_1_99' title="bbox 277 4840 1922 4931">
    <p class='ocr_par' dir='ltr' id='par_1_99' title="bbox 277 4840 1922 4931">
     <span class='ocr_line' id='line_1_100' title="bbox 277 4840 1922 4931; baseline -0.015 -14"><span class='ocrx_word' id='word_1_691' title='bbox 277 4860 446 4931; x_wconf 88' lang='lat' dir='ltr'><strong><em>quasi</em></strong></span> <span class='ocrx_word' id='word_1_692' title='bbox 475 4858 546 4914; x_wconf 90' lang='lat' dir='ltr'><strong><em>ab</em></strong></span> <span class='ocrx_word' id='word_1_693' title='bbox 578 4853 860 4929; x_wconf 89' lang='lat' dir='ltr'><strong><em>apostolis</em></strong></span> <span class='ocrx_word' id='word_1_694' title='bbox 890 4849 1116 4921; x_wconf 87' lang='lat' dir='ltr'><strong><em>scripti,</em></strong></span> <span class='ocrx_word' id='word_1_695' title='bbox 1151 4851 1253 4901; x_wconf 86' lang='lat' dir='ltr'><strong><em>aut</em></strong></span> <span class='ocrx_word' id='word_1_696' title='bbox 1280 4845 1505 4931; x_wconf 81' lang='lat' dir='ltr'><strong><em>dictati.</em></strong></span> <span class='ocrx_word' id='word_1_697' title='bbox 1535 4840 1743 4916; x_wconf 84' lang='grc' dir='ltr'>Διδαχή</span> <span class='ocrx_word' id='word_1_698' title='bbox 1776 4841 1922 4898; x_wconf 82' lang='grc' dir='ltr'>διπο-</span> 
     </span>
    </p>
   </div>
   <div class='ocr_carea' id='block_1_100' title="bbox 273 4929 1919 5015">
    <p class='ocr_par' dir='ltr' id='par_1_100' title="bbox 273 4929 1919 5015">
     <span class='ocr_line' id='line_1_101' title="bbox 273 4929 1919 5015; baseline -0.01 -14"><span class='ocrx_word' id='word_1_699' title='bbox 273 4929 507 5015; x_wconf 75' lang='grc' dir='ltr'>στὸλιιιν,</span> <span class='ocrx_word' id='word_1_700' title='bbox 543 4944 815 5012; x_wconf 71' lang='grc' dir='ltr'>Διατὰξεις</span> <span class='ocrx_word' id='word_1_701' title='bbox 870 4935 1218 5006; x_wconf 81' lang='grc' dir='ltr'>ἀποστόλων,</span> <span class='ocrx_word' id='word_1_702' title='bbox 1279 4930 1612 4988; x_wconf 79' lang='grc' dir='ltr'>Διδασκαλία</span> <span class='ocrx_word' id='word_1_703' title='bbox 1661 4929 1919 5003; x_wconf 74' lang='grc' dir='ltr'><strong><em>Κλήμεν-</em></strong></span> 
     </span>
    </p>
   </div>
   <div class='ocr_carea' id='block_1_101' title="bbox 270 5026 1919 5113">
    <p class='ocr_par' dir='ltr' id='par_1_101' title="bbox 270 5026 1919 5113">
     <span class='ocr_line' id='line_1_102' title="bbox 270 5026 1919 5113; baseline -0.013 -12"><span class='ocrx_word' id='word_1_704' title='bbox 270 5066 386 5113; x_wconf 84' lang='grc' dir='ltr'>τος,</span> <span class='ocrx_word' id='word_1_705' title='bbox 419 5040 754 5099; x_wconf 82' lang='grc' dir='ltr'>Διδασκαλία</span> <span class='ocrx_word' id='word_1_706' title='bbox 787 5036 1072 5110; x_wconf 78' lang='grc' dir='ltr'>Ἰγνατίου,</span> <span class='ocrx_word' id='word_1_707' title='bbox 1104 5029 1436 5087; x_wconf 77' lang='grc' dir='ltr'>Διδασκαλία</span> <span class='ocrx_word' id='word_1_708' title='bbox 1466 5026 1536 5083; x_wconf 84' lang='grc' dir='ltr'>δι’</span> <span class='ocrx_word' id='word_1_709' title='bbox 1566 5026 1919 5099; x_wconf 74' lang='grc' dir='ltr'>Ἱππολύτου,</span> 
     </span>
    </p>
   </div>
   <div class='ocr_carea' id='block_1_102' title="bbox 272 5118 1920 5207">
    <p class='ocr_par' dir='ltr' id='par_1_102' title="bbox 272 5118 1920 5207">
     <span class='ocr_line' id='line_1_103' title="bbox 272 5118 1920 5207; baseline -0.008 -19"><span class='ocrx_word' id='word_1_710' title='bbox 272 5131 485 5207; x_wconf 76' lang='grc' dir='ltr'>Διδαχή</span> <span class='ocrx_word' id='word_1_711' title='bbox 523 5130 910 5203; x_wconf 73' lang='grc' dir='ltr'>Πολυκάρποο.</span> <span class='ocrx_word' id='word_1_712' title='bbox 947 5128 1027 5181; x_wconf 89' lang='lat' dir='ltr'><strong><em>Ex</em></strong></span> <span class='ocrx_word' id='word_1_713' title='bbox 1057 5124 1150 5179; x_wconf 87' lang='lat' dir='ltr'><strong><em>his</em></strong></span> <span class='ocrx_word' id='word_1_714' title='bbox 1180 5121 1478 5185; x_wconf 89' lang='lat' dir='ltr'><strong><em>omnibus,</em></strong></span> <span class='ocrx_word' id='word_1_715' title='bbox 1512 5125 1571 5173; x_wconf 90' lang='lat' dir='ltr'><strong><em>et</em></strong></span> <span class='ocrx_word' id='word_1_716' title='bbox 1617 5120 1753 5174; x_wconf 89' lang='lat' dir='ltr'><strong><em>aliis</em></strong></span> <span class='ocrx_word' id='word_1_717' title='bbox 1799 5118 1920 5174; x_wconf 78' lang='lat' dir='ltr'><strong><em>for-</em></strong></span> 
     </span>
    </p>
   </div>
   <div class='ocr_carea' id='block_1_103' title="bbox 270 5207 1919 5290">
    <p class='ocr_par' dir='ltr' id='par_1_103' title="bbox 270 5207 1919 5290">
     <span class='ocr_line' id='line_1_104' title="bbox 270 5207 1919 5290; baseline -0.011 -11"><span class='ocrx_word' id='word_1_718' title='bbox 270 5230 428 5279; x_wconf 77' lang='lat' dir='ltr'><strong><em>tasse</em></strong></span> <span class='ocrx_word' id='word_1_719' title='bbox 460 5222 653 5277; x_wconf 87' lang='lat' dir='ltr'><strong><em>adhuc</em></strong></span> <span class='ocrx_word' id='word_1_720' title='bbox 684 5216 1000 5290; x_wconf 84' lang='lat' dir='ltr'><strong><em>incognitis</em></strong></span> <span class='ocrx_word' id='word_1_721' title='bbox 1032 5211 1303 5268; x_wconf 65' lang='lat' dir='ltr'><strong><em>conﬂata:</em></strong></span> <span class='ocrx_word' id='word_1_722' title='bbox 1333 5215 1473 5265; x_wconf 92' lang='lat' dir='ltr'><strong><em>sunt</em></strong></span> <span class='ocrx_word' id='word_1_723' title='bbox 1509 5207 1919 5283; x_wconf 54' lang='grc' dir='ltr'><strong><em>Διαταγαῆεἱνε</em></strong></span> 
     </span>
    </p>
   </div>
   <div class='ocr_carea' id='block_1_104' title="bbox 268 5297 1917 5379">
    <p class='ocr_par' dir='ltr' id='par_1_104' title="bbox 268 5297 1917 5379">
     <span class='ocr_line' id='line_1_105' title="bbox 268 5297 1917 5379; baseline -0.008 -15"><span class='ocrx_word' id='word_1_724' title='bbox 268 5307 538 5379; x_wconf 80' lang='grc' dir='ltr'>καθολικὴ</span> <span class='ocrx_word' id='word_1_725' title='bbox 573 5304 916 5364; x_wconf 71' lang='grc' dir='ltr'>διδασκαλία.</span> <span class='ocrx_word' id='word_1_726' title='bbox 950 5305 1019 5359; x_wconf 83' lang='lat' dir='ltr'><strong><em>Et</em></strong></span> <span class='ocrx_word' id='word_1_727' title='bbox 1047 5317 1189 5357; x_wconf 84' lang='lat' dir='ltr'><strong><em>sane</em></strong></span> <span class='ocrx_word' id='word_1_728' title='bbox 1215 5309 1347 5355; x_wconf 87' lang='lat' dir='ltr'><strong><em>sunt</em></strong></span> <span class='ocrx_word' id='word_1_729' title='bbox 1379 5300 1441 5354; x_wconf 91' lang='lat' dir='ltr'><strong><em>in</em></strong></span> <span class='ocrx_word' id='word_1_730' title='bbox 1490 5298 1658 5354; x_wconf 83' lang='lat' dir='ltr'><strong><em>libris</em></strong></span> <span class='ocrx_word' id='word_1_731' title='bbox 1688 5297 1917 5353; x_wconf 81' lang='lat' dir='ltr'><strong><em>Consti-</em></strong></span> 
     </span>
    </p>
   </div>
   <div class='ocr_carea' id='block_1_105' title="bbox 266 5386 1917 5468">
    <p class='ocr_par' dir='ltr' id='par_1_105' title="bbox 266 5386 1917 5468">
     <span class='ocr_line' id='line_1_106' title="bbox 266 5386 1917 5468; baseline -0.009 -13"><span class='ocrx_word' id='word_1_732' title='bbox 266 5400 569 5456; x_wconf 85' lang='lat' dir='ltr'><strong><em>tutionum</em></strong></span> <span class='ocrx_word' id='word_1_733' title='bbox 605 5399 800 5468; x_wconf 85' lang='lat' dir='ltr'><strong><em>capita</em></strong></span> <span class='ocrx_word' id='word_1_734' title='bbox 830 5392 1123 5466; x_wconf 61' lang='lat' dir='ltr'><strong><em>quaedam,</em></strong></span> <span class='ocrx_word' id='word_1_735' title='bbox 1148 5406 1280 5459; x_wconf 68' lang='lat' dir='ltr'><strong><em>quin</em></strong></span> <span class='ocrx_word' id='word_1_736' title='bbox 1311 5388 1459 5443; x_wconf 90' lang='lat' dir='ltr'><strong><em>nihil</em></strong></span> <span class='ocrx_word' id='word_1_737' title='bbox 1488 5387 1648 5443; x_wconf 90' lang='lat' dir='ltr'><strong><em>aliud</em></strong></span> <span class='ocrx_word' id='word_1_738' title='bbox 1680 5403 1808 5442; x_wconf 81' lang='lat' dir='ltr'><strong><em>esse</em></strong></span> <span class='ocrx_word' id='word_1_739' title='bbox 1835 5386 1917 5440; x_wconf 88' lang='lat' dir='ltr'><strong><em>vi-</em></strong></span> 
     </span>
    </p>
   </div>
   <div class='ocr_carea' id='block_1_106' title="bbox 271 5476 1916 5556">
    <p class='ocr_par' dir='ltr' id='par_1_106' title="bbox 271 5476 1916 5556">
     <span class='ocr_line' id='line_1_107' title="bbox 271 5476 1916 5556; baseline -0.009 -13"><span class='ocrx_word' id='word_1_740' title='bbox 271 5489 491 5543; x_wconf 88' lang='lat' dir='ltr'><strong><em>dentur</em></strong></span> <span class='ocrx_word' id='word_1_741' title='bbox 519 5503 697 5556; x_wconf 84' lang='lat' dir='ltr'><strong><em>quam</em></strong></span> <span class='ocrx_word' id='word_1_742' title='bbox 731 5481 998 5540; x_wconf 88' lang='lat' dir='ltr'><strong><em>methodi</em></strong></span> <span class='ocrx_word' id='word_1_743' title='bbox 1054 5479 1242 5551; x_wconf 87' lang='lat' dir='ltr'><strong><em>gratia</em></strong></span> <span class='ocrx_word' id='word_1_744' title='bbox 1296 5478 1464 5533; x_wconf 70' lang='lat' dir='ltr'><strong><em>factae</em></strong></span> <span class='ocrx_word' id='word_1_745' title='bbox 1516 5476 1916 5532; x_wconf 85' lang='lat' dir='ltr'><strong><em>connexiones</em></strong></span> 
     </span>
    </p>
   </div>
   <div class='ocr_carea' id='block_1_107' title="bbox 180 5565 1913 5649">
    <p class='ocr_par' dir='ltr' id='par_1_107' title="bbox 180 5565 1913 5649">
     <span class='ocr_line' id='line_1_108' title="bbox 180 5565 1913 5649; baseline -0.01 -13"><span class='ocrx_word' id='word_1_746' title='bbox 180 5630 187 5636; x_wconf 84' lang='lat'><strong><em>.</em></strong></span> <span class='ocrx_word' id='word_1_747' title='bbox 268 5573 799 5649; x_wconf 76' lang='lat' dir='ltr'><strong><em>quaedam,quibus</em></strong></span> <span class='ocrx_word' id='word_1_748' title='bbox 829 5584 949 5625; x_wconf 86' lang='lat' dir='ltr'><strong><em>una</em></strong></span> <span class='ocrx_word' id='word_1_749' title='bbox 978 5568 1145 5624; x_wconf 84' lang='lat' dir='ltr'><strong><em>alteri</em></strong></span> <span class='ocrx_word' id='word_1_750' title='bbox 1178 5565 1505 5621; x_wconf 82' lang='lat' dir='ltr'><strong><em>didascalia</em></strong></span> <span class='ocrx_word' id='word_1_751' title='bbox 1534 5565 1913 5620; x_wconf 81' lang='lat' dir='ltr'><strong><em>subnectere-</em></strong></span> 
     </span>
    </p>
   </div>
   <div class='ocr_carea' id='block_1_108' title="bbox 264 5653 1916 5736">
    <p class='ocr_par' dir='ltr' id='par_1_108' title="bbox 264 5653 1916 5736">
     <span class='ocr_line' id='line_1_109' title="bbox 264 5653 1916 5736; baseline -0.008 -15"><span class='ocrx_word' id='word_1_752' title='bbox 264 5670 385 5723; x_wconf 87' lang='lat' dir='ltr'><strong><em>tur.</em></strong></span> <span class='ocrx_word' id='word_1_753' title='bbox 418 5664 600 5731; x_wconf 82' lang='lat' dir='ltr'><strong><em>Quale</em></strong></span> <span class='ocrx_word' id='word_1_754' title='bbox 628 5665 808 5736; x_wconf 87' lang='lat' dir='ltr'><strong><em>caput</em></strong></span> <span class='ocrx_word' id='word_1_755' title='bbox 854 5658 1095 5716; x_wconf 88' lang='lat' dir='ltr'><strong><em>tertium</em></strong></span> <span class='ocrx_word' id='word_1_756' title='bbox 1140 5655 1280 5713; x_wconf 90' lang='lat' dir='ltr'><strong><em>libri</em></strong></span> <span class='ocrx_word' id='word_1_757' title='bbox 1308 5654 1497 5711; x_wconf 83' lang='lat' dir='ltr'><strong><em>octavi</em></strong></span> <span class='ocrx_word' id='word_1_758' title='bbox 1527 5669 1678 5722; x_wconf 86' lang='lat' dir='ltr'><strong><em>esse,</em></strong></span> <span class='ocrx_word' id='word_1_759' title='bbox 1705 5653 1818 5725; x_wconf 89' lang='lat' dir='ltr'><strong><em>ipsi</em></strong></span> <span class='ocrx_word' id='word_1_760' title='bbox 1847 5668 1916 5709; x_wconf 85' lang='lat' dir='ltr'><strong><em>ex</em></strong></span> 
     </span>
    </p>
   </div>
   <div class='ocr_carea' id='block_1_109' title="bbox 2035 4655 3709 4738">
    <p class='ocr_par' dir='ltr' id='par_1_109' title="bbox 2035 4655 3709 4738">
     <span class='ocr_line' id='line_1_110' title="bbox 2035 4655 3709 4738; baseline -0.004 -18"><span class='ocrx_word' id='word_1_761' title='bbox 2035 4666 2245 4738; x_wconf 82' lang='lat' dir='ltr'><strong><em>Ignatii</em></strong></span> <span class='ocrx_word' id='word_1_762' title='bbox 2269 4665 2340 4719; x_wconf 92' lang='lat' dir='ltr'><strong><em>de</em></strong></span> <span class='ocrx_word' id='word_1_763' title='bbox 2364 4662 2745 4717; x_wconf 82' lang='lat' dir='ltr'><strong><em>veneratione</em></strong></span> <span class='ocrx_word' id='word_1_764' title='bbox 2776 4661 3054 4731; x_wconf 91' lang='lat' dir='ltr'><strong><em>episcopo</em></strong></span> <span class='ocrx_word' id='word_1_765' title='bbox 3088 4655 3431 4730; x_wconf 63' lang='lat' dir='ltr'><strong><em>praestanda</em></strong></span> <span class='ocrx_word' id='word_1_766' title='bbox 3461 4658 3709 4713; x_wconf 86' lang='lat' dir='ltr'><strong><em>dicere-</em></strong></span> 
     </span>
    </p>
   </div>
   <div class='ocr_carea' id='block_1_110' title="bbox 2036 4746 3702 4820">
    <p class='ocr_par' dir='ltr' id='par_1_110' title="bbox 2036 4746 3702 4820">
     <span class='ocr_line' id='line_1_111' title="bbox 2036 4746 3702 4820; baseline -0.004 -11"><span class='ocrx_word' id='word_1_767' title='bbox 2036 4761 2150 4815; x_wconf 87' lang='lat' dir='ltr'><strong><em>tur.</em></strong></span> <span class='ocrx_word' id='word_1_768' title='bbox 2180 4753 2283 4808; x_wconf 90' lang='lat' dir='ltr'><strong><em>sed</em></strong></span> <span class='ocrx_word' id='word_1_769' title='bbox 2309 4753 2380 4807; x_wconf 88' lang='lat' dir='ltr'><strong><em>de</em></strong></span> <span class='ocrx_word' id='word_1_770' title='bbox 2410 4752 2547 4820; x_wconf 77' lang='lat' dir='ltr'><strong><em>fuga</em></strong></span> <span class='ocrx_word' id='word_1_771' title='bbox 2576 4749 2995 4805; x_wconf 70' lang='lat' dir='ltr'><strong><em>hiereticorum</em></strong></span> <span class='ocrx_word' id='word_1_772' title='bbox 3026 4746 3358 4804; x_wconf 88' lang='lat' dir='ltr'><strong><em>secundum</em></strong></span> <span class='ocrx_word' id='word_1_773' title='bbox 3393 4751 3702 4817; x_wconf 81' lang='lat' dir='ltr'><strong><em>praecepta</em></strong></span> 
     </span>
    </p>
   </div>
   <div class='ocr_carea' id='block_1_111' title="bbox 2034 4832 3692 4914">
    <p class='ocr_par' dir='ltr' id='par_1_111' title="bbox 2034 4832 3692 4914">
     <span class='ocr_line' id='line_1_112' title="bbox 2034 4832 3692 4914; baseline -0.005 -17"><span class='ocrx_word' id='word_1_774' title='bbox 2034 4842 2375 4914; x_wconf 89' lang='lat' dir='ltr'><strong><em>apostolica,</em></strong></span> <span class='ocrx_word' id='word_1_775' title='bbox 2407 4840 2525 4893; x_wconf 89' lang='lat' dir='ltr'><strong><em>sive</em></strong></span> <span class='ocrx_word' id='word_1_776' title='bbox 2550 4834 2891 4909; x_wconf 73' lang='grc' dir='ltr'>διατάγματα</span> <span class='ocrx_word' id='word_1_777' title='bbox 2911 4839 3019 4889; x_wconf 81' lang='grc' dir='ltr'>τῶν</span> <span class='ocrx_word' id='word_1_778' title='bbox 3042 4832 3392 4902; x_wconf 83' lang='grc' dir='ltr'>ἀποστόλων,</span> <span class='ocrx_word' id='word_1_779' title='bbox 3416 4836 3692 4905; x_wconf 82' lang='lat' dir='ltr'><strong><em>interpo-</em></strong></span> 
     </span>
    </p>
   </div>
   <div class='ocr_carea' id='block_1_112' title="bbox 2029 4932 3698 5004">
    <p class='ocr_par' dir='ltr' id='par_1_112' title="bbox 2029 4932 3698 5004">
     <span class='ocr_line' id='line_1_113' title="bbox 2029 4932 3698 5004; baseline -0.005 -8"><span class='ocrx_word' id='word_1_780' title='bbox 2029 4941 2201 5003; x_wconf 89' lang='lat' dir='ltr'><strong><em>lator,</em></strong></span> <span class='ocrx_word' id='word_1_781' title='bbox 2236 4939 2545 4993; x_wconf 87' lang='lat' dir='ltr'><strong><em>occasione</em></strong></span> <span class='ocrx_word' id='word_1_782' title='bbox 2576 4936 2686 4990; x_wconf 90' lang='lat' dir='ltr'><strong><em>hac</em></strong></span> <span class='ocrx_word' id='word_1_783' title='bbox 2716 4940 2973 5004; x_wconf 88' lang='lat' dir='ltr'><strong><em>arrepta,</em></strong></span> <span class='ocrx_word' id='word_1_784' title='bbox 2997 4934 3071 4988; x_wconf 89' lang='lat' dir='ltr'><strong><em>ad</em></strong></span> <span class='ocrx_word' id='word_1_785' title='bbox 3102 4932 3207 4987; x_wconf 87' lang='lat' dir='ltr'><strong><em>illa</em></strong></span> <span class='ocrx_word' id='word_1_786' title='bbox 3234 4932 3518 5002; x_wconf 85' lang='lat' dir='ltr'><strong><em>confugit,</em></strong></span> <span class='ocrx_word' id='word_1_787' title='bbox 3554 4949 3698 5002; x_wconf 70' lang='lat' dir='ltr'><strong><em>quas</em></strong></span> 
     </span>
    </p>
   </div>
   <div class='ocr_carea' id='block_1_113' title="bbox 2031 5019 3698 5092">
    <p class='ocr_par' dir='ltr' id='par_1_113' title="bbox 2031 5019 3698 5092">
     <span class='ocr_line' id='line_1_114' title="bbox 2031 5019 3698 5092; baseline -0.005 -8"><span class='ocrx_word' id='word_1_788' title='bbox 2031 5030 2093 5085; x_wconf 90' lang='lat' dir='ltr'><strong><em>in</em></strong></span> <span class='ocrx_word' id='word_1_789' title='bbox 2115 5025 2652 5083; x_wconf 87' lang='lat' dir='ltr'><strong><em>Constitutionibus</em></strong></span> <span class='ocrx_word' id='word_1_790' title='bbox 2673 5022 3005 5085; x_wconf 87' lang='lat' dir='ltr'><strong><em>exstabant,</em></strong></span> <span class='ocrx_word' id='word_1_791' title='bbox 3029 5038 3097 5077; x_wconf 87' lang='lat' dir='ltr'><strong><em>ex</em></strong></span> <span class='ocrx_word' id='word_1_792' title='bbox 3122 5019 3454 5075; x_wconf 84' lang='lat' dir='ltr'><strong><em>Didascalia</em></strong></span> <span class='ocrx_word' id='word_1_793' title='bbox 3475 5021 3698 5092; x_wconf 78' lang='lat' dir='ltr'><strong><em>lgnatii</em></strong></span> 
     </span>
    </p>
   </div>
   <div class='ocr_carea' id='block_1_114' title="bbox 2031 5108 3700 5182">
    <p class='ocr_par' dir='ltr' id='par_1_114' title="bbox 2031 5108 3700 5182">
     <span class='ocr_line' id='line_1_115' title="bbox 2031 5108 3700 5182; baseline -0.005 -10"><span class='ocrx_word' id='word_1_794' title='bbox 2031 5118 2159 5172; x_wconf 88' lang='lat' dir='ltr'><strong><em>sine</em></strong></span> <span class='ocrx_word' id='word_1_795' title='bbox 2190 5115 2369 5171; x_wconf 88' lang='lat' dir='ltr'><strong><em>dubio</em></strong></span> <span class='ocrx_word' id='word_1_796' title='bbox 2389 5112 2721 5182; x_wconf 88' lang='lat' dir='ltr'><strong><em>desumpta.</em></strong></span> <span class='ocrx_word' id='word_1_797' title='bbox 2757 5112 2844 5165; x_wconf 83' lang='lat' dir='ltr'><strong><em>Ita</em></strong></span> <span class='ocrx_word' id='word_1_798' title='bbox 2882 5111 2945 5164; x_wconf 94' lang='lat' dir='ltr'><strong><em>in</em></strong></span> <span class='ocrx_word' id='word_1_799' title='bbox 2974 5108 3202 5181; x_wconf 84' lang='lat' dir='ltr'><strong><em>prolixa</em></strong></span> <span class='ocrx_word' id='word_1_800' title='bbox 3232 5108 3341 5163; x_wconf 87' lang='lat' dir='ltr'><strong><em>illa</em></strong></span> <span class='ocrx_word' id='word_1_801' title='bbox 3368 5108 3700 5179; x_wconf 82' lang='lat' dir='ltr'><strong><em>interpola-</em></strong></span> 
     </span>
    </p>
   </div>
   <div class='ocr_carea' id='block_1_115' title="bbox 2029 5195 3706 5273">
    <p class='ocr_par' dir='ltr' id='par_1_115' title="bbox 2029 5195 3706 5273">
     <span class='ocr_line' id='line_1_116' title="bbox 2029 5195 3706 5273; baseline -0.003 -14"><span class='ocrx_word' id='word_1_802' title='bbox 2029 5206 2213 5261; x_wconf 88' lang='lat' dir='ltr'><strong><em>tione.</em></strong></span> <span class='ocrx_word' id='word_1_803' title='bbox 2238 5218 2354 5273; x_wconf 86' lang='lat' dir='ltr'><strong><em>qua</em></strong></span> <span class='ocrx_word' id='word_1_804' title='bbox 2383 5200 2575 5255; x_wconf 89' lang='lat' dir='ltr'><strong><em>viduis</em></strong></span> <span class='ocrx_word' id='word_1_805' title='bbox 2615 5199 2823 5254; x_wconf 89' lang='lat' dir='ltr'><strong><em>eadem</em></strong></span> <span class='ocrx_word' id='word_1_806' title='bbox 2853 5202 3150 5270; x_wconf 67' lang='lat' dir='ltr'><strong><em>praecepta</em></strong></span> <span class='ocrx_word' id='word_1_807' title='bbox 3180 5195 3300 5265; x_wconf 86' lang='lat' dir='ltr'><strong><em>dat,</em></strong></span> <span class='ocrx_word' id='word_1_808' title='bbox 3328 5202 3387 5252; x_wconf 88' lang='lat' dir='ltr'><strong><em>et</em></strong></span> <span class='ocrx_word' id='word_1_809' title='bbox 3417 5197 3706 5268; x_wconf 84' lang='lat' dir='ltr'><strong><em>exempla</em></strong></span> 
     </span>
    </p>
   </div>
   <div class='ocr_carea' id='block_1_116' title="bbox 2027 5285 3709 5365">
    <p class='ocr_par' dir='ltr' id='par_1_116' title="bbox 2027 5285 3709 5365">
     <span class='ocr_line' id='line_1_117' title="bbox 2027 5285 3709 5365; baseline -0.005 -17"><span class='ocrx_word' id='word_1_810' title='bbox 2027 5292 2325 5365; x_wconf 85' lang='lat' dir='ltr'><strong><em>proponit,</em></strong></span> <span class='ocrx_word' id='word_1_811' title='bbox 2361 5305 2493 5360; x_wconf 68' lang='lat' dir='ltr'><strong><em>quas</em></strong></span> <span class='ocrx_word' id='word_1_812' title='bbox 2524 5288 2584 5342; x_wconf 91' lang='lat' dir='ltr'><strong><em>in</em></strong></span> <span class='ocrx_word' id='word_1_813' title='bbox 2616 5286 3151 5342; x_wconf 87' lang='lat' dir='ltr'><strong><em>Constitutionibus</em></strong></span> <span class='ocrx_word' id='word_1_814' title='bbox 3181 5285 3221 5340; x_wconf 93' lang='lat' dir='ltr'><strong><em>l.</em></strong></span> <span class='ocrx_word' id='word_1_815' title='bbox 3254 5301 3343 5351; x_wconf 82' lang='lat' dir='ltr'><strong><em>in,</em></strong></span> <span class='ocrx_word' id='word_1_816' title='bbox 3393 5301 3445 5341; x_wconf 83' lang='grc' dir='ltr'>ο.</span> <span class='ocrx_word' id='word_1_817' title='bbox 3479 5288 3512 5341; x_wconf 88' lang='grc'>6</span> <span class='ocrx_word' id='word_1_818' title='bbox 3548 5292 3608 5341; x_wconf 90' lang='lat' dir='ltr'><strong><em>et</em></strong></span> <span class='ocrx_word' id='word_1_819' title='bbox 3638 5290 3709 5361; x_wconf 69' lang='grc'>7,</span> 
     </span>
    </p>
   </div>
   <div class='ocr_carea' id='block_1_117' title="bbox 2027 5372 3710 5450">
    <p class='ocr_par' dir='ltr' id='par_1_117' title="bbox 2027 5372 3710 5450">
     <span class='ocr_line' id='line_1_118' title="bbox 2027 5372 3710 5450; baseline -0.005 -12"><span class='ocrx_word' id='word_1_820' title='bbox 2027 5387 2361 5443; x_wconf 88' lang='lat' dir='ltr'><strong><em>occurrent,</em></strong></span> <span class='ocrx_word' id='word_1_821' title='bbox 2417 5378 2615 5433; x_wconf 88' lang='lat' dir='ltr'><strong><em>statim</em></strong></span> <span class='ocrx_word' id='word_1_822' title='bbox 2682 5376 3018 5449; x_wconf 80' lang='lat' dir='ltr'><strong><em>subjungit:</em></strong></span> <span class='ocrx_word' id='word_1_823' title='bbox 3079 5372 3263 5430; x_wconf 74' lang='grc' dir='ltr'><strong><em>Ταῦτα</em></strong></span> <span class='ocrx_word' id='word_1_824' title='bbox 3310 5373 3425 5450; x_wconf 82' lang='grc' dir='ltr'>οὐχ</span> <span class='ocrx_word' id='word_1_825' title='bbox 3456 5373 3534 5437; x_wconf 82' lang='grc' dir='ltr'><strong><em>ὡς</em></strong></span> <span class='ocrx_word' id='word_1_826' title='bbox 3560 5374 3710 5429; x_wconf 80' lang='grc' dir='ltr'><strong>ἀπό-</strong></span> 
     </span>
    </p>
   </div>
   <div class='ocr_carea' id='block_1_118' title="bbox 2027 5464 3704 5537">
    <p class='ocr_par' dir='ltr' id='par_1_118' title="bbox 2027 5464 3704 5537">
     <span class='ocr_line' id='line_1_119' title="bbox 2027 5464 3704 5537; baseline -0.003 -13"><span class='ocrx_word' id='word_1_827' title='bbox 2027 5469 2228 5530; x_wconf 85' lang='grc' dir='ltr'>στολος</span> <span class='ocrx_word' id='word_1_828' title='bbox 2256 5467 2637 5537; x_wconf 72' lang='grc' dir='ltr'>διατάσσομαι.</span> <span class='ocrx_word' id='word_1_829' title='bbox 2672 5488 2702 5517; x_wconf 88' lang='grc'><strong><em>‹‹</em></strong></span> <span class='ocrx_word' id='word_1_830' title='bbox 2737 5468 2869 5522; x_wconf 69' lang='lat' dir='ltr'><strong><em>Haec</em></strong></span> <span class='ocrx_word' id='word_1_831' title='bbox 2896 5482 3017 5520; x_wconf 92' lang='lat' dir='ltr'><strong><em>non</em></strong></span> <span class='ocrx_word' id='word_1_832' title='bbox 3036 5470 3103 5519; x_wconf 90' lang='lat' dir='ltr'><strong><em>ut</em></strong></span> <span class='ocrx_word' id='word_1_833' title='bbox 3131 5464 3436 5535; x_wconf 89' lang='lat' dir='ltr'><strong><em>apostolus</em></strong></span> <span class='ocrx_word' id='word_1_834' title='bbox 3470 5466 3704 5519; x_wconf 83' lang='lat' dir='ltr'><strong><em>consti-</em></strong></span> 
     </span>
    </p>
   </div>
   <div class='ocr_carea' id='block_1_119' title="bbox 2028 5552 3707 5631">
    <p class='ocr_par' dir='ltr' id='par_1_119' title="bbox 2028 5552 3707 5631">
     <span class='ocr_line' id='line_1_120' title="bbox 2028 5552 3707 5631; baseline -0.007 -8"><span class='ocrx_word' id='word_1_835' title='bbox 2028 5572 2224 5627; x_wconf 80' lang='lat' dir='ltr'><strong><em>tuo,»</em></strong></span> <span class='ocrx_word' id='word_1_836' title='bbox 2306 5557 2465 5631; x_wconf 90' lang='lat' dir='ltr'><strong><em>quod</em></strong></span> <span class='ocrx_word' id='word_1_837' title='bbox 2526 5573 2734 5612; x_wconf 89' lang='lat' dir='ltr'><strong><em>omnes</em></strong></span> <span class='ocrx_word' id='word_1_838' title='bbox 2795 5555 2995 5609; x_wconf 88' lang='lat' dir='ltr'><strong><em>norint</em></strong></span> <span class='ocrx_word' id='word_1_839' title='bbox 3050 5553 3179 5608; x_wconf 69' lang='lat' dir='ltr'><strong><em>haec</em></strong></span> <span class='ocrx_word' id='word_1_840' title='bbox 3236 5553 3303 5608; x_wconf 90' lang='lat' dir='ltr'><strong><em>in</em></strong></span> <span class='ocrx_word' id='word_1_841' title='bbox 3360 5552 3707 5612; x_wconf 84' lang='lat' dir='ltr'><strong><em>Didascalia</em></strong></span> 
     </span>
    </p>
   </div>
   <div class='ocr_carea' id='block_1_120' title="bbox 2026 5643 3246 5729">
    <p class='ocr_par' dir='ltr' id='par_1_120' title="bbox 2026 5643 3246 5729">
     <span class='ocr_line' id='line_1_121' title="bbox 2026 5643 3246 5729; baseline -0.012 -17"><span class='ocrx_word' id='word_1_842' title='bbox 2026 5652 2436 5729; x_wconf 88' lang='lat' dir='ltr'><strong><em>apostolorum</em></strong></span> <span class='ocrx_word' id='word_1_843' title='bbox 2470 5646 2715 5704; x_wconf 89' lang='lat' dir='ltr'><strong><em>nomine</em></strong></span> <span class='ocrx_word' id='word_1_844' title='bbox 2748 5644 2932 5705; x_wconf 88' lang='lat' dir='ltr'><strong><em>fuisse</em></strong></span> <span class='ocrx_word' id='word_1_845' title='bbox 2958 5643 3246 5715; x_wconf 85' lang='lat' dir='ltr'><strong><em>injuncta.</em></strong></span> 
     </span>
    </p>
   </div>
  </div>
