3990 6136
166 329 254 389 133
937 332 1001 395 J.
1049 331 1471 395 PEARSONH
1517 330 1893 394 VlNDlCliE
1937 333 2428 396 IGNATIANE.
2477 369 2554 380 —
2597 337 2810 399 PARS
2850 340 2901 399 Ι.
3509 345 3623 404 135

227 464 533 520 Concludo
579 465 833 538 itaque,
873 468 942 524 in
972 469 1357 525 Stichometria
1413 468 1586 524 nobis
1635 469 1868 541 objecta
1897 475 1950 536 Α
1984 489 2103 527 suae
2130 471 3064 544 salutis,possuntdiscere.»ch
3084 479 3362 545 Irenaeus,
3388 497 3456 536 ex
3488 499 3631 537 con-

170 554 420 626 Ἰτνατίου
459 572 713 611 nomen
750 558 924 612 inter
948 558 1134 613 libros
1175 559 1315 614 Novi
1337 559 1696 614 Testamenti
1725 575 1868 630 apo-
1981 563 2161 618 stanti
2185 570 2441 619 cmtuum
2479 567 2550 621 ab
2591 569 2876 638 apostolis
2907 570 3280 626 conditorum
3316 573 3632 628 traditione

181 645 417 716 cryphos
450 647 776 716 positum,
813 663 942 702 non
978 647 1263 702 denotare
1323 647 1530 720 lgnatii
1564 647 1870 718 epistolas,
1981 652 2330 723 disputans;
2364 662 2506 710 recte
2531 658 2754 727 quidem
2787 658 2902 725 ille,
2936 666 2988 712 et
3017 664 3358 729 apposite,ut
3378 663 3630 719 Dallaeus

187 753 298 807 qua:
329 735 494 788 inter
525 737 911 808 apocrypha
940 753 1239 808 nusquam
1273 743 1542 808 reperta),
1576 754 1707 807 quas
1741 742 1875 808 post
1982 740 2106 812 ipse
2136 749 2402 811 testatur,
2427 744 2499 798 de
2558 748 2987 818 Areopagiticis
3019 750 3209 820 capite
3242 751 3523 807 secundo.
3557 757 3630 809 At

192 833 424 880 mortem
449 825 752 880 omnium
777 826 1187 897 apostolorum
1210 827 1467 897 scriptae,
1494 843 1623 896 quae
1646 825 1718 880 ab
1745 826 1870 896 ipso
1982 846 2174 900 neque
2204 839 2364 898 recte,
2398 849 2592 904 neque
2637 835 2886 904 apposite
2919 837 3238 908 disputavit
3265 841 3544 910 Irenaaus,
3579 843 3626 896 si

201 917 252 970 in
278 916 486 969 itinere
523 920 830 981 exarata,
869 932 1108 970 omnem
1141 915 1529 987 apostolicam
1560 916 1875 991 auctorita-

206 1014 306 1060 tem
336 1020 490 1074 saepe
516 1003 594 1057 de
621 1004 943 1058 industria
974 1003 1357 1070 amoliuntur;
1384 1004 1486 1058 sed
1509 999 1754 1080 Διὸαχήν
1789 1005 1874 1059 ei-

215 1096 327 1149 dem
355 1094 591 1164 Ignatio
628 1093 1037 1164 suppositam,
1074 1093 1240 1163 quasi
1276 1093 1386 1163 ipsi
1419 1092 1489 1146 ab
1523 1093 1878 1163 apostolis,a

217 1185 406 1258 quibus
421 1183 757 1238 ordinatus
777 1188 870 1237 est
887 1183 1212 1236 Antiochia:
1229 1182 1543 1253 episcopus
1557 1229 1560 1232 .
1574 1182 1872 1252 dictatam,

219 1291 327 1346 qua?
352 1274 411 1327 in
440 1273 564 1327 alio
594 1271 877 1326 lndirulo
899 1271 1054 1326 inter
1073 1271 1208 1326 Novi
1241 1271 1600 1325 Testamenti
1634 1287 1877 1342 apocry-

222 1365 319 1435 pha
348 1362 682 1433 reperitur.
745 1361 913 1416 Unde
947 1366 1127 1432 patet,
1164 1360 1398 1415 nullum
1441 1360 1634 1414 adhuc
1666 1365 1876 1414 testem

220 1452 449 1525 reperiri
495 1451 805 1522 potuisse,
868 1449 968 1520 qui
1037 1449 1261 1504 diceret
1317 1448 1612 1520 Epistolas
1671 1449 1881 1521 Ignatii

215 1542 380 1595 fuisse
417 1538 869 1611 supposititias,
904 1543 1005 1592 aut
1035 1537 1135 1608 qui
1159 1537 1230 1592 de
1267 1553 1471 1592 earum
1501 1537 1878 1608 antiquitate,

217 1632 448 1685 veritate
492 1628 982 1698 auctoritateque
1015 1627 1102 1681 vel
1150 1626 1420 1682 dubitare
1452 1626 1700 1681 videtur.

892 1765 1119 1819 CAPUT
1152 1765 1214 1816 V.

223 1881 616 1934 Testimonium
648 1878 705 1932 S.
756 1877 1058 1946 Polycarpi
1085 1877 1153 1930 ab
1185 1876 1598 1944 exceptionibus
1627 1876 1875 1930 vindica-

287 1959 392 2005 tur.
437 1954 547 2004 Nec
577 1951 743 2017 fidem
773 1951 825 2002 ei
867 1949 1062 2009 deesse,
1095 1963 1192 2001 nec
1218 1949 1348 2001 vim.
1383 1947 1706 2001 Auctoritas
1737 1949 1877 2016 Epi-

290 2024 444 2077 stolz
475 2023 552 2075 ad
586 2022 968 2090 Pliitippenses
994 2020 1062 2072 ab
1094 2019 1341 2073 omnibus
1371 2025 1594 2088 recepta
1640 2025 1738 2073 est.
1770 2021 1880 2090 Au-

293 2092 547 2148 ctoritati
569 2095 689 2163 ejus
717 2089 827 2146 non
858 2092 1085 2160 derogat
1133 2089 1550 2163 Stichometria
1579 2105 1707 2159 quw
1735 2089 1880 2163 dfici—

293 2174 382 2219 tur
412 2161 732 2234 Nicephori.
773 2163 1092 2221 Posteriori.
1123 2177 1258 2231 pars
1287 2161 1527 2231 epistolae
1557 2177 1670 2214 non
1699 2162 1880 2216 minus

291 2236 544 2307 genuina
603 2251 771 2305 quam
798 2237 977 2303 prior.
1041 2234 1428 2307 Testimonium
1481 2239 1724 2307 nostrum
1770 2248 1880 2307 esse

289 2303 583 2362 mendacio
616 2303 932 2375 inspersum
958 2311 1151 2373 aperta
1181 2304 1461 2358 calumnia
1488 2310 1582 2358 est.
1619 2303 1882 2357 Particu-

293 2382 348 2434 ta
376 2395 637 2449 suprema
664 2377 952 2449 prioribus
991 2392 1101 2449 non
1132 2376 1492 2449 contradicit.
1525 2377 1614 2430 Vis
1644 2376 1882 2449 testimo-

290 2453 376 2504 nii
406 2446 751 2517 defenditur.
782 2447 974 2503 Nullas
1003 2446 1144 2500 alias
1173 2446 1432 2516 epistolas
1461 2447 1692 2514 Ignatii,
1717 2463 1881 2515 quam

294 2539 384 2576 eas
422 2537 563 2592 quas
595 2521 876 2583 habemus,
909 2535 941 2572 a
995 2519 1302 2588 Polycarpo
1357 2518 1600 2586 intelligi
1641 2520 1882 2589 potuisse

298 2595 628 2648 ostenditur.

302 2709 447 2764 Cum
481 2712 664 2762 testes
697 2705 771 2759 ab
803 2703 1138 2759 adversario
1170 2702 1430 2768 adducti,
1467 2719 1576 2758 nec
1607 2703 1755 2758 tales
1785 2719 1884 2774 ap-

235 2803 500 2870 pareant,
526 2796 740 2868 quales
762 2795 859 2850 ille
885 2794 1199 2861 voluit,nec
1219 2793 1279 2848 id
1299 2794 1544 2848 omnino
1571 2798 1882 2861 testentur,

240 2887 396 2958 quod
425 2885 740 2941 sententias
772 2889 992 2939 nostra:
1024 2888 1112 2938 est
1141 2883 1506 2938 contrarium
1534 2899 1547 2949 ;
1580 2882 1884 2938 videamus

233 2995 306 3032 an
342 2977 566 3048 aliquid
589 2976 711 3031 tale
741 2975 1024 3029 adversus
1055 2977 1234 3028 testes
1258 2977 1494 3028 nostros
1524 2971 1640 3026 dici
1674 2971 1882 3044 possit,

227 3085 317 3132 an,
356 3069 607 3123 scilicet.
645 3067 682 3120 ii
717 3083 839 3121 non
871 3065 1164 3136 sint,quos
1190 3080 1320 3119 esse
1346 3080 1458 3118 nos
1481 3063 1754 3130 dicimus,
1780 3067 1884 3118 aut

229 3176 432 3213 revera
465 3158 528 3212 id
561 3174 680 3210 non
714 3160 1026 3222 testentur,
1057 3153 1214 3225 quod
1244 3169 1353 3208 nos
1393 3151 1684 3208 volumus.

301 3249 572 3302 Primum
608 3263 716 3317 pro
747 3214 1454 3317 IgnatianisOSPolycarpi
1477 3241 1883 3298 testimonium
1914 3214 1959 3276 Ο

231 3344 336 3403 est,
372 3336 538 3407 quod
562 3336 751 3389 nostri
771 3333 1261 3389 dissertissimum
1289 3337 1518 3403 putant:
1545 3331 1647 3386 sed
1675 3331 1760 3387 vir
1779 3331 1880 3387 do-

227 3427 534 3482 ctissimus
553 3425 728 3496 longe
754 3424 927 3479 aliter
945 3422 1144 3489 sentit;
1169 3427 1227 3476 et
1250 3421 1386 3476 huic
1405 3421 1744 3476 testimonio
1769 3420 1882 3476 duo

219 3513 428 3569 deesse
464 3513 614 3577 vult,
645 3518 774 3567 tum
809 3511 1011 3579 fidem,
1037 3517 1160 3565 tum
1186 3509 1530 3565 vim.Fidem
1563 3510 1615 3564 ei
1644 3509 1886 3584 derogat

222 3605 440 3675 primo,
500 3602 664 3674 quod
724 3600 990 3673 epistola:
1042 3599 1349 3671 Polycarpi
1400 3621 1428 3649 «
1459 3614 1578 3653 non
1621 3598 1698 3654 sit
1726 3597 1883 3670 apud

225 3710 436 3748 omnes
471 3698 714 3762 recepta
745 3690 1086 3746 auctoritas.

293 3781 584 3848 Quamvis
617 3780 742 3835 haec
774 3779 1105 3851 responsio,
1134 3777 1364 3832 etiamsi
1395 3793 1532 3832 vera
1562 3781 1737 3845 esset,
1769 3776 1882 3831 mi-

222 3875 384 3928 nime
409 3871 787 3927 satisfaceret
809 3870 964 3939 (cum
987 3874 1215 3924 certum
1233 3866 1512 3928 sit,ﬁdem
1535 3866 1880 3938 plenissime

220 3964 512 4018 adhibere
540 3960 756 4015 debere
775 3959 1074 4030 aliquibus
1095 3958 1541 4029 libris,quorum
1557 3957 1878 4028 aliquando

218 4053 372 4123 apud
406 4066 597 4106 omnes
626 4066 736 4104 non
766 4051 938 4116 fuerit
988 4054 1208 4118 recepta
1237 4048 1554 4113 auctoritas,
1590 4051 1654 4100 ut
1685 4063 1754 4101 ex
1785 4046 1880 4100 ali-

219 4148 364 4213 quot
391 4139 669 4213 epistolis
708 4138 847 4192 Novi
870 4136 1228 4192 Testamenti
1278 4135 1484 4208 patet),
1518 4151 1646 4190 eam
1681 4140 1879 4190 tamen

223 4247 426 4286 assero
462 4229 650 4284 etiam
684 4244 814 4281 esse
845 4226 1080 4293 falsam,
1105 4231 1162 4280 et
1184 4225 1254 4280 ab
1275 4226 1438 4280 omni
1456 4225 1649 4296 specie
1672 4225 1878 4279 verita-

225 4321 296 4374 tis
328 4321 620 4375 alienam.
649 4317 982 4371 Auctoritas
1005 4315 1162 4370 enim
1187 4315 1362 4386 hujus
1384 4313 1659 4384 Epistulae
1681 4315 1734 4367 S.
1765 4316 1878 4369 Po-

221 4409 449 4480 lycar‘pi
484 4407 560 4462 ad
590 4405 1008 4476 Philippenses
1059 4404 1131 4459 ab
1165 4403 1444 4460 omnibus
1473 4403 1588 4458 fuit
1619 4409 1872 4475 recepta,

221 4503 324 4567 ita,
360 4499 614 4563 scilicet,
650 4503 716 4551 ut
740 4497 842 4550 viri
868 4495 1177 4567 apostolici
1203 4495 1491 4566 scriptum
1516 4494 1873 4550 ecclesiasti-

1984 919 2106 974 beec
2139 921 2392 991 epistola
2423 939 2456 976 a
2481 923 2808 995 Polycarpo
2841 926 3062 996 scripta
3118 944 3238 982 non
3294 930 3391 993 sit,
3425 938 3529 986 aut
3559 932 3632 986 ab

1982 1010 2258 1064 omnibus
2291 1015 2430 1066 tunc
2452 1013 2737 1083 temporis
2768 1030 2888 1068 non
2921 1016 3392 1086 reciperetur.De
3426 1021 3631 1076 eadem

1985 1099 2237 1170 epistola
2266 1100 2682 1172 Eusebius,qui
2716 1103 2871 1158 intra
2900 1113 3135 1160 centum
3174 1114 3304 1177 post
3324 1109 3633 1181 Polycarpi

1989 1194 2238 1243 mortem
2272 1206 2462 1244 annos
2513 1197 2688 1246 natus
2719 1199 2826 1257 est,
2858 1195 2998 1248 Hist.
3034 1195 3165 1250 ecct.
3214 1196 3250 1251 l.
3287 1214 3356 1264 ιν,
3390 1214 3517 1269 cap.
3547 1202 3634 1270 14,

1985 1285 2118 1350 post
2137 1279 2487 1348 productum
2513 1280 2622 1335 hoc
2653 1281 2859 1336 Irenaai
2893 1284 3298 1340 testimonium
3322 1303 3333 1339 :
3367 1285 3427 1341 '0
3449 1285 3630 1359 μέντοι

1990 1364 2361 1438 ΙΙολύκαρπος
2394 1367 2448 1421 ἐν
2477 1371 2545 1436 τῇ
2579 1365 2890 1443 δηλωθείη,
2923 1372 3058 1444 πρὸς
3089 1371 3503 1444 Φιλιππησίους
3534 1375 3630 1430 αὗ-

1984 1459 2080 1509 τοῦ
2109 1459 2290 1530 γραφῇ
2332 1458 2604 1532 φερομένῃ
2641 1457 2715 1519 εἷς
2741 1455 2922 1531 δεῦρο,
2969 1461 3236 1534 κέχρηταί
3292 1483 3402 1518 τισι
3435 1486 3635 1538 μαρτυ-

1991 1544 2136 1618 ρίαις
2166 1543 2276 1598 ἀπὸ
2302 1551 2402 1613 τῆς
2434 1547 2640 1620 Πέτρου
2665 1546 2930 1621 προτέρας
2966 1547 3280 1620 ἐπιστολῆς.
3307 1575 3334 1604 ‹‹
3358 1555 3633 1626 Polycar-

1989 1637 2379 1707 pus,scilicet,
2399 1637 2462 1691 in
2495 1637 2796 1693 antedicta
2823 1639 2898 1694 ad
2927 1640 3341 1712 Philippenses
3364 1646 3634 1716 epistola,

1992 1742 2123 1794 quae
2149 1743 2340 1796 usque
2371 1727 2564 1782 adhuc
2595 1728 3030 1798 circumfertur,
3065 1732 3253 1786 utitur
3281 1734 3636 1804 quibusdam

1912 1846 1956 1911 Β
1995 1815 2350 1870 testimoniis
2377 1833 2445 1871 ex
2467 1817 2650 1887 priori
2677 1819 2833 1872 Petri
2860 1819 3111 1890 epistola
3129 1819 3476 1893 desumptis.
3506 1846 3536 1874 »
3569 1828 3638 1880 Et

1989 1904 2247 1976 plurima
2267 1905 2509 1976 quidem
2545 1907 2885 1962 testimonia
2931 1925 3003 1964 ex
3035 1910 3216 1980 priori
3251 1913 3501 1983 epistola
3530 1914 3636 1970 de-

1989 1999 2363 2065 prompta,ex
2381 1997 2692 2066 posteriori
2718 1997 2900 2065 nulla,
2935 1998 3127 2054 adhuc
3159 2001 3218 2053 in
3251 2001 3360 2056 hac
3386 2005 3634 2074 epistola

1989 2085 2389 2154 reperiuntur,
2417 2101 2547 2154 qua:
2578 2102 2713 2140 cum
2744 2086 2817 2141 iis
2846 2087 3182 2158 conjuncta,
3219 2107 3348 2160 quae
3371 2092 3442 2146 ad
3466 2095 3634 2157 lgna-

1990 2173 2137 2226 tium
2161 2173 2519 2243 pertinentia
2535 2173 2775 2228 totidem
2794 2175 2986 2231 verbis
3000 2178 3310 2249 exscripsit
3325 2181 3634 2251 Eusebius,

1991 2261 2261 2317 dubitare
2308 2280 2416 2317 nos
2463 2280 2582 2317 non
2611 2263 2836 2328 sinunt,
2869 2266 3012 2335 quin
3035 2267 3305 2322 eamdem
3327 2270 3635 2343 Polycarpi

1991 2350 2299 2420 epistolam
2321 2350 2848 2422 habeamus,quam
2866 2353 3072 2408 habuit
3093 2356 3635 2416 Eusebium-mltum

1993 2439 2493 2505 lrenazo,multum
2517 2441 2766 2495 Eusebio
2792 2442 3130 2498 tribuebant
3149 2449 3408 2514 veteres;
3441 2466 3632 2521 neque

1991 2529 2062 2583 de
2095 2529 2379 2599 scriptore
2398 2531 2680 2600 quopiam
2712 2547 2915 2586 eorum
2954 2534 3313 2591 testimoniis
3336 2554 3636 2596 commen-

1992 2619 2128 2674 dato
2153 2636 2416 2690 unquam
2443 2620 2889 2676 dubitabantEt
2920 2623 2967 2676 si
3003 2623 3059 2678 id
3093 2641 3297 2681 eorum
3319 2632 3633 2686 auctorita-

1992 2714 2111 2763 tem
2143 2709 2407 2763 efl‘ecisse
2430 2709 2714 2779 nolimus,
2748 2717 2814 2764 ut
2866 2711 2937 2765 ab
2970 2713 3245 2769 omnibus
3269 2718 3634 2787 reciperetur

1993 2799 2117 2852 haec
2133 2797 2412 2868 epistola;
2439 2797 2595 2853 idem
2620 2800 2940 2855 extorsisse
2965 2802 3263 2872 publicam
3289 2805 3349 2860 in
3370 2808 3635 2865 ecclesiis

1993 2886 2267 2941 Asiaticis
2299 2887 2615 2942 lectionem
2650 2888 2887 2944 difﬁteri
2914 2907 3032 2945 non
3065 2909 3399 2962 possumus.
3428 2898 3632 2953 Hiero-

1992 2992 2206 3047 nymus
2238 2976 2398 3030 enim
2431 2977 2491 3030 in
2517 2977 2794 3048 Catalogo
2817 2978 2942 3032 haec
2973 2979 3046 3033 de
3071 2980 3395 3055 Polycarpo
3422 2986 3631 3042 habet:

1994 3087 2021 3115 «
2057 3065 2302 3136 Scripsit
2319 3065 2392 3120 ad
2414 3065 2830 3137 Philippenses
2856 3068 3018 3123 valde
3041 3069 3250 3126 utilem
3297 3075 3632 3146 epistolam,

1997 3171 2127 3225 quae
2159 3172 2344 3225 usque
2376 3155 2550 3210 hodie
2569 3156 2629 3209 in
2645 3157 2798 3210 Asia:
2812 3165 3106 3215 conventu
3127 3159 3489 3233 legitur.».\n
3505 3165 3633 3222 ﬁeri

1990 3246 2183 3316 potuit
2203 3251 2268 3298 ut
2290 3245 2539 3316 epistola
2573 3247 2901 3317 Polycarpi,
2937 3249 3036 3318 qui
3057 3273 3080 3298 (ι
3118 3252 3360 3308 Joannis
3379 3258 3631 3326 apostoli

1990 3334 2403 3406 discipulus,et
2419 3335 2490 3389 ab
2515 3351 2582 3390 eo
2608 3336 2921 3407 episcopus
2944 3338 3460 3410 ordinatus,totius
3481 3347 3632 3403 Asiae

1990 3425 2265 3495 princeps
2285 3423 2454 3493 fuit,»
2482 3424 2544 3478 in
2565 3430 2730 3479 tanta
2747 3425 2874 3480 luce
2898 3427 3177 3497 posita,in
3199 3440 3491 3489 conventu
3517 3437 3635 3505 eju-

1990 3513 2155 3569 sdem
2178 3513 2330 3568 Asiae
2355 3513 2604 3582 lecta,ab
2629 3515 2904 3570 omnibus
2928 3533 3046 3571 non
3068 3519 3630 3589 reciperetur‘ICerte

1989 3605 2382 3676 Hieronymus
2398 3610 2456 3658 et
2480 3604 2880 3660 Theodoretus
2910 3605 3298 3678 Polycarpum
3314 3621 3633 3669 numerant

1989 3695 2145 3748 inter
2173 3692 2605 3748 vetustissimos
2637 3693 3120 3765 clarissimosque
3169 3698 3444 3753 Ecclesim
3495 3703 3630 3756 scri-

1987 3789 2204 3854 ptores.
2240 3781 2399 3836 Inter
2438 3786 2635 3834 autem
2684 3781 2815 3851 ejus
2846 3799 3027 3852 opera
3055 3784 3180 3838 hare
3213 3786 3463 3855 epistola
3497 3793 3621 3843 tan-

1987 3887 2165 3943 quam
2197 3870 2496 3940 praecipua
2527 3885 2764 3940 semper
2793 3875 3104 3927 numerata
3125 3878 3232 3928 est.

2056 3959 2352 4015 Adversus
2383 3959 2535 4013 hanc
2553 3958 2816 4029 epistolm
2847 3959 3287 4032 Polycarpianaa
3309 3968 3627 4023 auctorita-

1986 4047 2207 4116 tem,ab
2232 4046 2509 4101 omnibus
2540 4052 2861 4117 receptam,
2896 4065 2930 4102 a
2961 4051 3200 4106 nemine
3229 4060 3406 4119 certe,
3437 4073 3628 4124 quan-

1983 4146 2110 4195 tum
2141 4137 2432 4202 novimus,
2469 4137 2529 4190 in
2559 4135 2808 4191 dubium
2866 4143 3154 4208 vocatam,
3207 4148 3378 4212 urget
3409 4144 3495 4198 vir
3524 4145 3630 4200 do-

1983 4228 2282 4284 ctissimus
2314 4226 2719 4296 scriptores,et
2740 4225 3077 4295 quidem,ut
3105 4229 3208 4298 ait,
3231 4232 3628 4303 gravissimos,

1983 4317 2082 4388 qui
2117 4333 2248 4371 eam
2280 4315 2677 4385 apocrypham
2738 4329 2865 4368 esse
2901 4315 3270 4385 judicabant.
3305 4321 3630 4393 Scriptores

1981 4406 2066 4461 illi
2101 4405 2379 4460 dicuntur
2408 4403 2772 4473 Nicephorus
2803 4404 3141 4474 patriarcha
3197 4414 3255 4461 et
3283 4412 3630 4468 Anastasius

1983 4492 2753 4562 Bibliothecarius,quorum
2787 4497 2998 4547 neuter
3028 4500 3166 4550 ante
3197 4513 3422 4554 nonum
3446 4517 3628 4556 saecu-

225 4605 354 4642 cum
390 4595 446 4641 et
479 4585 876 4642 orthodoxum
903 4583 1294 4654 judicaretur;
1328 4599 1520 4653 neque
1552 4599 1816 4653 unquam
1842 4600 1878 4639 a
1907 4559 1948 4622 Β
1979 4584 2107 4638 lum
2139 4582 2390 4654 scripsit.
2429 4581 2541 4637 Sed
2563 4581 2775 4652 primo,
2811 4599 2920 4636 nos
2951 4589 3088 4638 ante
3121 4588 3490 4644 ostendimus
3522 4591 3626 4644 Ni-

231 4676 502 4748 quopiam
540 4691 615 4730 an
645 4673 760 4728 tale
791 4689 998 4728 revera
1027 4672 1223 4739 fuerit,
1255 4671 1584 4727 dubitatum
1606 4671 1698 4726 sit.
1726 4671 1873 4726 Nam

235 4767 416 4835 primo
445 4767 732 4826 Irenmus.
758 4763 857 4833 qui
892 4764 1087 4834 ipsum
1108 4761 1496 4834 Polycarpum
1518 4761 1680 4827 vidit,
1705 4761 1872 4817 lucu.

236 4853 626 4910 lentissimum
651 4853 788 4908 huic
809 4851 1074 4924 epistolae
1092 4851 1495 4906 testimonium
1511 4850 1779 4922 prwbetJ
1813 4867 1871 4906 ιιι

239 4943 487 4999 Αάῑειέιιε
546 4944 810 5007 haereses;
870 4943 1000 4995 Εστι
1073 4935 1128 4992 δὲ
1182 4936 1448 5007 ἐπιστολὴ
1510 4937 1871 5013 Πολυκάρπου

241 5031 361 5102 πρὸς
394 5030 808 5101 Φιλιππησῖους
843 5027 1200 5104 γεγραμμένη
1232 5027 1565 5094 ἱκανωτάτη,
1601 5025 1652 5098 ἒξ
1683 5029 1749 5094 ἧς
1781 5025 1870 5080 καὶ

235 5119 316 5172 τὸν
345 5128 660 5196 χαρακτῆρα
689 5126 791 5189 τῆς
841 5117 1073 5177 πίστεως
1130 5115 1318 5183 αὐτοῦ,
1373 5113 1555 5169 καὶτὸ
1613 5115 1872 5191 κήρυγμα

237 5215 324 5278 τῆς
355 5209 602 5278 ἀληθείας
637 5210 688 5264 οἱ
726 5204 1058 5284 βουλόμενοι
1090 5205 1179 5259 καὶ
1210 5203 1582 5280 φροντίζοντες
1613 5207 1713 5268 τῆς
1745 5203 1867 5257 ἔτρυ-

237 5301 626 5377 τῶνσωτηρίας
650 5298 908 5354 δίνανκαι
965 5297 1176 5367 μαθεῖν.
1237 5298 1321 5351 lta
1374 5295 1664 5351 Eusebius
1722 5297 1866 5351 Hist.

234 5393 348 5446 ccci.
378 5394 414 5448 l.
445 5413 514 5460 iv,
550 5412 600 5452 ο.
647 5395 727 5447 14.
762 5395 939 5445 vetus
972 5386 1180 5441 Irenaei
1210 5385 1522 5456 interpres:
1570 5406 1593 5435 α
1630 5387 1731 5440 Est
1755 5402 1866 5441 au-

232 5485 336 5536 tem
369 5490 420 5538 et
448 5483 700 5556 epistola
749 5476 1069 5549 Polycarpi
1105 5475 1178 5529 ad
1207 5474 1622 5545 Philippenses
1653 5475 1871 5546 scripta

221 5567 657 5635 perfectissima,
691 5583 763 5622 ex
801 5577 926 5634 qua
951 5566 1009 5614 et
1037 5561 1439 5614 characterem
1474 5557 1609 5612 fidei
1638 5559 1787 5630 ejus,
1813 5563 1872 5613 et

214 5657 684 5723 praedicationem
702 5648 1112 5718 veritatis,qui
1128 5648 1412 5716 volunt,et
1427 5663 1628 5702 curam
1648 5647 1870 5702 habent

1982 4669 2500 4743 cephorumillum
2535 4671 2752 4724 frustra
2783 4676 2841 4725 et
2892 4672 3020 4726 sine
3061 4673 3179 4729 ullo
3242 4676 3626 4733 fundamento

1982 4766 2269 4832 tanquam
2292 4765 2595 4814 auctorem
2629 4759 3029 4816 Stichometriae
3089 4763 3353 4836 allegari,
3383 4773 3440 4820 et
3472 4768 3629 4822 Ana-

1982 4849 2228 4904 stasium
2252 4847 2665 4902 tantummodo
2697 4847 2855 4903 illius
2885 4849 3286 4906 Stichometriw
3339 4854 3627 4925 interpre-

1981 4943 2098 4992 tem
2132 4953 2284 4991 esse.
2319 4935 2608 5000 Secundo,
2645 4936 2694 4990 si
2726 4937 3158 4993 concederetur
3186 4941 3497 5011 epistolam
3525 4948 3628 4997 Po-

1983 5025 2203 5096 lycarpi
2233 5024 2305 5080 ad
2335 5024 2746 5095 Philippenses
2776 5025 2837 5079 in
2869 5043 2938 5081 ea
2968 5026 3351 5082 Stichometrz’a
3377 5029 3626 5102 intelligi

1980 5113 2217 5180 debere,
2240 5131 2313 5168 ne
2339 5111 2486 5167 illud
2517 5113 2758 5182 quidem
2791 5115 3202 5171 auctoritatem
3227 5117 3355 5187 ejus
3382 5118 3623 5172 omnino

1981 5203 2264 5258 minuerit
2287 5218 2300 5267 ;
2321 5201 2731 5256 tantummodo
2755 5203 2914 5257 enim
2935 5205 3092 5260 inter
3122 5207 3458 5277 apocrypha
3482 5209 3624 5262 Novi

1978 5291 2334 5348 Testamenti
2367 5291 2897 5353 numerantur,hoc
2928 5299 3076 5362 est,a
3107 5311 3332 5350 canone
3356 5296 3623 5352 SS.Scri-

1977 5386 2285 5452 pturarum
2312 5382 2646 5433 removetur
2671 5395 2840 5444 ;cum
2871 5386 3069 5436 autem
3088 5383 3148 5438 in
3179 5384 3625 5459 Ecclesiislege-

1977 5475 2164 5533 retur,
2184 5485 2218 5523 a
2249 5466 2551 5523 canonicis
2580 5466 2746 5522 libris
2774 5468 3054 5526 distincta
3084 5478 3141 5526 et
3171 5472 3329 5528 inter
3349 5474 3626 5532 ecclesia-

1980 5561 2158 5614 sticos
2191 5562 2424 5613 tantum
2448 5563 2759 5615 numerata
2789 5561 3117 5630 est.Tertio,
3142 5565 3457 5636 epistolam
3471 5567 3626 5622 hanc

1979 5649 2040 5704 in
2073 5647 2460 5703 Stichomet-ria
2491 5663 2688 5719 neque
2717 5650 3146 5723 nominari,aut
3175 5655 3431 5728 intelligi
3453 5654 3602 5709 debe
