3990 6136
372 334 488 396 135

1437 329 1505 392 S.
1550 325 1954 390 IGNATIUS.
2001 358 2080 371 -
2117 324 2730 390 PROLEGOMENA.

3665 329 3784 390 136

368 484 454 537 re,
485 471 588 523 aut
615 465 737 523 ullo
765 463 942 521 modo
968 463 1137 520 innui
1171 462 1472 529 concedo;
1506 461 1608 518 sed
1652 465 1722 516 ut
1751 459 2013 535 Ἰγνατίου
2044 461 2091 529 Α
2129 461 2380 532 phorum
2413 462 2512 518 hic
2541 464 2787 519 omnino
2844 480 2963 519 non
3009 464 3405 536 agnoscimus.
3437 463 3779 535 Epistolam

371 558 456 613 ita
485 554 923 629 θιΠολυκάρπου
955 554 1183 609 nomini
1206 552 1642 625 subjiciendam
1669 546 1904 624 διδαχὴν
1933 567 2022 605 ar-

368 647 559 704 bitror
584 665 597 714 ;
632 663 773 702 nam
797 644 1063 717 quamvis
1094 644 1156 697 in
1171 643 1287 698 alio
1310 641 1576 697 lndiculo
1600 639 1908 712 Polycarpi
1931 638 2018 694 di-

367 739 632 797 dascalia
662 752 784 791 non
816 737 1177 804 compareat,
1211 736 1277 785 ut
1333 730 1438 785 illa
1488 728 1720 801 lgnatii,
1767 728 2020 797 ideoque

364 831 546 904 gratis
579 827 718 882 ﬁcta
746 839 875 880 esse
896 822 1204 887 videatur;
1242 825 1441 875 tamen
1500 834 1639 873 cum
1690 811 2023 870 Διδασκαλίαι

366 918 455 976 διὰ
484 916 813 976 Ἱππολύτου
847 916 907 969 in
934 913 1100 969 nullo
1132 911 1402 968 Indiculo
1426 910 1648 983 pariter
1669 909 2020 976 inveniatur,

366 1030 497 1084 quae
529 1015 729 1065 tamen
754 1006 813 1061 in
847 1021 987 1059 mss.
1016 1002 1338 1074 reperitur,
1372 1006 1431 1055 et
1479 1001 1542 1054 in
1574 997 2022 1054 Constitutioni-

366 1101 477 1157 bas
500 1115 645 1170 quas
669 1095 955 1151 habemus
976 1092 1337 1157 continetur,
1359 1090 1452 1144 vix
1474 1087 1873 1143 dubitandum
1892 1102 2020 1140 esse

367 1188 582 1248 sentio,
615 1184 759 1257 quin
790 1187 924 1254 post
953 1179 1383 1253 apostolorum,
1413 1176 1737 1233 Clementis
1770 1176 2019 1245 etlgna—

364 1278 433 1333 tii
459 1270 1026 1336 8:8asleia;,etiam
1044 1269 1161 1325 alia
1183 1267 1490 1339 Polycarpi
1523 1264 1772 1338 intelligi
1790 1264 2019 1319 debeat.

365 1366 512 1423 Inde
544 1364 650 1419 illa
679 1363 740 1417 in
770 1360 948 1417 veteri
983 1357 1327 1422 didascalia,
1362 1373 1493 1427 qum
1527 1372 1686 1411 nunc
1707 1355 1770 1409 in
1799 1351 2024 1408 Consti-

368 1457 669 1512 tutionum
703 1451 805 1506 lib.
839 1465 921 1518 ιη,
955 1465 1082 1520 cap.
1107 1450 1159 1515 6,
1193 1447 1481 1519 legimus:
1508 1444 1827 1518 Γνωριζὲτω
1861 1439 1950 1493 οὖν
1984 1439 2019 1507 ἡ

371 1541 634 1617 χήρα,8τι
658 1536 1041 1610 θυσιαπήριὸν
1074 1536 1182 1590 ἐστι
1212 1537 1410 1603 Θεοῦ,‹‹
1432 1535 1587 1589 Sciat
1620 1534 1800 1606 igitur
1821 1531 2018 1591 vidua,

373 1632 532 1707 quod
550 1632 738 1688 altare
763 1630 867 1685 Dei
900 1629 1034 1696 sit,»
1061 1626 1136 1683 ad
1165 1628 1278 1681 ista
1299 1624 1611 1696 Polycarpi
1645 1623 1841 1677 emota
1876 1640 1888 1676 :
1912 1621 2023 1682 Τὰς

375 1724 557 1798 χήρας
586 1717 972 1799 σωφρονο·5σας
1030 1714 1155 1790 περὶ
1212 1714 1313 1782 τὴν
1355 1717 1451 1767 τοῖ’)
1492 1710 1695 1785 Κυρίου
1727 1711 2019 1767 πίστιν...,.

370 1808 743 1888 γινωσκοῦσας
776 1807 859 1861 ὅτι
888 1805 989 1861 εἰσὶ
1021 1804 1405 1876 θυσιαστήριον
1439 1805 1598 1857 Θεοῦ.
1629 1804 1805 1856 Vetus
1836 1800 2022 1855 inter-
2053 1841 2096 1902 Β

372 1918 595 1974 pres:«
616 1899 817 1955 Vidum
848 1914 984 1952 vero
1018 1895 1246 1967 pudicaa
1277 1893 1433 1948 circa
1482 1891 1661 1947 fidem
1710 1890 1880 1946 Dei...
1921 1889 2020 1959 qui

374 1988 849 2047 suntsacrarium
868 1986 1030 2043 Dei.»
1066 1987 1317 2054 Haecque
1340 1983 1553 2054 sacpius
1567 1986 1772 2037 auctor
1791 1981 2025 2036 Consti-

372 2081 670 2136 tutionum
699 2077 976 2132 inculcat.
1009 2075 1246 2138 Quarto,
1280 2088 1475 2143 neque
1499 2070 1882 2141 Nicephorus,
1916 2084 2019 2123 ne-

371 2186 487 2241 que
519 2166 887 2233 Anastasius,
912 2181 1105 2233 neque
1142 2161 1545 2218 Stichometriae
1562 2166 1792 2227 auctor,
1826 2175 2021 2230 neque

376 2258 691 2329 quisquam
715 2255 859 2310 noni
883 2251 1084 2309 saeculi
1110 2251 1363 2322 scriptor
1387 2254 1637 2320 receptas
1688 2248 1868 2320 hujus
1898 2246 2019 2318 epi-

377 2345 544 2402 stolae
576 2342 912 2399 auctoritati
935 2340 1174 2396 ofﬁcere
1200 2338 1493 2411 putandus
1514 2343 1762 2408 est.quaa
1783 2341 1841 2391 et
1863 2336 2024 2407 prio-

369 2436 558 2504 ribus,
578 2439 639 2490 et
655 2433 865 2488 eodem
887 2448 1006 2487 mvo
1040 2438 1099 2487 et
1119 2429 1509 2502 sequentibus
1529 2428 1728 2499 viguit,
1762 2432 1822 2482 et
1850 2443 1884 2481 a
1914 2443 2021 2482 ne-

371 2525 537 2580 mine
552 2523 774 2594 rejecta
788 2519 1427 2592 deprehenditur.Ante
1442 2518 1832 2588 Nicephorum
1853 2516 2026 2571 Maxi-

370 2629 506 2669 mus
534 2611 755 2666 abbas:
794 2609 954 2686 Ἒχει
1000 2604 1058 2661 δὲ
1086 2607 1176 2661 καὶ
1236 2603 1530 2667 ἐπιστολὰς
1570 2606 1598 2659 ὁ
1657 2602 1816 2665 αὐτὸς
1876 2605 2020 2664 θεῖος

367 2698 730 2773 Πολύκαρπος
761 2696 898 2768 πρὸς
932 2693 1749 2765 ΦιλιππησίουςΝθιιθΐειῢὶιὶε
1781 2694 1938 2750 Beda
1959 2693 2020 2748 in

368 2790 782 2863 Martyrologio
815 2789 890 2844 ad
920 2805 994 2843 vn
1024 2787 1154 2843 Kal.
1187 2789 1428 2842 Januar.
1456 2785 1781 2856 Nicephoro
1802 2800 2023 2856 suppar

375 2880 671 2936 Pbotius:
736 2875 1076 2950 ’Ᾱνεγνώσθη
1134 2873 1505 2947 Πολυκάρπου
1562 2870 1829 2941 ἐπιστολή
1883 2871 2022 2946 πρὸς

379 2964 795 3033 Φιλιππησίους
825 2958 1070 3038 γέμουσα
1116 2960 1336 3030 πολλῆς
1366 2960 1647 3021 νουθεσίας
1682 2959 1818 3030 μετὰ
1842 2979 2021 3036 σαφη-

376 3054 515 3115 νείας
541 3053 632 3108 καὶ
663 3052 1000 3119 ἁπλότητος,
1030 3049 1167 3104 κατᾶ
1194 3051 1284 3104 τὸν
1317 3046 1763 3118 ἐκκλησιαστικὸν
1797 3054 1896 3117 τῆς
1929 3047 2020 3121 ἐρ-

375 3141 601 3216 μηνείας
633 3138 822 3195 τύπον.
852 3162 880 3191 ‹‹
916 3139 1240 3211 Legebatur
1259 3138 1641 3209 etPolycarpi
1663 3137 1916 3209 epistola
1943 3138 2017 3193 ad

2129 550 2433 622 Polycarpi
2454 552 2519 607 in
2542 552 2983 608 Stichometriam
3004 569 3126 608 non
3141 553 3430 608 videmus.
3462 554 3520 608 Si
3540 570 3610 608 ea
3638 554 3780 608 sub-

2132 641 2516 715 intelligatur,
2544 644 2703 699 inter
2731 645 3003 715 pessimae
3033 650 3188 700 notae
3215 646 3554 717 apocrypha
3580 650 3787 699 tamen

2131 731 2402 786 eamdem
2436 748 2753 788 numerare
2784 739 3123 805 portentum
3153 733 3462 805 putamus.
3498 735 3563 788 In
3596 733 3784 789 inter-

2130 826 2296 890 prete
2317 821 2721 876 Stz‘chometria:
2739 823 3036 894 judicium
3093 824 3484 895 requirimus:
3521 839 3654 878 eam
3700 824 3788 879 ita

2131 924 2447 980 exponere,
2478 914 2544 964 ut
2572 916 2780 967 contra
2809 917 3069 967 mentem
3105 912 3372 967 omnium
3420 912 3778 967 saeculorum

2128 998 2427 1069 loquatur,
2456 999 2901 1070 iniquissimum
2937 1017 3066 1055 esse
3098 1000 3351 1056 dicimus
3377 1018 3389 1067 ;
3425 1006 3484 1055 et
3511 1001 3782 1056 clarissi-

2130 1104 2287 1142 mam
2320 1088 2831 1160 certissimamque
2862 1090 3364 1158 sententiam,non
3396 1091 3781 1158 Hammondi,

2130 1176 2233 1231 sed
2263 1176 2539 1232 Ecclesia:
2569 1179 2822 1243 Asiana),
2857 1179 3244 1249 omniumque
3277 1197 3423 1249 quos
3445 1179 3677 1250 aliquid
3708 1180 3787 1233 de

2132 1267 2385 1337 epistola
2405 1267 2624 1322 dixisse
2656 1269 2926 1323 novimus
2957 1269 3450 1334 Christianorum,
3500 1269 3786 1323 incertis-

2132 1355 2298 1410 simm
2332 1355 2453 1410 ﬁcti
2482 1356 2795 1428 Nicephori
2827 1357 3180 1429 expositioni
3213 1357 3653 1429 anteponimus.

2200 1448 2400 1502 Prima
2427 1447 2553 1502 haec
2584 1448 2846 1503 velitatio
2881 1464 2893 1502 :
2929 1448 3034 1503 sed
3065 1447 3348 1516 secundo,
3380 1449 3466 1502 vir
3494 1447 3780 1503 doctissi-

2133 1551 2264 1590 mus
2296 1552 2431 1591 cum
2467 1542 2647 1591 totam
2686 1537 3001 1608 epistolam
3058 1538 3306 1607 rejicere
3340 1553 3400 1591 se
3430 1554 3604 1608 posse
3654 1553 3784 1591 non

2134 1630 2416 1696 speraret,
2450 1626 2512 1680 in
2544 1625 2691 1680 duas
2725 1632 2922 1696 partes
2980 1642 3110 1681 eam
3142 1625 3369 1694 divisit,
3403 1643 3551 1681 novo
3602 1626 3786 1698 plane

2132 1731 2280 1770 ausu
2338 1719 2398 1770 et
2454 1715 2742 1770 hactenus
2801 1715 3112 1781 inaudito;
3172 1716 3478 1787 superiora
3508 1715 3783 1786 epistolas

2134 1803 2375 1868 omittit,
2408 1810 2467 1858 et
2494 1804 2542 1857 si
2574 1804 2706 1875 quis
2730 1821 2797 1859 ea
2829 1805 2884 1859 S.
2930 1805 3255 1876 Polycarpo
3286 1805 3581 1860 ascribere
3609 1805 3779 1865 velit.

2130 1910 2249 1948 non
2281 1893 2556 1947 renititur
2583 1909 2595 1960 ;
2619 1893 2739 1948 imo
2770 1893 3197 1965 posterioribus
3247 1894 3508 1964 exceptis
3535 1893 3685 1949 nihil
3716 1897 3783 1950 in

2129 1983 2359 2053 epistola
2389 2000 2671 2039 occurrere
2701 1984 2994 2050 concedit,
3017 1985 3164 2053 quod
3220 1985 3305 2038 vel
3336 1999 3663 2054 quemquam
3692 1987 3787 2051 of-

2125 2074 2375 2141 fendere,
2414 2073 2500 2125 vel
2569 2072 2873 2142 Polycarpo
2927 2073 3220 2141 indignum
3276 2072 3483 2127 censeri
3531 2073 3727 2128 debeat
3758 2091 3787 2136 ;

2126 2165 2483 2231 postremam
2501 2161 2854 2231 particulam
2870 2160 3225 2232 suggillat.in
3241 2177 3359 2231 qua
3371 2162 3783 2216 testimonium

2127 2249 2199 2304 ab
2230 2250 2483 2305 Eusebio
2516 2250 2871 2321 productum
2903 2251 3282 2305 exstat.Hanc
3314 2250 3491 2322 igitur
3544 2250 3665 2305 vult
3695 2257 3787 2305 te-

2127 2355 2271 2393 mere
2300 2345 2352 2393 et
2401 2346 2611 2409 praeter
2640 2339 2886 2394 auctoris
2917 2346 3166 2402 mentem,
3194 2338 3380 2394 aliena
3408 2356 3575 2395 manu
3602 2342 3786 2408 fuisse

2126 2431 2465 2483 assutam.At
2489 2428 2724 2484 Eusebii
2745 2434 2916 2483 aetate
2938 2427 3044 2483 illa
3063 2428 3242 2483 etiam
3265 2433 3564 2499 postrema
3583 2430 3741 2500 parti
3757 2461 3781 2473 -

2127 2518 2262 2573 cula
2282 2519 2611 2574 certissime
2644 2519 2912 2574 exstabat
2942 2539 2956 2587 ;
3007 2535 3078 2573 ex
3108 2518 3361 2589 epistola
3391 2518 3667 2589 Polycapi
3699 2520 3781 2575 ab

2126 2609 2377 2663 Eusebio
2401 2609 2696 2680 exscripta
2726 2609 2855 2663 fuit.
2885 2608 3173 2663 Eusebius
3206 2624 3315 2663 nec
3364 2607 3491 2663 falli
3526 2624 3636 2662 nec
3667 2608 3785 2663 fal-

2126 2698 2248 2753 lere
2273 2699 2465 2769 poluit
2491 2715 2503 2752 :
2538 2704 2664 2754 erat
2680 2698 2841 2752 enim
2863 2703 2987 2752 tota
3016 2696 3265 2768 epistola
3288 2696 3563 2752 omnibus
3587 2712 3773 2768 expo-

2127 2789 2274 2856 sita;
2311 2794 2437 2844 erat
2469 2789 2529 2842 in
2559 2789 2839 2844 Ecclesiis
2861 2787 3306 2851 Asiaticis,tunc
3328 2787 3610 2858 temporis
3630 2804 3773 2842 cum

2126 2878 2414 2933 scriberet
2441 2879 2751 2948 Eusebius,
2804 2877 3041 2949 publice
3062 2877 3214 2932 lecta
3247 2894 3261 2943 ;
3295 2879 3456 2933 novit
3485 2894 3617 2933 eam
3644 2879 3781 2933 Hie-

2123 2983 2429 3038 ronymus,
2462 2968 2632 3038 cujus
2662 2966 2938 3033 versioni,
2990 2966 3104 3021 nisi
3139 2966 3273 3022 aliis
3303 2972 3642 3038 occupatus,
3682 2967 3787 3047 in:

2124 3058 2727 3121 cubuisset,ettamen
2748 3057 3082 3113 Eusebiana
3103 3074 3408 3128 nunquam
3441 3059 3743 3113 accusavit
3765 3077 3782 3114 :

2128 3144 2201 3200 de
2223 3146 2325 3200 illa
2354 3145 2534 3218 igitur
2561 3146 2874 3217 particula,
2907 3163 3085 3217 quam
3140 3148 3436 3218 excerpsit
3467 3146 3782 3216 Eusebius,

370 3210 788 3302 Philippenses
833 3210 1038 3284 multis
1068 3228 1287 3284 referta
1342 3227 1850 3284 admonitionibus
1882 3244 2016 3283 cum
2045 3210 2089 3277 (ἶ
2127 3210 2535 3290 ἀηδίιδιιῖιιοῃ
2558 3210 2774 3307 potest,
2798 3210 3125 3291 nisi-etiam
3165 3237 3239 3291 de
3268 3210 3389 3291 tota
3417 3236 3667 3308 epistola
3700 3210 3783 3292 si;

370 3320 793 3392 perspicuitate
808 3335 876 3375 ac
899 3318 1302 3389 simplicitate,
1334 3317 1409 3372 ad
1440 3317 1905 3373 ecclesiasticam
1935 3317 2016 3372 lo-

370 3408 592 3480 quendi
620 3408 894 3463 formam.
929 3428 957 3458 »
993 3407 1098 3462 Ubi
1122 3406 1779 3475 obiterobservandum,
1802 3421 1871 3461 eo
1889 3406 2015 3476 ipso

370 3515 531 3554 nono
553 3498 768 3554 saeculo
791 3498 941 3553 hanc
966 3495 1276 3568 Polycarpi
1296 3494 1611 3567 epistolam
1624 3511 1758 3550 cum
1781 3495 1883 3550 illa
1894 3495 2017 3551 Cle-

370 3588 590 3643 mentis
603 3587 676 3643 ad
691 3586 1028 3641 Corinthios
1049 3584 1231 3640 fuisse
1263 3584 1642 3655 conjunctam
1673 3584 1775 3651 (ita
1802 3600 2017 3656 nempe

372 3674 698 3745 Photiusﬁv
731 3670 1039 3746 τῷαύτῷὃέ
1062 3667 1392 3747 βιϐλιδαρίῳ
1420 3671 2017 3745 ἀνεγνώσθη,ἰηβοάεηι

371 3766 552 3822 libello
565 3765 865 3836 legebatur)
899 3781 913 3831 ;
930 3763 1141 3819 iisdem
1174 3762 1448 3819 laudibus
1461 3764 1713 3819 aPhotio
1726 3763 1908 3819 fuisse
1921 3781 2015 3819 or-

366 3856 864 3923 natam;eamdem
888 3855 1049 3910 enim
1071 3854 2012 3926 perspicuitatem,simplicitatem

370 3952 428 4001 et
451 3944 917 4000 ecclesiasticum
941 3944 1346 3999 characterem
1378 3945 1614 4015 utrique
1639 3943 1845 3998 tribuit
1868 3961 1882 4011 ;
1905 3944 2015 3999 ob-

358 4035 653 4107 jectiones
693 4034 925 4106 aliquas
978 4031 1260 4088 adversus
1291 4032 1459 4088 illam
1515 4032 1836 4088 Clementis
1875 4039 2015 4089 tunc

364 4123 550 4178 fuisse
563 4122 1058 4192 factas,adversus
1070 4121 1226 4177 hanc
1243 4121 1548 4193 Polycarpi
1572 4121 2012 4177 nullas.Eodem

370 4230 491 4269 ωγο
522 4211 843 4279 Usuardus,
879 4217 938 4267 et
954 4210 1079 4267 Ado
1115 4210 1463 4266 Viennensis
1509 4211 1570 4265 in
1601 4211 2011 4284 Martyrologio

365 4318 436 4356 xv
454 4301 821 4356 KalJanuar.
860 4317 873 4354 :
903 4322 930 4349 «
953 4299 1172 4354 Natalis
1194 4300 1503 4355 beatorum
1530 4305 1857 4371 martyrum
1880 4302 2011 4357 Ruﬁ

371 4394 432 4443 et
461 4389 700 4455 Zosimi,
734 4389 807 4444 de
839 4405 1092 4458 quorum
1140 4398 1326 4460 agone
1356 4389 1516 4444 felici
1564 4389 1619 4444 S.
1654 4390 2012 4462 Polycarpus

373 4477 627 4549 epistola
682 4477 758 4532 ad
795 4477 1212 4548 Philippenses
1260 4478 1487 4534 scribit.
1536 4500 1563 4527 η
1604 4480 1742 4533 Post
1768 4479 1875 4534 hos
1906 4481 2007 4550 Sy-

2123 3324 2269 3390 mul,
2305 3325 2529 3396 absque
2558 3325 2680 3381 ulla
2736 3325 2984 3392 ratione,
3019 3325 3378 3380 dubitemus.

2196 3423 2308 3478 Sed
2339 3439 2408 3478 ex
2440 3424 2567 3494 ipsa
2598 3423 2870 3495 epistola,
2903 3438 3081 3492 quam
3112 3439 3234 3494 praa
3283 3423 3558 3478 manibus
3588 3422 3779 3478 habeo

2124 3512 2631 3584 mus,disputat,et
2649 3512 2840 3584 primo
2864 3514 2922 3565 in
2954 3528 3038 3578 ea,
3074 3512 3288 3583 inquit,
3321 3528 3442 3582 quae
3473 3514 3787 3568 testimoni-

2121 3618 2215 3657 um
2240 3606 2510 3656 nostrum
2536 3623 2563 3651 «
2584 3600 3091 3672 prmcedunt,utin
3109 3601 3590 3656 decentissimam
3612 3601 3784 3657 clau-

2123 3691 2333 3755 sulam,
2368 3691 2677 3746 desinebat
2709 3690 2957 3761 epistola
2986 3707 2998 3744 :
3025 3690 3257 3761 reliqua
3288 3696 3489 3746 autem
3521 3692 3782 3748 minime

2123 3781 2440 3844 cohaerent,
2476 3786 2652 3849 atque
2685 3778 2817 3833 ideo
2836 3779 3230 3851 expungenda
3246 3784 3403 3834 sunt.
3433 3804 3462 3832 ν
3490 3782 3785 3836 Verume—

2121 3869 2384 3923 nimvero
2405 3868 2561 3922 unde
2588 3867 2673 3922 illi
2696 3874 2903 3922 notum
2928 3873 3017 3922 est
3034 3867 3343 3940 Polycarpi
3367 3867 3679 3940 epistolam
3714 3868 3783 3923 in

2121 3977 2191 4015 ea
2206 3960 2383 4015 verba
2403 3959 2649 4014 desiisse
2672 3958 2700 4014 τ
2719 3976 2795 4014 an
2815 3975 2943 4013 eam
2966 3975 3231 4031 unquam
3263 3960 3487 4015 audivit
3504 3960 3564 4013 in
3589 3960 3779 4015 totius

2121 4051 2267 4105 Asiae
2298 4048 2819 4104 conventulectam
2841 4048 2869 4102 τί
2889 4065 2965 4102 an
2997 4065 3259 4119 unquam
3292 4049 3437 4104 vidit
3454 4047 3771 4121 Polycarpi

2122 4136 2429 4210 epistolam
2478 4136 2569 4190 vel
2611 4138 2807 4191 Graece
2854 4136 2944 4190 vel
2992 4137 3213 4203 Latine,
3246 4137 3334 4192 vel
3373 4153 3507 4205 ms.,
3541 4137 3627 4192 vel
3655 4138 3773 4192 im-

2119 4242 2543 4299 pressam,quaa
2569 4225 2631 4279 in
2659 4241 2729 4279 ea
2752 4224 2930 4279 verba
2959 4224 3260 4281 desineret
3286 4225 3314 4280 ‘2
3347 4226 3594 4281 minime
3625 4242 3776 4296 gen-

2119 4318 2268 4372 tium
2304 4315 2455 4381 Quid
2485 4315 2664 4387 igitur
2689 4315 2717 4368 ‘I
2741 4313 2969 4369 Judicio
3027 4314 3075 4368 Ι.
3138 4314 3339 4370 Dallazi
3400 4331 3472 4370 ea
3500 4314 3776 4371 clausula

2120 4416 2245 4464 erat
2283 4407 2741 4472 decentissima;
2775 4422 2958 4475 quare
2992 4423 3114 4462 non
3164 4406 3371 4463 debuit
3409 4406 3776 4479 Polycarpus

2118 4498 2291 4570 plura
2321 4496 2538 4551 addere
2567 4513 2579 4549 :
2603 4496 2859 4567 igiturin
2884 4510 2953 4549 ea
2966 4495 3143 4550 verba
3173 4496 3776 4567 desinebatepistola-

370 4582 545 4621 meon
574 4565 1017 4658 Metapbrastes,
1049 4568 1329 4620 Actorum
1361 4565 2011 4638 S.Ignatiianonymus.

2132 4565 2322 4658 Neque
2344 4586 2506 4639 enim
2536 4565 2868 4655 putandum
2898 4588 2988 4638 est
3015 4585 3407 4655 Polycarpum
3430 4565 3604 4655 plura
3625 4587 3773 4640 scri-

371 4655 602 4724 Suidas,
625 4654 803 4708 verbo
834 4648 1216 4725 Πολύκαρπος⁹
1247 4655 1520 4727 Ἕγραψεν
1553 4652 1848 4721 ἐπιστολὴν
1878 4655 2015 4727 πρὸς

369 4739 785 4809 Φιλιππησίους
816 4740 951 4794 πάνυ
982 4742 1318 4812 Θαυμαστήν.
1363 4763 1391 4793 α
1416 4742 1660 4813 Scripsit
1702 4744 2015 4814 epistolam

368 4833 444 4889 ad
476 4831 892 4903 Philippenses
916 4847 1160 4902 prorsus
1189 4830 1887 4896 admirandam.):Quibus
1908 4834 2011 4889 ad-

367 4920 548 4977 deudi
583 4920 866 4991 Georgius
882 4919 1624 4991 Pachymerius,Honorius
1648 4923 2018 4993 Augustodu-

366 5010 656 5078 nensis,et
673 5008 1040 5080 Nicephorus
1052 5007 1454 5079 Callistus.qui
1478 5009 2018 5081 postNicephorum

370 5097 1099 5170 Constantinopolitanum
1120 5096 1277 5151 idem
1332 5096 1406 5151 de
1432 5096 1485 5150 S.
1519 5096 1826 5170 Polycarpi
1861 5103 2018 5173 epis-

374 5189 496 5244 tola
516 5204 650 5243 cum
676 5188 770 5253 iis,
802 5187 903 5259 qui
926 5192 1063 5242 ante
1084 5186 1303 5252 vixere,
1337 5185 1732 5257 protulerunt.

442 5296 658 5350 Verum
692 5294 782 5349 hic
814 5293 1107 5363 Nicephori
1131 5293 1472 5363 patriarcha
1508 5292 1777 5363 primarii
1804 5295 1877 5352 de
1907 5298 2019 5354 hac

368 5382 622 5453 epistola
668 5383 951 5451 judicium
1008 5381 1343 5435 Hammondi
1393 5384 1675 5438 sententiae
1728 5389 2016 5455 praeferre,

363 5471 770 5541 nulla,inquit,
793 5469 1016 5526 invidia
1045 5476 1140 5525 est.
1164 5472 1239 5525 At
1270 5486 1390 5524 non
1422 5470 1518 5525 hic
1535 5470 1608 5527 de
1643 5472 1881 5540 invidia,
1916 5477 2018 5532 sed

365 5559 438 5615 de
462 5564 703 5631 recepta
727 5559 784 5613 S.
809 5559 1116 5631 Polycarpi
1141 5559 1492 5615 auctoritate
1519 5561 1826 5631 quaeritur.
1852 5565 2023 5621 Ham-

365 5648 657 5704 mondum
687 5665 823 5704 cum
858 5648 1188 5721 Nicephoro
1218 5664 1340 5704 non
1373 5664 1787 5719 comparamus
1816 5653 2023 5710 :Nice—

2124 4678 2263 4732 bere
2294 4675 2574 4742 voluisse,
2607 4689 2782 4744 quam
2802 4673 3176 4743 permitteret
3204 4673 3458 4729 Dallmus
3484 4674 3496 4728 l
3521 4675 3691 4730 Certe
3725 4676 3776 4730 si

2123 4766 2235 4821 hac
2270 4765 2392 4837 lege
2426 4764 2483 4817 in
2518 4761 2779 4833 epistolis
2828 4762 3125 4817 veteribus
3183 4762 3268 4816 uti
3330 4762 3528 4830 liceat,
3562 4780 3778 4819 omnes

2124 4872 2274 4927 pene
2307 4852 2606 4919 clausulae,
2632 4867 2761 4922 qua:
2794 4866 2956 4905 nunc
2987 4856 3240 4913 exstant.
3273 4857 3447 4907 erunt
3476 4852 3645 4907 nobis
3677 4869 3777 4907 ex-

2124 4943 2476 5016 pungendaa.
2512 4943 2714 4995 Nonne
2745 4958 2950 4996 versus
3011 4940 3253 4997 ultimus
3285 4942 3496 5013 capitis
3553 4942 3774 4999 decimi

2128 5033 2319 5105 quinti
2348 5030 2625 5102 Epistolaa
2651 5030 2726 5084 ad
2756 5032 3053 5086 Romanos
3079 5049 3091 5085 :
3129 5032 3264 5087 Deus
3294 5039 3476 5087 autem
3518 5035 3676 5102 pacis
3705 5035 3779 5089 sit

2128 5139 2247 5177 cum
2279 5120 2533 5175 omnibus
2590 5118 2761 5184 vobis,
2812 5118 3001 5186 Amen,
3034 5118 3459 5175 decentissima
3509 5120 3780 5176 clausula

2129 5217 2237 5279 est,
2267 5214 2455 5264 totum
2489 5205 2667 5277 igitur
2694 5212 2872 5277 caput
2909 5207 3206 5265 decimum
3237 5214 3471 5264 sextum
3504 5210 3618 5264 erit
3646 5226 3778 5266 era-

2129 5297 2410 5353 dendum.
2454 5296 2657 5348 Nonne
2690 5310 2894 5349 versus
2924 5296 3171 5352 ultimus
3204 5298 3363 5353 tertii
3395 5297 3609 5370 capitis
3640 5300 3778 5370 Epi-

2129 5386 2292 5443 stolas
2322 5383 2393 5440 ad
2447 5383 2771 5453 Ephesios:
2800 5386 2916 5453 Ipsi
2973 5386 3158 5453 gloria
3213 5389 3274 5441 in
3318 5385 3584 5453 Ecclesia,
3631 5391 3776 5441 etin

2131 5476 2345 5532 Christo
2365 5475 2510 5537 Iesu,
2554 5473 2611 5524 in
2639 5487 2824 5529 omnes
2879 5475 3260 5541 generationes
3298 5473 3490 5530 seculi
3543 5477 3775 5530 saculo-

2129 5581 2273 5630 rum,
2307 5563 2501 5627 Amen,
2525 5560 2948 5618 decentissima
2970 5562 3234 5618 clausula
3264 5568 3354 5617 est
3381 5562 3410 5616 τ
3465 5565 3554 5616 An
3598 5563 3783 5634 igitur

2131 5652 2248 5708 tria
2273 5651 2506 5721 reliqua
2536 5650 2732 5719 capita
2761 5667 2868 5721 pro
2899 5651 3117 5707 assutis
3140 5655 3279 5707 sunt
3309 5649 3626 5707 habenda?
3645 5652 3787 5711 Cle-
