3990 6136
192 378 278 435 Hi
938 384 995 444 J.
1046 384 1465 447 PEARSUNII
1512 382 1883 445 νΙΝὶὶῐέῖΙίΕ
1929 384 2413 449 Ι(ὶ’”’·<.-ΧΤ[ΑΝίΕ.
2465 422 2540 433 -—-
2586 387 2782 448 PARS
2828 391 2877 448 Ι.

3518 388 3634 449 14-2

200 510 337 566 αὐτοῦ
395 516 563 585 quod
627 519 843 574 certius
894 523 1236 590 agnoveritis
1287 523 1596 591 signiﬁcate
1616 540 1636 587 ;
1693 520 1868 576 verba
1902 526 1951 592 Α
2054 524 2243 594 Atque
2277 522 2402 578 hmo
2429 523 2499 579 de
2535 524 2685 592 ﬁde;
2720 540 2880 580 nunc
2911 525 2983 580 de
3016 525 3067 579 vi
3100 525 3424 581 testimonii
3455 540 3637 598 agen-

210 603 383 660 Photii
415 611 611 661 sunt:
647 606 899 663 Αἱτεῖται
960 606 1391 684 ἀναδιδαχθῆναι
1439 610 1565 685 παρ’
1609 607 1784 664 αἰτῶν
1833 607 1883 663 s'.’

216 694 398 770 22mg).
430 691 651 751 ἑκείνου
687 694 1062 771 ὃεακοῦσαιεν,
1088 707 1233 773 petit
1271 709 1332 758 ut
1381 702 1449 757 ab
1505 703 1637 773 ipsis
1680 703 1881 757 certior

221 790 324 856 ﬁat,
352 788 396 842 si
423 787 569 858 quid
598 788 672 844 de
704 790 808 845 illo
835 792 1241 847 inaudiverint.
1275 791 1472 846 Primo
1523 796 1722 847 autem
1776 806 1876 845 au-

225 877 334 932 dire
364 882 651 948 poterant
670 879 1099 953 Philippenses
1127 880 1354 952 aliquid
1387 880 1460 935 de
1491 880 1716 953 Ignatio
1730 880 1878 947 vivo,

227 965 367 1037 quod
381 966 754 1041 Polycarpus
784 969 860 1025 ab
884 970 1008 1027 illis
1023 971 1103 1026 sci
1113 987 1173 1026 re
1196 974 1438 1043 cuperet
1455 969 1550 1025 illo
1577 969 1876 1026 defuncto.

228 1057 495 1127 lgnatius.
528 1064 599 1113 ut
632 1060 909 1115 referunt
939 1060 1100 1116 illius
1156 1065 1307 1129 acta,
1348 1076 1455 1131 per
1500 1059 1879 1129 Philippenses

221 1151 577 1217 per-transivit
633 1151 1024 1205 Macedoniam
1071 1151 1268 1222 pedes;
1322 1166 1357 1205 a
1395 1148 1878 1221 Philippensibus

223 1236 377 1293 missi
419 1244 565 1294 sunt
593 1240 783 1312 aliqui
817 1242 923 1312 qui
950 1257 1106 1310 eum,
1128 1240 1373 1296 honoris
1402 1244 1461 1295 et.
1485 1238 1877 1313 refrigeratio-

219 1327 300 1382 nis
326 1344 535 1393 causa,
562 1328 626 1383 in
647 1330 868 1386 itinere
898 1329 1452 1402 deducerent.quod
1472 1329 1620 1384 mihi
1645 1328 1879 1384 videtur

215 1416 576 1490 Polycarpus
608 1418 672 1474 in
701 1419 879 1475 initio
910 1419 1176 1490 epistolae
1208 1420 1501 1489 innuisse,
1535 1417 1627 1473 his
1648 1418 1874 1474 verbis:

210 1506 524 1577 Δεξαμὲνοις
594 1506 663 1560 τὰ
716 1508 1021 1581 μιμήματα
1062 1514 1163 1576 τῆς
1212 1505 1455 1578 ἀληθοῦς
1500 1505 1737 1582 ἀγάπης,
1786 1521 1876 1577 καὶ

208 1590 624 1669 προπέμψας-ιν,
660 1595 737 1657 ὡς
787 1591 1052 1652 ἐπέϐαλεν
1101 1597 1249 1670 ὑμῖν,
1304 1595 1432 1658 τοὺς
1476 1593 1878 1669 γένειλημένους

206 1688 313 1745 τοῖς
345 1685 722 1759 ἁγιοπρεπὲσι
753 1682 1002 1759 δεσμοῖς,
1036 1704 1168 1760 qum
1228 1686 1473 1759 quidem
1522 1686 1697 1744 verba
1740 1704 1875 1744 cum

207 1790 307 1830 nec
336 1780 509 1831 recte
533 1775 783 1849 legeret,
807 1793 921 1833 nec
951 1777 1197 1833 omnino
1220 1776 1579 1849 intelligeret
1605 1781 1770 1833 vetus
1792 1777 1876 1833 in-

208 1869 547 1974 terpresﬁta
570 1870 881 1926 transtulit
908 1887 921 1925 :
948 1893 976 1921 α
1001 1871 1341 1944 Suscipieus
1362 1870 1679 1927 imitabilia
1698 1871 1873 1926 verba
1903 1908 1950 1974 Β

207 1958 572 2027 dilectionis,
607 1978 789 2032 quam
823 1963 1169 2019 ostendistis
1196 1963 1257 2017 in
1284 1962 1426 2030 illis,
1458 1963 1557 2034 qui
1578 1962 1869 2035 praemissi

208 2056 338 2103 sunt
361 2050 508 2106 viris
535 2052 763 2106 sanctis
786 2052 1090 2108 decorosis
1108 2051 1359 2109 vinculis
1392 2053 1677 2108 connexis
1712 2072 1759 2107 ι.
1784 2052 1872 2107 Ita

204 2134 320 2205 ille,
353 2134 656 2211 δεξάμενος
705 2158 811 2213 pro
872 2137 1178 2214 δεξαμένοις
1226 2140 1453 2214 legens,
1509 2147 1686 2213 atque
1734 2139 1868 2195 ideo

204 2225 430 2299 reliqua
462 2231 676 2286 omnia
706 2231 991 2286 aliorsum
1016 2232 1287 2287 trahens:
1315 2236 1379 2287 tu
1397 2235 1588 2287 vertas
1614 2246 1627 2285 :
1651 2231 1871 2302 Conga—

206 2316 351 2371 risus
380 2335 521 2374 sum
552 2319 743 2389 vobis,
776 2344 803 2369 ‹‹
839 2321 944 2393 qui
978 2337 1125 2376 verte
1157 2321 1467 2377 charitatis
1510 2320 1872 2393 exemplaria

206 2408 609 2479 excepistis,et
622 2409 1048 2475 deduxistis,ut
1062 2416 1249 2466 vestro
1268 2409 1465 2466 ofﬁcio
1482 2410 1872 2465 conveniebat

206 2497 501 2554 involutos
531 2496 811 2565 vinculis,
846 2514 978 2569 qua:
1011 2500 1231 2554 sanctis
1262 2503 1615 2554 ornamento
1648 2500 1785 2554 sunt
1816 2519 1866 2554 ››.

210 2588 534 2643 Halloixius
566 2585 643 2647 ὡς
673 2580 937 2642 ἐπέϐαλεν
981 2587 1130 2661 ὑμῖν,
1164 2588 1439 2659 redeidit,
1475 2596 1538 2644 ut
1570 2589 1720 2645 vobis
1768 2589 1867 2643 Do-

210 2683 384 2736 minus
416 2681 756 2750 inspiravit;
799 2696 907 2753 ego
938 2680 1156 2752 potius,
1188 2687 1249 2736 ut
1277 2688 1455 2736 vestro
1481 2683 1660 2750 ofﬁcio
1686 2696 1873 2735 conve-

210 2769 420 2836 niebat,
454 2769 599 2839 quia
626 2768 754 2823 hmc
785 2767 976 2823 multo
1028 2768 1393 2841 simpliciora
1439 2773 1596 2838 sunt,
1656 2774 1716 2823 et
1760 2768 1872 2823 hoc

213 2873 402 2911 sensu
421 2857 573 2912 bene
608 2856 1223 2914 Graeca.Deducebant
1251 2857 1430 2932 igitur
1449 2874 1519 2913 ex
1540 2856 1874 2930 Philippen-

214 2945 387 3001 sibus
414 2946 594 3017 aliqui
628 2947 924 3019 lgnatium
945 2948 1307 3020 comitesque
1329 2963 1435 3020 per
1448 2946 1871 3014 Macedoniam,

207 3036 363 3093 forte
390 3038 573 3093 etiam
604 3054 797 3109 usque
827 3037 1203 3109 Epidamum,
1236 3037 1397 3094 unde
1442 3038 1870 3110 pseudo-Igna-

204 3128 341 3196 tius,
378 3127 472 3183 vel
505 3128 708 3200 potius
739 3128 960 3199 aliquis
992 3128 1166 3196 alius,
1198 3128 1301 3201 qui
1332 3128 1575 3183 titulum
1608 3126 1873 3199 epistola:

201 3216 274 3271 ad
304 3216 732 3288 Philippenses
762 3217 1041 3288 praeﬁxit,
1076 3218 1355 3290 scriptam
1398 3232 1528 3273 eam
1585 3216 1770 3272 voluit
1799 3215 1872 3271 ab

1991 611 2131 667 dum
2166 618 2274 668 est:
2305 613 2535 669 Asserit
2554 613 2842 670 Eusebius
2864 614 2969 670 has
2991 614 3151 687 ipsas
3174 614 3474 686 epistolas,
3492 630 3640 685 quas

1989 701 2387 770 defendimus,
2419 703 2604 760 fuisse
2634 721 2669 759 a
2696 703 3021 775 Polycarpo
3067 709 3446 759 memoratas.
3480 702 3578 756 Καὶ
3610 701 3638 756 ὁ

1993 791 2353 865 ΗοΑὖκαρπος
2383 789 2437 846 δὲ
2466 793 2674 848 causam
2722 792 2897 848 αὐτῶν
2943 791 3214 866 μέμνηται
3262 790 3315 847 ἐν
3359 797 3428 867 τῇ
3478 812 3637 869 φερο-

1992 880 2126 954 μὲνῃ
2156 881 2320 936 αὐτοῦ
2352 883 2487 958 πρὸς
2521 882 2936 955 Φιλιππησίους
2957 881 3245 958 ἐπιστολῇ.
3275 906 3303 937 α
3328 884 3442 941 Sed
3463 889 3522 940 et
3538 886 3642 940 Po-

1988 970 2261 1045 lycarpus
2282 973 2342 1028 in
2366 990 2473 1030 sua
2498 973 2574 1029 ad
2593 973 3008 1046 Philippenses
3030 973 3637 1046 epistolaearumdem

1987 1062 2265 1117 meminit
2295 1062 2680 1134 epistolarum
2709 1088 2754 1119 ιι.
2781 1064 2947 1129 Quod
2974 1064 3259 1119 Eusebius
3278 1064 3512 1132 asserit,
3536 1080 3639 1119 no-

1989 1151 2093 1206 stri
2127 1152 2349 1223 pariter
2373 1153 2707 1220 afﬁrmant;
2732 1153 2983 1209 Dallmus
3013 1158 3207 1225 negat.
3237 1153 3477 1209 Fatetur
3504 1153 3641 1224 qui-

1988 1239 2122 1296 dem
2159 1241 2359 1297 testari
2392 1259 2563 1314 posse
2594 1242 3006 1314 Polycarpum.
3056 1243 3289 1314 aliquas
3330 1242 3638 1314 scripsisse

1988 1330 2266 1401 epistolas
2297 1332 2611 1404 lgnatium,
2636 1333 2744 1388 has
2763 1339 2963 1388 autem
2991 1349 3090 1388 eas
3121 1332 3303 1388 fuisse
3324 1338 3526 1405 negat;
3555 1332 3638 1387 si-

1985 1420 2159 1476 miles
2189 1420 2390 1492 aliqua
2418 1438 2481 1476 re
2512 1421 2694 1477 fuisse
2722 1421 2983 1494 largitur,
3021 1421 3258 1478 easdem
3289 1422 3470 1478 fuisse
3500 1438 3641 1493 per-

1987 1514 2181 1582 negat.
2209 1511 2518 1567 Rationem
2543 1511 2874 1583 negationis
2895 1511 3132 1568 uuicam
3165 1512 3356 1581 adert,
3389 1510 3548 1583 quod
3575 1511 3639 1567 id

1986 1598 2288 1656 clarissime
2308 1607 2362 1656 et
2389 1600 2762 1670 multifariam
2790 1619 2825 1656 a
2850 1617 2906 1657 se
2935 1603 3113 1671 fuerit
3141 1601 3637 1671 demonstratum,

1985 1688 2060 1746 ob
2090 1705 2304 1762 nempe
2363 1689 2885 1746 Valentinianorum
2934 1690 3117 1766 σιγήν,
3170 1696 3223 1747 et
3269 1691 3640 1763 Patripassia-

1984 1796 2179 1836 norum
2209 1783 2459 1850 heresin,
2502 1779 2840 1852 similiaque
2881 1796 3005 1851 quae
3050 1781 3174 1850 ﬁeri
3219 1796 3330 1836 non
3361 1787 3548 1852 potest
3576 1786 3638 1836 ut

1984 1872 2232 1943 cpistola:
2260 1887 2381 1927 rere
2410 1871 2477 1927 ab
2524 1873 2747 1942 Ignatio
2793 1873 3019 1942 scriptae
3065 1870 3381 1928 habuerint.
3427 1872 3514 1927 Ita
3561 1870 3634 1927 ab

1981 1966 2329 2033 argumento
2360 1979 2393 2018 a
2422 1960 2780 2017 testimoniis
2811 1959 3018 2033 petito,
3054 1959 3127 2017 ad
3168 1959 3320 2016 illud
3361 1960 3519 2032 quod
3564 1976 3637 2016 ex

1978 2051 2229 2106 materia
2250 2051 2447 2123 operis
2479 2050 2812 2119 deducitur,
2834 2049 3157 2106 desultorie
3178 2050 3478 2119 transit,et
3497 2066 3628 2107 cum

1980 2145 2222 2197 externo
2255 2145 2603 2214 argumento
2635 2141 2948 2213 premitur,
2982 2140 3055 2197 ad
3088 2141 3392 2197 internum
3423 2141 3633 2197 confu—

1979 2231 2079 2304 git.
2112 2230 2328 2287 Dicunt
2358 2232 2544 2288 nostri
2577 2231 2969 2303 Polycarpum
3012 2230 3214 2286 testari
3247 2231 3301 2287 S.
3335 2231 3629 2304 lgnatium

1978 2323 2085 2378 has
2118 2322 2397 2393 epistolas
2448 2322 2756 2395 scripsisse
2784 2339 2797 2389 ;
2833 2320 3174 2393 respondet,
3206 2323 3344 2393 ipsa?
3383 2321 3629 2377 (uaden-

1981 2410 2184 2466 tissime
2213 2418 2435 2482 negant.
2469 2412 2708 2466 Frustra
2738 2410 2982 2467 omnino
3018 2415 3077 2464 et
3123 2409 3297 2465 dictis
3328 2424 3506 2467 causa
3536 2426 3629 2466 re-

1978 2500 2256 2556 fellendis
2288 2506 2628 2557 nostrorum
2651 2500 3017 2573 argumentis
3036 2516 3069 2555 a
3096 2504 3358 2557 veterum
3381 2499 3639 2557 auctori-

1979 2598 2099 2649 tate
2130 2592 2381 2666 sumptis
2414 2592 2733 2659 insudavit,
2768 2592 2815 2647 si
2848 2592 3081 2663 quoties
3113 2607 3182 2648 ea
3203 2592 3636 2655 aﬂ‘eruntur,ad

1980 2682 2125 2738 tales
2152 2681 2691 2738 demonstrationes
2741 2686 3047 2748 recurrat;
3100 2697 3234 2735 cum
3288 2697 3409 2737 una
3457 2696 3641 2752 opera

1979 2771 2176 2844 potius
2207 2771 2409 2827 omnia
2438 2770 2754 2843 repudiare
2785 2769 3079 2826 debuerit.
3115 2768 3228 2826 Sed
3254 2786 3363 2825 nos
3393 2769 3639 2826 demon-

1980 2860 2299 2917 strationes
2329 2861 2459 2934 ejus
2488 2876 2698 2915 omnes
2730 2874 2877 2931 quas
2906 2859 3128 2931 ubique
3158 2858 3464 2931 praedicat,
3495 2875 3637 2932 pro-

1981 2952 2141 3007 xima
2162 2950 2723 3018 dissertatione,hoc
2739 2953 2965 3016 est,suo
2989 2948 3139 3018 loco,
3159 2948 3634 3021 objectiunculas

1982 3048 2213 3099 tantum
2244 3040 2540 3110 infirmas,
2586 3039 3038 3112 levissimasque
3085 3040 3458 3112 conjecturas
3506 3055 3634 3097 esse

1982 3130 2548 3199 demonstrabimus,
2583 3133 2760 3201 atque
2794 3129 3033 3185 interim
3075 3130 3186 3185 hoc
3229 3130 3427 3202 ipsum
3473 3130 3642 3203 Poly-

1983 3222 2141 3293 carpi
2171 3219 2578 3275 testimonium
2625 3217 3033 3286 defendemus,
3078 3224 3138 3274 et
3182 3224 3351 3275 extra
3398 3236 3638 3276 omnem

202 3283 568 3377 Epidamno.
602 3306 672 3359 Hi
702 3283 883 3378 igitur
911 3283 1216 3379 Philippos
1257 3306 1329 3363 ab
1383 3306 1608 3379 lgnatio
1651 3306 1871 3362 reversi
1912 3283 1954 3348 Ο
1983 3283 2474 3366 οοιίῐτᾶἀὶείίοηίδ
2503 3308 2695 3365 aleam
2726 3283 3039 3380 ponemus.

199 3396 394 3451 multa
424 3396 561 3452 sine
592 3395 775 3451 dubio
807 3396 879 3451 de
912 3396 1039 3468 ipso
1068 3397 1413 3466 narrabant,
1448 3397 1635 3453 multa
1657 3397 1728 3452 de
1770 3412 1868 3451 co.

198 3486 474 3551 mitibus,
509 3502 646 3556 qua:
677 3484 733 3541 S.
766 3485 1158 3559 Polycarpum
1190 3487 1261 3542 ab
1314 3487 1460 3559 ipsis
1508 3486 1721 3542 audire
1771 3503 1871 3541 vo-

197 3575 409 3643 luisse,
446 3575 636 3630 etiam
666 3580 801 3646 post
846 3577 1198 3647 martyrium
1244 3576 1300 3632 S.
1351 3575 1583 3648 Ignatii,
1625 3593 1733 3647 par
1782 3581 1873 3630 est

195 3665 465 3721 credere.
496 3663 774 3720 Secundo
807 3664 1014 3721 audire
1042 3671 1319 3737 poterant
1341 3663 1870 3737 Philippensesali-

158 3756 332 3827 ‘quid
364 3754 445 3810 de
477 3755 711 3827 Ignatio
742 3761 999 3823 mortuo,
1032 3772 1153 3811 non
1186 3756 1388 3811 minus
1421 3771 1600 3826 quam
1622 3755 1747 3809 vivo
1775 3771 1787 3808 :
1814 3758 1872 3810 et

194 3844 569 3918 Polycarpus
599 3846 727 3900 sine
758 3844 939 3902 dubio
975 3846 1124 3901 scire
1158 3846 1343 3919 magis
1375 3845 1583 3901 avebat
1633 3861 1764 3917 qua;
1796 3843 1871 3900 ad

198 3942 490 4003 mortem,
525 3950 707 4006 quam
730 3951 861 4006 qua:
894 3935 969 3992 ad
990 3935 1447 4008 vinculalgnatii
1470 3934 1866 4006 pertinebant;

194 4042 376 4095 quam
410 4024 704 4097 praeclare
737 4041 798 4080 se
838 4025 900 4080 in
941 4026 1067 4097 ipso
1092 4026 1374 4098 martyrio
1396 4024 1665 4098 gesserit,
1688 4040 1871 4096 quan-

192 4122 317 4171 tum
352 4117 658 4171 honorem
692 4113 1043 4171 Christianm
1082 4115 1356 4188 religioni
1404 4114 1691 4181 attulerit,
1727 4113 1871 4185 quid

193 4207 453 4261 comites
485 4206 544 4260 ei
578 4205 642 4260 in
675 4210 794 4259 tam
821 4204 1112 4277 praecipiti
1142 4205 1411 4276 periculo
1462 4203 1869 4277 przestiterint,

198 4297 345 4367 quid
374 4296 545 4367 passi
582 4294 725 4360 sint,
758 4299 862 4349 aut
888 4294 1160 4362 fecerint,
1193 4312 1270 4350 an
1304 4293 1374 4350 de
1419 4293 1689 4365 reliquiis
1719 4294 1869 4349 tanti

204 4386 493 4457 martyris
515 4382 748 4455 aliquid
778 4385 1270 4440 conservaverint.
1296 4385 1422 4440 Non
1455 4383 1616 4439 enim
1641 4387 1871 4439 tantum

204 4471 278 4526 de
309 4471 570 4544 lgnatio,
602 4469 708 4526 sed
734 4471 915 4527 etiam
971 4464 1045 4527 de
1087 4472 1335 4527 Philone
1388 4476 1447 4527 et
1488 4472 1871 4545 Agathopode

211 4563 537 4617 comitibus
561 4562 692 4634 ejus
721 4563 954 4632 quierit.
983 4563 1379 4635 Potuitigitur
1398 4561 1760 4635 Polycarpus
1789 4563 1875 4618 in-

2055 3402 2187 3466 Has,
2218 3400 2435 3470 inquit,
2488 3399 2764 3469 scripsisse
2812 3397 3105 3470 Ignatium
3144 3413 3254 3453 non
3310 3399 3447 3455 dicit
3491 3398 3640 3456 locus

1984 3490 2243 3559 objectus.
2279 3487 2429 3554 Quid
2463 3487 2687 3560 igitur?
2707 3503 2783 3542 an
2807 3486 3008 3541 minus
3040 3485 3323 3542 idoneum
3354 3493 3444 3543 est
3471 3488 3641 3544 testi-

1987 3578 2277 3645 monium,
2304 3583 2406 3633 aut
2437 3593 2504 3632 eo
2533 3577 2775 3631 nomine
2806 3576 3007 3631 statim
3030 3576 3467 3648 rejiciendum?
3495 3577 3635 3643 Quis

1984 3685 2248 3739 unquam
2282 3672 2548 3723 veterum
2580 3667 2730 3722 dixit
2759 3682 2861 3721 eos
2886 3665 3094 3735 libros,
3145 3682 3294 3737 quos
3336 3682 3495 3722 nunc
3528 3666 3634 3722 ha-

1983 3759 2216 3826 bemus,
2258 3757 2441 3813 fuisse
2475 3756 2547 3811 ab
2597 3756 2711 3811 illis
2760 3755 3029 3828 scriptos,
3088 3755 3303 3827 quibus
3347 3755 3476 3828 jam
3533 3756 3637 3812 tri-

1984 3847 2251 3903 buuntur
2272 3846 2299 3900 ‘2
2330 3848 2410 3901 Au
2443 3862 2644 3901 eorum
2680 3845 2995 3917 quisquam
3027 3844 3172 3901 vidit
3202 3850 3406 3900 nostra
3436 3860 3638 3902 exem-

1984 3932 2219 4007 plaria?
2250 3949 2326 3988 an
2360 3933 2509 3988 scire
2538 3931 2660 3988 ullo
2702 3932 2876 3988 modo
2932 3933 3143 4004 potuit,
3189 3931 3332 4003 quid
3376 3949 3485 3988 nos
3528 3933 3640 3990 hac

1984 4029 2155 4079 tetate
2186 4022 2565 4093 legeremus?
2597 4021 2654 4076 Si
2687 4022 2770 4077 sic
2801 4021 3049 4077 criticen
3075 4038 3348 4077 exercere
3382 4021 3635 4094 placeat,

1981 4116 2258 4171 universa
2279 4120 2543 4169 veterum
2557 4112 2899 4168 testimonia
2914 4112 3213 4168 incassum
3231 4111 3402 4167 libris
3415 4112 3635 4169 nostris

1982 4206 2293 4261 doctorum
2326 4203 2582 4258 virorum
2613 4201 2909 4258 industria
2938 4200 3190 4273 praeﬁxit
3217 4217 3230 4257 :
3264 4218 3397 4274 qua
3432 4202 3632 4274 potius

1983 4294 2043 4349 in
2072 4300 2379 4366 posterum
2411 4290 2711 4347 eradenda
2739 4290 3050 4359 videntur;
3083 4291 3132 4346 si
3165 4291 3326 4347 enim
3372 4292 3500 4348 hac
3529 4292 3634 4348 ob-

1982 4382 2233 4440 servatio
2265 4381 2551 4445 obtineat,
2580 4379 2753 4435 nihili
2796 4385 2936 4436 sunt
2984 4381 3205 4437 omnia.
3259 4380 3450 4437 Verba
3497 4387 3639 4438 sunt

1982 4458 2186 4529 Dallmi
2213 4488 2225 4526 :
2263 4493 2289 4523 ς(
2321 4469 2487 4536 Quod
2510 4470 2670 4526 enim
2694 4469 2883 4539 aiunt,
2907 4470 3209 4543 Ignatiana
3232 4470 3391 4543 apud
3410 4477 3637 4529 veteres

1982 4563 2049 4618 ab
2076 4560 2230 4617 omni
2267 4576 2381 4615 ευυο
2412 4560 2617 4614 Patres
2638 4560 2774 4627 pari
2804 4575 2940 4615 cum
2989 4559 3310 4616 Clementis
3362 4565 3424 4617 et
3464 4561 3637 4634 Poly-

214 4651 386 4706 cendi
419 4651 622 4707 studio
653 4650 935 4708 audiendi
970 4651 1197 4723 aliquid
1218 4653 1290 4709 de
1316 4652 1535 4725 Ignatio
1550 4651 1698 4722 vivo,
1716 4651 1874 4723 quod
1904 4662 1953 4725 D
1983 4651 2145 4724 carpi
2178 4649 2445 4723 epistolis
2483 4651 2788 4705 reverentia
2834 4665 3045 4721 semper
3092 4650 3297 4718 fuisse,
3349 4649 3410 4705 id
3451 4651 3639 4707 miror

218 4741 481 4797 nondum
512 4741 841 4809 audiverat,
876 4741 1017 4797 licet
1046 4758 1180 4798 eum
1203 4743 1331 4815 jam
1364 4742 1710 4801 defunctum
1742 4759 1871 4799 esse

212 4816 332 4885 non
351 4831 659 4887 dubitaret
678 4850 691 4897 ;
709 4831 906 4904 potuit
924 4831 1172 4887 aviditas
1195 4849 1331 4887 eum
1351 4838 1553 4888 tenere
1575 4832 1778 4903 aliqua
1801 4832 1870 4888 de

224 4917 345 4986 ipso
372 4924 611 4974 mortuo
641 4919 904 4991 vivisque
956 4919 1272 4975 comitibus
1306 4920 1698 4993 intelligendi,
1743 4937 1873 4993 qum

227 5005 383 5073 prius
410 5007 485 5063 ad
550 5007 968 5080 Philippenses
1024 5010 1085 5062 in
1141 5010 1503 5080 Macedonia,
1563 5025 1742 5081 quam
1800 5009 1875 5066 ad

226 5093 610 5166 Smyrnenses
642 5098 704 5152 in
733 5098 873 5153 Asia
903 5099 1212 5171 pervenire
1243 5104 1509 5172 possent.
1558 5100 1688 5154 Non
1738 5105 1879 5155 sunt

230 5181 396 5254 igitur
427 5187 553 5241 haec
585 5186 659 5242 de
689 5187 899 5243 eadem
933 5203 997 5243 re
1029 5186 1427 5255 dissentanea,
1463 5188 1630 5245 nulla
1674 5189 1735 5244 in
1782 5188 1877 5243 his

230 5272 406 5329 verbis
434 5276 829 5332 contrarietas
881 5283 987 5333 aut
1033 5278 1446 5351 repugnantia.
1497 5280 1685 5344 Quare
1734 5279 1877 5334 satis

232 5365 529 5421 manifesto
562 5383 673 5422 nos
724 5374 1059 5423 extremam
1107 5367 1457 5439 particulam
1505 5385 1537 5423 a
1582 5368 1877 5424 mendacii

226 5454 458 5511 crimine
491 5456 924 5525 liberavimus;
960 5472 1095 5512 eum
1128 5464 1348 5529 autem,
1379 5459 1479 5530 qui
1505 5462 1625 5513 tam
1658 5457 1878 5514 diserte

218 5546 585 5602 testimonium
626 5546 941 5619 Polycarpi
992 5547 1285 5605 mendacio
1335 5550 1663 5619 inspersum,
1724 5553 1774 5603 et
1806 5548 1880 5603 lo.

212 5646 321 5687 cum
354 5637 569 5707 insigni
598 5636 891 5691 mendacio
922 5634 1221 5705 deformem
1251 5635 1525 5704 dixit,alii
1550 5634 1651 5705 qui
1677 5634 1883 5691 volunt

206 5728 259 5776 et
286 5732 566 5797 possunt,
610 5723 895 5782 liberant.

1980 4744 2052 4798 iis
2083 4740 2375 4798 excidisse
2406 4740 2507 4811 qui
2540 4740 2722 4811 probe
2754 4738 2971 4807 sciunt,
2997 4746 3314 4812 utramque
3337 4741 3491 4798 hanc
3518 4740 3639 4813 epis

1981 4830 2194 4889 stolam
2214 4830 2287 4886 ab
2304 4831 2528 4885 Irenaeo
2544 4829 2768 4902 magnis
2781 4828 3056 4886 laudibus
3071 4830 3419 4886 celebratam
3431 4830 3638 4898 fuisse,

1984 4927 2041 4976 et
2070 4918 2502 4976 Clementinam
2536 4918 2775 4991 proprie
2806 4934 2840 4973 a
2870 4918 3149 4990 Dionysio
3173 4918 3476 4973 Corinthio
3505 4917 3638 4974 lau-

1982 5011 2182 5067 datam
2208 5031 2257 5066 ››.
2291 5007 2403 5063 Sed
2434 5023 2617 5079 quare
2651 5008 2904 5063 miretur
2926 5023 3044 5063 non
3074 5006 3264 5074 video,
3298 5022 3431 5062 eum
3456 5005 3639 5077 probe

1985 5100 2153 5167 sciat,
2176 5115 2288 5153 nec
2311 5097 2366 5152 S.
2394 5098 2685 5152 Irenaeum
2710 5097 2863 5152 hanc
2893 5095 3222 5167 Polycarpi,
3256 5094 3638 5151 autClemen-

1987 5191 2083 5249 tis,
2114 5205 2223 5242 nec
2258 5185 2605 5257 Dionysium
2637 5185 2790 5240 hanc
2821 5186 2875 5239 S.
2912 5184 3231 5241 Clementis
3249 5184 3485 5256 proprie
3514 5183 3640 5241 lau-

1987 5280 2178 5335 dasse.
2212 5277 2267 5331 S.
2301 5274 2509 5329 lrenaei
2540 5274 2717 5330 verba
2747 5280 2922 5330 sunt:
2950 5297 2977 5325 ‹‹
3017 5274 3133 5330 Sub
3165 5275 3277 5330 hoc
3307 5275 3487 5347 igitur
3517 5277 3641 5333 Cle-

1987 5359 2585 5430 mente,dissensione
2599 5376 2717 5413 non
2738 5359 2962 5415 modica
2979 5359 3134 5415 inter
3145 5376 3247 5416 eos
3260 5361 3361 5431 qui
3378 5364 3642 5419 Corinthi

1989 5459 2190 5511 essent
2210 5452 2421 5506 fratres
2446 5447 2617 5516 t'acta,
2645 5448 2884 5520 scripsit
2903 5465 3034 5520 quae
3057 5454 3148 5504 est
3164 5450 3363 5507 Romaa
3383 5453 3645 5510 Ecclesia

1986 5541 2433 5619 potentissimas
2463 5539 2692 5596 litteras
2723 5539 3046 5595 Corinthiis
3077 5564 3123 5594 υ.
3156 5543 3284 5599 Non
3317 5543 3463 5601 dicit
3491 5547 3646 5605 hanc

1988 5633 2320 5708 epistolam,
2377 5646 2555 5700 quam
2606 5647 2765 5687 nunc
2821 5629 3132 5699 habemus,
3187 5633 3262 5689 ad
3310 5636 3645 5694 Corinthios

1988 5733 2129 5781 tunc
2155 5721 2335 5778 fuisse
2367 5720 2686 5791 scriptam:
2722 5738 2842 5777 non
2874 5720 3136 5777 afﬁrmat
3156 5722 3329 5790 hanc,
3355 5741 3429 5780 ne
3460 5725 3645 5782 ullam
