3990 6136
429 391 545 449 143

1470 384 1534 445 S.
1583 386 1983 448 IGNATIUS.
2030 419 2105 431 ——
2151 384 2769 448 PROLEGOMENA.

3706 395 3812 453 1H

435 525 677 596 quidem
706 540 742 579 a
770 524 1072 579 Clemente
1104 523 1285 579 fuisse
1310 526 1627 576 exaratam.
1662 523 1741 575 De
1770 521 2077 592 Polycarpi
2108 529 2159 591 Α
2195 522 2475 593 probatus
2507 524 2602 587 sit,
2636 530 2700 578 ut
2731 522 3134 590 Antiochense,
3169 522 3229 577 id
3259 527 3350 578 est
3398 525 3657 580 omnium
3697 545 3817 598 qua;

436 614 707 685 epistola,
741 614 868 669 haec
890 613 1070 669 habet
1097 629 1109 667 :
1145 634 1172 661 «
1201 613 1300 667 Est
1319 616 1518 667 autem
1546 615 1603 664 et
1632 610 1880 682 epistola
1910 610 2084 682 Poly-

433 704 594 773 carpi
626 703 699 758 ad
728 703 1138 773 Philippenses
1170 701 1390 772 scripta
1413 699 1859 771 perfectissima.
1878 716 1945 753 ex
1969 715 2087 769 qua

432 792 836 848 characterem
871 792 1003 847 ﬁdei
1039 791 1189 861 ejus,
1210 796 1268 845 et
1297 790 1781 861 praedicationem
1799 790 2081 854 veritatis,

433 882 535 952 qui
567 882 791 949 volunt,
826 887 884 935 et
915 897 1119 935 curam
1151 880 1372 934 habent
1402 897 1523 934 sua)
1554 879 1781 941 salutis,
1835 883 2084 950 possunt

433 971 659 1026 discere
676 972 857 1024 ».Non
875 969 970 1024 affi
981 975 1131 1024 rmat
1144 968 1415 1023 eamdem
1430 968 1739 1039 epistolam
1755 982 1884 1023 eam
1902 966 2081 1022 fuisse

433 1077 563 1131 qua)
595 1076 717 1114 nun
751 1064 956 1125 exstat,
998 1058 1117 1112 imo
1169 1058 1401 1112 nullum
1451 1058 1853 1111 characterem
1908 1055 2085 1109 tradit

432 1149 572 1204 huic
599 1147 977 1220 peculiarem.
1003 1149 1082 1202 De
1108 1147 1424 1202 Clementis
1466 1145 1717 1216 epistola
1770 1145 2083 1215 Dionysius

430 1236 873 1292 Corinthiorum
898 1235 1310 1307 episcopus,ad
1336 1237 1597 1289 Soterem
1620 1236 1817 1288 Romae
1850 1235 2081 1303 episco-

431 1342 575 1396 pum
595 1326 720 1380 haec
742 1325 947 1381 scribit
977 1342 1035 1391 ;«
1064 1324 1248 1379 Hodie
1266 1340 1502 1381 sacrum
1521 1322 1679 1377 diem
1706 1322 2081 1377 Dominicum

430 1415 852 1487 transegimus,
886 1416 948 1469 in
981 1431 1097 1485 quo
1144 1412 1450 1484 epistolam
1496 1418 1753 1466 vestram
1806 1410 2080 1482 legimus,

431 1520 610 1574 quam
624 1502 865 1575 quidem
878 1508 1164 1574 perpetuo
1181 1500 1459 1570 deinceps
1474 1500 1737 1572 legentes
1754 1500 2001 1571 perinde
2015 1516 2082 1555 ac

431 1593 692 1664 priorem
725 1592 890 1647 illam
923 1591 1095 1647 nobis
1126 1608 1160 1646 a
1191 1585 1491 1645 Clemente
1523 1590 1804 1661 scriptam
1858 1590 2080 1660 episto-

430 1682 573 1750 lam,
606 1682 846 1753 optimis
878 1681 1188 1752 praaceptis
1219 1696 1287 1734 ac
1330 1679 1701 1734 documentis
1751 1678 2078 1733 abundabi-

432 1788 566 1827 mus
586 1771 841 1827 ».Tradit
869 1771 1109 1842 quidem
1132 1775 1189 1823 et
1217 1768 1317 1823 ille
1350 1768 1657 1840 epistolam
1695 1768 2014 1837 quamdam
2048 1782 2082 1821 a

434 1860 732 1915 Clemente
776 1860 849 1915 ad
897 1859 1231 1914 Corinthios
1258 1859 1537 1930 scriptam
1564 1858 1769 1922 fuisse,
1805 1863 1858 1912 et
1890 1857 1947 1911 in
1982 1858 2080 1911 Ec-

438 1949 616 2005 clesia
648 1949 863 2004 lectam
890 1966 902 2003 :
937 1966 1055 2003 non
1087 1947 1229 2002 dicit
1261 1948 1434 2015 hanc,
1464 1963 1640 2018 quam
1662 1947 1871 2002 Junius
1895 1963 1961 2000 ex
1988 1963 2087 2001 co-

436 2039 564 2095 dice
598 2039 772 2111 Begio
803 2039 1138 2109 descripsit,
1172 2054 1302 2094 eam
1337 2038 1513 2093 fuisse
1542 2055 1554 2092 ε
1590 2038 1706 2092 imo
1741 2022 1934 2107 qualis
1984 2036 2087 2090 illa

437 2128 618 2183 fuerit
648 2144 824 2198 quam
866 2126 1153 2182 Corinthii
1201 2126 1497 2199 legebant,
1547 2125 1710 2181 nullo
1754 2126 1932 2182 modo
1984 2125 2087 2180 de-

436 2217 646 2288 pingit,
669 2221 737 2272 ut
761 2221 1023 2272 nostram
1046 2216 1121 2271 ad
1142 2215 1298 2271 illius
1320 2216 1723 2271 characterem
1742 2215 2085 2271 examinare

436 2323 767 2376 possemus.
803 2308 872 2361 Et
904 2312 1100 2361 tamen
1141 2306 1267 2361 haec
1297 2305 1507 2360 Irenaai
1532 2310 1589 2360 et
1618 2305 1882 2376 Dionysii
1918 2306 2083 2359 testi-

434 2398 637 2452 monia
666 2397 740 2453 ad
770 2397 1202 2452 Clementinam
1234 2396 1545 2468 epistolam
1578 2394 2083 2451 statuminandam

428 2501 705 2558 magnam
737 2487 853 2541 vim
886 2486 1104 2542 habere
1136 2486 1362 2552 volunt,
1398 2486 1709 2558 Polycarpi
1741 2493 1938 2541 autem
1969 2486 2085 2540 suf-

426 2573 677 2646 fragium
738 2580 795 2629 et
852 2575 1040 2631 multo
1090 2574 1397 2646 antiquius
1457 2579 1634 2645 atque
1684 2574 1964 2629 disertius
2009 2573 2083 2628 ad

426 2663 636 2735 lgnatii
668 2663 950 2733 epistolas
982 2663 1421 2719 conﬁrmandas
1454 2663 1626 2734 plane
1660 2663 1908 2718 nullam.

498 2770 632 2824 Haac
663 2786 799 2824 cum
831 2770 1007 2825 unica
1037 2771 1114 2825 sit
1172 2770 1450 2841 objectio,
1502 2787 1633 2841 qua)
1680 2770 1914 2842 prOprie
1961 2771 2079 2824 vim

424 2859 752 2914 testimonii
786 2865 1033 2931 spectat,
1069 2865 1285 2931 praeter
1315 2859 1624 2915 silentium
1650 2860 1886 2924 Irensei,
1920 2858 2079 2929 quod

424 2949 695 3021 proximo
742 2950 934 3020 capite
988 2949 1451 3004 examinandum
1512 2955 1641 3015 est;
1701 2966 1955 3019 cumque
2010 2965 2079 3004 ea

424 3044 545 3093 tam
578 3038 782 3108 iniqua
812 3054 880 3092 ac
910 3038 1050 3092 levis
1081 3039 1176 3104 sit,
1210 3044 1273 3091 ut
1303 3054 1509 3093 omnes
1544 3038 1772 3105 vident;
1809 3044 2080 3110 superest

425 3133 491 3181 ut
520 3126 927 3196 Polycarpiani
961 3128 1223 3198 suffragii
1275 3128 1459 3181 robur
1500 3127 1678 3182 latius
1728 3128 2074 3199 explicetur,

426 3217 812 3286 omniumque
844 3216 1033 3272 oculis
1065 3217 1283 3272 clarius
1312 3223 1656 3288 exponatur.
1683 3217 1881 3271 Primn
1914 3218 2074 3273 enim

2118 1898 2160 1962 Β

2195 611 2350 681 apud
2383 618 2587 684 gentes
2620 620 2790 668 erant
2839 613 3234 668 Ecclesiarum
3275 614 3713 683 antiquissima.
3753 618 3820 673 ad

2195 700 2342 765 haec,
2375 701 2449 755 ob
2480 702 2734 756 civitatis
2782 703 2842 756 in
2890 702 3104 757 sarculo
3163 702 3609 772 amplitudinem
3657 712 3818 775 atque

2193 792 2623 859 prazstantiam,
2660 792 3067 857 nobilissimae,
3102 792 3324 863 praefici
3357 795 3651 849 meruerit.
3682 795 3815 858 Quid

2194 880 2324 950 ejus
2348 886 2644 951 postremo
2679 882 3028 952 martyrium
3060 881 3275 950 dicam,
3327 899 3442 952 quo
3483 900 3653 953 opere
3685 884 3817 938 nihil

2191 984 2457 1039 unquam
2490 972 2645 1040 apud
2678 977 2910 1026 nostros
2944 971 3330 1027 excellentius
3360 977 3462 1027 aut
3503 974 3819 1043 praeclarius

2194 1057 2463 1114 habitum
2494 1060 2676 1114 fuisse
2707 1062 2929 1115 scimus
2953 1061 2980 1116 ?
3011 1062 3195 1132 Hujus
3226 1078 3363 1129 ergo
3395 1062 3543 1116 tanti
3593 1079 3653 1116 ac
3698 1064 3818 1118 talis

2192 1148 2322 1215 viri,
2346 1148 2406 1203 in
2441 1166 2555 1220 quo
2582 1168 2815 1205 summa
2844 1152 3045 1206 omnia
3075 1157 3264 1217 erant,
3296 1152 3344 1205 si
3388 1151 3515 1206 alia;
3562 1152 3816 1217 fuissent,

2194 1255 2371 1309 quam
2404 1255 2535 1310 quae
2566 1257 2725 1296 nunc
2757 1241 3257 1296 circumferuntur
3279 1242 3562 1313 epistolis,
3595 1243 3815 1312 easjam

2192 1326 2264 1381 ab
2278 1327 2396 1381 illis
2415 1324 3157 1399 temporibus,sazculisque
3172 1329 3438 1401 proxime
3453 1329 3814 1399 sequentibus

2192 1425 2610 1481 celeberrimas
2642 1427 2822 1482 fuisse
2854 1445 3096 1483 necesse
3128 1435 3238 1495 est,
3273 1433 3331 1482 et
3381 1434 3515 1499 post
3541 1426 3818 1497 apostolo-

2191 1531 2321 1569 rum
2358 1515 2620 1586 ipsorum
2653 1522 2711 1571 et
2739 1516 3059 1571 Clementis
3114 1517 3163 1571 si
3202 1516 3353 1570 forte
3404 1516 3619 1587 scripta
3664 1516 3815 1586 longe

2193 1604 2616 1660 nobilissimas.
2650 1605 2762 1660 Sed
2819 1622 2919 1661 eas
2967 1611 3184 1677 praeter
3228 1607 3488 1661 auctoris
3538 1606 3816 1671 meritum,

2193 1693 2387 1764 ipsum
2419 1695 2662 1766 insuper
2689 1700 2944 1766 tempus,
2991 1712 3106 1766 quo
3160 1696 3311 1750 data}
3357 1711 3486 1750 esse
3542 1695 3815 1760 dicuntur,

2194 1800 2367 1853 supra
2392 1784 2632 1840 modum
2662 1785 2977 1841 nobilitare
3001 1785 3225 1841 debuit.
3256 1786 3459 1840 lnnuit
3482 1786 3635 1840 enim
3666 1784 3818 1855 Poly-

2194 1889 2407 1944 carpus
2424 1875 2497 1929 ab
2522 1875 2748 1946 Ignatio
2782 1875 2840 1929 in
2862 1875 3178 1946 supremis,
3203 1876 3261 1929 in
3296 1876 3562 1947 martyrii
3586 1873 3817 1929 medita-

2194 1963 2376 2031 tione,
2409 1981 2477 2017 eo
2504 1965 2631 2035 ipso
2664 1970 2930 2035 tempore
2976 1965 3222 2035 scriptas
3270 1965 3475 2030 fuisse,
3525 1980 3635 2035 quo
3676 1962 3818 2016 edita

2192 2053 2519 2107 Antiochia;
2551 2054 2706 2125 apud
2756 2055 3071 2125 Trajanum
3126 2053 3577 2123 praeclarissima
3621 2051 3814 2107 Christi

2193 2143 2585 2210 confessione,
2621 2145 2907 2216 principis
2939 2161 3038 2199 ore
3097 2144 3169 2199 ad
3224 2144 3447 2200 bestias
3507 2144 3816 2223 damnatus,

2192 2234 2438 2287 Romam
2470 2233 2545 2288 ad
2577 2239 2828 2289 mortem
2852 2251 2958 2306 pro
2994 2233 3238 2288 Domino
3290 2232 3678 2304 cppetendam
3722 2230 3816 2285 ab—

2192 2319 2539 2378 ducebatur.
2574 2323 2717 2377 Cum
2750 2322 2929 2394 igitur
2969 2322 3280 2377 charorum
3335 2323 3555 2394 pietate
3601 2334 3819 2392 praeser'

2191 2410 2294 2464 tim
2327 2427 2394 2465 ac
2426 2411 2638 2466 virtute
2684 2411 3093 2482 praestantium
3145 2412 3410 2467 virorum
3460 2412 3520 2467 iu
3551 2408 3819 2481 supremis

2191 2500 2379 2556 editas
2411 2518 2580 2556 voces
2612 2517 2817 2573 magaa
2869 2519 3011 2557 cura
3060 2503 3353 2573 eecipere,
3406 2517 3654 2564 servare,
3683 2496 3817 2553 cele-

2188 2589 2360 2645 brare
2386 2591 2807 2661 memoriaque
2830 2597 3201 2663 posterorum
3222 2591 3509 2646 mandare
3524 2589 3812 2649 soleamus,

2189 2696 2305 2749 quo
2338 2678 2533 2734 studio
2565 2698 2597 2734 a
2629 2681 2767 2735 viris
2797 2680 2915 2735 illis
2947 2685 3049 2736 aut
3080 2681 3353 2736 ecclesiis
3403 2685 3666 2750 exceptas
3705 2689 3813 2730 esse

2190 2784 2296 2838 par
2325 2774 2416 2822 est
2445 2768 2803 2824 sanctissimi
2838 2769 3113 2840 martyris
3145 2769 3217 2824 ad
3272 2786 3335 2825 se
3387 2771 3448 2824 in
3482 2770 3626 2840 ipsa,
3659 2772 3719 2821 ut
3744 2764 3815 2819 sic

2187 2855 2401 2921 dicam,
2438 2874 2619 2912 arena
2639 2857 2888 2928 scriptas
2908 2858 3281 2929 litteras,quo
3315 2859 3647 2913 animorum
3670 2859 3814 2910 motu

2186 2946 2483 3014 recitatas,
2519 2963 2635 3016 qua
2664 2946 2953 3002 charitate
2983 2964 3117 3002 cum
3138 2948 3644 3019 snis,quacunque
3666 2942 3815 2999 Chri-

2185 3035 2259 3089 sti
2318 3051 2538 3089 nomen
2597 3035 2920 3104 colebatur,
2976 3036 3256 3091 fratribus
3315 3028 3813 3092 communicatas?

2184 3125 2492 3181 Summum
2524 3126 2911 3182 ecclesiarum
2944 3127 3005 3181 in
3048 3127 3191 3182 istas
3223 3128 3510 3199 epistolas
3549 3138 3809 3188 amorem,

2184 3230 2477 3270 summam
2509 3215 2980 3285 colligendarum
3032 3222 3090 3271 et
3135 3218 3560 3274 servandarum
3591 3221 3647 3269 et
3673 3209 3809 3283 apud

424 3305 783 3376 Polycarpus
817 3323 935 3360 non
966 3310 1195 3361 tantum
1226 3312 1478 3361 testatur
1507 3308 1814 3378 scripsisse
1843 3306 2075 3377 aliquas
2107 3276 2150 3337 C
2184 3303 2396 3358 fratres
2427 3303 3010 3360 disseminandarum
3033 3318 3684 3375 curam,summumque
3703 3307 3813 3356 stu-

424 3393 705 3465 epistolas
736 3396 1048 3466 Ignatium,
1079 3396 1181 3450 sed
1231 3396 1524 3468 significat
1571 3396 1894 3469 συναγωγὴν
1945 3396 2073 3467 epi—

423 3485 710 3541 stolarum
734 3486 863 3557 ejus
889 3492 1029 3542 tunc
1053 3487 1338 3557 temporis
1362 3488 1627 3557 Smyrnae
1652 3504 1712 3541 se
1736 3505 1855 3558 pra:
1888 3488 2073 3541 mani-

422 3573 533 3629 bus
564 3575 843 3630 habuisse
872 3593 885 3641 ;
919 3575 1261 3630 earumdem
1297 3576 1600 3647 exemplar
1639 3576 1905 3646 epistola)
1951 3593 2071 3633 suae

419 3667 619 3735 (quam
652 3664 888 3721 aliunde
925 3666 986 3720 in
1019 3665 1284 3719 ecclesiis
1307 3665 1581 3720 Asiaticis
1602 3664 1837 3736 publice
1858 3665 2069 3722 lectam

417 3753 662 3824 scimus)
697 3770 757 3809 se
790 3754 1109 3825 subjecisse
1140 3754 1335 3821 tradit,
1365 3760 1422 3809 et
1452 3755 1929 3825 Philippensibus
1957 3756 2069 3810 mi-

420 3841 590 3909 sisse,
623 3841 802 3913 idque
831 3843 1097 3914 ipsorum
1130 3849 1371 3915 rogatu;
1407 3844 1610 3914 quanti
1646 3860 1743 3899 eas
1765 3844 1890 3914 ipse
1921 3844 2072 3899 uasti-

418 3937 611 3987 maret
640 3933 897 4002 optimus
921 3931 1106 4002 judex
1138 3931 1417 3997 ostendit,
1446 3947 1660 4001 easque
1680 3931 2070 4002 Philippensi-

417 4022 530 4078 bus
560 4021 909 4078 utilissimas
940 4023 1063 4078 fore
1097 4025 1431 4093 profitetur,
1482 4028 1540 4076 et
1584 4022 1783 4089 fidem,
1834 4023 2065 4092 patien-

418 4113 583 4178 tiam,
618 4128 975 4182 omnemque
1009 4112 1463 4167 aedificationem
1495 4109 1569 4166 ad
1588 4110 1901 4166 Dominum
1935 4128 2068 4182 per-

413 4210 705 4264 tinentem
729 4210 1033 4264 continere
1064 4210 1342 4265 afﬁrmat.
1373 4209 1503 4264 Hasc
1527 4208 1597 4264 de
1622 4208 1887 4280 epistolis
1918 4226 2063 4280 quas

414 4297 539 4367 ipse
574 4297 808 4370 collegit
837 4304 895 4353 et
923 4299 1078 4370 apud
1112 4316 1173 4353 se
1204 4299 1411 4354 habuit
1440 4315 1572 4353 cum
1612 4304 1859 4353 testetur
1888 4299 2064 4371 Poly-

415 4401 651 4455 carpus,
684 4387 923 4442 easdem
946 4388 1192 4442 omnino
1220 4405 1354 4443 eum
1380 4388 1924 4459 intellexisse,quas
1955 4406 2064 4443 nos

413 4473 723 4543 habemus,
771 4491 919 4546 quas
962 4481 1101 4531 ante
1149 4492 1255 4531 nos
1314 4476 1621 4544 Eusebius,
1683 4478 2061 4544 Athanasius,

412 4562 834 4631 Theodoretus,
862 4563 1082 4635 aliique
1114 4564 1473 4631 habuerunt,
1529 4571 1588 4620 et
1637 4566 1953 4635 contendo,
2005 4572 2063 4621 et

2184 3392 2347 3447 dium
2382 3393 2562 3449 fuisse
2595 3394 2737 3449 satis
2770 3400 3020 3450 testatur
3052 3396 3105 3449 S.
3169 3395 3554 3467 Polycarpus,
3586 3394 3637 3448 S.
3667 3393 3813 3446 Joan-

2182 3484 2275 3538 nis
2305 3484 2555 3553 apostoli
2588 3484 2811 3554 pariter
2841 3484 3194 3555 discipulus,
3225 3487 3330 3555 qui
3366 3487 3441 3541 ab
3473 3502 3540 3541 eo
3570 3484 3809 3553 Smyrna:

2180 3581 2496 3651 episcopus
2551 3580 2880 3646 ordinatus,
2935 3582 3113 3636 totius
3164 3582 3321 3636 Asiaa
3371 3583 3658 3654 princeps,
3707 3572 3803 3646 ipsi

2176 3670 2403 3737 lgnatio
2434 3670 2745 3726 familiaris
2774 3671 2905 3737 fuit,
2940 3671 3041 3741 qui
3068 3671 3241 3727 docet
3270 3689 3335 3728 se
3368 3690 3404 3729 a
3433 3665 3808 3743 Philippensi-

2176 3758 2287 3813 bus
2320 3766 2585 3830 rogatum
2619 3777 2824 3815 omnes
2856 3761 3064 3832 lgnatii
3095 3762 3404 3832 epistolas,
3445 3770 3805 3833 quascunque

2177 3848 2333 3919 apud
2367 3865 2428 3903 se
2456 3849 3279 3922 haberet,collegisse,easque
3306 3853 3382 3908 ad
3410 3854 3568 3922 ipsos
3590 3849 3678 3903 his
3698 3843 3807 3900 suis

2176 3937 2391 3993 litteris
2423 3937 2719 4008 subjectas
2748 3940 3001 3993 mittere.
3038 3942 3119 3994 Ex
3169 3941 3259 3994 his
3293 3942 3440 3996 satis
3488 3955 3641 3994 nunc
3686 3950 3807 3990 con-

2176 4033 2293 4083 stat
2322 4027 2452 4083 illas
2483 4028 2764 4098 epistolas
2793 4045 2941 4099 quas
2973 4030 3209 4100 scripsit
3236 4029 3668 4101 lgnatius.quas
3697 4021 3804 4079 col-

2173 4117 2317 4190 legit
2346 4122 2404 4172 et
2435 4116 2619 4172 edidit
2646 4118 3025 4189 Polycarpus,
3061 4135 3180 4174 non
3210 4121 3479 4189 potuisse
3532 4133 3647 4173 non
3692 4127 3806 4168 esse

2172 4206 2356 4273 illius,
2389 4213 2447 4260 et
2477 4206 2762 4277 proximae
2794 4207 3077 4280 deinceps
3106 4209 3416 4264 memoria:
3456 4202 3807 4266 Christianis,

2172 4297 2505 4367 praesertim
2528 4311 2661 4351 vero
2685 4295 2960 4351 litteratis
2986 4303 3045 4351 et
3075 4297 3347 4363 eruditis,
3383 4299 3431 4353 si
3462 4297 3562 4368 qui
3598 4295 3803 4355 essent,

2172 4386 2535 4441 notissimas.
2568 4384 2718 4440 Puid
2750 4385 2909 4455 quod
2940 4387 3065 4441 hzec
3104 4389 3233 4458 ipsa
3264 4388 3321 4443 S.
3358 4383 3661 4458 Polycarpi
3691 4378 3801 4450 epi-

2170 4475 2341 4541 stola,
2375 4491 2493 4545 qua
2521 4475 2824 4546 Ignatiana
2857 4482 3159 4547 tantopere
3183 4477 3680 4547 praedicabantur,
3713 4484 3805 4541 per

2171 4564 2282 4619 tria
2314 4566 2541 4637 integra
2567 4564 2785 4620 saecula
2809 4566 2870 4619 in
2901 4572 3192 4622 conventu
3218 4568 3374 4622 Asiaa
3399 4566 3631 4639 publice
3660 4562 3800 4631 lege-

413 4657 613 4723 aperte
645 4650 1011 4723 ﬁrmiterque
1043 4652 1246 4723 probo.
1281 4659 1397 4707 Aut
1457 4654 1616 4708 enim
1651 4654 1763 4709 illa:
1797 4655 2063 4726 epistola;
2097 4641 2139 4705 D
2172 4660 2354 4721 retur,
2388 4670 2505 4723 qua
2564 4671 2797 4710 summa
2841 4671 3043 4710 eorum
3106 4655 3335 4712 utilitas
3387 4653 3800 4713 iuculcabatur,

413 4758 559 4811 quas
576 4740 894 4812 publicavit
917 4741 1296 4813 Polycarpus,
1315 4742 1404 4796 hac
1427 4742 1565 4813 ipsas
1588 4749 1744 4801 sunt.
1781 4761 1929 4814 quas
1951 4762 2059 4800 no-

412 4831 517 4887 stri
551 4830 899 4897 defendunt,
934 4837 1035 4885 aut
1062 4830 1305 4885 fuerunt
1334 4832 1465 4886 alia;
1499 4839 1557 4886 et
1584 4831 1655 4887 ab
1680 4833 1770 4887 his
1791 4833 2055 4888 diversas.

410 4920 526 4977 Sed
552 4920 704 4986 alias,
726 4920 872 4977 etab
902 4921 992 4976 his
1023 4921 1266 4975 diversa:
1299 4938 1420 4975 non
1450 4921 1708 4977 fuerunt.
1742 4923 2057 4993 Reliquum

406 5011 589 5084 igitur
617 5016 708 5065 est
735 5015 795 5065 ut
830 5011 919 5066 hae
953 5010 1093 5082 ipsm
1116 5010 1356 5065 fuerint.
1382 5010 1673 5082 Epistolas
1695 5017 1892 5066 autem
1912 5026 2057 5082 quas

406 5102 729 5173 publicavit
758 5102 1143 5174 Polycarpus,
1175 5118 1293 5157 non
1324 5102 1505 5156 fuisse
1546 5101 1713 5166 alias,
1748 5107 1807 5156 et
1835 5101 1907 5157 ab
1939 5103 2052 5171 his,

406 5208 552 5262 quas
583 5209 742 5248 nunc
774 5192 1082 5259 habemus,
1116 5190 1395 5255 diversas,
1429 5191 1511 5244 sic
1541 5190 1788 5245 ostendo
1825 5208 1838 5245 :

477 5282 531 5336 S.
570 5282 883 5354 lgnatium,
917 5281 1014 5351 qui
1050 5281 1250 5351 paucis
1283 5286 1410 5351 post
1445 5281 1498 5335 S.
1531 5279 1770 5334 Joannis
1802 5281 2052 5352 apostoli

403 5374 655 5425 mortem
687 5370 861 5425 annis
900 5370 1251 5441 martyrium
1301 5371 1498 5425 Roma:
1548 5368 1704 5431 fecit,
1753 5371 2053 5439 apostolos

401 5457 597 5527 ipsum
620 5459 999 5524 audivisse,et
1019 5475 1091 5514 ex
1123 5458 1215 5512 his
1245 5458 1583 5530 purissimis
1612 5458 2049 5513 Christianismi

397 5547 667 5602 fontibus
710 5548 1037 5604 doctrinam
1092 5565 1261 5605 suam
1311 5548 1579 5603 hausisse
1628 5553 1879 5603 constat.
1930 5548 2051 5602 Huc

400 5636 631 5692 accedit
662 5638 880 5693 eximia
904 5638 1010 5692 viri
1043 5637 1316 5710 dignitas,
1345 5636 1443 5707 qui
1477 5653 1598 5692 non
1622 5636 1797 5693 modo
1820 5642 2052 5709 aposto-

402 5726 598 5784 lorum
630 5727 979 5801 discipulus,
1027 5728 1130 5784 sed
1171 5744 1376 5783 eorum
1425 5727 1669 5798 insuper
1705 5727 1936 5798 judicio
1966 5728 2050 5783 sic

2167 4745 2473 4814 animique
2504 4745 2814 4799 hominum
2838 4746 3192 4816 scriptorum
3217 4746 3397 4802 fidem
3425 4742 3803 4815 antiquam,et
3868 4764 3877 4771 -

2168 4832 2537 4902 patientiam.
2570 4836 2630 4887 et
2656 4832 3110 4888 aediﬁcationem
3130 4835 3568 4890 continentium
3594 4826 3802 4900 cupidi;

2166 4926 2285 4975 tate
2313 4926 2596 4992 perpetuo
2636 4921 3132 4977 accendebantur.
3194 4924 3251 4979 Si
3305 4923 3490 4996 igitur
3536 4922 3649 4977 alia
3692 4923 3800 4971 eta

2165 5018 2370 5066 nostra
2426 5010 2657 5065 diversa
2711 5010 2822 5065 fuit
2880 5010 3185 5082 Polycarpi
3237 5013 3555 5085 συναγωγὴ,
3588 5011 3634 5065 si
3683 5005 3798 5062 alim

2167 5100 2428 5171 epistolae
2465 5100 2671 5171 lgnatii
2705 5099 2923 5153 fuerint
2950 5117 3095 5171 quas
3148 5101 3246 5155 ille
3279 5101 3543 5173 collegit,
3591 5106 3648 5154 et
3691 5095 3799 5150 suis

2164 5190 2382 5247 litteris
2413 5188 2867 5253 commendavit,
2903 5194 2962 5243 et
2992 5183 3801 5262 Philippensibuscommuni-

2164 5281 2335 5340 cavit.
2370 5294 2547 5349 quam
2572 5295 2675 5339 em,
2708 5294 2854 5348 quas
2879 5295 2985 5333 nos
3008 5278 3294 5335 hebemus
3319 5285 3379 5333 et
3400 5287 3539 5350 gnte
3573 5293 3677 5332 nos
3708 5274 3797 5326 ha-

2162 5371 2291 5424 buit
2319 5367 2644 5431 Eusebius;
2690 5366 2807 5421 illae
2839 5374 2996 5422 certe
3028 5373 3091 5422 ut
3124 5369 3261 5422 \iris
3290 5367 3574 5423 litteratis
3606 5358 3797 5437 prisci-

2162 5476 2277 5532 pue
2306 5464 2483 5528 atque
2524 5456 2773 5511 eruditis
2802 5456 3149 5523 notissimaa,
3183 5473 3291 5527 pxr
3336 5457 3541 5511 omnia
3573 5455 3669 5509 illa
3697 5467 3797 5505 sae-

2161 5549 2311 5611 cula,
2345 5546 2675 5618 praesertim
2709 5545 2924 5615 quibus
2954 5545 3259 5617 Polycarpi
3292 5545 3546 5616 epistola
3574 5546 3634 5599 in
3653 5539 3797 5597 Asia-

2159 5638 2293 5693 ticis
2322 5633 2592 5691 ecclesiis
2625 5649 2767 5689 sane
2800 5634 3191 5691 nobilissimis
3220 5634 3606 5706 personabat,
3636 5632 3795 5686 inno-

2159 5729 2452 5783 tescerent
2478 5727 2655 5795 atque
2671 5728 3136 5795 agnoscerentur
3156 5739 3404 5781 necesse
3427 5724 3629 5780 fuitJn
3652 5722 3803 5779 tanta
