3990 6136
186 334 271 393 ltci
997 349 1052 409 J.
1096 346 1519 410 PEARSONII
1570 347 1945 412 VlNDIGle
1988 351 2469 415 lGNA'l‘lANIE.
2516 389 2593 399 -—
2638 354 2835 416 PARS
2878 357 2927 417 Ι.

3565 356 3681 417 146

195 475 662 538 existimatione
728 497 897 539 cum
952 482 1133 555 primo
1182 482 1423 551 fuerint,
1457 488 1620 539 tanta
1661 499 1801 539 cura
1831 488 1920 539 at-
1952 490 1999 556 Α
2034 487 2456 557 Theodoretus,
2490 490 2638 547 duas
2668 490 2934 546 Gelasius
2984 491 3311 547 sententias
3340 491 3680 561 laudarunt,

205 583 291 636 que
319 570 544 625 studio
572 572 661 626 ab
730 573 1013 628 ecclesia
1058 573 1128 628 ad
1181 573 1493 629 ecclesiam
1526 574 1913 643 transmissa},

214 665 313 713 tam
330 660 598 731 publica
631 669 918 733 tamque
941 669 1219 734 perpetua
1238 666 1805 718 commemoratione
1829 681 1916 719 or-

226 757 359 806 natae
383 757 575 821 atque
600 752 979 823 posteritati
1003 752 1571 823 commendatae,non
1596 759 1917 823 potuerunt

242 843 463 896 omnino
496 841 730 910 latere,
772 849 841 898 et
875 843 1014 897 viris
1044 843 1251 909 doctis,
1277 849 1335 897 et
1364 843 1698 915 apostolicae
1733 844 1913 898 tradi-

254 934 409 987 tionis
438 933 715 986 maxime
747 932 1013 987 curiosis
1043 932 1254 1004 ignota:
1287 948 1435 987 esse.
1463 934 1538 987 At
1566 933 1613 986 si
1645 941 1914 988 omnium

254 1023 717 1077 Christianorum
773 1039 889 1093 per
940 1023 1050 1077 tria
1098 1021 1333 1089 saecula,
1366 1038 1487 1077 non
1520 1026 1753 1077 tantum
1786 1028 1919 1094 post

257 1112 602 1184 lgnatii,sed,
640 1119 704 1166 et
736 1112 1054 1183 Polycarpi
1102 1116 1377 1180 mortem,
1425 1111 1609 1166 libros
1639 1112 1918 1167 consula-

257 1219 393 1267 mus,
424 1202 656 1256 nullam
701 1201 991 1269 aliarum,
1049 1218 1227 1270 quam
1285 1217 1434 1271 quas
1465 1218 1573 1255 nos
1604 1201 1914 1271 habemus,

258 1291 447 1361 lgnatii
508 1290 913 1361 epistularum
976 1291 1341 1345 mentionem
1402 1306 1664 1360 unquam
1698 1289 1914 1345 factam

253 1381 638 1435 inveniemus.
692 1380 859 1434 Alias
918 1380 1096 1452 igitur
1152 1397 1457 1451 nunquam
1509 1381 1691 1437 fuisse
1725 1381 1917 1436 mani-

249 1470 460 1525 festum
494 1475 608 1523 est.
644 1469 877 1531 Clarus,
904 1470 969 1523 ni
1000 1469 1194 1536 fallor,
1222 1486 1421 1524 rerum
1446 1487 1652 1538 nexus,
1677 1469 1837 1525 clara
1857 1473 1915 1524 et

250 1558 665 1613 indubitabilis
695 1559 1066 1613 consecutio.

317 1649 423 1713 Qui
453 1649 729 1719 quinque
758 1648 852 1701 vel
883 1665 990 1702 sex
1022 1648 1303 1719 epistolas
1335 1666 1526 1721 nuper
1567 1650 1790 1722 lgnatio
1822 1655 1913 1705 at-

250 1739 499 1793 tributas
534 1744 826 1808 tanquam
859 1739 1096 1809 spurias
1118 1745 1173 1793 et
1195 1739 1363 1794 ﬁctas
1390 1739 1828 1811 rejiciebant,id
1850 1757 1913 1796 se

248 1828 377 1883 ideo
407 1828 631 1883 fecisse
664 1828 1121 1899 proﬁtebantur,
1156 1829 1312 1899 quod
1343 1829 1580 1884 Eusebii
1622 1835 1681 1885 et
1711 1830 1909 1885 Hiero-

246 1919 407 1989 nymi
443 1924 722 1989 tempore
774 1935 895 1972 non
938 1924 1275 1974 exstarent:
1310 1935 1379 1973 eo
1417 1926 1617 1975 autem
1648 1925 1913 1990 tempore

239 2024 358 2063 non
380 2007 694 2062 exstitisse
716 2006 855 2061 inde
879 2006 1256 2079 colligebant,
1282 2008 1439 2078 quod
1462 2025 1572 2064 nec
1602 2008 1912 2075 Eusebius,

235 2114 346 2151 nec
382 2096 794 2167 Hieronymus
825 2111 1031 2150 earum
1076 2097 1434 2161 meminerit,
1469 2114 1605 2154 cum
1633 2098 1782 2154 alias
1813 2115 1916 2154 sex

233 2191 571 2257 septemve,
598 2201 749 2255 quas
768 2184 960 2239 nostri
983 2185 1329 2253 defendunt,
1350 2186 1664 2257 diligenter
1686 2203 1916 2242 memo-

227 2280 503 2338 rassent,
529 2279 716 2343 atque
748 2273 1224 2345 descripsissent.
1252 2274 1409 2330 Hanc
1434 2291 1639 2330 eorum
1673 2280 1915 2331 senten-

233 2366 381 2420 tiam
408 2372 602 2436 atque
630 2364 927 2419 rationem
959 2368 1019 2418 et
1047 2363 1246 2420 laudat
1276 2370 1334 2421 et
1362 2364 1742 2436 amplectitur
1780 2366 1917 2421 Dal-

232 2455 402 2511 lzeus.
440 2457 596 2510 Nam
621 2455 692 2509 de
717 2455 953 2510 Usserio
978 2454 1252 2527 loquens,
1278 2457 1402 2511 haec
1436 2456 1625 2528 capite
1655 2457 1914 2512 secundo

237 2545 449 2601 scribit
467 2562 481 2598 :
501 2569 526 2593 ιι
546 2545 819 2599 Primum
838 2561 977 2616 ergo
1001 2560 1101 2599 sex
1124 2544 1257 2600 illas
1277 2545 1555 2617 epistolas
1577 2545 1651 2601 ad
1674 2546 1915 2602 Mariam

241 2634 709 2691 Cassobolitam.
735 2633 807 2688 ad
823 2633 1320 2705 Polycarpum,ad
1344 2635 1762 2698 Tarsenses,ad
1784 2639 1912 2691 An-

241 2724 583 2791 tiochenos,
611 2723 688 2777 ad
710 2723 1029 2787 Heronem.
1055 2730 1111 2777 et
1132 2724 1207 2778 ad
1225 2724 1658 2796 Philippenses,
1687 2725 1810 2789 has,
1832 2726 1917 2780 in-

239 2812 657 2885 quam,nondu
670 2829 725 2866 m
746 2813 985 2868 Eusebii
1006 2819 1064 2868 et
1083 2814 1424 2885 Hieronymi
1444 2815 1808 2887 temporibus
1826 2832 1918 2871 ex-

243 2902 462 2956 stitisse
480 2902 625 2957 inde
651 2901 1016 2956 validissime
1041 2902 1435 2973 probat,quod
1466 2904 1537 2958 de
1561 2904 1633 2958 iis
1664 2910 1915 2976 uterque

236 2991 349 3045 iste
374 2992 634 3062 scriptor
665 2990 901 3046 nullum
940 2990 1191 3047 Verbum
1223 2992 1383 3059 facit,
1409 2992 1511 3063 qui
1535 3009 1637 3048 sex
1654 2994 1797 3049 alias
1825 3012 1918 3050 su-

230 3080 505 3152 periores
526 3079 707 3135 ambo
729 3079 1209 3134 memorant.Cur
1223 3081 1383 3136 enim
1398 3082 1504 3136 has
1517 3083 1714 3153 potius
1736 3100 1913 3154 quam

2032 593 2237 632 omnes
2269 596 2339 633 ex
2371 581 2639 651 epistolis
2662 581 2901 648 nostris,
2927 598 2996 635 ex
3022 581 3137 637 alia
3164 582 3364 654 aliqua
3393 599 3467 638 ne
3498 599 3682 638 unam

2031 667 2291 736 quidem.
2327 669 2471 723 Alim
2506 670 2685 741 igitur
2710 687 2886 741 quam
2920 676 3138 726 nostras
3174 672 3380 743 lgnatii
3414 672 3680 744 epistolae

2030 771 2335 827 nunquam
2357 757 2603 813 fuerunt
2623 776 2657 814 a
2680 760 2997 831 Polycarpo
3027 761 3357 831 posteritati
3380 778 3680 816 commen-

2028 844 2178 899 datze
2235 848 2423 912 Quare
2471 866 2608 905 cum
2655 852 2727 906 ab
2776 849 2875 905 illo
2922 852 3135 922 aliquae
3166 850 3387 908 fuerint
3416 852 3680 907 collectae

2031 935 2483 1009 publicatazque,
2515 946 2582 994 ut
2613 957 2682 995 ex
2713 942 2898 1011 ipsius
2948 942 3288 996 testimonio
3318 948 3514 1014 patet;
3547 941 3680 997 alia)

2031 1030 2228 1079 autem
2263 1032 2321 1080 et
2352 1043 2385 1082 a
2417 1028 2636 1083 nostris
2664 1029 2912 1084 diversae
2945 1047 3066 1085 non
3099 1030 3340 1098 fuerint,
3372 1038 3439 1085 ut
3468 1047 3537 1086 ex
3566 1030 3682 1086 alto

2034 1118 2116 1168 tot
2147 1115 2497 1171 saeculorum
2530 1118 2768 1174 silentio
2819 1119 3202 1174 manifestum
3253 1126 3377 1184 est;
3404 1126 3590 1175 restat
3618 1124 3684 1175 ut

2031 1204 2121 1258 hae
2176 1205 2318 1275 ipsae
2374 1206 2616 1275 fuerint,
2671 1224 2818 1279 quas
2883 1209 3069 1263 nostri
3127 1209 3474 1274 defendunt,
3533 1225 3681 1279 quas

2029 1294 2317 1349 Eusebius
2351 1295 2509 1363 vidit,
2542 1296 2877 1368 descripsit,
2911 1297 3235 1353 deﬂoravit.

2100 1382 2381 1446 Quaenam
2414 1385 2594 1454 enim,
2619 1402 2840 1456 quaeso,
2876 1386 2988 1441 illae
3020 1387 3285 1458 epistolae
3317 1393 3476 1452 sunt,
3510 1388 3557 1443 si
3591 1389 3680 1443 hae

2030 1488 2152 1525 non
2176 1472 2345 1527 sint?
2365 1474 2505 1538 Quis
2528 1490 2628 1531 eas
2650 1492 2913 1546 unquam
2940 1476 3119 1548 legit?
3141 1476 3274 1547 quis
3296 1477 3483 1533 oculis
3512 1494 3682 1532 usur-

2029 1562 2232 1632 pavit?
2262 1563 2395 1633 quis
2426 1565 2512 1620 vel
2542 1565 2719 1621 fando
2752 1567 2825 1621 de
2857 1567 2992 1622 aliis
3032 1567 3300 1638 epistolis
3332 1567 3403 1622 ab
3452 1569 3676 1641 Ignatio

2029 1653 2286 1724 scriptis,
2312 1672 2346 1710 a
2362 1656 2685 1729 Polycarpo
2710 1658 2973 1713 collectis
2990 1658 3216 1729 aliquid
3235 1660 3500 1714 audivit?
3520 1661 3675 1728 aliis,

2029 1741 2294 1813 inquam,
2323 1760 2499 1815 quam
2527 1763 2672 1817 quas
2695 1747 2983 1803 habemus
3003 1748 3029 1802 ‘2
3061 1758 3149 1804 An
3173 1748 3296 1803 ullo
3327 1750 3502 1805 modo
3533 1750 3681 1805 veri-

2027 1833 2222 1888 simile
2255 1839 2362 1902 est,
2397 1837 2680 1907 epistolas
2737 1855 2771 1893 a
2828 1844 2992 1894 tanto
3032 1844 3291 1910 martyre
3320 1845 3612 1908 exaratas,
3644 1858 3682 1896 a

2027 1926 2190 1977 tanto
2214 1922 2403 1980 editas
2424 1931 2602 1997 atque
2627 1926 2914 1995 laudatas,
2940 1928 3205 2000 epistolae
3231 1929 3411 1984 etiam
3439 1929 3523 1984 illi
3546 1929 3681 1984 sub-

2017 2012 2231 2083 jectas,
2256 2030 2388 2084 qum
2420 2030 2527 2084 per
2560 2019 2644 2070 tot
2666 2016 2887 2079 saecula
2901 2016 3135 2087 publice
3158 2016 3313 2073 lecta
3334 2033 3538 2072 earum
3558 2032 3680 2071 me-

2024 2103 2272 2159 moriam
2298 2108 2584 2175 perpetuo
2606 2104 3069 2178 redintegrabat,
3093 2106 3294 2161 statim
3325 2107 3595 2177 periisse,
3620 2112 3681 2161 et

2025 2193 2098 2248 ab
2129 2192 2397 2247 omnium
2428 2193 2616 2249 oculis
2646 2201 2880 2266 ereptas
2936 2195 3163 2250 fuisse?
3217 2196 3305 2250 An
3337 2195 3677 2265 putabimus

2024 2283 2230 2355 Ignatii
2262 2283 2487 2339 ossium
2531 2284 2816 2356 reliquias
2868 2288 3055 2340 Roma
3085 2286 3458 2341 Antiochiam
3488 2290 3679 2341 trans-

2022 2377 2306 2445 portatas,
2342 2378 2621 2443 tantaque
2674 2374 3051 2429 veneratione
3101 2391 3206 2445 per
3236 2379 3323 2430 tot
3359 2390 3547 2430 annos
3578 2375 3680 2431 ha—

2024 2462 2215 2529 bitas;
2250 2462 2528 2533 epistolas
2550 2468 2749 2519 autem
2770 2463 2832 2517 in
2855 2463 3217 2535 ipsoitinere
3250 2465 3518 2536 scriptas,
3543 2480 3676 2535 pro-

2022 2551 2257 2623 pediem
2289 2551 2349 2605 in
2380 2557 2584 2606 ventos
2633 2552 2850 2607 abiisse
2870 2552 2898 2608 ?
2929 2556 3018 2608 An
3048 2553 3458 2625 conjiciemus,
3492 2555 3678 2625 impe-

2025 2644 2193 2694 rante
2222 2641 2548 2703 Antonino,
2574 2645 2675 2695 aut
2698 2641 2957 2708 Aurelio,
2982 2642 3093 2696 hoc
3114 2648 3223 2710 est,
3243 2643 3366 2696 vivo
3398 2642 3593 2698 adhuc
3617 2646 3677 2698 et

2022 2728 2252 2783 valente
2285 2729 2340 2784 S.
2378 2728 2715 2798 Polycarpo,
2752 2729 2918 2783 ﬁctas
2954 2728 3157 2799 fuisse,
3188 2731 3295 2785 has
3326 2746 3471 2800 quas
3501 2731 3677 2785 habe-

2026 2834 2157 2872 mus
2210 2816 2509 2887 epistolas,
2563 2834 2697 2871 cum
2748 2816 3037 2873 Salmasio
3086 2823 3145 2872 et
3192 2818 3539 2886 Albertino;
3573 2824 3676 2873 aut

2026 2907 2236 2962 saltem
2262 2905 2459 2960 statim
2493 2911 2624 2976 post
2649 2905 2970 2962 Clementis
2992 2906 3372 2962 Alexandrini
3396 2914 3675 2975 mortem,

2023 3012 2158 3050 cum
2192 2994 2515 3059 Blondello,
2540 3012 2793 3066 quorum
2818 2995 3014 3067 ipsum
3046 2996 3326 3052 Dallaaum
3345 2997 3570 3067 pudet?
3588 3000 3680 3052 An

2026 3090 2224 3140 autem
2258 3084 2429 3138 tertio
2463 3084 2674 3139 saeculo
2707 3091 2982 3151 exeunte,
3017 3091 3119 3140 aut
3166 3086 3409 3140 ineunte
3440 3092 3674 3156 quarto,

232 3168 447 3237 illas,si
474 3168 693 3235 illas,si
715 3173 1002 3237 utrasque
1024 3169 1607 3237 norunt,dixissent?
1637 3172 1753 3225 Cur
1774 3189 1909 3227 vero
1939 3209 1983 3272 Ο
2025 3190 2157 3229 cum
2182 3174 2453 3229 homines
2485 3174 2749 3244 undique
2782 3174 3114 3230 doctissimi
3137 3175 3198 3230 in
3221 3176 3481 3231 Ecclesia
3511 3175 3681 3232 ﬂore-

232 3275 332 3313 eas
355 3256 761 3313 eruditissimi
793 3274 862 3312 ac
898 3256 1340 3328 diligentissimi
1374 3259 1645 3314 homines
1672 3261 1910 3333 ignora-

233 3354 390 3416 rent,
418 3349 469 3402 si
496 3351 692 3414 erant,
719 3352 786 3401 ut
807 3352 1015 3401 narrat
1039 3347 1350 3416 Baronius,
1371 3365 1406 3403 a
1428 3348 1909 3421 Philippensibus

233 3455 374 3492 cum
392 3454 502 3492 sex
522 3435 908 3507 superiorum
921 3435 995 3489 ad
1012 3451 1111 3490 eos
1124 3436 1351 3491 missaa
1368 3436 1690 3509 Polycarpo
1703 3438 1911 3494 collec-

233 3528 400 3582 tione
443 3525 788 3597 conjunctaa
809 3524 837 3579 ?
866 3526 995 3579 Non
1026 3524 1229 3593 fuisse,
1263 3525 1531 3597 adeoque
1556 3543 1749 3598 neque
1785 3533 1907 3583 tum

227 3616 538 3671 exstitisse
560 3614 701 3669 inde
726 3613 1149 3685 constat,quod
1171 3632 1270 3670 eas
1293 3615 1582 3670 Eusebius
1605 3617 1902 3672 nescierit:

228 3706 561 3762 nescivisse
594 3704 782 3759 altum
813 3704 946 3775 ejus
978 3702 1049 3758 de
1082 3703 1173 3758 his
1201 3704 1506 3759 silentium
1538 3706 1747 3778 arguit.
1786 3730 1806 3758 ι
1848 3707 1905 3762 Si

230 3805 435 3852 autem
484 3795 615 3849 haec
663 3792 1026 3848 validissime
1059 3792 1312 3863 probent
1342 3794 1459 3849 sive
1491 3794 1754 3866 quinque
1788 3796 1906 3851 sive

231 3903 329 3941 sex
348 3887 490 3941 illas
510 3884 800 3955 epistolas
826 3887 1093 3953 tempore
1110 3882 1343 3937 Eusebii
1360 3889 1417 3938 et
1432 3883 1769 3956 Hieronymi
1788 3902 1906 3940 non

228 3976 561 4035 exstitisse.
588 3972 857 4043 adeoque
884 3977 1092 4044 postea
1114 3974 1467 4045 excogitatas
1489 3978 1547 4027 et
1571 3973 1738 4028 ﬁctas
1758 3974 1905 4029 fuis-

228 4081 330 4132 se;
368 4071 653 4119 nostrum
694 4067 854 4118 certe
888 4067 1302 4133 argumentum
1333 4061 1694 4117 validissime
1725 4063 1904 4119 etiam

228 4155 473 4225 probat,
492 4152 644 4208 alias
667 4167 849 4222 quam
879 4156 1114 4206 nostras
1137 4151 1342 4223 Ignatii
1373 4151 1652 4223 epistolas
1674 4169 1783 4208 nec
1804 4169 1902 4208 eo-

229 4243 370 4300 dem
391 4260 507 4299 nec
525 4242 648 4297 ullo
670 4240 788 4296 alio
808 4239 1196 4295 antecedente
1219 4257 1342 4296 mvo
1365 4240 1731 4312 apparuisse;
1752 4247 1815 4295 ut
1832 4243 1903 4297 de

232 4337 372 4392 aliis
402 4354 439 4392 a
479 4334 808 4406 Polycarpo
853 4332 1143 4399 collectis,
1173 4331 1234 4387 in
1262 4349 1450 4387 unum
1489 4350 1703 4405 corpus
1736 4333 1901 4389 reda-

233 4428 369 4497 ctis,
403 4425 482 4481 ad
504 4424 801 4480 Ecclesias
832 4422 1221 4491 transmissis,
1255 4427 1314 4478 et
1342 4423 1560 4495 insigni
1594 4423 1780 4495 elogio
1813 4441 1904 4478 or-

237 4516 398 4571 natis
429 4515 624 4585 loqui,
652 4512 825 4585 plane
858 4518 1260 4567 commentum
1293 4512 1501 4583 sapiat.
1528 4514 1708 4568 Nemo
1741 4514 1901 4568 enim

2021 3271 2173 3331 rent,
2207 3270 2263 3319 et
2313 3264 2687 3321 bibliotheca;
2718 3266 2892 3320 varias
2922 3265 2997 3320 ad
3028 3271 3291 3320 veterum
3320 3265 3677 3321 Christiano-

2021 3370 2150 3408 rum
2183 3354 2400 3425 scripta
2431 3353 2833 3408 conservanda
2879 3353 3296 3421 conderentur,
3333 3355 3671 3425 putabimus

2017 3444 2169 3499 alias
2202 3444 2484 3514 epistolas
2506 3460 2707 3499 earum
2730 3443 2856 3498 loco
2876 3444 3213 3515 suppositas
3230 3444 3504 3512 fuisse,et
3524 3446 3663 3512 illis,

2019 3534 2231 3604 quibus
2259 3533 2577 3588 Christiani
2611 3549 2715 3602 per
2756 3538 2843 3587 tot
2871 3549 3062 3588 annos
3093 3540 3539 3604 consueverant,
3573 3551 3668 3606 pe-

2017 3622 2178 3676 nitus
2209 3622 2458 3677 sublatis
2481 3622 2837 3677 successisse
2857 3621 2884 3676 ?
2913 3623 3059 3677 Ecce
3090 3621 3246 3676 enim
3280 3621 3659 3692 Dallzeus,qui

2019 3711 2193 3767 modo
2225 3711 2611 3781 impostorem
2643 3727 2816 3765 suum
2864 3710 3172 3782 Polycarpi
3205 3710 3469 3781 epistolas
3500 3711 3662 3765 testi-

2017 3801 2282 3855 monium
2314 3806 2585 3855 nostrum
2618 3800 2959 3865 inseruisse,
2995 3806 3051 3853 et
3083 3799 3183 3855 ubi
3214 3804 3390 3854 antea
3420 3815 3539 3854 non
3571 3816 3669 3855 ex-

2016 3895 2220 3957 staret,
2249 3890 2550 3945 int‘ulsisse
2579 3889 2796 3944 diserte
2824 3889 3179 3954 alﬁrmabat,
3204 3906 3339 3944 cum
3369 3890 3441 3944 de
3472 3895 3667 3946 aucto-

2014 3980 2187 4034 ritate
2219 3979 2481 4050 epistolaa
2513 3979 2952 4049 Polycarpianzn
2983 3984 3291 4049 ageretur:
3327 3996 3488 4034 nunc
3529 3996 3666 4035 eum

2016 4070 2086 4124 de
2119 4069 2166 4123 vi
2205 4068 2526 4123 testimonii
2552 4068 2762 4140 agitur,
2786 4067 3085 4123 conversis
3106 4067 3249 4124 velis
3278 4069 3579 4139 remisque
3602 4069 3666 4124 in

2015 4159 2217 4213 omnia
2245 4159 2363 4213 alia
2389 4158 2597 4223 fertur,
2658 4174 2778 4211 non
2836 4157 3044 4212 eodem
3104 4156 3341 4228 quidem
3376 4156 3526 4225 loco,
3560 4158 3664 4212 sed

2013 4253 2182 4302 caute
2214 4246 2572 4317 provideque
2601 4246 2792 4317 capite
2823 4247 2911 4311 26,
2947 4245 3047 4299 ubi
3079 4251 3270 4301 totum
3298 4245 3512 4302 fabulaa
3539 4264 3662 4303 sum

2013 4339 2425 4406 argumentum
2457 4334 2738 4399 contexit,
2772 4333 2948 4388 aliam
2980 4334 3151 4388 nobis
3181 4350 3421 4390 scenam
3450 4337 3661 4407 aperit.

2018 4424 2145 4479 Vult
2167 4423 2328 4479 enim
2351 4446 2376 4472 «
2404 4424 2789 4494 impostorem
2806 4440 3125 4487 suum,cum
3148 4425 3398 4496 scriptas
3421 4426 3561 4482 hinc
3581 4426 3666 4481 di-

2013 4513 2255 4568 dicisset
2276 4512 2419 4567 olim
2443 4513 2627 4567 fuisse
2644 4512 2715 4568 ab
2740 4513 2964 4585 lgnatio
2988 4514 3218 4584 aliquas
3237 4515 3668 4586 epistolas,eas-

244 4610 381 4659 ante
412 4603 763 4671 Eusebium,
797 4601 887 4657 vel
922 4601 1367 4673 Hieronymum,
1392 4601 1480 4655 vel
1512 4601 1690 4657 etiam
1722 4602 1904 4656 Theo-
1934 4595 1979 4660 Β
2011 4603 2267 4674 quejam
2291 4601 2615 4656 desiderari
2636 4602 3155 4669 animadverteret,
3185 4604 3503 4659 consilium
3526 4606 3664 4661 inde

250 4693 542 4759 doretum,
574 4698 679 4749 aut
699 4692 1020 4756 Gelasium,
1044 4707 1218 4746 nemo
1242 4699 1376 4747 anle
1398 4691 1589 4762 quinti
1614 4691 1811 4746 saeculi
1846 4691 1908 4746 ﬁ-

257 4802 410 4853 nem,
443 4800 561 4856 quo
594 4788 826 4838 veteres
871 4796 1081 4836 omnes
1130 4780 1515 4836 ecclesiastici
1549 4786 1604 4835 et
1631 4780 1909 4836 catholici

260 4874 591 4945 scriptores,
631 4888 698 4927 ac
730 4871 793 4925 in
826 4869 1037 4942 primis
1068 4870 1123 4925 S.
1157 4869 1438 4941 Ignatius,
1475 4868 1533 4924 in
1571 4874 1911 4924 controver-

258 4963 355 5015 siis
379 4962 514 5016 ﬁdei
534 4967 666 5016 tum
690 4978 725 5015 a
746 4957 1209 5023 catholicis,tum
1233 4974 1266 5012 a
1286 4958 1587 5013 modernis
1618 4957 1911 5013 haareticis

261 5056 534 5122 tanquam
565 5047 777 5106 arbitri
812 5045 1304 5112 admittebantur,
1339 5045 1428 5101 vel
1460 5045 1671 5113 virum,
1704 5044 1790 5099 vel
1824 5061 1913 5099 ec-

263 5142 494 5196 clesiam
513 5141 697 5196 aliam
724 5135 1074 5193 nominavit.
1102 5134 1173 5190 ad
1197 5151 1374 5206 quam
1408 5135 1664 5208 Ignatius
1686 5134 1915 5189 litteras

266 5230 529 5297 dederat;
562 5245 743 5285 nemo
776 5226 967 5281 ullam
1000 5225 1356 5280 sententiam
1389 5242 1458 5280 ex
1489 5223 1610 5280 ulla
1639 5223 1756 5279 alia
1786 5223 1912 5294 epi-

266 5321 404 5374 stola
432 5319 746 5390 excerpsit.
797 5317 879 5369 Ex
939 5313 1157 5369 nostris
1209 5330 1390 5368 unam
1421 5314 1702 5379 Irenaeus,
1732 5328 1915 5366 unam

267 5410 633 5483 TheOphilus,
667 5411 774 5464 aut
805 5403 1096 5474 antiquus
1140 5402 1339 5459 Basilii
1390 5408 1616 5470 auctor,
1648 5402 1916 5474 ejusdem

266 5520 390 5559 cum
421 5506 642 5561 Irenaeo
675 5500 807 5568 aevi,
846 5497 998 5552 duas
1022 5495 1510 5568 0rigenes,unam
1540 5494 1918 5568 pseudo-Dio-

266 5594 475 5665 nysius,
535 5590 888 5664 complures
948 5585 1256 5653 Eusebius,
1316 5601 1497 5641 unam
1538 5584 1915 5655 Athanasius,

266 5686 399 5741 duas
428 5687 919 5759 Chrysostomus,
953 5675 1150 5749 plures
1182 5676 1595 5746 Hieronymus,
1630 5674 1916 5745 plurimas

2018 4691 2243 4763 cepisse
2260 4682 2738 4747 suassub'eodem
2763 4693 3004 4747 nomine
3032 4694 3291 4766 ﬁngendi
3313 4700 3372 4748 et
3392 4695 3663 4750 edendi.»

2018 4781 2290 4846 Quamvis
2316 4780 2513 4836 Dallzei
2537 4781 2824 4853 impostor
2846 4783 3031 4836 mirus
3055 4783 3264 4837 artifex
3295 4784 3390 4852 sit,
3428 4801 3534 4839 nec
3560 4783 3667 4838 mi-

2022 4871 2392 4947 noriingenii
2419 4871 2693 4926 acumine
2726 4871 3026 4942 praeditus,
3052 4889 3228 4942 quam
3252 4873 3398 4942 ipse,
3432 4889 3553 4927 non
3585 4878 3667 4927 ta-

2019 4974 2159 5011 men
2188 4957 2314 5011 hmc
2345 4956 2460 5011 duo
2486 4956 2645 5011 idem
2667 4962 2946 5028 priestare
2967 4958 3159 5028 potuit
3186 4974 3198 5009 :
3231 4974 3350 5011 non
3382 4957 3575 5027 potuit
3595 4974 3668 5012 ex

2020 5045 2330 5117 Polycarpi
2361 5045 2611 5117 epistola
2647 5044 2894 5112 discere,
2928 5046 3177 5116 scriptas
3206 5044 3387 5098 fuisse
3420 5046 3563 5099 olim
3593 5047 3665 5101 ab

2020 5135 2247 5208 Ignatio
2279 5117 2837 5205 aliquas‘epistolas,
2900 5138 2958 5187 et
3014 5133 3169 5188 idem
3203 5150 3271 5188 ea
3300 5132 3498 5200 verba,
3532 5151 3664 5205 quae

2023 5226 2135 5279 hoc
2162 5224 2355 5293 ipsum
2380 5222 2667 5289 indicant,
2692 5222 2974 5276 inserere.
3002 5222 3057 5276 Si
3082 5222 3208 5293 ipse
3238 5222 3465 5292 primus
3497 5239 3566 5277 ea
3586 5224 3672 5279 in-

2026 5313 2230 5375 seruit,
2264 5328 2382 5366 non
2414 5310 2591 5382 igitur
2619 5311 2682 5364 in
2712 5310 3017 5381 Polycarpi
3075 5310 3326 5381 epistola
3354 5312 3519 5383 prius
3542 5312 3669 5368 fue-

2025 5408 2168 5458 runt
2192 5419 2204 5467 ;
2235 5417 2416 5472 quare
2445 5399 2578 5454 inde
2597 5398 2815 5453 disiere
2837 5415 2955 5452 non
2979 5399 3190 5469 potuit.
3214 5401 3305 5455 An
3327 5400 3461 5457 ideo
3492 5403 3669 5459 insul-

2027 5495 2122 5559 sit,
2159 5498 2223 5547 ut
2251 5508 2369 5547 non
2402 5494 2633 5546 tantum
2667 5488 2832 5553 alios,
2868 5489 2972 5543 sed
3018 5495 3076 5543 et
3102 5490 3366 5562 seipsum
3396 5491 3673 5549 falleret?

2027 5600 2102 5638 an
2135 5582 2240 5637 illa
2270 5579 2730 5651 interpolatione
2761 5595 2881 5632 non
2904 5583 3135 5634 tantum
3161 5580 3316 5649 aliis,
3340 5582 3444 5637 sed
3467 5588 3526 5637 et
3555 5583 3667 5637 sibi

2028 5672 2325 5745 persuasit
2356 5670 2604 5741 scriptas
2632 5667 2811 5724 fuisse
2842 5667 3070 5739 aliquas
3101 5670 3172 5725 ab
3204 5671 3428 5742 lgnatio
3460 5671 3669 5742 episto-
