3990 6136
315 356 428 415 147

1379 348 1442 409 S.
1492 346 1882 410 lGNATlUS.
1935 378 2006 392 --
2052 346 2475 409 PROLEGOM
2495 345 2682 409 ENA.

3601 354 3704 412 HS

308 490 417 559 las,
449 488 608 563 quod
633 502 842 546 omnes
886 489 1026 543 ante
1073 499 1231 553 eum,
1280 481 1529 552 scilicet,
1561 479 1965 553 ignorabant?

2087 480 2330 537 Paulus:
2364 478 2504 536 Οὸτε
2533 479 2638 555 γὰρ
2668 479 2797 556 ἐγὼ,
2857 477 2978 537 οὔτε
3037 477 3209 542 ἂλλος
3251 478 3442 554 ὅμοιος
3472 478 3590 556 ἐμοὶ
3620 481 3706 540 δύο

316 580 429 637 Sed
461 580 606 650 quid
628 595 777 652 opus
805 582 894 634 est
919 581 983 631 ut
1010 575 1301 647 impostor
1329 573 1440 628 hoc
1471 588 1543 627 ex
1572 571 1826 644 epistola
1856 573 1973 627 Po-

311 669 537 741 lycarpi
571 667 844 735 disceret,
879 670 1000 732 aut,
1034 670 1099 718 ut
1128 662 1229 719 alii
1273 662 1411 717 inde
1445 662 1772 729 haurirent,
1805 677 1974 716 cura-

314 758 444 814 ret?
463 780 488 807 ‹‹
510 757 686 822 Quasi
706 773 840 811 vero
860 755 1174 826 quisquam
1197 752 1345 808 adeo
1363 752 1579 807 stultus
1602 752 1695 816 sit,
1718 756 1785 805 ut
1803 754 1979 822 neget

315 848 698 920 amplissima:
713 845 964 901 civitatis
979 844 1345 915 epiSCOpum,
1363 841 1436 898 ad
1450 842 1576 898 haec
1589 842 1977 914 apostolorum

315 937 676 1010 discipulum
721 935 878 990 ullas
910 932 998 987 vel
1051 932 1310 988 scribere
1344 931 1628 1004 potuisse,
1659 932 1748 986 vel
1776 948 1978 988 revera

314 1028 621 1098 scripsisse
644 1024 927 1080 litteras.»
950 1022 1141 1078 Verba
1159 1026 1298 1077 sunt
1321 1021 1839 1087 Dallaei.Quorsum
1864 1022 1974 1093 igi-

313 1124 409 1174 tur
429 1118 816 1189 impostorem
849 1130 1022 1170 suum
1065 1114 1137 1169 ad
1192 1112 1577 1185 Polycarpum
1606 1113 1877 1181 remittit,
1909 1118 1976 1169 ut

311 1210 425 1263 hoc
451 1206 524 1262 ab
557 1223 626 1262 eo
659 1205 897 1261 discat?
928 1220 1212 1275 quorsum
1239 1220 1372 1259 eum
1397 1202 1680 1258 violentas
1713 1204 1973 1275 epistolas

312 1296 644 1353 notissimae
678 1311 894 1350 manus
922 1294 1143 1349 inferre
1200 1293 1373 1363 cogit,
1404 1298 1472 1347 ut
1500 1292 1649 1348 alios
1680 1292 1837 1347 idem
1869 1293 1972 1348 do-

314 1390 463 1453 ceat,
490 1385 648 1457 quod
673 1402 749 1439 ne
780 1384 942 1439 stulti
974 1383 1213 1454 quidem
1242 1398 1457 1455 negare
1483 1383 1842 1454 potuerunt?
1863 1383 1974 1438 Sed

318 1478 369 1533 si
401 1477 512 1531 hoc
544 1476 836 1547 impostor
867 1491 934 1528 ex
978 1473 1302 1546 Polycarpo
1335 1472 1661 1536 didicisset,
1694 1472 1976 1545 epistolas

321 1565 533 1639 Ignatii
565 1565 638 1620 ab
672 1564 798 1637 ipso
833 1563 1113 1619 collectas
1153 1568 1211 1618 et
1241 1561 1573 1634 posteritati
1605 1562 1977 1619 commenda-

321 1662 411 1713 tas
442 1656 645 1724 fuisse,
672 1654 831 1711 unde
864 1671 965 1709 eas
988 1654 1115 1726 jam
1161 1653 1485 1708 desiderari
1518 1653 1978 1710 animadvertit?

318 1748 480 1804 unde
511 1747 625 1802 hoc
652 1746 741 1799 vir
788 1744 1170 1801 doctissimus
1209 1743 1463 1800 didicit?
1515 1745 1648 1816 quis
1679 1745 1978 1801 collectio-

322 1853 460 1893 nem
492 1835 801 1906 Polycarpi
831 1834 1077 1906 periisse
1109 1834 1276 1899 dixit,
1311 1840 1412 1889 aut
1442 1834 1741 1890 credidit?
1766 1836 1975 1891 Nonne
2008 1843 2053 1908 Β

322 1926 535 1982 eodem
549 1924 725 1980 tertio
744 1923 959 1979 saiculo
976 1922 1207 1979 dixerat
1218 1923 1498 1996 Origenes
1516 1941 1528 1978 :
1547 1946 1575 1974 «
1590 1924 1901 1997 Eleganter
1916 1926 1977 1980 in

323 2014 635 2087 cujusdam
656 2014 935 2085 martyris
967 2013 1218 2085 epistola
1249 2014 1534 2085 scriptum
1557 2015 1774 2087 reperi,
1806 2016 1978 2088 Igna-

317 2106 467 2161 tium
488 2103 996 2175 dico,episcopum
1018 2103 1345 2158 Antiochiae
1364 2107 1499 2175 post
1515 2106 1754 2160 Petrum
1774 2121 1978 2161 secun-

318 2196 458 2252 dum
469 2194 590 2267 ,qui
604 2193 664 2249 in
678 2192 1091 2265 persecutione
1106 2192 1301 2248 Roma:
1319 2193 1597 2265 pugnavit
1608 2193 1682 2250 ad
1693 2194 1977 2251 bestias?»

318 2288 405 2340 An
437 2283 536 2355 qui
571 2282 965 2355 Polycarpum
989 2280 1236 2355 legerat,
1261 2281 1596 2354 lectamque
1619 2284 1747 2355 ejus
1779 2285 1977 2340 etiam-

316 2389 465 2429 num
493 2373 556 2427 in
587 2371 842 2443 publicis
873 2370 1262 2427 conventibus
1290 2371 1601 2442 epistolam
1632 2378 1895 2441 noverat,
1922 2380 1981 2429 et

323 2479 397 2518 ex
455 2461 663 2517 eadem
720 2460 1164 2533 Ignatianorum
1240 2461 1561 2534 συναγωγήν
1620 2467 1784 2517 tanta
1839 2479 1980 2519 cura

327 2552 593 2623 Smyrnae
623 2555 1053 2617 conservatam,
1100 2550 1160 2604 in
1215 2550 1616 2607 Macedoniam
1650 2556 1814 2607 tanta
1845 2569 1978 2608 cum

328 2640 506 2696 laude
530 2640 961 2709 transmissam,
986 2639 1504 2709 animadverterat,
1529 2640 1738 2697 eodem
1763 2642 1979 2697 sarculo

325 2748 444 2803 quo
475 2730 756 2803 Origenes
778 2729 1051 2786 eamdem
1070 2729 1710 2799 laudaverat,iunditus
1732 2732 1979 2804 periisse

323 2828 532 2895 putare
562 2821 804 2894 potuit?
852 2821 1035 2876 Nimis
1068 2838 1268 2877 crassa
1294 2822 1420 2877 inec
1452 2828 1610 2889 sunt,
1644 2839 1822 2893 quam
1853 2829 1919 2878 ut
1948 2840 1981 2879 a

318 2912 460 2968 viris
497 2911 684 2967 doctis
739 2916 1107 2981 coquantur;
1169 2911 1349 2965 nimis
1394 2911 1674 2979 invalida,
1708 2928 1885 2983 quam
1917 2919 1981 2967 ut

325 3005 742 3074 argumentum
799 3004 1067 3055 nostrum
1128 2998 1464 3070 debilitent,
1516 3017 1632 3071 quo
1682 3018 1803 3056 non
1833 3002 1980 3057 alias

322 3106 501 3162 quam
532 3094 763 3144 nostras
794 3104 828 3142 a
857 3087 1184 3160 Polycarpo
1235 3087 1423 3144 editas
1466 3089 1747 3161 epistolas
1778 3096 1977 3146 osten-

321 3180 536 3280 ἀίῖηέλδο
668 3270 679 3280 .
854 3265 893 3280 ,.
1025 3271 1036 3280 ,
1160 3267 1211 3280 ..
1390 3268 1419 3280 -
1563 3269 1600 3280 ..
1877 3215 2025 3280 ...α

393 3266 559 3323 Idem
585 3270 785 3321 autem
816 3265 957 3333 alio,
986 3271 1044 3322 et
1074 3267 1316 3339 quidem
1348 3268 1699 3335 aﬂrmativo,
1732 3286 1844 3326 nec
1874 3270 1974 3325 illo

325 3356 763 3412 contemnendo
796 3360 1167 3427 argumento,
1191 3373 1257 3412 ex
1301 3357 1446 3428 ipsis
1478 3358 1745 3429 epistolis
1771 3360 1977 3433 petito,

327 3463 449 3503 non
480 3446 686 3502 leviter
710 3446 1064 3503 confirmare
1086 3462 1181 3502 me
1205 3463 1376 3518 posse
1400 3447 1788 3504 conﬁdo..\'on
1821 3450 1979 3504 enim

327 3540 561 3592 tantum
594 3541 826 3591 nostras
858 3535 1137 3608 epistolas
1178 3536 1447 3606 quamvis
1487 3537 1863 3608 generaliter,
1896 3543 1978 3593 ta-

326 3642 464 3682 men
489 3625 630 3680 satis
653 3625 873 3681 diserte
896 3625 1198 3692 describit,
1224 3641 1370 3696 quas
1394 3626 1591 3687 fidem.
1610 3626 1974 3697 patientiam,

328 3731 687 3785 omnemque
738 3714 1197 3770 mdiﬁcationem
1246 3714 1553 3770 continere
1598 3720 1865 3787 testatur,
1908 3718 1979 3772 de

325 3821 443 3877 qua
467 3820 532 3859 re
562 3802 740 3875 paulo
762 3802 951 3858 fusius
995 3806 1130 3857 ante
1154 3800 1445 3868 diximus;
1473 3802 1574 3857 sed
1598 3809 1655 3857 et
1671 3806 1978 3875 speciatim

323 3892 683 3965 legationem
704 3893 780 3947 ad
800 3891 1199 3947 Antiochenos
1224 3892 1428 3963 tangit,
1452 3908 1583 3962 quas
1607 3909 1740 3947 cum
1764 3894 1824 3948 in
1847 3895 1978 3951 aliis

325 3987 452 4037 tum
482 3980 780 4052 praecipue
812 3981 873 4036 in
905 3980 1005 4036 illa
1053 3980 1125 4036 ad
1156 3980 1549 4052 Polycarpum
1596 3987 1823 4048 exstat;
1857 3983 1976 4039 imo

325 4071 450 4144 ipse
482 4071 842 4143 Polycarpus
874 4070 934 4125 in
962 4069 1190 4141 reliquo
1220 4069 1481 4141 epistolae
1512 4087 1758 4143 corpore
1790 4073 1977 4129 multa

324 4165 872 4232 repraesentat,quae
891 4158 1168 4231 epistolas
1190 4163 1423 4214 nostras
1441 4176 1597 4231 stirpe
1618 4160 1973 4232 respiciunt;

326 4257 391 4307 ut
412 4267 549 4307 eum
572 4252 813 4307 easdem
836 4252 1080 4307 omnino
1096 4250 1415 4325 diligenter
1435 4251 1669 4323 legisse,
1695 4258 1751 4308 et
1780 4252 1973 4309 liben-

328 4345 419 4394 ter
441 4356 617 4396 usum
646 4341 851 4409 fuisse,
894 4341 1082 4411 quivis
1127 4341 1466 4413 perspiciat,
1513 4347 1579 4396 ut
1614 4343 1706 4397 vix
1737 4344 1793 4399 S.
1828 4344 1974 4399 Pau-

329 4428 476 4495 lum,
510 4434 610 4483 aut
642 4430 696 4482 S.
725 4431 986 4496 Petrum,
1018 4435 1119 4485 aut
1146 4428 1513 4485 Clementem
1544 4432 1729 4504 magis
1758 4432 1820 4486 in
1853 4434 1973 4504 epi-

331 4518 484 4575 stola
513 4535 638 4583 sua,
673 4534 849 4589 quam
881 4519 1169 4589 lgnatium
1195 4525 1467 4574 nostrum
1494 4526 1731 4576 secutus
1754 4538 1881 4576 esse
1902 4524 1976 4577 vi-

329 4606 558 4662 deatur.
592 4606 814 4678 Quippe
860 4621 932 4660 ex
964 4623 1197 4662 summa
1248 4609 1651 4673 veneratione,
1683 4610 1979 4682 frequenti

328 4698 674 4761 lectione,et
699 4696 920 4751 recenti
959 4697 1253 4753 memoria
1293 4702 1436 4753 tunc
1483 4715 1617 4754 cum
1658 4699 1729 4755 ad
1760 4700 1979 4773 Philip-

330 4804 546 4861 penses
569 4787 1006 4854 scriberet,h:ec
1028 4788 1157 4857 ejus
1185 4788 1386 4844 animo
1418 4788 1535 4845 alte
1565 4790 1855 4847 insedisse
1887 4792 1986 4847 ob-

333 4894 654 4934 servamus.
684 4877 892 4932 Statim
915 4878 995 4932 aA
1016 4877 1210 4943 initio,
1235 4894 1368 4941 cum
1390 4877 1459 4933 de
1482 4880 1707 4950 Ignatio
1736 4880 1983 4953 ejusque

334 4967 650 5024 comitibus
700 4966 986 5037 loquitur,
1020 4983 1123 5022 eos
1175 4968 1256 5023 ita
1287 4966 1590 5033 describit,
1621 4967 1746 5029 τοὺς
1775 4968 1984 5039 ἐνειλη-

335 5055 528 5126 μένους
560 5060 677 5116 τοῖς
706 5053 1057 5129 ἁγιοπρεπέσι
1115 5050 1360 5128 δεσμοῖς,
1419 5055 1573 5111 ἅτινά
1622 5054 1732 5110 ἐστι
1792 5055 1981 5129 διαδή-

333 5165 475 5217 ματα
504 5149 612 5198 τῶν
673 5142 896 5214 ἀληθῶς
949 5143 1053 5197 ὑπὸ
1114 5148 1268 5213 Θεοῦ,
1329 5145 1420 5199 καὶ
1462 5149 1560 5199 τοῦ
1596 5146 1794 5221 Κυρίου
1825 5150 1984 5221 ἡμῶν

330 5231 761 5306 ἐκΛελεγμέ-ιων,
796 5235 987 5307 iisque
1019 5234 1215 5290 verbis
1246 5235 1363 5291 duo
1389 5236 1597 5308 Ignatii
1637 5239 1823 5293 nostri
1854 5238 1983 5295 loca

332 5324 641 5394 expressit,
674 5341 860 5379 unum
893 5324 1157 5395 epistola:
1181 5325 1253 5380 ad
1287 5325 1660 5397 Smyrnaaos:
1692 5322 1984 5398 Δεὸεμένος

333 5412 817 5482 θεοπρεπεστάτοις
851 5408 1073 5485 δεσμοῖς
1121 5413 1328 5476 πάντας
1359 5413 1697 5489 ἀσπάζομαι,
1730 5417 1985 5472 alterum

334 5501 410 5557 ad
438 5500 762 5573 Ephesios:
796 5501 883 5555 Ἐν
934 5500 980 5573 ᾧ
1026 5501 1093 5556 τὰ
1135 5498 1306 5575 δεσμᾶ
1361 5504 1637 5577 περιφέρω
1667 5503 1793 5565 τοὺς
1825 5525 1981 5558 πνευ-

339 5589 601 5663 ματικους
659 5589 1009 5665 μαργαρίτας.
1070 5595 1139 5648 Et
1196 5610 1313 5649 non
1358 5593 1548 5649 multo
1578 5600 1713 5667 post
1742 5594 1815 5651 ad
1846 5595 1987 5651 Phi-

342 5684 617 5754 ippense:
682 5700 834 5753 suos,
893 5684 962 5739 ad
1014 5703 1159 5758 quos
1217 5684 1526 5758 epistolam
1574 5686 1892 5758 scripserat
1925 5688 1980 5743 S.

2075 589 2231 625 ναται
2260 570 2737 640 κατακολουοῆσαι
2766 577 2831 640 τῆ
2877 570 3037 647 σοφίᾳ
3063 574 3161 625 τοῦ
3196 572 3461 644 μακαρίου
3508 573 3594 627 καὶ
3637 574 3707 628 ἔνο

2078 655 2234 731 δόξου
2265 657 2503 727 Παύλου,
2552 658 2610 721 ὃς
2657 659 2940 736 γενόμενος
2981 659 3033 714 ἐν
3084 661 3214 734 ὑμῖν
3269 660 3403 715 κατὰ
3430 660 3703 735 πρόσωπον

2076 753 2186 803 τῶν
2217 747 2339 803 τότε.
2394 748 2714 822 ἀνθρώπων,
2775 747 3013 820 ἐδίδαξεν
3072 744 3314 824 ἀκριϐῶς
3353 751 3442 803 καὶ
3492 746 3706 824 βεϐαίως

2075 836 2168 891 τὸν
2199 837 2319 910 περὶ
2354 835 2613 906 ἀληθείας
2673 835 2858 913 λόγον·
2921 838 2979 900 ὃς
3038 838 3125 893 καίὶ
3188 838 3339 893 ἀπὼν
3400 838 3523 911 ὑμῖν
3568 833 3711 917 ἔγρα-

2079 928 2181 999 ψαν
2227 924 2541 986 ἐπιστόλάς.
2594 928 2816 993 Quibus
2866 928 2999 1000 quis
3047 944 3167 984 non
3218 928 3374 984 videt
3404 946 3533 985 eum
3563 932 3710 1001 lgna-

2080 1016 2227 1072 tium
2250 1022 2519 1072 nostrum
2543 1016 2615 1072 ad
2642 1017 2945 1088 Ephesios,
2970 1017 3324 1088 quibuscum
3352 1020 3568 1090 pariter
3587 1036 3712 1075 cun-

2079 1111 2345 1161 versatus
2378 1111 2467 1160 est
2497 1112 2553 1161 et
2584 1107 2656 1161 ad
2681 1123 2829 1177 quos
2851 1107 3171 1179 scripserat
3192 1109 3247 1163 S.
3278 1107 3511 1165 Paulus.
3539 1109 3712 1166 imita-

2079 1199 2205 1251 tum
2238 1212 2365 1251 esse
2413 1197 2493 1251 ita
2543 1196 2940 1252 scribentem:
2994 1192 3136 1253 Οἶδα
3181 1194 3265 1258 τίς
3306 1196 3443 1270 εἰμι,
3472 1197 3558 1252 καὶ
3586 1198 3713 1251 τίσιν

2075 1282 2289 1361 γράφω.
2344 1282 2562 1337 Παύλου
2610 1283 2922 1357 συμμῦσται
2971 1289 3069 1341 τοῦ
3118 1286 3474 1359 ἡγιασμένοι),
3516 1306 3709 1361 μεμαρο

2077 1371 2384 1444 τυρημὲνου
2442 1372 2927 1447 ἀξιομακαρίστου.
2985 1372 3063 1431 Οὗ
3115 1375 3325 1451 γένοιτό
3389 1395 3483 1447 μοι
3531 1375 3628 1431 ὑπὸ
3657 1375 3715 1429 τὰ

2079 1456 2210 1535 ἴχνη
2244 1460 2657 1536 εὐρεθῆναι,ὅτ’
2698 1460 2759 1517 ἄν
2810 1467 2943 1518 Θεοῦ
3000 1461 3268 1539 ἐπιτόχιοο
3338 1463 3396 1525 ὅς
3462 1462 3512 1518 ἐν
3580 1463 3711 1539 πάσῃ

2079 1538 2344 1623 ἐπιστολῇ
2390 1552 2720 1624 μνημονεύει
2768 1553 2920 1625 ὑμῶν
2954 1551 3005 1607 ἐν
3039 1538 3256 1629 Χριστῷ
3304 1556 3504 1624 Ἰησοῦ.
3538 1558 3715 1611 Monet

2080 1642 2463 1715 Polycarpus,
2520 1649 2588 1699 ut
2657 1644 3068 1717 Pliilippenses
3121 1645 3243 1699 sint
3301 1642 3712 1716 ὑποτασσόμενοι

2079 1724 2485 1804 πρεσϐυτέροις,
2543 1731 2634 1786 γαί
2694 1728 2968 1792 διακόνοις
3028 1732 3101 1793 ὡς
3168 1736 3285 1805 Θεῷ
3336 1732 3428 1787 καὶ
3484 1737 3712 1807 Χριστῷ,

2083 1823 2240 1894 quod
2271 1823 2446 1879 toties
2477 1824 2739 1880 inculcat
2769 1825 3031 1898 lgnatius
3058 1830 3281 1881 noster.
3312 1827 3398 1882 De
3428 1826 3713 1882 diaconis:

2085 1908 2328 1984 Ὁμοίως
2389 1908 2631 1966 διάκονοι
2687 1911 2966 1986 ἄμεμπτοι
3022 1915 3361 1969 κατενώπιον
3421 1914 3581 1969 αὐτοῦ
3624 1916 3714 1977 τῆς

2085 1996 2431 2072 δικαιοσύνης
2480 2002 2554 2064 ὡς
2604 2007 2740 2058 Θεοῦ
2795 2003 2886 2058 καὶ
2945 2004 3183 2078 Χριστοῦ
3215 2000 3478 2077 διάκονοι,
3510 2004 3596 2059 καὶ
3625 2004 3718 2058 οὐκ

2084 2091 2408 2166 ἀνθρώπων.
2469 2095 2541 2149 Ut
2596 2100 2802 2150 noster
2850 2094 2922 2149 ad
2982 2094 3353 2151 Trallenses:
3415 2099 3504 2150 Δεῖ
3548 2090 3717 2147 δὲκαὶ

2082 2181 2210 2244 τοὺς
2266 2177 2549 2244 διακόνους
2632 2178 2785 2244 ὄντας
2874 2181 3189 2257 μυστηρίων
3248 2184 3432 2253 Ἰησοῦ
3505 2184 3722 2258 Χριστοῦ

2082 2272 2221 2326 κατά
2276 2270 2446 2327 πάντα
2502 2274 2705 2349 τρόπον
2766 2278 2926 2329 πᾶσιν
2986 2272 3248 2349 ἀρέσκειν·
3285 2274 3480 2351 οὐγὰρ
3513 2273 3726 2349 βρωμά-

2081 2381 2190 2416 των
2219 2361 2310 2415 καὶ
2362 2366 2545 2418 ποτῶν
2609 2362 2741 2417 εῗσὶν
2793 2360 3059 2432 διάκονοι,
3117 2361 3245 2419 ἀλλ’
3282 2361 3577 2432 ἐκκλησίας
3606 2363 3726 2417 Θεοῦ

2086 2450 2371 2525 ὑπηρέται.
2404 2454 2683 2525 Praecipit
2728 2455 3086 2526 Polycarpus
3135 2453 3638 2526 Pbilippensibus,
3667 2456 3727 2505 ut

2086 2551 2205 2607 sint
2237 2550 2312 2621 μὴ
2375 2547 2705 2623 ἀμελοῦντες
2763 2552 2965 2626 χήρας,
3022 2551 3057 2622 ἢ
3116 2551 3381 2630 ὀρφανοῦ,
3420 2548 3725 2621 ἤπὲνητος,

2085 2658 2217 2698 cum
2250 2642 2510 2713 Ignatius
2532 2642 2615 2697 ita
2631 2643 2943 2699 haereticos
2966 2642 3055 2698 sui
3088 2643 3386 2715 temporis
3409 2641 3729 2714 descripsis-

2086 2736 2195 2799 set,
2228 2729 2351 2804 περὶ
2384 2729 2599 2805 ἀγάπης
2640 2728 2701 2784 οὗ
2738 2728 2894 2803 μὲλει
2944 2730 3152 2797 αυτοῖς,
3187 2729 3249 2784 οὐ
3285 2730 3420 2805 περὶ
3451 2732 3644 2805 χήρας,
3673 2725 3727 2780 οὐ

2084 2817 2209 2892 πὲρὶ
2262 2817 2519 2891 ὀρφανοῦ,
2585 2816 2647 2872 οὐ
2700 2816 2824 2893 περῖ
2879 2812 3232 2890 Ολιϐομένου,
3283 2826 3339 2875 et
3405 2820 3517 2892 ipsi
3572 2816 3729 2887 Poly-

2088 2925 2263 2979 carpo
2295 2908 2406 2963 hoc
2444 2915 2807 2980 praeceptum
2859 2909 3139 2977 dedisset,
3173 2910 3353 2987 χῆραι
3408 2909 3481 2982 μή
3525 2903 3727 2978 ἀμελεί-

2087 3007 2316 3060 σοωσαν.
2348 2997 2511 3052 Unde
2538 2998 2799 3069 illa,quee
2818 3016 2976 3055 nunc
2992 2999 3197 3055 Latina
3216 3004 3450 3056 tantum
3473 2998 3722 3071 legimus,

2086 3088 2202 3142 nisr
2231 3104 2302 3142 ex
2321 3087 2547 3159 Ignatio
2571 3093 2774 3143 nostro
2795 3088 2824 3143 ‘?
2848 3109 2875 3138 ‹‹
2897 3091 3013 3160 Ego
3037 3093 3237 3144 autem
3259 3089 3413 3145 nihil
3444 3088 3556 3143 tale
3579 3086 3725 3141 sensi

2087 3176 2149 3231 in
2172 3176 2353 3245 vobis,
2377 3177 2468 3231 vel
2488 3177 2703 3243 audivi,
2729 3178 2791 3232 in
2814 3177 3029 3249 quibus
3051 3178 3343 3234 laboravit
3363 3180 3565 3235 beatus
3592 3178 3727 3230 Pau-

2088 3267 2218 3334 lus;
2254 3267 2353 3337 qui
2379 3266 2518 3322 estis
2543 3266 2605 3321 in
2628 3267 2919 3339 principio
2972 3267 3238 3339 epistolaa
3269 3268 3403 3341 ejus
3431 3286 3444 3323 :
3479 3268 3550 3323 de
3577 3263 3726 3321 vobis

2090 3356 2311 3411 etenim
2342 3355 2626 3428 gloriatur
2656 3357 2716 3411 in
2751 3356 3027 3413 omnibus
3059 3357 3348 3414 ecclesiis.
3383 3357 3556 3423 Nihil,
3593 3378 3612 3404 ι
3641 3354 3727 3409 in-

2091 3446 2214 3518 quit
2242 3445 2597 3517 Polycarpus
2621 3446 2694 3500 ad
2719 3446 3152 3519 Philippenses,
3177 3464 3267 3503 vos
3291 3449 3459 3503 latet:
3485 3444 3728 3519 Ignatius

2090 3535 2163 3590 ad
2191 3534 2514 3605 Ephesios:
2547 3538 2637 3586 Ὠν
2689 3531 2841 3587 οὐδὲν
2904 3532 3158 3598 λανθάνει
3209 3534 3372 3607 ὑμᾶς.
3435 3537 3504 3590 Et
3532 3538 3731 3606 praeter

2090 3624 2206 3679 alia
2236 3624 2542 3688 nonnulla,
2597 3624 2876 3696 epistolas
2932 3625 3144 3696 Ignatii
3178 3625 3543 3698 Polycarpus
3573 3619 3730 3695 quasi

2090 3711 2276 3784 ipsius
2302 3712 2495 3767 verbis
2530 3713 2769 3768 tandem
2819 3713 3038 3782 laudat,
3084 3714 3336 3781 scilicet,
3368 3713 3527 3786 quod
3556 3709 3733 3767 conti-

2088 3807 2268 3857 neant
2301 3796 2605 3873 οἷκοδομὴν
2634 3801 2729 3868 τήν
2789 3800 2864 3863 εἰς
2922 3801 3013 3857 τὸν
3076 3803 3278 3874 Κύριον
3311 3802 3643 3873 ἀνήκουσαν,
3671 3801 3732 3854 ut

2087 3890 2223 3945 ille:
2257 3887 2514 3961 ’Έτοιμοί
2571 3889 2690 3944 ἐστε
2748 3888 2825 3951 εἷς
2884 3889 3127 3945 εὖποιῖαν
3177 3896 3292 3965 Θεῷ
3326 3892 3653 3962 ἀνήκουσαν,
3680 3893 3734 3942 et

2089 3979 2262 4035 alibi:
2294 3982 2411 4032 Τῶν
2442 3976 2754 4047 ἀνηκόντων
2815 3978 2891 4040 εἷς
2945 3980 3045 4049 τήν
3100 3977 3461 4050 Ἐκκλησίαν,
3495 3986 3551 4035 et
3579 3996 3592 4034 :
3625 3975 3731 4041 Τήν

2089 4065 2364 4122 διακονίαν
2392 4068 2492 4135 τήν
2550 4067 2626 4130 εἷς
2683 4069 2747 4123 τὸ
2804 4070 2984 4124 κοινὸν
3015 4069 3345 4139 ἀνήκουσαν.
3381 4072 3515 4127 Haec
3547 4072 3733 4124 osten-

2087 4159 2236 4215 dunt
2270 4159 2657 4231 Polycarpum
2691 4160 2753 4215 in
2782 4160 2876 4215 his
2910 4161 3073 4231 ipsis,
3099 4178 3245 4231 quas
3268 4177 3380 4217 nos
3413 4162 3590 4216 etiam
3622 4162 3735 4211 tan'

2087 4249 2222 4304 dem
2254 4249 2563 4318 habemus,
2614 4250 2825 4321 Ignatii
2885 4250 3154 4320 epistolis
3211 4266 3331 4306 non
3367 4250 3736 4321 indiligenter

2086 4343 2382 4393 versatum
2417 4355 2568 4394 esse.

2156 4440 2345 4507 Atque
2370 4438 2465 4492 hic
2488 4437 2667 4492 finem
2696 4438 2835 4492 huic
2858 4437 3243 4509 disputationi
3269 4439 3582 4511 imponere
3602 4443 3737 4491 tem“

2088 4543 2199 4597 pus
2228 4530 2405 4588 esset,
2464 4526 2575 4580 nisi
2638 4525 2914 4591 Dallaeus,
2974 4526 3047 4581 ab
3100 4527 3211 4581 hoc
3271 4531 3622 4600 argumento
3653 4522 3739 4576 de'

2094 4616 2321 4687 lapsus,
2350 4622 2573 4686 postea,
2608 4621 2674 4670 ut
2724 4616 2896 4687 solet,
2946 4634 3154 4673 novam
3206 4617 3383 4673 nobis
3414 4615 3737 4672 molestiam

2093 4712 2340 4774 crearet,
2375 4710 2452 4771 et,
2483 4706 2653 4776 quasi
2674 4706 2765 4760 sui
2791 4706 3034 4772 oblitus,
3068 4706 3296 4777 aliquid
3323 4708 3555 4769 fortius,
3588 4700 3736 4775 quod

2094 4800 2228 4849 ante
2261 4794 2563 4861 omiserat,
2597 4793 2863 4857 haberet,
2898 4794 3359 4850 controversiam
3412 4796 3564 4850 hanc
3596 4794 3740 4862 post-

2093 4883 2322 4939 liminio
2344 4884 3003 4956 redintegraret.Capite
3028 4885 3186 4939 enim
3208 4885 3517 4939 tricesimo
3541 4886 3700 4938 sexto
3725 4894 3736 4931 :

2100 4996 2120 5023 ι
2143 4974 2260 5029 Ηοο
2281 4980 2459 5039 certe,
2484 4976 2687 5043 inquit,
2713 4973 3023 5044 Polycarpi
3050 4973 3389 5029 testimonio
3426 4971 3612 5028 Latini
3642 4984 3740 5041 pro

2093 5079 2195 5116 sex
2214 5062 3117 5133 illisIgnalianisepistolis,quas
3136 5069 3353 5135 praeter
3373 5061 3742 5118 Usserianam

2094 5151 2501 5207 collectionem
2520 5157 2946 5217 asserunt,non
2968 5152 3167 5207 minus
3191 5152 3462 5223 speciose
3484 5154 3746 5216 utuntur,

2095 5258 2272 5313 quam
2294 5257 2398 5313 pro
2422 5241 2544 5295 suis
2567 5257 2670 5295 sex
2688 5241 2899 5312 primis
2919 5242 3456 5298 reverendissimus
3480 5240 3744 5297 Usserius

2096 5334 2154 5385 et
2183 5328 2561 5384 doctissimus
2593 5329 3022 5384 Hammondus.
3057 5333 3168 5384 Ain
3219 5346 3369 5394 tero,
3403 5347 3528 5385 non
3557 5329 3747 5385 minus

2095 5418 2408 5491 speciose?
2441 5441 2468 5467 »
2500 5418 2686 5473 miror
2744 5419 3024 5473 maxime.
3083 5421 3173 5474 An
3229 5421 3493 5490 speciose,
3528 5419 3645 5473 imo
3674 5432 3744 5471 an

2094 5508 2335 5564 omnino
2357 5508 2663 5580 Polycarpi
2695 5507 3033 5563 testimonio
3056 5507 3116 5562 in
3147 5524 3214 5564 ea
3234 5525 3298 5563 re
3320 5508 3616 5564 utuntur?
3634 5502 3741 5562 nisi

2095 5597 2352 5653 Dallmus
2381 5597 2489 5652 hoc
2513 5597 2756 5665 diceret,
2779 5613 2899 5652 non
2920 5596 3222 5652 crederem
3245 5614 3260 5663 ς
3285 5596 3408 5651 imo
3430 5604 3739 5669 postquam

2096 5687 2260 5757 dixit,
2298 5687 2435 5743 dum
2485 5703 2733 5763 mecum
2767 5685 3090 5758 perpendo,
3139 5702 3258 5741 non
3307 5686 3508 5741 credo.
3558 5682 3737 5740 Latini
