3990 6136
185 330 283 393 ibi

958 339 1012 402 J.
1061 342 1478 403 PEARSONII
1525 343 1898 405 VlNDlCle
1938 345 2421 410 IGNA’l‘lAN/E.
2476 386 2546 395 η-
2593 352 2791 415 PARS
2837 352 2883 413 Ι.

3530 359 3645 420 158

200 473 554 564 viationibus
584 483 702 533 aut
726 479 1292 552 exaggerationihus
1323 479 1665 553 Hieronymi
1697 480 1878 537 ﬁden—
1909 482 1960 549 Α
1994 485 2149 555 quod
2172 493 2400 544 caetera)
2429 492 2639 563 Ignatii
2671 492 2957 564 epistolm,
2992 509 3140 564 quas
3191 492 3379 550 nostri
3438 494 3644 551 eodem

211 563 464 633 dum,ubi
495 574 796 625 auctcres
829 569 997 641 ipsos
1027 570 1492 642 babemus,quos
1520 571 1693 626 illum
1714 587 1882 626 secu-

219 664 333 714 tum
360 672 489 713 esse
525 665 805 715 constat.
1370 707 1378 713 ,

293 747 365 803 Ad
396 752 536 803 Acta
566 750 860 821 martyrii
884 752 1045 822 quod
1076 751 1434 819 attinet,non
1463 751 1568 807 illa
1599 757 1885 823 suntquae

231 843 388 895 nitate
425 839 481 893 S.
512 839 732 895 Irenaai
768 841 1114 907 exstabant,
1153 843 1256 897 sed
1299 842 1417 897 alia
1469 842 1666 914 plane,
1722 847 1882 897 sexto

237 931 319 986 vel
350 933 595 1003 septimo
628 932 862 988 saeculo
888 933 1108 999 ﬁcta,et
1130 932 1415 989 fabulosis
1444 933 1885 989 narrationibus

235 1029 436 1085 aucta;
493 1022 712 1092 quibus
773 1023 1074 1094 Ignatium
1134 1024 1304 1095 quasi
1338 1024 1399 1079 in
1447 1024 1884 1095 amphitheatro

233 1112 569 1183 loquentem
582 1111 1187 1184 introducunt,quem
1206 1130 1280 1169 ne
1294 1130 1370 1168 un
1383 1129 1483 1168 um
1499 1119 1639 1168 tunc
1656 1112 1887 1167 verbum

232 1201 443 1257 dixisse
490 1201 923 1272 antiquissima
972 1205 1117 1258 Acta
1163 1209 1427 1258 narrant.
1492 1202 1656 1258 Illius
1710 1202 1888 1273 igitur

230 1291 499 1346 Historize
560 1291 851 1347 conditor
907 1293 1235 1348 sententias
1283 1293 1510 1364 Ignatio
1542 1292 1711 1363 quasi
1764 1292 1890 1347 viva

229 1398 361 1437 voce
390 1381 659 1453 prolatas
686 1381 1138 1454 altribuit,quas
1170 1399 1241 1438 ex
1282 1382 1444 1437 illius
1476 1382 1741 1454 epistolis
1764 1382 1885 1453 ipse

226 1472 731 1544 excerpsitridque
770 1489 893 1528 non
922 1479 1150 1529 tantum
1181 1490 1254 1528 ex
1276 1472 1683 1545 genuinis,sed
1707 1472 1884 1526 etiam

225 1577 289 1617 ex
321 1560 749 1619 ﬁctis.Utilluc
771 1562 847 1618 ab
879 1579 949 1617 eo
981 1578 1180 1618 coram
1203 1563 1453 1635 Trajano
1493 1563 1717 1619 dictum
1747 1578 1883 1617 nar-

225 1650 540 1713 rat:'l'ivac
591 1647 651 1706 δὲ
706 1653 871 1723 ἡμῶν
933 1644 1100 1726 ἔγνῶς
1132 1650 1316 1707 στάσιν
1354 1651 1440 1706 καὶ
1472 1650 1717 1723 πόλεμον
1751 1650 1887 1722 ἀγα-

228 1745 482 1810 πῶντας
526 1740 661 1816 οὐχὶ
719 1738 778 1796 δὲ
833 1742 926 1796 καὶ
985 1742 1454 1814 ὑποτασσὸμὲνους
1511 1740 1796 1817 ἄρχουσιν,
1829 1738 1883 1795 ἐν

229 1830 313 1890 ei:
342 1827 639 1892 ἀκίνδυνος
696 1833 732 1900 ἡ
789 1830 1037 1905 ὑποταγή
1070 1849 1083 1899 ;
1137 1835 1313 1889 Vetus
1349 1834 1685 1904 Interpres:
1719 1834 1885 1898 Quem

224 1918 371 1979 enim
417 1925 676 1975 nostrum
722 1919 1031 1990 cognovisti
1086 1920 1285 1977 bellum
1338 1921 1645 1977 meditari?
1691 1927 1742 1975 et
1771 1936 1883 1975 non

213 2012 404 2080 potius
426 2010 710 2079 subjectos
740 2025 849 2065 esse
866 2012 1239 2080 principibus,
1274 2012 1371 2065 ubi
1427 2026 1539 2066 non
1570 2017 1646 2065 est
1668 2013 1886 2081 pericu-

222 2100 336 2155 losa
367 2100 643 2169 subjectio
659 2100 689 2154 γ
703 2098 871 2164 Quod
902 2104 1078 2154 estex
1101 2099 1360 2171 Epistola
1381 2098 1454 2155 ad
1463 2100 1884 2173 fAntiochenos

222 2189 674 2261 depromptum.
738 2189 810 2244 Ut
860 2189 1039 2245 etiam
1091 2191 1311 2245 Menasa
1367 2188 1514 2245 illud
1566 2190 1880 2246 referunt:

221 2277 462 2348 Ἕκραξε
518 2276 615 2331 σὺν
679 2277 830 2349 πόθῳ
887 2275 941 2331 ἐν
988 2278 1135 2350 μέσῳ
1190 2282 1296 2332 τῶν
1326 2274 1610 2332 κινδύνων
1653 2278 1881 2352 Χριστὸν

223 2363 414 2421 διώκω
504 2368 742 2441 χαίρων,
821 2370 1044 2443 Χριστῳ
1127 2365 1594 2442 συνεσταύρωμαι·
1658 2371 1733 2437 ζῶ
1804 2363 1883 2436 δὲ,

224 2454 408 2511 adusti.
477 2458 579 2529 μὲν
638 2456 771 2530 ἐγὼ,
831 2460 897 2529 ζῇ
958 2454 1036 2528 δὲ,
1081 2457 1269 2536 φησὶν,
1309 2455 1360 2511 ἐν
1394 2455 1518 2531 ἐμοὶ
1553 2457 1720 2531 μόνος
1751 2460 1886 2532 Χρι-

230 2545 376 2608 etde.
406 2548 690 2604 Clamavit
725 2564 849 2603 cum
890 2548 1163 2604 desiderio
1215 2551 1272 2603 in
1329 2549 1521 2603 mediis
1568 2548 1834 2618 periculis
1862 2565 1884 2602 :

230 2656 263 2688 κ
292 2637 577 2693 Christum
609 2637 855 2707 gaudens
882 2639 1139 2706 insequor
1157 2654 1179 2701 ;
1197 2653 1320 2692 cum
1343 2636 1562 2692 Christo
1592 2639 1887 2705 cruci/ianus

230 2741 349 2782 cum
367 2745 389 2791 ;
411 2728 538 2782 uiro
569 2734 754 2781 autem
781 2728 907 2798 jam
937 2742 1047 2781 non
1077 2742 1173 2796 ego
1198 2744 1212 2792 ;
1244 2727 1380 2781 vivit
1410 2742 1537 2781 vero
1579 2728 1637 2781 in
1662 2742 1767 2793 me,
1798 2728 1889 2780 in-

239 2818 383 2887 quit,
413 2817 560 2871 solus
593 2816 843 2871 Christus
866 2815 958 2883 ’.⁸,
990 2837 1018 2865 υ
1050 2832 1119 2871 ex
1148 2815 1506 2886 interpolata
1535 2815 1786 2887 epistola
1814 2815 1888 2871 ad

241 2905 551 2959 Romanos.
586 2904 752 2959 Talia
783 2921 903 2960 non
937 2921 1124 2977 pauca
1178 2905 1539 2976 posteriores
1604 2907 1887 2961 Actorum

235 2996 754 3050 consarcinatores
785 2995 1011 3066 lgnatio
1043 2995 1393 3062 attribuunt,
1426 2996 1594 3065 quasi
1629 2996 1701 3051 ab
1732 3012 1801 3050 eo
1823 2995 1885 3049 in

230 3082 357 3154 ipsa
384 3083 571 3139 veluti
605 3100 792 3139 arena
822 3085 1218 3154 pronuntiata,
1252 3100 1385 3155 quas
1416 3085 1529 3156 ipsi
1578 3100 1883 3155 nunquam

228 3172 386 3229 fama
402 3176 690 3244 tanquam
712 3174 988 3245 martyris
1004 3174 1500 3245 apophthegmata
1513 3179 1883 3245 acceperant,

230 3265 332 3320 sed
363 3282 435 3319 ex
460 3264 758 3336 epistolis,
813 3264 1019 3334 quales
1076 3281 1183 3319 suo
1224 3282 1344 3321 aevo
1376 3265 1749 3333 exstiterunt,
1783 3264 1882 3320 de-

228 3354 864 3427 sumpserant.Eodem
892 3354 1069 3427 igitur
1093 3354 1268 3411 modo
1301 3356 1427 3412 huic
1457 3356 1734 3427 martyris
1756 3372 1887 3410 sen-

228 3446 440 3511 tentia,
470 3460 654 3515 quam
684 3445 949 3498 lrenaaus
981 3444 1199 3509 citavit,
1247 3445 1308 3498 in
1343 3445 1503 3500 Actis
1524 3442 1890 3515 aliquotsai-

230 3534 381 3588 culis
398 3539 613 3605 postea
635 3531 1051 3604 conscriptis,a
1080 3533 1560 3589 consarcinatore
1584 3533 1804 3606 Ignatio
1826 3534 1888 3587 in

233 3630 502 3678 extremo
535 3638 724 3694 agone
758 3621 1184 3681 tribuitur.non
1216 3640 1286 3678 ex
1316 3622 1487 3687 fama,
1519 3640 1636 3677 non
1685 3640 1753 3677 ex
1785 3639 1891 3678 an-

230 3711 600 3782 tiquioribus
630 3712 812 3778 Actis,
846 3712 913 3765 in.
939 3711 1155 3783 quibus
1194 3728 1316 3767 non
1357 3716 1624 3784 apparet,
1666 3711 1770 3767 sed
1817 3728 1890 3767 ex

232 3800 492 3872 epistola
519 3798 597 3855 ad
632 3802 931 3855 Romanos
952 3800 1323 3872 deprompta,
1354 3806 1412 3855 et
1444 3800 1516 3855 ad
1560 3817 1689 3855 rem
1739 3817 1891 3871 prte-

234 3898 470 3944 sentem
503 3888 801 3960 applicata
836 3907 850 3955 ;
884 3889 1041 3943 unde
1073 3896 1279 3960 postea
1300 3891 1509 3960 Symeo
1544 3889 1891 3959 Logothetes

233 3977 371 4033 huic
388 3977 708 4032 sententia:
730 3977 846 4032 alia
870 3994 940 4031 ex
966 3977 1171 4032 eadem
1195 3978 1442 4049 epistola
1462 3977 1884 4049 superaddidit,

236 4069 402 4137 quasi
436 4067 652 4123 eodem
685 4072 948 4138 tempore
978 4067 1229 4139 prolata,
1254 4066 1392 4120 ὥστε
1421 4068 1555 4120 Θεοῦ
1586 4063 1889 4139 ἐπιτυχεῖν,

240 4162 299 4211 et
325 4155 497 4227 οὗπερ
528 4153 813 4229 épc'o.Cum
838 4156 1018 4228 igitur
1048 4157 1342 4213 sententia
1365 4157 1437 4211 ab
1464 4157 1688 4211 Irenaeo
1714 4157 1893 4211 citata

241 4247 304 4301 in
333 4246 591 4318 epistola
620 4246 696 4301 ad
726 4249 1023 4302 Romanos
1052 4252 1402 4313 exstet,cum
1425 4246 1597 4301 nulla
1627 4261 1891 4316 unquam

242 4336 678 4391 vetustissimos
721 4335 1041 4406 scriptores
1089 4336 1654 4407 apophthegmatum
1684 4335 1893 4408 lgnatii

243 4425 397 4496 apud
430 4423 658 4480 mentio
688 4423 843 4480 facta
861 4425 959 4492 sit,
977 4430 1035 4480 et
1057 4424 1571 4497 apophthegmatis
1597 4425 1894 4480 nomenin

246 4514 351 4570 hac
369 4532 431 4571 re
464 4533 501 4571 a
528 4515 783 4570 Maximo
815 4515 890 4571 ad
922 4516 1203 4586 effugium
1235 4532 1406 4571 suum
1442 4515 1892 4572 tutandumtam

250 4603 565 4661 infeliciter
580 4605 977 4678 excogitatum
996 4605 1231 4675 sit,cum
1248 4606 1666 4676 antiquissima
1683 4611 1895 4676 marty-
1926 4585 1970 4651 ι)

249 4695 321 4750 rii
341 4697 633 4770 lgnatiani
655 4699 801 4753 Acta
819 4713 929 4752 nec
969 4696 1123 4753 hanc
1159 4713 1272 4753 nec
1327 4697 1585 4753 similem
1634 4697 1897 4768 aliquam

252 4785 603 4841 sententiam
621 4785 1565 4856 commemoraverint,posteriora
1575 4791 1770 4841 autem
1792 4788 1894 4839 Ac-

255 4876 310 4929 ta
328 4874 660 4930 sententias
689 4891 761 4930 ex
789 4875 1060 4945 epistolis
1080 4880 1204 4929 tum
1230 4875 1528 4946 genuinis,
1557 4879 1685 4929 tum
1707 4875 1893 4929 inter-

253 4962 615 5033 polatis,tum
633 4965 812 5019 etiam
828 4964 982 5020 fictis
1003 4964 1579 5036 excerpserintquas
1593 4962 1889 5020 sanctissi~

254 5068 347 5109 mo
369 5055 650 5127 martyris
675 5054 763 5109 ori
788 5056 852 5109 in
883 5054 1012 5125 ipso
1042 5070 1229 5127 agone
1250 5054 1893 5124 insererent,‘frivolum

253 5150 301 5197 et
325 5145 568 5214 ineptum
596 5150 696 5213 est,
727 5159 860 5200 eam
882 5143 1239 5200 sententiam
1275 5143 1350 5198 ab
1398 5144 1622 5198 lrmneo
1667 5141 1893 5198 aliunde

256 5247 415 5302 quam
441 5250 512 5289 ea:
540 5236 645 5289 hac
678 5236 799 5304 ipsa
827 5232 1067 5304 epistola
1095 5235 1322 5289 citatam
1352 5248 1459 5289 esse
1486 5231 1779 5287 hariolari.

320 5323 589 5396 Confugit
616 5324 798 5396 igitur
816 5323 903 5379 vir
950 5321 1329 5379 doctissimus
1357 5322 1433 5379 ad
1476 5328 1890 5394 argumentum

253 5415 897 5487 negativum,tanquam
919 5412 996 5470 ad
1016 5413 1246 5487 asylum
1269 5412 1890 5476 tutissimum,asserit~

252 5518 359 5572 que
386 5505 681 5560 liensum
708 5504 826 5561 hac
855 5503 1023 5558 verba
1050 5518 1150 5558 nec
1193 5500 1484 5573 sumpsisse
1537 5517 1637 5557 nec
1682 5518 1892 5557 sumere

243 5593 477 5662 potuisse
496 5610 568 5649 ex
596 5593 707 5649 hac
738 5591 994 5666 epistola
1027 5591 1105 5649 ad
1134 5593 1450 5658 Ramnes,
1500 5590 1653 5663 quod
1679 5606 1744 5648 ea
1773 5593 1891 5647 Ire-

246 5696 363 5738 naeo
394 5686 592 5761 ignota
621 5685 795 5751 fuerit
823 5702 842 5746 ,-
873 5682 1135 5755 ignotam
1167 5686 1369 5738 autem
1402 5681 1453 5737 ei
1493 5681 1648 5742 hanc
1676 5680 1886 5748 fuisse,

320 5799 389 5857 ιβ
418 5802 543 5872 Gal,
580 5803 665 5877 ιο,
696 5804 786 5858 :0.

1988 593 2122 631 cum
2152 579 2262 634 hoc
2282 580 2580 636 volumine
2608 598 2642 637 a
2678 582 3005 654 Polycarpo
3029 582 3307 638 collectas
3331 589 3389 638 et
3411 584 3646 641 ordina-

1990 671 2078 720 tas
2108 667 2389 738 fatentur,
2424 671 2648 725 Irenaeo
2707 671 2924 742 ignotas
2982 671 3223 727 fuerint.
3286 674 3541 728 Caeteras
3593 674 3647 729 ei
3689 680 3696 690 ‘

1989 756 2161 828 plane
2194 759 2424 831 ignotas
2454 761 2638 816 fuisse
2666 762 2776 817 hoc
2827 768 3176 835 argumento
3212 764 3404 834 capite
3436 764 3646 834 quinto

1948 918 1953 922 ι
1990 849 2241 921 probare
2276 853 2813 907 conaturJrenzeus
2835 848 3148 908 haereticos
3181 860 3316 908 ante
3344 870 3405 907 se
3438 870 3645 908 omnes

1992 940 2360 1011 argumentis
2385 957 2453 994 ex
2479 941 2797 997 traditione
2819 948 2877 996 et
2910 942 3248 996 testimonio
3279 943 3474 997 ductis
3498 944 3648 998 refu-

1991 1033 2095 1083 tat.
2132 1030 2279 1084 Sunt
2308 1036 2504 1084 autem
2541 1030 2601 1084 in
2635 1030 2901 1102 epistolis
2934 1032 3143 1103 lgnatii
3179 1032 3307 1086 loca
3337 1032 3647 1104 quamplu-

1992 1118 2141 1172 rima
2171 1118 2242 1172 ad
2277 1119 2418 1173 illud
2456 1126 2874 1190 argumentum
2942 1120 3456 1175 luculentissima:
3520 1122 3645 1176 haec

1990 1209 2119 1266 fuse
2147 1226 2251 1264 suo
2286 1226 2448 1264 more
2477 1209 2705 1280 probat.
2743 1209 2960 1265 Habuit
2990 1211 3168 1282 igitur
3220 1227 3460 1265 causam
3512 1210 3645 1264 ido—

1991 1315 2167 1355 neam
2194 1304 2251 1354 et
2273 1316 2422 1371 pene
2445 1300 2845 1354 necessariam
2869 1316 2938 1354 ea
2958 1300 3087 1355 loca
3109 1317 3178 1355 ex
3205 1300 3471 1371 epistolis
3494 1300 3642 1355 reci-

1992 1389 2272 1455 tandi,vel
2296 1407 2439 1445 sane
2464 1389 2867 1444 indicandi.At
2884 1405 2980 1444 eas
3003 1406 3076 1444 ne
3092 1406 3207 1444 uno
3229 1389 3401 1444 verbo
3418 1405 3639 1444 memo-

1990 1479 2345 1547 ravissemec
2360 1479 2602 1533 omnino
2614 1484 2762 1533 nutu
2777 1478 2925 1551 signi
2937 1480 3140 1533 ﬂcasse
3153 1478 3641 1550 deprehenditur:

1991 1570 2111 1625 imo
2143 1585 2217 1623 ne
2238 1585 2423 1624 unum
2458 1585 2528 1623 ex
2554 1569 2626 1624 iis
2660 1568 2942 1639 p5.Plane
2976 1584 3111 1639 ergo
3144 1584 3242 1623 eas
3270 1568 3576 1640 ignoravit.

2061 1658 2335 1723 Quamvis
2356 1658 2529 1713 facile
2553 1664 2612 1712 et
2626 1658 2882 1713 breviter
2901 1658 3335 1729 respondeatur
3347 1656 3642 1712 celebrem

1990 1750 2347 1804 sententiam
2379 1765 2451 1805 ex
2484 1748 2736 1820 epistola
2766 1748 2838 1803 ad
2872 1749 3169 1803 Romanos
3191 1747 3264 1803 ab
3288 1751 3512 1801 Irenaeo
3537 1746 3641 1802 ad-

1915 1854 1964 1921 B
1995 1840 2231 1896 ductam
2264 1856 2415 1908 esse,
2449 1840 2626 1910 idque
2654 1839 2836 1894 fuisse
2878 1838 2950 1893 ab
2982 1837 3233 1893 Eusebio
3265 1836 3642 1892 observatum

1995 1946 2114 1985 non
2145 1929 2348 1993 semel,
2374 1939 2433 1984 et
2462 1946 2496 1984 a
2526 1928 2731 1984 multis
2762 1928 2894 1983 aliis
2927 1928 3104 1982 etiam
3146 1927 3432 1999 agnitum,
3465 1940 3576 1981 nec
3608 1941 3643 1980 a

1993 2019 2271 2092 quopiam
2296 2024 2432 2075 ante
2451 2019 2561 2074 hoc
2589 2018 2872 2074 saeculum
2901 2022 3243 2090 negatum,a
3261 2016 3433 2071 nobis
3460 2014 3637 2070 etiam

1992 2110 2307 2182 probatum
2341 2115 2518 2181 atque
2550 2109 2968 2165 conﬁrmatum
2997 2124 3009 2174 ;
3042 2123 3148 2162 nec
3189 2107 3501 2171 Irenzeum,
3536 2103 3637 2174 qui

1993 2200 2147 2255 hanc
2175 2199 2247 2254 ad
2273 2202 2569 2255 Romanos
2601 2198 2913 2270 epistolam
2945 2196 3127 2263 novit,
3153 2200 3395 2251 caeteras
3426 2193 3634 2248 eodem

1993 2288 2288 2344 volumine
2320 2289 2780 2360 comprehensas
2803 2292 2860 2339 et
2883 2286 3185 2357 Polycarpi
3217 2283 3483 2356 epistolae
3507 2282 3642 2338 sub-

1985 2379 2179 2451 jectae
2207 2378 2479 2451 ignorare
2538 2376 2835 2449 potuisse;
2869 2376 3059 2431 multa
3117 2380 3317 2429 tamen
3343 2372 3441 2428 hic
3475 2388 3644 2444 repo-

1994 2468 2191 2525 nenda
2220 2473 2380 2524 sunt.
2412 2473 2559 2524 Cum
2593 2467 2751 2522 enim
2783 2482 2999 2535 magna
3048 2464 3355 2537 diligentia
3403 2479 3545 2518 usus
3566 2461 3644 2517 sit

1994 2560 2082 2613 vir
2110 2558 2511 2627 doctissimus,
2542 2562 2609 2613 ut
2639 2557 2791 2611 nihil
2824 2560 3025 2624 ageret
3056 2571 3068 2609 :
3112 2571 3216 2628 ego
3272 2569 3392 2608 non
3420 2551 3636 2607 minori

1995 2648 2140 2704 mihi
2168 2648 2456 2702 utendum
2486 2652 2648 2719 puto,
2678 2651 2745 2700 ut
2777 2662 2909 2699 eum
2941 2644 3091 2698 nihil
3140 2645 3327 2716 egisse
3360 2641 3637 2697 omnibus

1997 2736 2763 2809 appareat.Sepositaigitur
2782 2734 3317 2805 impraesentiarum
3337 2731 3439 2784 illa
3460 2729 3637 2784 unica

1996 2827 2313 2895 sententia,
2344 2826 2485 2881 licet
2516 2826 2773 2880 Irénazus
2798 2824 2925 2878 loca
2948 2821 3111 2877 nulla
3165 2821 3238 2875 ad
3294 2819 3634 2875 institutum

1997 2923 2331 2991 opportuna
2360 2934 2430 2972 ex
2458 2915 2682 2989 Ignatio
2720 2913 2987 2969 citaverit
3042 2910 3473 2966 intimaveritve
3501 2926 3513 2975 ;
3549 2913 3635 2964 ta-

1996 3023 2134 3063 men
2165 3004 2726 3075 nonfindesequitur
2746 3002 3027 3073 epistolas
3046 3000 3131 3054 illi
3154 3000 3338 3054 fuisse
3365 2999 3618 3071 ignotas:

1996 3113 2189 3169 neque
2214 3095 2504 3151 Dallzeana
2526 3099 2873 3163 argumenta
2928 3089 3286 3162 persuadent
3342 3089 3634 3143 lrenmum

2000 3186 2334 3241 necessario
2393 3185 2480 3240 uti
2538 3182 2792 3239 voluisse
2834 3181 3050 3237 talibus
3083 3178 3458 3245 testimoniis,
3491 3176 3539 3232 si
3584 3176 3635 3230 ei

1999 3275 2233 3347 cognita
2259 3273 2662 3329 fuissent.lmo
2693 3270 2880 3327 multo
2902 3268 3281 3324 verisimilius
3312 3273 3403 3323 est
3430 3284 3641 3338 suppo-

1997 3367 2108 3422 sito
2142 3363 2299 3435 quod
2337 3363 2636 3437 lgnatiana
2685 3361 2737 3415 ei
2794 3360 3051 3415 fuissent
3090 3356 3516 3429 cognitissima,
3573 3359 3640 3409 ut

1996 3455 2180 3511 nos*ri
2212 3452 2585 3510 afﬁrmantsi
2615 3450 2913 3507 scribendi
2946 3448 3187 3503 modum
3220 3446 3291 3501 ab
3324 3463 3392 3501 eo
3423 3445 3637 3499 obser-

1996 3549 2191 3599 vatum
2226 3548 2579 3615 spectemus.
2607 3556 2640 3594 a
2661 3536 3093 3594 sententiarum
3119 3534 3495 3606 excerptione
3517 3531 3639 3587 abs-

2000 3634 2189 3689 tinere
2221 3633 2417 3704 potius
2449 3625 3238 3698 voluisse,quemadmodum
3270 3638 3475 3677 revera
3509 3621 3639 3675 abs-

1995 3722 2246 3779 tinuisse
2278 3722 2514 3775 dicitur.

2068 3811 2339 3880 Quinque
2371 3809 2556 3863 libros
2583 3808 2865 3863 adversus
2895 3807 3154 3859 haareses
3179 3800 3414 3871 scripsit
3435 3800 3487 3854 S.
3533 3798 3644 3851 Ire-

1996 3916 2160 3955 naaus
2193 3915 2335 3953 sane
2366 3898 2831 3969 prmclarosmon
2859 3893 3066 3948 eodem
3100 3897 3364 3961 tempore
3381 3893 3643 3943 autcon—

2000 3989 2185 4057 tinuo,
2219 3993 2284 4042 ut
2313 4004 2382 4041 ex
2416 3982 2863 4058 praefationibus
2894 3978 3410 4036 videtur.Tertium
3441 3980 3640 4030 autem

1998 4079 2212 4135 librum
2240 4078 2461 4133 scimus
2491 4075 2600 4130 sub
2634 4071 2935 4128 Eleutheri
2966 4069 3315 4140 pontiﬁcatu
3353 4065 3638 4136 scriptum

1996 4168 2179 4223 fuisse
2216 4182 2430 4236 ;quem
2463 4181 2596 4220 cum
2633 4167 2697 4217 15
2729 4177 2919 4216 annos
2951 4157 3174 4213 sedisse
3207 4155 3468 4211 scribant
3490 4158 3645 4208 vete—

1998 4274 2116 4324 res,
2148 4257 2305 4312 circa
2331 4271 2507 4326 quem
2534 4268 2755 4308 annum
2790 4250 3007 4305 librum
3041 4263 3173 4302 eum
3208 4243 3513 4317 scripserit
3536 4244 3645 4297 Ire-

2000 4365 2186 4413 naeus,
2219 4345 2485 4401 nondum
2509 4346 2880 4415 compertum
2911 4346 3021 4396 est.
3084 4339 3251 4394 Circa
3307 4332 3643 4407 posteriora

2001 4436 2301 4493 Eleutheri
2336 4439 2602 4506 tempora
2633 4433 2858 4488 editum
2892 4429 3075 4486 fuisse
3129 4428 3348 4483 librum
3405 4423 3645 4480 tertium

2002 4544 2104 4600 ego
2136 4543 2255 4581 non
2288 4523 2514 4590 dubito,
2547 4539 2681 4579 cum
2725 4523 2905 4577 etiam
2937 4520 3156 4592 primo,
3190 4532 3368 4589 quem
3400 4513 3474 4569 ad
3505 4528 3641 4567 eum

2005 4617 2098 4671 cui
2157 4631 2303 4686 opus
2362 4628 2534 4668 suum
2592 4611 2905 4677 dedicavit,
2964 4609 3165 4680 aliquo
3213 4611 3350 4662 ante
3380 4610 3643 4674 tempore

2007 4706 2258 4761 missum
2289 4703 2471 4758 fuisse
2505 4718 2574 4757 ex
2606 4701 2731 4773 ipso
2764 4700 3003 4763 scimus,
3038 4697 3473 4752 Encratitarum
3523 4692 3644 4746 11113-

2003 4795 2182 4849 resim
2214 4792 2713 4861 describat,quam
2738 4790 2926 4862 primo
2951 4805 2983 4844 a
3003 4788 3248 4844 Tatiano
3272 4784 3643 4853 acceperant.

2001 4883 2313 4940 Tatianum
2370 4887 2568 4936 autem
2615 4880 2741 4952 ipse
2804 4879 3087 4944 affirmat,
3144 4875 3270 4929 vivo
3328 4871 3519 4927 adhuc
3544 4868 3644 4923 Ju-

2002 4974 2179 5034 stino,
2207 4970 2370 5027 nulla
2400 4969 2677 5025 haeretica
2698 4968 2968 5023 doctrina
2987 4965 3267 5020 infectum
3301 4957 3650 5015 fuisse.Post

2002 5062 2353 5134 martyrium
2381 5059 2595 5116 Justini
2644 5058 2715 5113 ab
2746 5055 3011 5111 Ecclesia
3060 5052 3325 5114 recessit,
3386 5053 3463 5115 et,
3496 5050 3644 5099 teste

2000 5152 2351 5225 Epiphanio,
2383 5150 2445 5203 in
2476 5148 2778 5203 Orientem
2835 5160 2895 5200 se
2930 5141 3200 5207 contulit,
3234 5138 3332 5193 ubi
3365 5134 3643 5192 haeresim

2000 5241 2216 5314 partim
2248 5257 2319 5294 ex
2350 5236 2648 5294 Saturnini
2682 5241 2741 5289 et
2773 5232 3081 5288 Marcionis
3130 5227 3381 5301 placitis,
3426 5225 3643 5297 partim

2003 5348 2072 5387 ex
2094 5327 2384 5385 Valentini
2409 5322 2882 5385 deliriis.additis
2904 5321 3079 5376 etiam
3094 5320 3166 5375 de
3190 5334 3296 5374 suo
3319 5314 3640 5387 aliquibus,

2001 5419 2297 5477 conﬂavit.
2331 5418 2412 5471 Ex
2443 5432 2511 5469 eo
2542 5414 2858 5469 Encratitm
2890 5411 3035 5480 nati,
3069 5416 3126 5465 et
3156 5409 3217 5464 in
3258 5406 3639 5464 Occidentem

2001 5511 2178 5566 etiam
2203 5501 2710 5569 disseminati,sub
2736 5503 2924 5557 Marco
2954 5498 3251 5556 Antonino
3274 5498 3645 5555 innotescere

1999 5602 2062 5658 in
2093 5597 2281 5656 Gallia
2309 5612 2431 5653 non
2469 5598 2829 5667 potuerunt;
2868 5606 3063 5664 neque
3092 5592 3353 5647 Irenaaus
3386 5587 3501 5645 nisi
3535 5584 3644 5643 sub
