3990 6136
302 316 420 376 159

1346 317 1413 378 S.
1460 312 1859 377 IGNATIUS.
1906 343 1987 360 --
2027 312 2653 377 PROLEGOMENA.

3599 319 3717 380 160

298 450 643 515 Commodo,
677 455 736 505 et
764 449 1104 517 adultojam
1126 449 1426 505 Eleutheri
1458 448 1945 521 pontiﬁcatu,eos
1975 456 2032 517 Α
2064 455 2277 511 verunt,
2314 454 2459 503 etex
2488 449 2778 505 diametro
2801 457 3068 524 pugnant
3095 468 3231 507 cum
3262 452 3336 506 iis
3361 469 3492 523 quas
3511 470 3545 508 a
3571 456 3720 509 Mar-

300 550 419 598 tam
452 541 729 615 graphice
764 539 1084 611 depingere
1106 540 1661 611 potuit.Quinetiam
1693 538 1950 594 Theodo-

306 635 485 689 tionis
515 631 844 685 versionem
897 634 1190 685 memorat
1249 630 1349 684 lib.
1407 646 1489 693 ιιι,
1525 648 1653 701 cap.
1699 631 1787 695 24,
1848 630 1947 700 qui

305 724 498 797 primo
531 719 591 774 ἐκ
643 726 742 786 τῆς
798 715 1066 795 διαδνιχῆς
1130 717 1455 790 Μαρκίωνος
1500 725 1643 787 erat,
1679 736 1709 775 e
1741 720 1949 775 castris

305 810 784 867 Marcionitarum
836 809 910 863 ad
964 806 1270 862 Ebionaaos
1331 808 1664 880 transfugit,
1727 814 1945 863 etcum

307 902 695 958 circumcisus
728 904 901 965 esset,
934 896 1192 968 linguam
1230 897 1535 953 Hebrmam
1558 898 1800 965 didicit;
1832 916 1949 953 ver-

307 992 536 1047 sionem
570 988 796 1043 Veteris
824 988 1180 1043 Testamenti
1217 987 1455 1043 tandem
1494 989 1834 1055 elaboravit,
1871 995 1947 1054 et,

305 1086 453 1136 teste
486 1077 835 1150 Epiphanio,
860 1077 969 1132 sub
1000 1078 1320 1133 Commodo
1354 1080 1709 1150 imperatore
1743 1079 1946 1134 edidit.

303 1170 539 1226 Priores
592 1168 770 1239 igitur
828 1172 946 1221 tres
978 1166 1162 1222 libros
1207 1168 1316 1222 sub
1359 1169 1673 1223 Eleutliero
1707 1169 1948 1239 quidem

306 1261 557 1332 scriptos
584 1263 834 1325 constat,
865 1257 967 1313 sed
999 1263 1271 1331 vergente
1287 1260 1414 1329 jam
1448 1259 1521 1313 ad
1578 1259 1758 1315 tinem
1820 1260 1950 1331 ejus

304 1349 653 1424 pontiﬁcatu
674 1364 689 1414 ;
712 1347 973 1418 reliquos
1001 1353 1101 1402 aut
1126 1347 1234 1401 sub
1257 1346 1713 1419 Eleutherojam
1738 1363 1954 1402 exeun-

304 1448 385 1509 te,
416 1446 517 1497 aut
548 1438 657 1494 sub
695 1438 940 1492 ineunte
967 1437 1198 1492 Victore
1233 1444 1502 1493 exaratos
1523 1444 1706 1510 patet.

375 1531 564 1595 Quare
597 1533 731 1582 ante
783 1528 1075 1581 Irenaeum
1126 1527 1418 1598 scripsere
1462 1528 1565 1581 viri
1601 1528 1661 1582 in
1692 1527 1955 1583 Ecclesia

301 1615 1333 1686 celeberrimi,Barnabas.Clemens,
1369 1618 1634 1686 Hermas,
1668 1618 1949 1690 Ignatius,

306 1706 926 1780 Polycarpus,Papias,
959 1706 1310 1773 Quadratus,
1344 1706 1656 1772 Aristides,
1678 1708 1953 1779 Agrippa,

2062 538 2230 593 cione
2253 538 2642 603 dicebantur;
2676 540 2864 595 multa
2894 556 3024 610 qua)
3051 541 3123 597 ad
3155 558 3320 596 suam
3346 545 3545 613 γνῶσιν
3569 559 3715 615 gno-

2061 628 2394 697 stirumque
2412 628 2681 683 trahebat
2698 629 2969 685 Clemens
2986 631 3418 686 Alexandrinus
3431 633 3715 688 adversus

2061 717 2195 771 illos
2228 717 2325 787 qui
2380 717 2484 769 ἀπὸ
2538 713 2897 789 ψευδωνὺμου
2957 720 3211 791 γνώσεως
3258 724 3507 787 gnostici
3551 724 3713 778 dice-—

2060 806 2296 862 bantur.
2333 807 2660 870 Quadratus
2689 808 2946 863 Adriano
2970 811 3233 881 porrexit
3254 811 3469 865 librum
3506 830 3610 882 pro
3628 831 3716 868 re-

2062 897 2277 968 ligione
2304 904 2505 952 nostra
2535 898 2953 969 compositum,
2974 896 3021 968 ἐξ
3057 898 3118 951 οὗ
3139 895 3378 952 κατιδεῖν
3409 896 3549 953 ἔστιν
3593 899 3713 973 λαμ

2060 985 2171 1057 ττρὰ
2190 986 2464 1058 τεκμήρια
2494 992 2594 1054 τῆς
2646 1006 2705 1039 τε
2736 990 2833 1040 τοῦ
2887 982 3079 1059 ἀνδρὸς
3140 983 3403 1056 διανοίας,
3447 990 3537 1043 καὶ
3580 989 3713 1044 ἀπο-

2061 1080 2325 1142 στολικῆς
2363 1074 2715 1149 draco-topia;
2744 1081 2809 1131 ut
2839 1077 3103 1147 loquitua
3134 1079 3445 1143 Eusebius,
3509 1081 3713 1135 librum

2060 1166 2220 1219 valde
2249 1164 2445 1219 utilem
2459 1166 2797 1236 plenumque
2826 1169 3061 1223 rationis
3079 1173 3127 1221 et
3146 1169 3295 1238 fidei.
3329 1176 3382 1224 ct
3403 1172 3716 1240 apostolica

2061 1257 2315 1311 doctrina
2358 1254 2610 1325 dignum,
2663 1261 2808 1311 teste
2854 1257 3235 1327 Hieronymo.
3289 1260 3363 1311 At
3417 1259 3714 1329 quidquid

2062 1345 2197 1401 ﬁdei
2233 1350 2291 1399 et
2321 1344 2606 1399 doctrina:
2640 1345 2980 1416 apostolicae
3014 1346 3211 1415 fuit,id
3236 1364 3410 1402 omne
3444 1348 3518 1403 ad
3550 1349 3718 1403 refu-

2063 1434 2277 1490 tandus
2310 1434 2644 1489 irenasanos
2669 1435 2982 1491 haereticos
3013 1453 3131 1492 non
3164 1437 3356 1508 potuit
3380 1442 3517 1505 inon
3575 1455 3710 1494 esse

2059 1523 2205 1578 utile
2238 1528 2298 1577 et
2328 1523 2640 1589 idoneum;
2664 1525 2992 1596 praesertim
3026 1544 3160 1581 cum
3180 1527 3363 1584 fuerit
3382 1528 3453 1582 ab
3486 1544 3553 1583 eo
3571 1529 3720 1583 scri-

2059 1617 2251 1685 ptum,
2286 1612 2386 1683 qui
2412 1612 2687 1684 plurimos
2717 1630 2751 1668 a
2779 1629 2834 1668 se
2855 1616 3125 1686 visos.qui
3147 1618 3244 1671 sub
3277 1618 3504 1671 Domino
3532 1619 3718 1672 variis

2062 1704 2117 1757 in
2146 1702 2345 1758 Iudaea
2373 1705 2618 1772 oppressi
2670 1702 3080 1760 calamitatibus
3136 1709 3323 1761 sanati
3376 1709 3622 1775 fuerant,
3657 1713 3718 1762 et

311 1800 536 1864 Castor,
566 1795 855 1863 Justinus,
888 1795 1104 1862 Melito,
1138 1796 1953 1869 Athenagoras,Theophilus,
1990 1812 2034 1876 Β
2063 1793 2162 1861 qui
2187 1808 2221 1846 a
2250 1793 2482 1847 mortuis
2511 1802 2950 1863 resurrearerunt,
2980 1801 3084 1850 aut
3113 1795 3324 1852 soltem
3375 1813 3481 1851 sua
3536 1801 3721 1851 aetate

308 1886 625 1958 Dionysius
656 1884 1952 1960 Corinthiorum,Apollinarius,Hierapolita-

309 1992 442 2032 rum
506 1976 839 2047 episcopus,
907 1979 966 2029 et
1022 1975 1387 2046 Hegesippus
1422 1993 1437 2042 ;
1477 1977 1737 2031 Irenaaus
1779 1976 1957 2049 igitur

309 2068 551 2124 omnium
609 2064 991 2120 doctrinarum
1044 2064 1443 2121 curiosissimus
1499 2067 1841 2137 explorator,
1893 2073 1959 2122 ut

312 2173 450 2212 eum
481 2153 742 2227 appellat
770 2153 1414 2226 Tertullianus,scripta
1444 2156 1657 2211 horum
1688 2158 1955 2212 omnium

311 2246 534 2317 optime
567 2244 730 2299 novit
762 2262 775 2311 ;
808 2243 1263 2311 saltem,Dallaeo
1295 2244 1537 2308 fatente,
1568 2246 1695 2300 sine
1726 2263 1841 2316 quo
1872 2264 1959 2303 ar-

311 2333 575 2409 gumenti
608 2333 859 2406 negativi
891 2332 975 2388 vis
1006 2333 1253 2389 omnino
1280 2334 1463 2395 nulla.
1481 2334 1592 2390 hoc
1622 2352 1958 2407 supponere

303 2426 440 2497 jure
466 2425 882 2497 possumus.At
912 2440 980 2478 ex
1010 2423 1102 2478 his
1135 2423 1365 2495 aliquot
1385 2423 1458 2478 ab
1494 2426 1718 2479 Irenaeo
1742 2425 1957 2481 nullibi

315 2515 738 2578 nominantur;
773 2512 954 2568 nulla:
979 2529 1045 2567 ex
1066 2512 1185 2567 illis
1209 2514 1520 2569 sententia:
1539 2520 1956 2585 excerpuntur,

314 2608 373 2658 et
402 2603 476 2657 ad
510 2602 916 2657 testimonium
975 2602 1255 2657 adversus
1307 2601 1615 2657 haereticos
1646 2602 1957 2659 ferendum

308 2692 689 2748 adhibentur.
752 2692 965 2757 Quales
1023 2698 1162 2747 sunt
1223 2691 1542 2751 Barnabas.
1600 2692 1954 2757 Quadratus.

308 2783 617 2847 Aristides,
654 2783 928 2854 Agrippa,
969 2782 1187 2846 Melite,
1212 2783 1635 2854 Athenagoras,
1668 2784 1957 2855 Theophi-

309 2874 424 2936 lus,
458 2872 789 2942 Dionysius,
843 2873 1203 2944 Hegesippus
1238 2888 1250 2925 :
1287 2888 1537 2926 numero
1571 2877 1729 2927 certe
1760 2873 1957 2944 plures

314 2979 491 3034 quam
524 2962 624 3032 qui
650 2961 722 3015 ab
756 2978 824 3015 eo
884 2961 1288 3015 nominantur.
1322 2963 1409 3015 An
1445 2961 1552 3016 hos
1577 2978 1785 3016 omnes
1824 2962 1957 3018 ideo

311 3052 531 3107 Irenaeo
562 3049 897 3120 incognitos
929 3048 1108 3103 fuisse
1159 3047 1377 3117 dicent,
1425 3049 1583 3120 quod
1632 3050 1705 3105 ab
1746 3051 1847 3106 illo
1897 3052 1958 3107 in

2064 1881 2452 1952 superfuisse,
2487 1885 2734 1937 testatus
2768 1888 2875 1938 est.
2936 1884 3103 1949 Quod
3153 1886 3328 1941 etiam
3384 1886 3606 1957 pariter
3635 1885 3718 1941 de

2064 1969 2319 2025 Aristide
2352 1970 2862 2043 sentiendum,qui
2896 1978 3043 2028 teste
3077 1975 3722 2046 Hieronymo,volumen

2064 2062 2241 2116 nostri
2269 2059 2543 2129 dogmatis
2573 2064 2846 2117 rationem
2895 2066 3181 2118 continens
3240 2065 3424 2118 eodem
3474 2072 3723 2134 tempore

2064 2167 2170 2223 quo
2202 2156 2251 2205 et
2282 2151 2599 2215 Quadratus
2630 2151 2882 2207 Adriano
2902 2154 3151 2224 principi
3172 2154 3517 2219 dedit.Quod
3549 2155 3719 2210 enim

2064 2241 2250 2296 nostri
2280 2240 2571 2313 dogmatis
2593 2241 2883 2297 rationem
2910 2245 3194 2312 continet,
3212 2244 3599 2301 fundamenta
3621 2261 3726 2299 eo-

2064 2347 2195 2385 rum
2220 2330 2629 2385 haareticorum
2656 2333 2989 2387 necessario
3013 2334 3408 2390 evertit.ldem
3433 2335 3611 2388 etiam
3640 2335 3722 2390 de

2062 2419 2606 2491 Apollinario,Asiaa
2626 2421 3065 2492 Hierapolitano
3081 2424 3701 2495 episcopo,dicendum
3718 2468 3733 2490 ,

2066 2510 2260 2581 quiM.
2295 2509 2550 2564 Antonio
2572 2513 2788 2579 insigne
2835 2513 3089 2566 rolumen
3135 2530 3240 2583 pro
3291 2515 3396 2582 ﬁde
3444 2514 3719 2569 Christia-

2062 2615 2263 2655 norum
2292 2599 2462 2666 dedit,
2522 2605 2587 2654 ut
2616 2606 2674 2655 et
2732 2600 2802 2654 de
2865 2602 3160 2657 Melitene.
3211 2603 3572 2674 TheOphilus
3602 2604 3720 2657 sub

2064 2690 2425 2761 imperatore
2457 2691 2522 2743 M.
2564 2690 2863 2744 Antonino
2884 2690 3100 2745 librum
3130 2699 3335 2747 contra
3359 2693 3725 2750 Marcionem

2065 2778 2431 2850 composuit:
2467 2777 2650 2832 alium
2685 2785 2888 2834 contra
2922 2781 3303 2853 Hermogenis
3325 2780 3596 2836 hmresim
3624 2782 3727 2836 in-

2064 2867 2586 2939 scripsit.Agrippa
2608 2869 2814 2923 Castor
2836 2869 3120 2924 adversum
3174 2871 3433 2925 Basilidis
3465 2870 3728 2926 heeretici

2065 2956 2367 3018 volumina,
2401 2970 2526 3024 quae
2558 2957 2617 3009 in
2664 2955 3022 3026 Evangelium
3054 2961 3384 3026 confecerat,
3415 2961 3725 3026 fortissime

2065 3045 2343 3100 disseruit.
2376 3043 2573 3099 Melito
2605 3048 2743 3099 ante
2777 3045 3048 3102 libellum
3076 3048 3407 3119 supplicem
3431 3050 3500 3102 M.
3530 3051 3721 3102 Auto-

313 3140 481 3195 libris
518 3155 665 3209 quos
698 3154 855 3192 nunc
900 3138 1206 3207 habemus,
1240 3156 1375 3195 cum
1414 3140 1612 3212 plures
1642 3140 1951 3214 perierint,
1996 3170 2039 3234 C
2070 3134 2211 3234 ηοὶηο
2230 3134 2434 3234 ξίᾶξιιξῐι
2460 3134 2649 3234 multa
2671 3136 2991 3234 scripserat
3010 3136 3081 3191 de
3101 3137 3503 3234 prophetisde
3527 3138 3734 3193 Eccle-

312 3245 431 3283 non
465 3234 1007 3283 commemorentur
1026 3228 1677 3296 ?Barnabas,Clementi
1706 3231 1953 3287 Alexan-

311 3317 484 3374 drino
502 3334 657 3388 saepe
679 3318 892 3373 citatus
908 3322 967 3393 et
985 3319 1315 3389 exscriptus
1344 3320 1549 3375 Irenmi
1575 3321 1950 3391 Synchrono:

311 3407 592 3472 Quadrati
625 3412 683 3461 et
711 3407 984 3462 Aristidis
1032 3408 1317 3481 apologi'e
1376 3410 1725 3477 notissimaa,
1760 3411 1953 3466 omni-

309 3496 540 3568 busque
601 3496 988 3562 charissima,
1049 3496 1208 3567 quod
1263 3497 1520 3553 Adriano
1609 3498 1954 3571 imperatori

313 3587 525 3643 oblatas
556 3588 1029 3660 persecutionem
1052 3589 1458 3644 restinxerint.
1478 3590 1733 3661 Agrippa
1752 3591 1957 3646 Castor

309 3678 565 3735 Eusebio
614 3676 1041 3753 γνωριμώτατος
1094 3680 1451 3754 συγγραφεύς,
1485 3682 1840 3752 Hieronymo
1871 3684 1958 3737 vir

308 3768 465 3823 valde
492 3770 699 3824 doctus.
736 3768 1054 3824 Melitionis
1112 3770 1331 3839 elegans
1389 3777 1442 3825 et
1500 3771 1955 3827 declamatorium

311 3858 593 3925 ingenium
624 3856 883 3913 laudavit
912 3859 1313 3914 Tertullianus
1342 3877 1353 3913 :
1398 3860 1713 3931 Dionysius
1740 3878 1958 3932 magnae

311 3944 634 4013 eloquentia
680 3950 813 4014 fuit.
847 3946 1212 4017 Hegesippus
1266 3950 1480 4004 vicinus
1536 3951 1960 4019 apostolicorum

310 4042 632 4105 temporum,
670 4040 813 4091 teste
862 4036 1239 4108 Hieronymo.
1276 4038 1602 4110 Scriptores
1630 4039 1807 4111 igitur
1840 4046 1959 4094 tam

312 4124 913 4197 prmclarosignorare
930 4142 1048 4181 non
1076 4127 1265 4197 potuit
1290 4132 1758 4199 lrenazus;quare
1780 4127 1961 4184 iidem

315 4231 427 4269 nec
459 4214 747 4269 nominati
785 4231 894 4270 nec
917 4215 1097 4288 ignoti
1131 4216 1317 4286 fuere,
1358 4222 1415 4271 et
1442 4234 1753 4289 perperam
1787 4217 1963 4290 plane

317 4303 591 4367 infertur,
620 4303 881 4373 aliquem
911 4305 1091 4360 fuisse
1122 4309 1344 4362 Irenaeo
1386 4308 1625 4378 penitus
1672 4308 1960 4379 ignotum,

317 4390 475 4462 quod
506 4391 578 4445 ab
612 4408 680 4445 eo
711 4392 770 4445 in
802 4392 895 4447 his
924 4411 1071 4464 quos
1123 4394 1411 4449 habemus
1464 4396 1591 4465 ejus
1640 4396 1809 4452 libris
1844 4414 1961 4453 non

313 4479 494 4533 fuerit
522 4479 888 4535 nominatus.

386 4567 554 4623 Dices
576 4568 827 4623 fortasse
858 4572 1184 4626 sententias
1222 4572 1561 4644 Ignatianas
1619 4574 1694 4630 ad
1749 4576 1957 4631 lrenmi

319 4664 734 4729 argumentum
761 4675 889 4714 esse
921 4660 1186 4730 idoneas,
1206 4661 1442 4717 illorum
1477 4680 1596 4719 non
1627 4665 1803 4720 item:
1830 4682 1961 4720 cau-

320 4763 444 4803 sam
505 4746 782 4803 habuisse
834 4764 968 4804 eum
1028 4751 1321 4822 lgnatium
1358 4752 1955 4825 nominandijuslam

319 4844 495 4909 atque
528 4839 947 4908 necessariam,
1008 4841 1138 4896 illos
1195 4847 1393 4898 autem
1453 4845 1962 4901 commemorandi

320 4927 563 4985 nullam.
602 4929 723 4984 [mo
755 4945 888 4985 vero
917 4946 1026 4985 nec
1058 4931 1194 4986 huic
1228 4933 1441 5006 effugio
1473 4933 1567 4988 hic
1600 4934 1829 4991 locutus
1851 4941 1960 4991 est.

321 5019 468 5075 Sunt
497 5019 557 5075 in
591 5019 839 5092 epistola
871 5020 1151 5076 Barnabas
1183 5021 1313 5078 loca
1344 5023 1785 5094 quamplurima
1833 5042 1963 5096 quae

317 5107 862 5177 hazreticos,contra
894 5126 1042 5180 quos
1065 5111 1304 5181 scripsit
1333 5112 1611 5180 lrenmus,
1635 5121 1835 5187 aperte
1867 5131 1961 5170 re-

318 5198 919 5255 fellunt.Multahabel
948 5216 1079 5271 quae
1104 5203 1339 5257 Patrem
1363 5203 1577 5259 Christi
1603 5207 1809 5262 mundi
1829 5225 1964 5264 con-

322 5285 573 5342 ditorem
607 5291 1021 5357 constituunt;
1052 5290 1125 5347 de
1157 5307 1274 5363 qua
1313 5308 1374 5348 re
1403 5298 1523 5349 tam
1584 5295 1809 5367 prolixe
1844 5297 1964 5368 agit

323 5376 669 5438 Irenaaus,et
698 5395 803 5451 pro
830 5395 946 5450 qua
975 5380 1103 5436 sola
1124 5381 1447 5439 Clementis
1497 5384 1808 5457 epistolam
1827 5388 1964 5443 cita-

325 5465 440 5518 vit:
477 5465 548 5519 de
584 5467 795 5539 Moysis
825 5473 882 5523 et
921 5470 1343 5542 prophetarum
1405 5473 1640 5546 scriptis
1688 5475 1968 5547 plurima,

322 5571 453 5626 quae
468 5555 604 5610 huic
617 5558 926 5613 sententia:
943 5564 1217 5631 tanquam
1232 5560 1597 5619 fundamento
1612 5564 1969 5621 innituntur:

323 5645 605 5717 Pi’bphetz
635 5648 703 5702 ab
731 5649 849 5718 ipso
869 5649 1126 5707 habentes
1156 5652 1359 5708 donum
1382 5654 1439 5706 in
1487 5652 1647 5709 illum
1670 5656 1973 5727 propheta-

2072 3224 2178 3285 sia,
2212 3224 2283 3279 de
2316 3223 2454 3293 fide,
2488 3223 2559 3279 de
2593 3226 2975 3296 generatione
3007 3227 3142 3281 Jesn
3175 3227 3488 3291 Christi,de
3520 3229 3727 3281 lncar-

2061 3314 2304 3369 natione
2327 3314 2427 3369 Dei
2450 3314 2882 3387 ;Athenagoras
2902 3316 3326 3389 etiampraater
3341 3316 3690 3388 Apologiam
3704 3359 3723 3387 ,

2058 3402 2130 3458 de
2159 3404 2613 3459 ltesurrectione
2672 3405 3007 3477 scripserat,
3033 3423 3165 3476 qua)
3198 3407 3401 3461 omnia
3429 3404 3502 3461 ad
3536 3423 3723 3478 argu-

2061 3498 2331 3549 mentum
2365 3493 2577 3550 lrenaai
2624 3494 3024 3566 pertinebant.
3086 3496 3373 3566 Denique,
3407 3501 3472 3550 ut
3528 3496 3720 3552 refert

2061 3581 2348 3637 Eusebius
2373 3584 2509 3637 Hist.
2542 3584 2750 3640 rccles..
2788 3583 2826 3639 l.
2865 3602 2935 3639 ιν.
2970 3602 3019 3640 c.
3045 3588 3103 3639 2t
3139 3603 3151 3639 :
3221 3586 3409 3640 Iisdem
3446 3588 3721 3655 tempori-

2065 3673 2160 3728 bus
2186 3674 2245 3727 in
2276 3672 2514 3728 Ecclesia
2541 3675 2733 3743 floruit
2763 3676 3123 3744 Hegesippus,
3152 3682 3203 3728 et
3258 3676 3555 3745 Dionysius
3605 3676 3721 3731 Co-

2059 3761 2400 3817 rinthiorum
2459 3762 2763 3833 episcopus,
2824 3764 3053 3834 Pinytus
3109 3781 3324 3835 quoque
3372 3767 3725 3822 Cretensium

2064 3854 2370 3923 episcopus,
2404 3852 2700 3923 Philippus
2752 3861 3025 3923 praterea
3072 3862 3123 3909 et
3150 3854 3574 3924 Apollinarisac
3605 3858 3725 3911 Me-

2066 3943 2184 4011 lito,
2216 3945 2476 3997 Musanus
2501 3944 2665 3997 etiam
2714 3949 2765 3997 et
2825 3944 3119 4012 Modestus,
3179 3943 3263 3996 καῖ
3301 3941 3388 3997 ἐπὶ
3422 3948 3581 3997 πᾶσιν
3613 3944 3728 3999 Εἲ-

2067 4035 2288 4105 ρηναῖος
2320 4038 2369 4086 et
2390 4038 2687 4101 postremo,
2749 4051 2851 4089 seu
2906 4043 3029 4104 post
3070 4035 3163 4089 hos
3214 4052 3391 4089 omnes
3448 4038 3720 4092 lnnams.

2065 4119 2383 4185 At,eodem
2405 4122 2895 4194 teste,Philippus
2928 4123 3469 4179 luculentissimum
3495 4123 3723 4181 librum

2066 4215 2271 4266 contra
2304 4211 2658 4266 Marcionem
2674 4213 3334 4284 composuit.Modestus
3356 4231 3473 4285 pra:
3489 4216 3731 4272 caeteris

2068 4316 2299 4355 errores
2330 4300 2461 4371 ejus
2492 4301 2769 4356 omnibus
2797 4302 3153 4373 spectandos
3187 4302 3726 4368 exibuit;Musanus

2071 4388 2290 4444 librum
2321 4385 2883 4462 ἐπιστρεπτικὼτατον
2919 4391 3202 4447 adversus
3226 4394 3559 4447 Encratitas
3592 4398 3725 4449 tum

2070 4480 2329 4551 primum
2362 4485 2601 4535 exortos
2634 4479 2873 4551 scripsit
2897 4498 2909 4548 ;
2937 4498 3132 4553 neque
3159 4487 3361 4537 tamen
3388 4483 3601 4537 borum
3625 4500 3726 4538 cu-

2059 4568 2323 4641 juspiam
2356 4570 2615 4623 lrenaeus
2638 4570 2927 4625 meminit.
2965 4570 3030 4624 Hi
3055 4587 3191 4626 cum
3223 4571 3446 4626 Irenaeo
3478 4588 3596 4627 non
3623 4589 3729 4643 po-

2073 4658 2298 4713 tuerint
2322 4674 2449 4713 esse
2479 4657 2788 4732 incogniti,
2824 4666 2882 4714 et
2911 4660 3098 4715 multa
3129 4660 3187 4715 in
3222 4659 3390 4715 libris
3424 4661 3545 4716 suis
3578 4666 3727 4719 tunc

2072 4747 2248 4802 editis
2274 4747 2753 4820 babuerint,quaa
2785 4748 2860 4804 ad
2890 4756 3307 4822 argumentum
3341 4751 3471 4822 ejus
3500 4752 3731 4808 fuerint

2074 4837 2307 4903 idonea,
2340 4855 2461 4894 non
2493 4844 2691 4894 tamen
2725 4846 2897 4895 erant
2926 4839 2998 4895 ab
3032 4857 3099 4896 eo
3132 4841 3732 4913 nominati.ltlaleigi~

2074 4933 2169 4983 tur
2199 4944 2233 4983 a
2260 4926 2481 4982 Dallaao
2514 4932 2630 4983 tam
2658 4930 3054 5000 peremptorie
3087 4930 3393 4995 asseritur,
3419 4936 3731 4988 auctorem

2075 5016 2335 5087 aliquem
2369 5016 2544 5071 etiam
2579 5017 2928 5088 prmclarum
2962 5020 3144 5075 fuisse
3204 5022 3427 5075 Irenaeo
3488 5022 3731 5092 penitus

2075 5107 2363 5179 ignotum,
2399 5107 2529 5162 ideo
2562 5114 2811 5179 tantum,
2842 5110 2982 5180 quia
3024 5118 3359 5182 opportuna
3416 5114 3733 5168 occasione

2075 5197 2271 5252 ablata
2294 5213 2428 5253 eum
2460 5199 2707 5254 minime
2732 5200 3079 5256 nominavit.

2148 5298 2371 5352 Rursus
2403 5297 2668 5363 Hermas,
2728 5298 3020 5364 Clemens,
3048 5299 3430 5372 Polycarpus,
3490 5303 3728 5374 Papias,

2077 5386 2443 5455 Justinus,ex
2475 5387 2673 5443 multis
2702 5390 2800 5459 qui
2834 5395 2970 5445 ante
2998 5389 3192 5461 ipsum
3225 5391 3724 5464 scripsere.pauci

2081 5476 2319 5533 fuerunt
2339 5475 2411 5533 ab
2443 5479 2664 5533 Irenaeo
2696 5478 2935 5549 quidem
2959 5479 3245 5534 nominati
3274 5498 3286 5545 ;
3315 5480 3419 5535 sed
3441 5497 3516 5536 an
3545 5483 3733 5538 multa

2081 5583 2151 5622 ex
2179 5566 2300 5622 illis
2330 5566 2461 5624 loca
2491 5568 2567 5625 ad
2595 5576 3006 5640 argumentum
3030 5586 3202 5624 suum
3234 5569 3730 5643 luculenta,quod

2083 5656 2153 5714 de
2185 5658 2409 5731 Ignatio
2438 5660 2699 5732 postulat
2717 5660 2805 5715 vir
2832 5658 3563 5735 doctissimus,excerpsit,
3589 5667 3647 5717 et
3665 5662 3728 5718 in
