3990 6136
257 285 370 343 163

1323 283 1386 340 S.
1433 277 1818 340 lGNA'l‘llIS.
1868 307 1941 318 --
1988 273 2592 336 PROLEGOMENA.

3548 278 3663 335 164

251 423 461 474 serunt
489 433 693 472 eorum
723 417 965 471 Patrum
1001 415 1464 486 testimonia,qui
1486 421 1624 472 ante
1655 411 1894 469 divisio-

2028 404 2311 482 τολμηρὸν
2389 407 2480 464 καὶ
2527 405 2742 469 ἀναιδὲς
2799 409 2952 484 ψυχή
3011 411 3150 480 κενῷ
3205 407 3322 482 ἀέρι
3373 409 3668 482 θερμαινο-

249 524 389 562 nem
423 512 612 562 ortam
674 505 1056 577 scripserant,
1117 511 1178 560 et
1229 505 1497 560 celebres
1548 505 1608 559 in
1639 499 1902 559 Ecclesia

248 597 510 652 fuerunt.
541 599 690 650 Ante
719 597 872 650 hanc
903 600 1136 649 aatatem
1163 613 1282 650 non
1315 595 1584 651 videmus
1615 590 1900 648 ecclesia-

250 686 430 741 sticos
462 686 784 756 scriptores
809 685 1108 756 catalogos
1128 686 1367 739 Patrum
1394 687 1748 750 texentes,et
1766 696 1901 735 con-

246 775 429 831 fertas
459 775 784 829 sententias
806 790 876 827 ex
910 789 1115 828 eorum
1147 774 1387 844 scriptis
1417 777 1624 828 contra
1665 769 1900 826 haereti-

248 881 352 918 cos
383 861 964 934 promentes.Quinto
997 861 1238 916 demum
1273 861 1490 918 saarulo
1524 861 1634 916 hoc
1655 861 1898 926 factum,

246 961 307 1008 et
332 953 748 1008 a'l‘heodoreto
801 951 958 1006 inter
1010 951 1234 1022 primos
1263 969 1276 1018 ;
1311 957 1448 1006 ante
1485 950 1628 1005 illud
1664 955 1900 1020 tempus

244 1043 480 1115 parcius
503 1048 560 1096 et
585 1040 777 1095 obiter
801 1047 1000 1105 ;eetate
1031 1045 1231 1096 autem
1266 1040 1468 1094 lrenaei
1492 1041 1553 1094 id
1581 1039 1708 1094 fieri
1734 1037 1898 1093 nullo

233 1132 371 1204 jure
406 1129 893 1204 potuit.Harretici
917 1130 1087 1198 enim,
1113 1135 1320 1186 contra
1349 1147 1498 1200 quos
1520 1129 1622 1184 ille
1640 1128 1896 1200 scripsit,

241 1219 666 1276 vetustioribus
697 1219 1005 1275 catholicis
1075 1219 1222 1274 nihil
1277 1219 1616 1274 tribuebant
1647 1238 1660 1286 ;
1697 1217 1896 1274 omnia

244 1336 448 1376 eorum
475 1319 696 1388 scripta
709 1317 1401 1382 ﬂoccifaciebant,libros
1425 1317 1898 1389 quamplurimos

245 1411 618 1482 apocryphos
645 1425 678 1463 a
707 1409 830 1464 suis
855 1409 1235 1480 compositos,
1269 1409 1511 1479 suisque
1540 1413 1766 1462 tantum
1790 1422 1898 1460 no-

247 1506 338 1556 tos
361 1499 470 1555 sub
502 1499 885 1569 antiquorum
917 1498 1159 1553 nomine
1202 1497 1603 1570 proterebant.
1639 1496 1900 1568 plurima

243 1589 424 1644 etiam
455 1589 951 1660 evangelistarnm
985 1591 1042 1642 et
1071 1586 1479 1658 apostolorum
1534 1587 1755 1657 scripta
1810 1599 1896 1638 re-

245 1677 562 1748 spuebant,
605 1676 910 1746 multaque
943 1676 1262 1731 commenti
1314 1682 1473 1740 sunt,
1501 1679 1709 1730 contra
1765 1689 1896 1744 qua:

2025 501 2180 576 μένη,
2206 504 2334 576 pari
2367 507 2675 558 venustate
2716 507 2776 558 et
2821 502 3116 576 elegantia
3145 504 3547 574 conspicuam.
3581 507 3666 561 Tu

2015 594 2498 662 vero,l)allaee,ex
2533 593 2625 648 bis
2657 591 2936 666 colligere
2965 599 3152 664 potes.
3191 593 3524 648 necessario
3545 594 3665 648 Ire-

2012 702 2210 740 nazum
2251 701 2319 740 ex
2371 685 2634 757 epistolis
2681 684 3002 756 Ignatianis
3055 685 3377 738 sententias
3414 684 3662 740 laudare

2011 775 2284 840 voluisse,
2321 775 2369 830 si
2403 774 2716 830 scivisset‘t
2744 775 2847 842 Tu,
2881 773 3144 844 inquam,
3180 773 3277 845 qui
3314 775 3659 830 Usserianas

2011 880 2218 919 omnes
2246 864 2466 929 tristes,
2499 863 2852 926 salebrosas,
2877 863 3055 918 rudes
3087 869 3144 916 et
3173 863 3426 918 incultas
3457 863 3604 918 dicis
3634 861 3662 917 τ

2011 955 2113 1012 Tu.
2139 954 2241 1024 qui
2273 954 2605 1008 orationem
2659 959 2940 1024 tanquam
2974 951 3274 1006 horridam
3294 958 3352 1007 et
3381 951 3663 1007 torrentis

2011 1043 2202 1099 instar
2231 1060 2336 1116 per
2357 1043 2702 1116 confragosa
2731 1041 3157 1113 montium,per
3185 1041 3432 1112 abrupta
3449 1047 3507 1096 et
3523 1057 3670 1097 saxa

2012 1139 2071 1188 et
2093 1139 2293 1188 cautes
2325 1139 2385 1188 et
2431 1131 2763 1204 praecipitia
2793 1132 2886 1186 vix
2919 1130 3198 1186 enitentis
3228 1147 3472 1186 accusas
3501 1130 3528 1186 ‘I
3556 1132 3664 1197 Tu,

2013 1223 2114 1294 qui
2140 1239 2414 1295 magnam
2439 1237 2721 1277 sensuum
2755 1221 2978 1291 ubique
3017 1219 3458 1283 obscuritatem,
3493 1224 3552 1275 et
3573 1217 3669 1274 vel

2011 1312 2238 1367 nullum
2273 1313 2361 1367 vel
2411 1311 2736 1383 malignum
2789 1310 3100 1365 verborum
3134 1309 3292 1365 inter
3347 1325 3409 1365 se
3439 1325 3666 1364 nexum

2011 1401 2562 1472 observas?Tu,qui
2615 1401 2809 1473 prisca
2844 1399 3034 1454 Loxiaa
3081 1399 3376 1471 Apollinis
3417 1399 3668 1455 oracula

2011 1491 2098 1546 vel
2131 1492 2487 1564 Sibyllarum
2519 1491 2664 1546 folia
2683 1490 2875 1564 legere
2901 1496 2956 1546 te
2988 1489 3179 1544 credis
3195 1489 3223 1544 ?
3240 1489 3334 1544 Sic
3353 1487 3513 1544 enim
3536 1488 3663 1544 dis-

2011 1587 2203 1653 putas.
2228 1583 2489 1637 lrenmus
2516 1581 2682 1653 operi
2710 1596 2816 1635 suo
2846 1575 3122 1651 τηλαυγὲς
3147 1577 3440 1652 πρόσωπον
3468 1595 3665 1652 appo-

2011 1671 2149 1736 suit,
2171 1671 2578 1742 praefationem
2612 1667 2869 1742 eleganti
2902 1669 3159 1740 quadam
3183 1673 3445 1723 veterum
3475 1667 3664 1724 alicu-

241 1782 418 1821 nemo
439 1770 694 1820 veterum
708 1764 1024 1836 quidquam
1045 1761 1898 1820 disserueratJrenmusuthos
1931 1785 1976 1851 Β
2003 1758 2105 1830 jus
2135 1759 2433 1816 sententia
2462 1758 2858 1827 adornavit,et
2879 1757 3059 1814 aliam
3090 1757 3304 1814 similis
3325 1757 3664 1814 venustatis

239 1855 546 1921 refutaret,
581 1854 732 1908 libro
762 1855 958 1925 primo
988 1854 1352 1910 sententiam
1403 1869 1608 1908 eorum
1645 1851 1898 1923 aperuit,

244 1943 504 2000 secundo
536 1943 866 2000 rationibus
899 1942 1208 2012 subvertit,
1245 1945 1423 2000 tertio
1477 1943 1810 2016 Scripturas
1839 1945 1902 1997 et

242 2033 626 2090 traditionem
658 2033 948 2099 adhibuit,
1006 2034 1165 2106 quod
1232 2034 1306 2089 ad
1339 2050 1470 2090 eam
1503 2033 1766 2089 haeretici
1799 2031 1903 2087 ali-

245 2124 484 2195 quando
517 2129 926 2196 provocarent,
962 2128 1173 2195 quarto
1201 2141 1273 2179 ex
1304 2124 1498 2180 Veteri
1523 2125 1898 2178 Testamento

243 2223 540 2294 praecipue
567 2223 907 2294 disputavit,
971 2223 1179 2294 quinto
1211 2239 1280 2278 ex
1314 2222 1562 2294 reliquis
1611 2220 1900 2277 doctrinis

247 2313 482 2367 Domini
506 2313 782 2382 nostri,et
813 2329 879 2367 ex
914 2313 1254 2386 apostolicis
1287 2312 1576 2384 epistolis,
1609 2311 1818 2383 ntipse
1841 2311 1900 2364 in

254 2402 709 2457 Praefationibus
739 2403 1070 2475 profitetur.
1095 2406 1408 2474 Nunquam
1443 2420 1503 2458 se
1536 2418 1780 2457 usurum
1818 2406 1898 2455 te-

251 2491 547 2548 stimoniis
571 2499 832 2548 veterum
869 2493 1150 2549 adversus
1174 2509 1376 2548 forum
1415 2491 1774 2548 sententiam
1794 2497 1904 2546 tes-

249 2587 740 2654 tatur,uunquam
762 2583 884 2638 ulla
910 2583 1038 2639 loca
1057 2583 1130 2638 ad
1158 2601 1286 2638 eam
1311 2601 1434 2638 rem
1459 2582 1673 2638 idonea
1691 2581 1904 2636 exscri-

247 2669 416 2740 bit,et
447 2671 494 2728 si
527 2689 704 2744 quem
728 2673 876 2728 forte
896 2672 1222 2729 adducitad
1251 2673 1628 2728 traditionem
1656 2672 1904 2726 firman-

247 2759 381 2815 dam
418 2765 650 2816 tantum
683 2763 991 2828 nominat;
1026 2762 1383 2817 sententiam
1413 2761 1652 2833 quidem
1686 2760 1900 2816 Justini

243 2849 447 2905 laudat
475 2855 682 2906 contra
712 2851 1066 2907 Marcionem
1095 2839 1379 2906 fervidam
1413 2857 1470 2906 et
1502 2851 1610 2906 zeli
1635 2850 1899 2922 plenam;

245 2953 304 3004 at
333 2947 590 3004 Marcion
605 2948 834 3004 Justino
876 2948 1180 3019 antiquior
1202 2949 1400 3016 fuit,et
1425 2949 1747 3004 auctoritas
1775 2947 1903 3020 ejus

250 3035 323 3090 ad
348 3035 736 3091 revincendos
750 3036 1225 3092 Marcionitarum
1243 3052 1474 3092 errores
1489 3037 1640 3092 nihil
1653 3036 1900 3103 valebat,

2009 1848 2148 1903 alibi
2184 1849 2490 1916 adhibuit;
2518 1849 2825 1920 lgnatiana
2855 1848 3036 1919 igitur
3055 1847 3608 1920 prorsusignoravit
3645 1864 3664 1905 :

2009 1936 2184 1994 aliter
2203 1937 2412 1994 rudem
2435 1937 2700 2009 aliquam
2731 1942 2790 1992 et
2821 1935 3132 2005 incultam,
3158 1935 3389 1990 tristem
3420 1941 3478 1991 et
3508 1935 3670 1992 sale-

2009 2027 2246 2083 brosam
2279 2027 2638 2084 sententiam
2694 2027 2768 2083 ad
2825 2025 3287 2082 commentarios
3327 2041 3464 2081 suos
3493 2042 3672 2082 exor-

2009 2117 2240 2172 nandos
2272 2120 2332 2172 et
2357 2115 2782 2173 illuminandos
2803 2113 3195 2186 produxisset.
3224 2115 3270 2170 Α
3302 2114 3497 2172 divino
3515 2131 3671 2187 quo-

2013 2207 2149 2266 dam
2176 2221 2337 2272 sene,
2381 2211 2440 2262 et
2468 2207 2733 2262 veritatis
2788 2221 3060 2278 praecone
3107 2221 3310 2261 versus
3369 2205 3668 2277 quosdam

2012 2300 2300 2356 iambicos
2333 2296 2617 2352 adversus
2647 2297 2904 2352 Marcum
2935 2295 3280 2352 haereticum
3308 2295 3672 2352 ell'usoslau-

2013 2391 2134 2461 dat,
2167 2405 2318 2460 quos
2349 2387 2444 2442 hic
2491 2403 2525 2442 a
2573 2385 2890 2458 Scaligero,
2923 2391 3100 2456 atque
3132 2384 3364 2440 Patavio
3396 2386 3518 2441 suis
3550 2401 3671 2442 nu-

2014 2481 2196 2537 meris
2225 2477 2535 2533 restitutos
2569 2480 2928 2548 repraesento
2953 2490 2967 2530 :

2121 2563 2468 2624 Εἷδωλοποεὶ
2496 2564 2704 2637 Μάρκε,
2737 2562 2827 2618 καὶ
2857 2561 3246 2637 τερατοσκὸπε,

2121 2637 2565 2731 ’.Αςττρολογικῇς
2596 2631 2957 2731 ἔμπειρεέἁὶ
2993 2641 3232 2731 nam}?
3265 2633 3486 2710 τέχνης,

2122 2718 2158 2766 Δ
2171 2713 2202 2766 ι’
2235 2704 2310 2797 ὦχ
2344 2704 2638 2798 ξρὶκτύγειξ
2659 2704 2770 2799 θεῆς
2786 2705 2972 2794 1:?tdwi
2975 2704 3004 2770 ς’
3017 2704 3092 2800 τξι
3115 2704 3448 2800 διδάγμᾶτοι,

2123 2786 2339 2855 Σημεῖα
2363 2778 2577 2855 Samia;
2595 2785 2716 2855 τοῖς
2745 2779 2850 2834 ὑπὸ
2872 2783 2976 2855 ’σοῦ
3007 2778 3414 2855 πλᾳνωμέέιοις,

2123 2848 2521 2921 Ἀλιξοστατικῆς
2555 2848 2837 2925 δυνάμεως
2859 2850 3094 2925 ἐγχειρῆ
3106 2848 3270 2925 pata,

2120 2929 2186 2984 ’Ἃ
2223 2925 2312 2998 eoi
2343 2927 2582 2998 χορηγεῖ
2613 2922 2706 2998 eo:
2734 2922 3122 2998 πατήῥῖαλςᾷν
3151 2922 3234 2977 ἀεὶ

2122 2943 2186 2984 ’Ἀ
2223 2945 2312 2980 σοι
2389 2943 2576 2998 ορηγει
2613 2943 2706 2984 σος
2734 2943 2916 2998 πατηρ
2950 2943 3122 2978 Lai-raw
3151 2943 3234 2977 αει

2122 2999 2202 3054 Δι’
2235 2943 2831 3070 ἀ·ίγιῇιικῆςμὸυνάμεῳς
2866 2995 3109 3070 Ἀγζαζήλ
3140 2999 3340 3070 ποιεῖν,

2127 3063 2326 3144 Ἐχωλί
2341 3089 2400 3124 σε
2418 3063 2626 3142 πρόδρο
2635 3063 2734 3140 μὸν
2757 3063 3003 3130 amasso
3017 3063 3378 3142 πανουργίας.

249 3139 446 3223 nequ?
479 3125 538 3178 in
571 3141 705 3228 eam
734 3125 939 3228 .ﬁnem.
989 3132 1077 3228 es_t
1103 3125 1654 3228 jdd‘iclaﬂpispar
1703 3127 1902 3228 itaflue
1935 3157 1979 3226 Ο
2089 3125 2352 3228 Quonrum
2375 3125 2672 3215 restitutio
2708 3125 3472 3214 veterivversione'nianime
3517 3173 3673 3214 cono

253 3214 500 3268 omnino
534 3214 684 3268 ratio
734 3214 940 3269 lrenaai
1000 3221 1056 3270 et
1103 3215 1453 3272 Theodoreti
1488 3232 1500 3271 :
1535 3232 1656 3272 non
1696 3215 1905 3271 eadem
1939 3214 1978 3226 "'

247 3302 497 3373 utrique
525 3318 717 3369 mens,
753 3309 855 3358 aut
883 3305 1114 3360 occasio
1149 3305 1210 3360 in
1241 3305 1554 3360 scribendo
1596 3305 1726 3360 fuit.
1761 3306 1909 3361 Fru-

245 3396 370 3446 stra
399 3391 584 3463 igitur
607 3397 665 3446 et
692 3391 818 3447 sine
870 3393 987 3448 ullo
1021 3394 1408 3450 fundamento
1441 3395 1655 3450 asserit
1681 3395 1769 3448 vir
1799 3395 1905 3449 do-

240 3481 575 3550 ctissimus,
609 3499 744 3538 cum
794 3488 881 3538 tot
937 3483 1064 3539 loca
1123 3501 1193 3538 ex
1223 3485 1448 3556 lgnatio
1499 3485 1908 3540 Theodoretus

243 3569 922 3640 produxeritJrenaaum
957 3573 1135 3629 etiam
1167 3591 1286 3629 non
1311 3575 1592 3646 pauciora
1615 3573 1908 3630 adducere

252 3660 553 3731 debuisse,
585 3665 634 3715 si
665 3662 962 3734 Ignatium
995 3662 1367 3733 epistolicum
1402 3663 1688 3718 novisset.

330 3767 866 3837 Verumenimvero,
900 3794 924 3817 «ι
957 3775 1116 3826 estet
1139 3770 1320 3837 aliud,
1361 3770 1544 3841 inquit
1617 3787 1734 3842 quo
1783 3769 1909 3826 haec

251 3857 562 3928 lgnatiana
593 3859 794 3914 omnia
828 3860 1085 3916 lrenzeus
1143 3857 1316 3932 plane
1349 3860 1668 3916 nescivis‘se
1693 3860 1906 3932 depre-

257 3945 555 4002 henditur.
583 3947 738 4002 Solet.
798 3949 956 4004 enim
989 3948 1085 4004 ille
1117 3951 1531 4022 praestantium
1556 3949 1816 4004 virorum
1845 3964 1908 4004 se

251 4036 644 4092 vetustiorum
677 4039 1008 4094 sententias
1043 4045 1100 4093 et
1131 4037 1467 4114 ῥήσεις,δίνθ
1501 4037 1907 4111 scriptas,sive

256 4124 383 4180 viva
405 4141 540 4181 voce
573 4126 644 4182 ab
677 4127 750 4182 iis
780 4127 1187 4198 prolatasnon
1212 4129 1537 4184 nominatis
1569 4127 1910 4184 auctoribus

255 4213 466 4269 afferre
499 4231 566 4270 ac
587 4215 1096 4273 recitare.»;\'ullas
1125 4218 1328 4291 lgnatii
1351 4235 1454 4274 suo
1489 4218 1651 4290 operi
1678 4218 1908 4290 insper-

256 4302 559 4358 sit.Nullas
586 4319 721 4376 ergo
754 4305 1034 4377 epistolas
1065 4309 1248 4364 scivit.
1284 4308 1469 4362 Nulla:
1503 4324 1640 4380 ergo
1663 4313 1789 4362 tum
1812 4325 1908 4362 ex-

256 4389 685 4445 stiterunt.lmo
719 4409 853 4448 vero
885 4394 934 4449 si
964 4395 1312 4464 sententias,
1341 4413 1487 4466 quas
1518 4395 1607 4449 vir
1635 4395 1911 4452 doctissi-

258 4497 391 4536 mus
421 4479 1194 4552 intelligit,consideremus,
1231 4485 1336 4540 etsi
1366 4486 1554 4540 multo
1584 4485 1786 4556 plures
1816 4503 1906 4542 es-

257 4575 412 4636 sent,
447 4585 622 4625 nemo
652 4587 916 4642 unquam
949 4573 1082 4629 ideo
1129 4573 1536 4636 concluderet,
1571 4575 1906 4630 necessario

257 4658 436 4714 etiam
470 4675 604 4714 eum
626 4657 858 4731 aliquas
872 4677 942 4716 ex
969 4662 1286 4734 lgnatianis
1316 4679 1602 4735 usurpare
1628 4663 1901 4720 voluisse.

254 4748 518 4804 Primam
550 4749 621 4804 ab
654 4749 856 4822 aliquo
910 4769 971 4807 se
1006 4752 1414 4824 praistantiore
1464 4751 1524 4808 in
1557 4754 1904 4824 prmfalione

255 4838 441 4894 refert
469 4845 775 4894 venustam
808 4856 949 4896 sane
981 4847 1157 4912 atque
1186 4841 1516 4914 elegantem
1544 4859 1555 4896 :
1591 4841 1714 4898 Ὀτι
1748 4840 1902 4896 λὶθῦν

253 4926 345 4980 τὸν
374 4925 558 5000 τίμιον
616 4925 931 5003 σμάραβον
990 4926 1140 4999 ὄντα,
1189 4928 1281 4984 καὶ
1322 4927 1706 5001 πολυτίμητόν
1763 4950 1904 4987 τισιν

261 5013 434 5077 ὕαλος
467 5011 852 5092 ἐνυϐρίζειδιᾶ
908 5017 1110 5094 τέχνης
1163 5019 1640 5094 παρομοιουμένη,
1705 5019 1903 5076 ὁπόταν

263 5105 338 5177 μή
371 5111 518 5181 napi]
559 5107 586 5160 ὁ
619 5107 816 5171 σθένιυν
854 5105 1150 5178 δοκιμάσαι
1181 5108 1270 5162 καὶ
1300 5106 1468 5186 τέχνῃ
1505 5105 1776 5182 διελέγξαι
1803 5112 1902 5180 τήν

255 5194 578 5268 πανούργως
609 5195 921 5269 γενομένην.
959 5199 1134 5252 Vetus
1183 5197 1515 5269 interpres:
1553 5219 1578 5250 ι
1601 5198 1904 5264 Quomodo

254 5283 517 5355 lapidem
553 5288 877 5358 pretiosum
909 5286 1285 5359 smaragdum
1321 5289 1515 5361 magni
1547 5290 1722 5362 pretii
1748 5290 1906 5362 apud

255 5377 546 5449 quosdam
580 5380 832 5436 vitreum
865 5381 924 5436 in
957 5381 1086 5453 ejus
1129 5381 1552 5437 contumeliam
1585 5401 1692 5454 per
1716 5391 1903 5440 artem

259 5467 652 5524 assimilatum
715 5471 1101 5544 quoadusque
1159 5488 1278 5526 non
1328 5471 1496 5528 adest
1555 5473 1654 5544 qui
1713 5476 1910 5546 potest

255 5555 526 5629 probare,
561 5563 614 5612 et
673 5559 991 5616 artificium
1055 5578 1299 5632 arguere
1333 5561 1489 5632 quod
1549 5562 1796 5619 subdole
1831 5565 1908 5620 sit

251 5647 474 5706 factum
509 5663 525 5719 ;
559 5669 586 5700 η
619 5655 677 5707 et
698 5650 878 5708 aliam
909 5651 1088 5708 etiam
1119 5651 1192 5708 ab
1215 5649 1424 5706 eodem
1455 5653 1519 5705 ut
1547 5650 1792 5726 videtur,
1820 5651 1903 5708 ὅτι

2125 3341 2409 3397 Idolorum
2438 3341 2750 3410 fabricator
2797 3341 3000 3405 Marce,
3061 3346 3110 3394 ct
3160 3345 3548 3409 portentorum
3579 3338 3674 3395 in-

3297 3410 3555 3483 [spector,

2126 3485 2453 3553 Astrologia:
2485 3485 2756 3554 cognitor,
2791 3487 2842 3536 et
2872 3481 3108 3552 magica:
3139 3485 3294 3552 artis,

2131 3562 2237 3610 Per
2263 3571 2400 3626 quas
2427 3559 2719 3624 conﬁrmas
2739 3556 2943 3609 erroris
2971 3554 3270 3626 doctrinas,

2125 3625 2301 3698 Signa
2325 3629 2612 3683 ostendens
2641 3627 2726 3682 his
2755 3627 2857 3696 qui
2883 3643 2919 3680 a
2949 3632 3002 3680 te
3027 3625 3384 3692 seducumur,

2127 3701 2450 3770 Apostaticae
2467 3698 2692 3754 virtutis
2737 3699 3098 3769 operationes,

2127 3773 2254 3836 Quae
2288 3771 2390 3825 tibi
2412 3775 2647 3840 prmstat
2676 3775 2801 3824 tuus
2817 3775 2986 3840 pater
3013 3771 3246 3825 Satanas

2127 3849 2234 3896 Per
2262 3841 2576 3911 angelicam
2606 3841 2868 3896 virtutem
2896 3840 3088 3896 Azazel
3124 3843 3332 3908 facere,

2121 3913 2340 3968 Habens
2373 3919 2422 3967 te
2445 3927 2848 3984 prircursorem
2879 3914 3170 3968 contrariae
3199 3913 3458 3984 adversm
3507 3913 3680 3969 Deum

3245 3983 3558 4056 [nequitiam

2091 4075 2459 4132 Posteriores
2487 4073 2760 4130 Petavius
2810 4072 3054 4129 metrice
3095 4071 3352 4128 reddens
3382 4072 3540 4129 male
3569 4089 3674 4128 ex-

2020 4165 2237 4236 pressit
2267 4179 2281 4220 :

2128 4256 2247 4311 Haec
2279 4261 2340 4309 tu
2370 4253 2470 4309 illa
2501 4255 2722 4310 Satana:
2751 4256 2928 4322 frctus
2945 4254 3162 4310 auxilio
3178 4252 3382 4324 patris,

2127 4328 2474 4397 Azazelisque
2501 4328 2645 4381 mira
2666 4327 2923 4395 designas
2954 4343 3078 4397 ope,

2130 4404 2448 4454 Pra’cursor
2476 4397 2564 4451 illi
2592 4399 2814 4467 fraudis
2841 4399 2898 4452 in
2927 4399 3165 4468 Superos
3197 4397 3378 4452 datus.

2025 4489 2156 4543 llaec
2179 4487 2341 4543 enim
2365 4489 2625 4543 Marcum
2649 4487 2904 4554 Satanae,
2935 4492 3038 4542 aut
3062 4485 3320 4542 Azazelis
3340 4502 3676 4558 praecurso-

2019 4593 2144 4632 rem
2177 4576 2404 4633 faciunt
2435 4595 2449 4644 ;
2482 4593 2618 4632 cum
2649 4575 2886 4630 divinus
2916 4574 3014 4630 ille
3045 4591 3226 4631 senex
3275 4589 3412 4630 eum
3444 4573 3676 4631 descri-

2016 4669 2155 4726 bere
2187 4668 2460 4736 voluerit,
2509 4674 2792 4739 tanquam
2825 4667 3173 4722 Antichristi
3213 4681 3672 4738 praecursorem,

2016 4759 2177 4830 quod
2199 4759 2293 4813 hic
2339 4758 2634 4832 significat
2663 4754 2900 4818 ἀντίθεος
2927 4755 3250 4829 πανουργία.
3278 4757 3405 4811 lam
3436 4771 3572 4810 vero
3601 4772 3676 4810 ex

2015 4849 2337 4922 lgnatianis
2369 4865 2446 4902 an
2475 4845 2698 4917 aliquid
2727 4845 2920 4902 simile
2945 4853 3145 4919 petere
3169 4847 3359 4918 potuit
3387 4844 3670 4914 lrenmus,

2017 4938 2064 4994 si
2099 4954 2168 4994 ea
2197 4937 2460 4994 novisset
2482 4935 2630 4992 ‘taut
2645 4935 2963 5007 quisquam
2995 4952 3116 4990 non
3139 4935 3371 4990 novisse
3399 4933 3671 4990 afﬁrma-

2015 5026 2272 5098 bit,quia
2303 5025 2402 5096 qui
2435 5023 2757 5080 versiculos
2789 5023 3031 5079 aliunde
3067 5025 3124 5078 in
3147 5025 3402 5079 Marcum
3427 5028 3672 5078 contor-

2018 5115 2270 5186 sit,nihil
2297 5113 2382 5168 illi
2416 5130 2486 5168 ex
2517 5113 2744 5186 lgnatio
2773 5113 3403 5185 aspersit?Cujusdam
3434 5117 3572 5167 ante
3607 5129 3673 5168 se

2019 5207 2089 5262 de
2120 5205 2342 5278 duplici
2365 5202 2634 5259 vocabuli
2664 5201 2800 5258 Filii
2823 5203 3167 5275 acceptione
3199 5203 3676 5258 observationem

2017 5295 2090 5352 ad
2114 5293 2668 5366 interpretationem
2696 5293 2748 5348 S.
2786 5293 3103 5365 Scriptura;
3137 5291 3676 5364 pertinentem,lib.

2015 5403 2088 5454 1v,
2121 5402 2250 5458 cap.
2287 5388 2356 5439 79
2388 5385 2579 5440 atTert.
2617 5384 2750 5438 Vult
2779 5383 2936 5438 enim
2959 5383 3176 5455 impios
3206 5389 3267 5439 et
3302 5382 3578 5438 inﬁdeles
3611 5383 3678 5438 in

2015 5475 2200 5532 sacris
2231 5473 2468 5530 Litteris
2497 5475 2644 5544 ﬁlios
2675 5479 2728 5528 et
2760 5472 2984 5542 angelos
3015 5473 3223 5527 diaboli
3235 5471 3348 5527 dici
3378 5477 3680 5538 ;veterum

2016 5570 2215 5622 autem
2243 5563 2500 5637 alicujus
2534 5561 2946 5618 testimonium
2970 5562 3164 5630 atl'ert,
3190 5561 3290 5632 qui
3324 5561 3530 5616 Filium
3561 5561 3677 5616 du-

2014 5655 2251 5727 pliciter
2278 5653 2533 5726 intelligi
2567 5653 2845 5722 dixit,aut
2873 5652 2944 5707 de
2985 5657 3253 5723 nato,aut
3279 5650 3352 5708 de
3385 5651 3682 5726 facto,aut
