3990 6136
198 307 293 367 165

964 314 1029 375 J.
1074 313 1518 407 PEARSQNII
1560 306 1936 373 VINDICIIE
1981 310 2453 373 IGNA'l‘lAN.E.
2508 349 2575 357 -ν-
2624 316 2826 375 PARS
2871 318 2920 376 I.

3538 320 3653 381 166

203 446 522 502 secundum
552 452 863 503 naturam
897 454 960 503 et
979 448 1405 514 conditionem,
1436 455 1539 505 aut
1559 447 1887 505 secundum
1920 449 1969 514 Α
1998 465 2159 519 τερος
2188 441 2393 520 ἔλεγεν.
2428 451 2711 515 Ιπθιιωυε,
2741 450 2925 523 Papia
2945 452 3173 524 junior,
3207 457 3481 526 exemplo
3524 456 3655 529 ejus

214 537 477 593 doctrinae
534 540 1026 611 magisterium:
1082 564 1108 591 ‹‹
1140 541 1247 606 Qui
1296 543 1456 597 enim
1508 539 1751 596 edoctus
1799 543 1889 592 est

220 628 567 682 verim.tilius
585 629 787 683 decen
803 630 884 685 tis
899 648 1032 685 esse
1051 631 1352 685 dicituret
1368 630 1469 685 ille
1494 628 1624 701 ejus
1646 635 1884 701 pater».

228 720 497 789 Etpostea
538 718 836 773 Clemens
894 720 1348 776 Alexandrinus.
1406 716 1598 772 αὐτίκα
1651 717 1883 790 πατέρας

228 809 341 867 τους
368 807 625 879 κατῃχγξσ
640 828 767 860 λεν-εει
780 830 800 866 ς
817 829 858 884 φ
874 805 1091 878 χμένβῐ
1115 810 1427 881 Gregorius
1448 809 1848 864 Nazianzenus
1868 821 1881 860 :

364 921 531 995 ,Χνῖιτὲιρ
564 922 681 988 ἔμιοῆ
717 922 920 995 τοκξῑς
964 922 1058 995 μὲν
1086 921 1204 977 ὅσοι
1234 922 1401 977 καλὸν
1433 919 1756 994 ἐξεδίδαξαν,

366 1000 402 1046 u
448 992 549 1025 33;-
588 994 627 1011 ν
698 996 759 1025 ’¹.
803 992 927 1027 2‘7‘
967 992 974 995 ’

417 1016 550 1054 Ιῐιερ..
584 1015 610 1048 Ο
663 1016 759 1051 DD,
801 998 1055 1066 εο.’)αξα.

297 1109 378 1156 An
404 1110 595 1157 autem
621 1105 760 1174 quia
788 1121 820 1157 ο
847 1104 1148 1158 veteribus
1169 1103 1485 1175 unumqui
1512 1103 1690 1158 simili
1711 1100 1884 1156 modo

230 1198 356 1246 ante
380 1192 569 1262 ipsum
592 1193 943 1262 Scripturas
970 1193 1391 1264 interpretatus
1424 1198 1533 1261 est,
1567 1209 1641 1248 ne
1668 1208 1885 1246 novum

230 1297 463 1335 sensum
494 1279 612 1335 illis
644 1281 918 1337 attixisse
950 1282 1268 1348 videretur,
1302 1281 1548 1337 adduxit
1576 1299 1589 1336 :
1625 1280 1757 1336 ideo
1785 1285 1886 1336 aut

229 1369 451 1441 aliquid
483 1386 555 1424 ex
583 1371 918 1441 lgnatianis
950 1372 1133 1428 citare
1181 1370 1474 1439 debuerit,
1506 1375 1610 1425 aut
1657 1386 1725 1425 ea
1772 1369 1885 1442 ipsi

230 1460 425 1531 ignota
464 1476 586 1514 non
617 1461 959 1515 concedere
1004 1460 1345 1529 debeamus,
1379 1461 1440 1514 in
1490 1459 1705 1530 quibus
1745 1459 1887 1515 talia

228 1565 331 1603 nec
360 1548 616 1604 inveniri
648 1566 759 1605 nec
792 1550 1127 1622 exspectari
1157 1554 1478 1622 potuerunt
1504 1549 1533 1603 ‘i

293 1639 460 1704 Quod
494 1640 542 1693 si
567 1640 692 1695 hare
711 1638 790 1694 ad
813 1641 1176 1695 sententiam
1198 1640 1303 1694 viri
1328 1639 1654 1695 doctissimi
1674 1639 1884 1696 conﬁr-

228 1730 506 1784 mandam
531 1747 743 1801 parum
762 1729 966 1785 valere
987 1730 1319 1797 videantur,
1336 1737 1492 1785 certe
1518 1731 1744 1801 reliqua
1764 1747 1886 1784 om-

1998 535 2177 592 nimis
2237 545 2561 610 permotus,
2623 541 2895 612 quaesivit
2941 544 3166 611 pariter
3211 562 3245 599 a
3292 546 3652 612 senioribus,

1999 624 2140 694 quid
2171 625 2259 679 illi
2292 626 2644 683 audiverant
2675 628 2747 682 ab
2780 629 2873 688 iis.
2906 630 3005 700 qui
3033 631 3435 700 apostolorum
3468 633 3652 689 disci-

1996 715 2165 785 pulos
2197 716 2481 779 viderant,
2507 724 2566 772 et
2596 735 2728 773 cum
2761 720 2886 774 haec
2917 721 3041 776 viva
3077 739 3213 777 voce
3244 724 3475 793 prolata
3506 724 3649 779 sibi-

1997 821 2111 874 que
2131 805 2349 861 tradita
2366 807 2600 877 scriptis
2620 808 3084 881 prmferretquaa
3106 812 3180 867 ab
3205 811 3321 867 illis
3342 819 3652 885 acceperat

1997 893 2220 964 pariter
2248 894 2508 966 scripsit.
2542 898 2761 950 Horum
2811 897 2991 969 igitur
3040 900 3343 955 seniorum
3393 903 3651 957 auctori—

1998 987 2117 1037 tate
2148 989 2207 1038 et
2232 984 2599 1050 testimonio,
2625 985 2698 1041 ad
2731 987 3083 1043 firmandam
3109 991 3488 1047 traditionem
3510 1010 3653 1047 non-

1997 1087 2325 1141 nunquam,
2360 1074 2576 1145 smpius
2606 1075 2679 1129 ad
2713 1092 2869 1133 suas.
2920 1079 2990 1132 de
3037 1080 3211 1134 annis
3258 1080 3471 1136 Christi
3503 1099 3649 1153 quos

1999 1161 2115 1232 egit
2146 1162 2205 1216 in
2239 1163 2432 1228 terris,
2467 1163 2538 1217 de
2572 1163 2687 1218 illis
2732 1182 2879 1235 quos
2911 1166 3130 1222 ibidem
3165 1170 3379 1225 iterum
3410 1177 3648 1227 acturus

1997 1262 2107 1327 est,
2142 1259 2212 1313 de
2240 1265 2610 1316 mortuorum
2639 1267 2815 1327 statu,
2851 1264 2921 1318 de
2953 1263 3156 1320 bestia!
3214 1268 3649 1340 Apocalypticas

1995 1363 2266 1414 numero,
2287 1350 2545 1419 privatas
2564 1352 2877 1422 opiniones
2890 1354 3277 1411 stabiliendas
3291 1357 3497 1414 utitur.
3533 1358 3647 1414 Sed

1996 1437 2138 1507 quid
2161 1436 2297 1493 inde
2319 1440 2588 1510 sequitur
2606 1441 2634 1495 ‘?
2653 1457 2727 1496 an
2752 1442 2895 1498 illud
2919 1442 2980 1497 in
3003 1444 3643 1519 primisirenaaoigno-

1995 1531 2053 1582 ta
2078 1526 2258 1583 fuisse
2288 1529 2590 1600 Ignatiana
2621 1532 2842 1597 omnia,
2870 1533 3008 1603 quia
3043 1534 3196 1589 nihil
3247 1535 3318 1591 ab
3364 1552 3432 1591 eo
3490 1536 3646 1591 scri-

1993 1622 2159 1688 ptum
2192 1616 2347 1672 inter
2376 1620 2503 1674 haec
2525 1620 2725 1676 omnia
2756 1623 3095 1679 testimonia
3119 1625 3456 1697 reperitur?
3475 1626 3648 1682 mini-

1994 1722 2108 1761 me.
2146 1706 2437 1777 Ignatium
2473 1709 2784 1766 consulere
2825 1728 2945 1766 non
2991 1714 3185 1783 potuit
3233 1716 3511 1785 Irenazus,
3545 1717 3648 1787 qui

227 1820 361 1873 nino
394 1795 577 1873 nihil
612 1819 761 1874 sunt
812 1820 977 1875 enim
1016 1824 1249 1875 tantum
1301 1795 1561 1875 ﬁrmum
1611 1795 1885 1890 q'uomm_
1920 1815 1966 1882 Β
1995 1795 2099 1851 illo
2134 1804 2364 1852 mortuo
2406 1804 2578 1854 natus
2627 1808 2736 1855 est.
2800 1803 3070 1859 Seniores
3118 1806 3339 1861 [remeo
3392 1809 3648 1864 recitant

226 1907 375 1973 dam,
417 1924 542 1962 non
572 1908 796 1978 scripto
831 1907 938 1963 sed
963 1907 1087 1963 viva
1102 1923 1240 1963 voce
1260 1906 1883 1979 prolatatestimonia;

225 2014 351 2069 qua:-
425 2003 594 2053 recte
653 1996 1199 2070 ἀπομνημονεύματα
1253 1997 1541 2053 Eusebius
1602 1998 1882 2071 appellat,

224 2087 325 2141 lib.
360 2104 414 2156 τ’,
450 2104 586 2158 cap.
620 2088 672 2153 8,
708 2084 796 2139 χαί
852 2084 1437 2160 ἀπομνημονευμάτων
1485 2085 1887 2143 Ἀποστολικοῦ

221 2195 365 2235 τινος
436 2167 841 2247 πρεσϐυτέρου,
918 2174 980 2227 οὗ
1038 2170 1279 2246 τοῦνομα
1340 2178 1523 2249 σιωπῇ
1582 2172 1883 2248 παρέδωκε,

225 2263 589 2334 μνημονεῦει.
624 2264 903 2319 Ruftinus
928 2265 1221 2336 interpres
1248 2283 1259 2321 :
1295 2288 1322 2316 «
1354 2266 1466 2320 Sed
1490 2272 1548 2321 et
1577 2266 1886 2339 apostolici

223 2354 540 2425 cujusdam
558 2354 869 2425 viri,cujus
887 2370 1106 2409 nomen
1129 2355 1384 2423 reticuit,
1404 2355 1696 2411 sermonis
1715 2355 1881 2426 quasi

222 2444 577 2499 memoriter
600 2444 875 2497 meminit
898 2466 949 2497 ››.
974 2444 1065 2499 Sic
1088 2445 1264 2500 Marci
1288 2445 1663 2517 Evangelium
1686 2445 1887 2501 crede-

222 2533 359 2589 bant
378 2541 618 2589 veteres
640 2534 790 2587 nihil
818 2532 984 2588 aliud
1012 2533 1191 2589 fuisse
1226 2550 1405 2604 quam
1435 2535 1595 2590 Petri
1625 2534 1884 2607 ἀπομνη-

224 2621 559 2693 μοιε-ὂματπ.
591 2624 678 2677 ita
710 2623 921 2694 Papias
952 2623 1107 2694 apud
1138 2623 1374 2691 Euseb,
1410 2623 1446 2678 Ι.
1484 2641 1569 2693 ιιι,
1612 2642 1740 2696 cap.
1774 2626 1879 2681 39:

225 2712 445 2781 Misso;
488 2712 586 2786 μὲν
612 2712 959 2784 ἑρμηνευτὴς
994 2709 1193 2786 Πέτρου
1244 2712 1560 2787 γενόμενος,
1589 2712 1689 2767 ὅσα
1720 2713 1886 2785 ἐμνη-

234 2795 504 2873 μόνευσεν,
553 2795 800 2875 ξαρ-ϐὡς
853 2798 1120 2876 ἔγραψειω
1175 2807 1232 2857 et
1282 2820 1525 2859 rursus:
1576 2804 1736 2856 Ὣςτε
1788 2801 1884 2857 οὖα

234 2885 321 2943 3?»
352 2890 555 2963 ἦμαρ-τε
586 2891 816 2963 Μάρκος
874 2889 1051 2952 οὕτως
1093 2885 1206 2944 ἔνια
1257 2890 1470 2966 γράψας
1518 2891 1591 2952 ὡς
1639 2892 1885 2964 ἂιπεμνη-

234 2980 477 3052 μὸνευσε.
500 2985 569 3038 Ut
590 2982 793 3053 Cynici
828 2981 1139 3053 cujusdam
1157 2982 1333 3037 verba
1363 2982 1434 3038 de
1464 2984 1782 3054 Peregrina
1814 3000 1886 3039 ex

230 3072 515 3126 memoria
537 3072 790 3126 recitare
806 3088 869 3126 se
886 3070 1461 3143 tideliterproﬁtetur
1474 3072 1883 3138 Lucianus,xai

1995 1884 2139 1957 quid
2156 1886 2523 1956 audiverant,
2556 1890 2615 1944 id
2646 1891 2906 1961 lgnatius
2937 1892 3039 1948 diu
3069 1900 3206 1950 ante
3238 1895 3445 1952 bestiis
3476 1897 3646 1952 obla-

1989 1979 2086 2030 tus
2117 1975 2308 2032 facere
2342 1994 2459 2032 non
2494 1979 2701 2049 potuit.
2735 1980 2976 2038 Frustra
2998 1982 3175 2055 igitur
3203 2001 3339 2041 eum
3365 1985 3524 2041 inter
3548 2003 3644 2042 se-

1989 2064 2188 2119 niores
2216 2065 2354 2121 illos
2380 2082 2484 2121 sua
2507 2068 2786 2140 suffragia
2807 2071 3150 2127 auferentem
3166 2089 3415 2144 qumras.
3434 2075 3642 2131 Senio-

1991 2169 2086 2208 res
2118 2153 2224 2221 illi,
2269 2155 2409 2226 quid
2465 2173 2601 2211 voce
2648 2157 2775 2214 viva
2816 2158 3181 2230 audiverant,
3228 2179 3349 2218 non
3394 2164 3535 2233 quid
3580 2165 3644 2221 in

1994 2243 2230 2314 scriptis
2262 2244 2547 2316 legerant,
2583 2254 3006 2313 narraverunt;
3036 2251 3255 2306 frustra
3278 2251 3650 2322 igituretiam

1992 2333 2350 2389 sententiam
2384 2335 2643 2406 aliquam
2689 2337 2761 2391 ab
2794 2338 3017 2406 Ignatio
3071 2340 3351 2412 scriptam
3402 2342 3475 2397 ab
3528 2343 3648 2398 illis

1994 2429 2297 2494 exspectes
2352 2425 2611 2496 lgnatius
2640 2426 2765 2497 ipse
2796 2427 2871 2482 ad
2913 2428 3135 2485 bestias
3183 2431 3639 2502 condemnatus,

1990 2517 2049 2567 et
2080 2512 2371 2569 Ecclesiae
2401 2514 2461 2568 in
2494 2514 2706 2570 itinere
2739 2518 3118 2587 conﬁrmans,
3151 2536 3273 2576 non
3324 2527 3390 2577 ut
3429 2523 3640 2594 Papias

1990 2601 2219 2676 σμικρὸς
2255 2596 2327 2656 ὥν
2361 2602 2453 2656 τὸν
2487 2606 2635 2674 νοῦν,
2668 2606 2812 2677 quid
2841 2606 2913 2661 ab
2947 2607 3125 2680 hujus
3156 2616 3250 2665 vet
3281 2610 3439 2666 illius
3471 2628 3645 2683 apos-

1989 2690 2113 2761 toli,
2146 2692 2236 2747 vel
2259 2692 2534 2764 discipuli
2568 2711 2668 2748 ore
2693 2694 2779 2749 vel
2812 2694 2939 2767 ipse
2960 2695 3047 2751 vel
3072 2697 3173 2751 alii
3201 2701 3643 2769 acceperant,in

1991 2781 2272 2853 epistolas
2327 2782 2565 2853 scripsit
2595 2798 2609 2838 :
2662 2784 2802 2839 hinc
2831 2784 3011 2855 igitur
3040 2786 3235 2859 colligi
3267 2787 3432 2843 nullo
3467 2789 3642 2845 modo

1989 2874 2205 2941 potest,
2239 2869 2369 2941 ejus
2402 2869 2682 2941 epistolas
2712 2871 2785 2927 ab
2815 2872 3035 2928 Irenaeo
3069 2873 3299 2930 laudari
3340 2875 3640 2948 debuisse,

1989 2963 2094 3013 aut
2123 2975 2192 3013 eo
2224 2959 2465 3014 nomine
2499 2960 2611 3030 ipsi
2644 2960 2877 3033 ignotas
2903 2961 3112 3018 fuisse.

2063 3066 2333 3123 Nondum
2366 3067 2545 3140 igitur
2571 3085 2657 3124 res
2694 3073 2830 3125 satis
2879 3075 3129 3141 confecta
3178 3074 3359 3129 videri
3412 3075 3636 3148 debuit,

222 3159 289 3219 ὡς
318 3158 380 3212 ἄν
414 3158 533 3219 οἶός
568 3180 628 3212 τε
662 3159 706 3211 ὦ
739 3157 1072 3233 πειράσομαί
1102 3178 1186 3214 σοι
1218 3158 1352 3213 αὐτὰ
1395 3159 1571 3215 ἐκεῖνα
1620 3160 1878 3234 ἀπομνη-

1994 3156 2093 3212 sed
2124 3173 2255 3212 eam
2286 3157 2458 3211 multo
2490 3158 2822 3214 luculentius
2853 3177 2920 3214 ea:
2950 3162 3187 3231 quodam
3219 3164 3458 3234 ejusdem
3487 3166 3641 3222 Scri-

223 3254 483 3321 μονεῦσειι
517 3247 594 3309 ὡς
626 3246 867 3321 ἐλέγετο.
905 3250 998 3305 Sic
1028 3249 1205 3321 igitur
1238 3253 1496 3307 Irenaeus
1516 3251 1614 3307 lib.
1649 3269 1718 3320 iv,
1752 3269 1877 3328 cap.

218 3345 283 3395 ὅτ
321 3363 349 3389 α
386 3338 906 3405 Quemadmodum
940 3339 1135 3394 audivi
1159 3357 1194 3396 a
1221 3341 1478 3411 quodam
1510 3342 1879 3414 presbytero,

218 3431 310 3500 qui
336 3428 702 3483 audieratab
721 3427 814 3483 his
837 3428 937 3499 qui
962 3429 1259 3500 apostolos
1279 3429 1569 3499 viderant,
1598 3437 1655 3486 et
1684 3432 1758 3487 ab
1789 3432 1884 3488 his

218 3521 311 3590 qui
332 3519 676 3573 didicerant
695 3517 857 3572 ».Ubi
882 3517 1197 3589 diligenter
1209 3518 1643 3575 observandum
1660 3527 1754 3576 est
1770 3523 1887 3576 Ire-

217 3628 410 3665 naeum
444 3610 544 3663 hic
588 3608 766 3680 plane
818 3608 1062 3680 Papiam
1120 3608 1303 3665 fuisse
1348 3610 1671 3682 imitatum,
1706 3628 1738 3668 a
1769 3628 1883 3683 quo

216 3700 555 3754 doctrinam
594 3697 753 3752 mille
780 3714 1076 3753 annorum
1109 3699 1366 3771 accepit;
1388 3700 1469 3754 sis
1490 3700 1649 3755 enim
1670 3702 1883 3773 Papias

216 3808 278 3844 ea
310 3788 628 3844 memorias
663 3786 965 3842 mandavit
991 3803 1121 3858 quae
1151 3804 1185 3843 a
1216 3788 1511 3843 veteribus
1543 3790 1654 3845 hoc
1707 3789 1882 3845 modo

214 3881 504 3935 didicerat
550 3883 619 3931 ut
644 3877 769 3948 ipse
794 3878 866 3932 de
901 3893 962 3931 se
994 3882 1242 3932 testatur
1266 3894 1278 3932 :
1300 3875 1364 3932 Εἰ
1400 3872 1459 3931 8-5
1490 3898 1593 3931 που
1623 3879 1715 3932 καὶ
1746 3898 1882 3953 παρ-

214 3967 621 4037 ηκολοῦθηκώς
648 3986 730 4026 τις
784 3970 901 4025 τοῖς
954 3958 1339 4040 πρεσϐυτέροις
1390 3963 1564 4033 ἔλθοι,
1607 3966 1734 4029 τοὺς
1774 3973 1881 4023 τῶν

212 4053 596 4131 πρεσὸδτέρων
660 4056 936 4130 ἀνέκρινον
1018 4052 1238 4128 λόγους,
1290 4056 1344 4111 τί
1402 4054 1679 4129 Ἀνδρέας,
1737 4056 1773 4129 ἤ
1831 4059 1884 4115 τί

218 4148 415 4222 Πέτρος
452 4147 623 4215 εἶπεν,
741 4145 791 4199 τί
825 4143 1125 4214 Φίλιππος,
1155 4143 1193 4214 ἥ
1220 4143 1271 4199 τί
1298 4150 1517 4219 Θωμᾶς,
1545 4143 1879 4220 ἤἹάκωϐος,

220 4238 251 4305 ἦ
282 4238 335 4292 τί
368 4237 662 4305 Ἰωάννης,
690 4232 727 4303 ἤ
758 4236 1058 4304 Ματθαῖος,
1090 4230 1127 4303 ἤ
1153 4255 1237 4298 τις
1263 4231 1447 4309 ἕτερος
1476 4240 1583 4291 τῶν
1628 4241 1727 4291 τοῦ
1772 4241 1882 4295 Κυ-

226 4325 338 4378 :im
404 4329 695 4396 μαθητῶν,
779 4325 870 4377 ἅτε
947 4321 1233 4397 Ἀριπτίων
1288 4324 1375 4378 καὶ
1437 4325 1465 4378 ὁ
1518 4318 1881 4401 πρεσϐύτερος

225 4416 479 4481 ’ἰατά-δοίης
512 4416 563 4467 οἱ
596 4416 695 4467 τοῦ
749 4411 954 4487 Κυρίου
1008 4412 1244 4483 μαθηταὶ
1289 4411 1554 4486 λέγουσιν·
1586 4415 1650 4469 οὐ
1683 4415 1787 4492 γὰρ
1815 4417 1883 4472 τὰ

1986 3249 2165 3317 ptoris
2187 3248 2301 3302 loco
2333 3248 2580 3319 probare
2616 3266 2678 3304 se
2706 3267 2877 3321 posse
2910 3258 3073 3322 putat
3104 3254 3189 3309 vir
3218 3255 3596 3312 doctissimus
3623 3272 3638 3326 ;

1996 3336 2113 3405 ille,
2148 3337 2373 3392 scilicet
2394 3354 2509 3408 quo
2542 3337 2613 3392 ad
2635 3339 2924 3395 Ecclesias
2947 3341 3092 3396 duas
3120 3344 3399 3414 epistolas
3422 3363 3646 3403 memo-

1992 3431 2103 3493 rat,
2135 3443 2314 3481 unam
2348 3427 2669 3482 Clementis
2703 3429 2774 3484 ad
2806 3430 3160 3499 Corinthios,
3193 3432 3444 3490 alteram
3472 3436 3642 3509 Poly-

1994 3515 2153 3587 carpi
2186 3515 2262 3570 ad
2312 3516 2745 3589 Philippenses.
2783 3519 2974 3583 Quare
3021 3520 3110 3576 hic
3143 3529 3324 3591 rogat,
3371 3540 3488 3594 cur,
3518 3528 3566 3580 si
3592 3530 3645 3583 ei

1990 3612 2153 3659 notus
2173 3611 2294 3659 erat
2321 3617 2503 3661 noster
2538 3606 2804 3676 Ignatz'us,
2842 3609 2995 3664 illius
3035 3608 3153 3665 loco
3186 3618 3294 3665 tam
3328 3620 3639 3683 opportuno

1995 3697 2213 3763 tamque
2266 3696 2565 3748 necessario
2623 3694 2806 3750 nullus
2862 3697 3221 3753 meminerit?
3271 3700 3645 3772 Respondeat

1993 3796 2110 3835 non
2145 3787 2262 3837 tam
2297 3799 2401 3853 pro
2434 3782 2605 3837 nobis
2637 3799 2813 3853 quam
2846 3800 2951 3855 pro
2985 3785 3179 3856 seipso
3202 3786 3329 3856 jam
3359 3789 3637 3848 lrenreus.

1994 3871 2109 3926 Nos
2140 3871 2298 3925 enim
2332 3870 2519 3926 multo
2554 3872 2800 3927 tutiores
2831 3884 3036 3927 shmus
3058 3890 3091 3929 a
3122 3875 3325 3930 Dallmi
3348 3879 3646 3949 conjectu-

1995 3961 2095 4025 ris,
2131 3975 2306 4030 quam
2341 3960 2394 4014 S.
2420 3961 2675 4015 tremens
2702 3960 2773 4016 ab
2805 3962 3073 4031 ejusdem
3106 3981 3376 4021 censura.
3411 3968 3501 4022 Sic
3533 3968 3642 4041 igi-

1992 4054 2089 4104 tur
2109 4049 2207 4103 ille
2230 4049 2332 4104 lib.
2357 4067 2436 4117 ll],
2459 4066 2585 4121 cap.
2613 4052 2641 4102 3
2669 4068 2681 4104 ;
2709 4073 2735 4100 ‹‹
2762 4052 3156 4108 Traditionem
3183 4055 3379 4125 itaque
3402 4065 3644 4129 aposto-

1992 4141 2187 4197 lorum
2206 4142 2265 4196 in
2282 4147 2403 4195 toto
2420 4142 2639 4197 mundo
2661 4142 3099 4199 manifestatam
3112 4145 3190 4211 ,in
3206 4149 3367 4202 omni
3382 4148 3644 4208 Ecclesia

1994 4237 2163 4294 adest
2179 4239 2517 4310 perspicere
2542 4239 2817 4294 omnibus
2845 4240 2944 4311 qui
2973 4259 3108 4298 vera
3128 4243 3308 4299 velint
3330 4247 3569 4317 audire;
3589 4253 3649 4306 et

1994 4326 2283 4381 habemus
2306 4343 2700 4382 annumerare
2732 4345 2830 4383 eos
2853 4330 2952 4400 qui
2978 4329 3051 4385 ab
3083 4334 3367 4404 apostolis
3390 4336 3647 4393 instituti

1994 4421 2133 4471 sunt
2147 4416 2403 4488 epiSCOpi
2423 4416 2482 4470 in
2497 4415 2847 4487 ecclesiis,et
2860 4436 3233 4479 successores
3252 4440 3645 4500 eorumusque

225 4502 280 4557 ὲκ
307 4509 415 4558 τῶν
456 4500 705 4577 βεϐλίιυν
747 4500 1010 4555 τοσοῦτὸν
1075 4521 1141 4570 με
1199 4499 1432 4577 ὠφελεῖν
1478 4499 1880 4576 ἀπελάμϐανον,

1998 4504 2071 4561 ad
2093 4506 2329 4578 nos,qui
2354 4505 2505 4561 nihil
2525 4505 2636 4561 tale
2660 4499 3643 4583 docuerunt,ncquecognoverunt.

227 4594 345 4647 επεν
374 4596 441 4646 τὰ
470 4593 620 4665 παρὰ
654 4592 837 4660 ζώσης
867 4591 1049 4668 φωνῆς
1081 4590 1170 4644 καὶ
1215 4595 1502 4662 μενούσης.
1554 4615 1584 4643 ‹‹
1624 4595 1789 4659 Quod
1838 4606 1886 4660 si

235 4685 355 4752 quis
388 4684 690 4739 interdum
720 4681 863 4736 mihi
890 4680 1238 4736 occurrebat
1269 4682 1365 4751 qui
1393 4699 1527 4737 cum
1551 4684 1885 4741 senioribus

232 4779 489 4827 versatus
521 4773 751 4839 fuisset,
788 4788 853 4825 ex
877 4786 946 4823 eo
978 4770 1208 4824 curiose
1242 4769 1589 4826 sciscitabar
1611 4789 1883 4843 quaenam

232 4870 421 4915 essent
443 4863 751 4916 ~eniorum
775 4859 971 4913 dicta:
1007 4858 1147 4928 quid
1171 4859 1455 4929 Andreas,
1488 4861 1629 4931 quid
1652 4863 1883 4927 Petrus,

238 4953 369 5020 quid
419 4952 749 5022 Philippus,
787 4947 933 5019 quid
958 4949 1230 5009 Thomas,
1265 4950 1405 5019 quid
1438 4950 1707 5013 Jacobus,
1741 4951 1883 5022 quid

229 5040 647 5113 Joannesquid
662 5042 976 5094 Matthzeus
990 5038 1129 5107 quid
1145 5040 1341 5093 czeteri
1358 5040 1480 5094 Don
1509 5040 1591 5094 ini
1607 5039 1881 5113 discipuli

234 5129 415 5187 dicere
455 5132 617 5186 soliti
652 5135 877 5191 essent,
913 5128 1195 5199 quidnam
1229 5130 1486 5184 Aristion
1519 5135 1578 5184 et
1622 5131 1879 5188 Joannes

233 5222 524 5292 presbyter
539 5221 685 5275 disci
698 5219 817 5290 puli
837 5216 1074 5273 Domini
1090 5218 1618 5289 traderent.Neque
1634 5220 1791 5275 enim
1811 5238 1880 5277 ex

231 5307 499 5366 librorum
515 5310 776 5365 lectione
797 5312 1026 5362 tantam
1043 5322 1134 5361 me
1149 5306 1459 5362 utilitatem
1480 5324 1690 5380 capere
1705 5326 1877 5381 posse

234 5400 944 5466 existimaliam,«iuantam
962 5413 1029 5451 ex
1055 5396 1362 5452 hominum
1386 5396 1578 5453 adhuc
1596 5401 1877 5470 supersti-

228 5493 341 5544 tum
359 5492 473 5546 viva
486 5508 627 5544 voce
646 5511 673 5539 ››
686 5486 992 5553 .Quzesivit
1008 5486 1217 5557 Papias
1234 5503 1268 5541 a
1281 5486 1616 5543 senioribus
1632 5487 1773 5557 quid
1787 5489 1874 5544 illi

225 5578 291 5631 ab
315 5580 591 5650 apostolis
621 5584 728 5635 aut
758 5575 1070 5648 discipulis
1118 5575 1487 5643 audiverant,
1531 5584 1591 5632 et
1637 5594 1769 5648 quas
1800 5579 1873 5634 ab

225 5668 334 5723 illis
362 5674 677 5741 acceperat
700 5665 963 5738 scripsit,
996 5662 1085 5718 καὶ
1119 5661 1281 5736 οὕτω,
1326 5665 1542 5737 inquit,
1575 5665 1604 5718 ὁ
1635 5661 1868 5740 πρεσϐύ-

1999 4595 2172 4666 quale
2206 4594 2277 4651 ab
2302 4595 2385 4651 eis
2416 4594 2704 4651 deliratur
2738 4619 2783 4650 ››.
2818 4599 3074 4655 Traditio
3108 4603 3287 4675 igitur
3317 4605 3641 4663 secundum

1997 4685 2287 4740 Irenaeum
2311 4689 2435 4740 erat
2456 4685 2515 4739 in
2540 4686 2702 4741 omni
2726 4687 2986 4744 Ecclesia
3008 4692 3646 4761 Romana,Alexandri-

1993 4789 2089 4831 na.
2118 4773 3068 4847 Antiochenaﬂierosolymilana,
3093 4781 3481 4853 reliquisque,
3503 4790 3560 4838 et
3590 4784 3639 4839 si

1992 4864 2294 4925 voluisset,
2330 4869 2559 4934 poterat
2591 4882 2904 4920 numerare
2960 4885 3168 4923 omnes
3214 4872 3519 4943 episcopos
3564 4872 3637 4927 ab

1993 4950 2273 5024 apostolis
2295 4951 2617 5020 institutos,
2641 4973 2668 5000 «
2693 4970 2841 5022 quos
2860 4970 3231 5009 successores
3248 4957 3636 5028 reliquerant,

1992 5058 2162 5096 suum
2186 5039 2659 5111 ipsorumlocum
2678 5042 2997 5113 magisterii
3028 5044 3345 5112 tradentes,
3379 5053 3429 5100 et
3452 5062 3640 5102 eorum

1990 5135 2161 5187 etiam
2209 5146 2548 5185 successores.
2584 5131 2694 5186 Sed
2726 5132 3029 5201 quoniam,
3064 5135 3266 5202 inquit,
3300 5134 3360 5188 in
3393 5136 3502 5191 hoc
3536 5137 3638 5193 tali

1989 5221 2274 5277 volumine
2290 5221 2527 5289 longum
2539 5222 2784 5275 esten-.ni
2793 5238 2885 5276 um
2897 5222 3283 5280 Ecclesiarum
3297 5242 3640 5284 enumerare

1988 5309 2781 5375 successiones;maximm,et
2794 5328 2864 5365 an
2877 5313 3111 5382 tiquae.e
3124 5320 3141 5366 t
3156 5316 3431 5372 (minibus
3446 5320 3642 5387 cogni-

1988 5408 2122 5469 tze,a
2140 5397 2585 5473 gloriosissimis
2611 5398 2844 5454 duobus
2869 5402 3151 5471 apostolis
3178 5405 3351 5460 Petro
3376 5413 3434 5462 et
3452 5408 3635 5466 Paulo

1984 5494 2182 5547 Roma:
2196 5488 2454 5544 fundatm
2471 5489 2876 5544 etconstitutze
2895 5491 3173 5547 Ecclesiae
3188 5511 3317 5549 eam
3332 5515 3508 5569 quam
3530 5499 3637 5554 ha-

1984 5578 2169 5635 betab
2184 5576 2467 5650 apostolis
2482 5578 2860 5634 traditionem
2880 5586 3019 5636 etan
3032 5583 3363 5641 nuntiatam
3384 5588 3637 5643 homini—

1982 5669 2093 5723 bus
2108 5668 2308 5737 ﬁdem,
2322 5683 2430 5740 per
2442 5668 2849 5724 successiones
2868 5670 3282 5744 episcoporum
3293 5676 3638 5747 pervenien-
