3990 6136
317 322 427 381 1ὃῖ

1398 324 1460 378 S.
1509 317 1903 379 IGNA'I‘IUS.
1961 351 2029 363 η·-
2077 317 2687 380 PROLEGONENA.

3616 314 3736 376 168

318 458 437 511 tem
482 469 669 524 usque
699 454 773 509 ad
809 470 916 509 nos
938 453 1290 521 indicantes,
1314 452 1735 508 contundimus
1767 468 1975 507 omnes
2002 454 2056 520 Α
2089 453 2294 509 eadem
2318 468 2453 509 cum
2475 452 2757 507 Romanis
2796 451 3196 523 praedicasset,
3228 449 3386 522 quod
3415 449 3637 506 multos
3667 466 3744 506 ex

322 561 423 599 eos
444 566 493 599 ››.
529 545 691 598 Tunc
712 544 868 598 inter
888 543 1036 598 alios
1050 546 1248 599 Romae
1277 544 1583 615 episcopos
1604 542 1970 597 Clementem

322 636 756 703 enumerat,qui
767 640 816 688 et
828 633 966 688 vidit
983 635 1123 703 ipsos
1144 632 1414 703 apostolos
1432 639 1480 687 et
1496 634 1726 688 contulit
1739 648 1857 687 cum
1874 635 1969 701 eis,

324 738 447 777 cum
466 722 645 777 adhuc
676 725 1011 777 insonantem
1038 722 1491 791 mmd’icationem
1521 723 1893 791 apostolorum
1918 728 1971 776 et

317 812 677 866 traditionem
702 817 827 865 ante
850 810 1028 865 oculos
1050 809 1288 875 haberet,
1316 810 1611 881 traditque
1643 812 1842 866 Romae
1869 810 1971 864 Ec-

320 900 565 955 clesiam
596 899 704 954 sub
727 900 838 953 hoc
871 898 1195 965 Clemente,
1231 898 1537 970 scripsisse
1561 899 1871 970 epistolam
1897 899 1970 955 ad

319 989 677 1053 Corinthios,
710 990 784 1042 ad
808 1004 1000 1058 pacem
1031 1004 1117 1043 eos
1146 994 1590 1057 congregantem.
1618 996 1668 1043 et
1696 1005 1971 1060 reparan-

323 1086 425 1133 tem
457 1080 617 1146 ﬁdem
644 1094 849 1145 eorum,
883 1085 934 1131 et
966 1080 1387 1132 annuntiantem
1417 1094 1583 1148 quam
1614 1079 1681 1133 ab
1711 1080 1971 1148 apostolis

318 1174 597 1237 receperat
634 1168 1008 1221 traditionem.
1050 1167 1319 1221 Meminit
1345 1167 1524 1239 igitur
1563 1167 1882 1223 Clementis
1914 1172 1972 1222 et

322 1257 584 1328 epistola:
618 1256 725 1310 sub
755 1257 882 1327 ejus
906 1256 1252 1327 pontiﬁcatu
1275 1257 1527 1327 scripta»,
1564 1274 1745 1328 quare
1768 1275 1888 1312 non
1914 1263 1971 1311 et

317 1346 524 1419 lgnatii
549 1347 576 1400 ‘l
605 1346 934 1417 respondeo
959 1346 1100 1417 quia
1139 1345 1400 1417 lgnalius
1426 1348 1622 1401 Romae
1656 1347 1969 1418 episcopus

316 1451 622 1505 nunquam
656 1434 780 1499 fuit,
817 1435 925 1489 sub
958 1451 1025 1488 eo
1054 1435 1317 1490 Ecclesia
1373 1437 1637 1490 Romana
1685 1436 1968 1507 epistolas

315 1524 573 1579 scribere
601 1541 717 1579 non
750 1525 962 1595 potuit.
991 1525 1205 1579 Statuit
1226 1530 1422 1580 antem
1456 1527 1713 1580 Irenmus
1743 1525 1814 1581 de
1846 1531 1970 1580 tra-

318 1614 542 1670 ditione
573 1614 647 1670 ad
679 1616 1001 1670 Romanam
1033 1614 1354 1670 Ecclesium
1378 1616 1711 1686 pertinente
1735 1621 1965 1671 tantum

318 1705 502 1774 loqui.
536 1706 745 1759 Inerter
767 1721 831 1759 ac
855 1706 1150 1774 ﬂagitiose,
1192 1704 1348 1758 dicet
1395 1705 1644 1759 Dallwus
1693 1706 1964 1760 fortasse.

318 1794 486 1848 Certe
518 1794 599 1849 ita
628 1794 767 1849 fecit
798 1794 1077 1859 lrenaeus,
1107 1798 1165 1848 et
1189 1811 1294 1849 cur
1316 1793 1401 1849 sic
1423 1801 1836 1866 argumentum
1858 1794 1965 1849 ad-
2000 1817 2045 1883 Β

318 1901 521 1939 versus
554 1884 862 1939 haereticos
921 1885 1279 1947 institueret,
1339 1884 1633 1939 rationem
1685 1884 1964 1953 reddidit,

318 1972 475 2045 quod
499 1980 729 2044 propter
746 1976 1115 2045 potmztiorem
1146 1973 1309 2028 illius
1340 1973 1615 2029 Ecclesiae
1634 1975 1967 2045 principali-

314 2068 499 2131 tatem,
538 2063 665 2134 ejus
689 2063 873 2118 solius
898 2063 1133 2118 traditio
1160 2079 1370 2118 omnes
1390 2063 1700 2119 haereticos
1722 2064 1969 2119 confun-

316 2152 503 2207 deret.
537 2155 674 2218 Quae
708 2152 951 2223 quidem
984 2152 1133 2207 ratio
1168 2153 1483 2217 Irenaeum,
1519 2153 1628 2207 etsi
1658 2154 1866 2224 lgnatii
1898 2170 1965 2208 eo

316 2240 428 2297 loci
461 2259 579 2296 non
605 2242 966 2306 meminerit,
991 2241 1145 2313 apud
1168 2258 1263 2296 me
1288 2240 1967 2313 flagitiosissimisilentii

319 2332 571 2387 crimine
595 2332 881 2398 absolvit;
912 2331 1167 2386 viderint
1201 2331 1480 2387 Dallaaani
1504 2332 1551 2386 si
1584 2331 1779 2387 adhuc
1798 2347 1965 2386 reum

318 2426 577 2476 teneant.
600 2425 673 2475 At
694 2427 908 2492 printer
933 2422 1296 2477 Clementem
1319 2422 1494 2478 etiam
1512 2421 1816 2493 Poly‘carpi
1849 2438 1968 2476 me-

317 2510 492 2565 minit
515 2511 898 2582 epistolaaque
923 2513 1051 2584 ejus
1078 2512 1151 2568 ad
1176 2513 1589 2583 Philippenses
1618 2528 1630 2566 :
1652 2528 1835 2584 quare
1856 2511 1967 2584 igi-

316 2604 410 2655 tur
439 2616 557 2655 non
591 2606 651 2656 et
678 2601 907 2672 lgnatii,
941 2603 1263 2674 Polycarpo
1298 2602 1574 2669 senioris,
1630 2602 1798 2673 cujus
1830 2601 1965 2672 epi-

312 2691 479 2744 stolas
513 2689 597 2744 illi
631 2690 703 2746 ad
734 2690 1150 2763 Pbilippenses
1182 2700 1353 2747 erant
1382 2692 1725 2763 adjunctm?
1764 2694 1967 2747 Memo-

312 2780 479 2834 randi
518 2787 658 2835 certe
711 2783 856 2835 ratio
914 2784 1199 2851 utriusque
1240 2800 1350 2853 par
1392 2789 1533 2847 erat,
1579 2781 1791 2851 Ignatii
1841 2797 1966 2836 vero

315 2871 480 2923 etiam
532 2871 738 2938 potior.
788 2870 1144 2940 Priusquam
1198 2870 1529 2941 respondeo
1589 2869 1661 2923 de
1719 2870 1962 2937 Irenazo,

315 2973 514 3028 quairo
548 2958 771 3028 pariter
800 2957 871 3012 de
922 2958 1304 3013 Tertulliano.
1355 2952 1681 3026 Concedes,
1731 2961 1963 3029 opinor,

314 3062 451 3102 eum
484 3046 631 3100 bene
664 3048 918 3116 novisse,
946 3047 1234 3118 lgnatium
1268 3048 1448 3101 fuisse
1471 3048 1966 3103 EcclesizeAnlio-

314 3134 517 3188 chenaa
572 3135 914 3205 episcopum
975 3141 1033 3188 et
1097 3135 1169 3189 ab
1255 3136 1538 3206 apostolis
1601 3126 1960 3202 ordinatum,

2084 543 2401 610 haereticis,
2425 547 2631 597 contra
2658 559 2805 613 quos
2826 541 2888 596 hi
2920 541 3054 596 libri
3089 540 3309 597 exarati
3335 546 3492 608 sunt,
3525 540 3598 595 ad
3630 558 3740 596 ca-

2086 631 2362 687 tholicam
2393 632 2569 687 ﬁdem
2601 634 2798 687 Romae
2830 632 3205 697 converterit,
3231 636 3289 683 et
3319 632 3598 685 Romanae
3630 632 3739 685 Ec-

2085 722 2281 777 clesia:
2301 722 2791 788 reconciliaverit,
2809 720 2966 792 quod
2989 721 3129 791 quid
3154 721 3206 773 S.
3240 721 3496 774 Joannes
3528 718 3599 775 de
3627 721 3741 773 Ce-

2083 811 2284 867 rintho
2310 811 2588 879 senserit,
2610 811 2755 882 quid
2776 810 2900 882 ipse
2930 810 3000 865 de
3030 810 3347 877 Marcione,
3370 815 3619 863 testatus
3640 809 3739 865 sit.

2085 902 2307 957 Horum
2321 918 2454 957 vero
2474 901 2622 956 nihil
2641 900 2713 956 de
2729 900 2951 972 Ignatio
2971 899 3083 954 dici
3099 898 3589 970 potuit.Epistolaa
3614 898 3745 969 qni-

2085 991 2221 1046 dem
2245 993 2375 1063 ejus
2400 990 2593 1046 obiter
2614 990 2906 1057 meminit,
2933 990 3036 1045 sed
3058 1006 3131 1044 ne
3159 990 3229 1059 μῦ
3254 1005 3323 1042 ex
3349 988 3451 1042 illa
3465 987 3742 1053 adducit;

2085 1097 2159 1135 ne
2182 1080 2241 1135 id
2273 1080 2512 1150 quidem
2533 1080 2676 1135 dicit
2698 1096 2829 1135 eam
2852 1080 3160 1134 continere
3184 1077 3449 1132 eamdem
3471 1076 3745 1132 traditio-

2084 1184 2221 1223 nem
2257 1185 2386 1239 quae
2420 1168 2478 1223 in
2510 1170 2775 1223 Romana
2813 1167 3078 1222 Ecclesia
3121 1165 3396 1221 obtinuit.
3457 1164 3745 1235 Polycar—

2084 1274 2225 1328 pum
2251 1257 2450 1328 itaque
2473 1257 2605 1312 ideo
2629 1263 2856 1312 tantum
2877 1257 3095 1323 citavit,
3120 1255 3278 1327 quod
3306 1257 3503 1310 Romae
3527 1253 3743 1308 eadem

2084 1363 2217 1401 cum
2242 1348 2509 1402 Romana
2528 1347 2791 1401 Ecclesia
2808 1346 3099 1414 docuerit,
3118 1350 3177 1399 et
3195 1343 3490 1398 haereticis
3511 1341 3741 1397 ibidem

2084 1435 2389 1489 restiterit.
2424 1437 2538 1490 Nec
2572 1443 2697 1491 erat
2728 1435 3019 1505 utriusque
3046 1434 3374 1489 nominandi
3414 1450 3526 1504 par
3563 1434 3739 1486 ratio.

2154 1524 2319 1589 Quod
2350 1524 2615 1580 additvir
2636 1524 3035 1590 doctissimus,
3068 1525 3359 1578 Irenaeum
3392 1522 3453 1576 in
3487 1519 3746 1593 epistola.

2082 1614 2156 1669 ad
2180 1613 2481 1669 Florinum
2513 1614 2820 1686 Polycarpi
2850 1614 3216 1669 mentionem
3236 1612 3466 1680 fecisse,
3489 1627 3606 1666 non
3632 1627 3742 1667 au-

2082 1709 2202 1758 tem
2235 1703 2467 1775 Ignatii,
2504 1703 2673 1775 cujus
2716 1703 2978 1775 epistolae
3027 1702 3217 1758 multa
3264 1706 3470 1757 contra
3513 1699 3745 1755 Florini

2082 1792 2513 1864 blasphemiam
2540 1793 2872 1861 continent,
2905 1792 2965 1847 id
2988 1793 3232 1847 omnino
3255 1791 3369 1845 vim
3387 1790 3613 1845 nullam
3638 1790 3747 1843 ha-

2079 1883 2196 1937 bet.
2228 1884 2603 1955 Blasphemia
2625 1901 2802 1955 quam
2828 1890 2969 1938 tunc
2992 1884 3276 1955 temporis
3311 1881 3582 1936 tuebatur
3602 1880 3749 1935 Flo-

2078 1972 2388 2044 rinus,ipsi
2414 1972 2734 2044 peculiaris
2755 1974 2884 2041 fuit,
2909 1977 3111 2044 utpote
3132 1989 3310 2044 quam
3338 1969 3600 2026 haeretici
3631 1969 3743 2040 qui

2079 2067 2243 2116 extra
2272 2062 2596 2117 Ecclesium
2624 2068 3130 2133 erant,nunquam
3156 2059 3422 2132 profiteri
3437 2059 3561 2114 ausi
3587 2058 3742 2113 sint.

2078 2153 2289 2207 Postea
2320 2151 2583 2222 quidem,
2613 2156 2759 2206 teste
2791 2150 3063 2216 Eusebio,
3090 2149 3337 2205 descivit
3365 2145 3437 2203 ad
3471 2146 3742 2203 Valenti-

2080 2240 2315 2295 nianos.
2344 2240 2609 2313 Epistola
2633 2246 2831 2296 antem
2855 2239 3059 2296 Irenaei
3080 2236 3490 2294 tantummodo
3511 2252 3616 2309 pro
3641 2252 3741 2291 ar-

2078 2335 2358 2404 gumento
2392 2330 2619 2401 habuit,
2653 2331 2809 2403 quod
2851 2333 2992 2387 Deus
3038 2346 3147 2385 non
3192 2329 3266 2384 sit
3318 2334 3509 2383 auctor
3549 2325 3740 2381 malo-

2078 2439 2196 2477 rum
2231 2421 2273 2491 4,
2308 2439 2443 2478 nam
2472 2422 2629 2490 licet,
2655 2422 2806 2476 alter
2827 2421 3031 2477 titulus
3060 2419 3187 2493 Περῖ
3214 2416 3519 2496 μοναρχίας
3537 2423 3743 2473 osten-

2077 2510 2217 2567 dere
2250 2512 2517 2568 videalur
2544 2512 2846 2567 Florinum
2880 2512 2995 2567 duo
3031 2509 3640 2582 principiainvexisse
3673 2512 3740 2562 et

2077 2599 2394 2654 Marcionis
2425 2616 2492 2654 ac
2522 2600 2807 2655 Cerdonis
2866 2597 3241 2671 dogmatibus
3291 2596 3635 2659 adbaasisse,
3668 2598 3750 2649 ut

2078 2688 2351 2744 observat
2373 2688 2753 2744 doctissimus
2778 2689 3075 2756 Valesius;
3101 2695 3445 2743 tamencum
3469 2686 3746 2741 lremeus

2077 2778 2203 2850 ipse
2236 2779 2509 2851 dogmata
2538 2778 2754 2834 Florini
2776 2784 3004 2834 asserat
3024 2777 3095 2833 ab
3119 2776 3415 2832 haereticis
3428 2791 3744 2847 nunquam

2075 2869 2259 2924 fuisse
2292 2868 2528 2934 tradita,
2572 2874 2631 2923 et
2672 2868 2962 2924 Eusebius
3014 2867 3215 2931 addat,
3263 2864 3466 2934 ταύτης
3508 2863 3612 2940 γάρ
3645 2882 3739 2917 τοι

2073 2960 2173 3021 τῆς
2203 2957 2452 3031 γνώμης.
2488 2954 2644 3017 οὗτος
2679 2954 2854 3011 ἐδόκει
2906 2954 3278 3030 προασπῖζειν,
3330 2955 3558 3010 videtur
3607 2955 3740 3008 Ire-

2076 3064 2240 3103 naeus
2273 3048 2343 3103 de
2374 3047 2477 3102 illa
2504 3064 2567 3101 re
2601 3052 2832 3103 tantum
2864 3046 3198 3118 disputasse
3226 3045 3506 3101 adversus
3527 3044 3726 3099 Flori-

2076 3155 2255 3193 num:
2290 3162 2317 3189 ‹‹
2351 3141 2462 3205 An,
2496 3137 2741 3206 scilicet,
2768 3139 2919 3193 Deus
2948 3144 3153 3193 auctor
3176 3143 3332 3192 esset
3352 3135 3673 3191 malorum.
3702 3156 3735 3184 »

311 3223 545 3277 etiamsi
581 3222 862 3293 epistolas
893 3223 1020 3293 ejus
1051 3224 1354 3295 ignorasse
1386 3231 1575 3295 putes.
1602 3226 1808 3289 Quaero
1849 3224 1960 3292 igi-
1995 3189 2036 3254 ρ
2075 3225 2558 3298 Atquammulta,
2581 3243 2804 3297 quaeso,
2831 3226 2904 3281 ad
2922 3225 3353 3296 blasphemiam
3374 3226 3432 3279 in
3448 3241 3516 3280 ea
3536 3240 3598 3279 re
3630 3240 3737 3279 re-

313 3316 409 3366 tur
438 3327 572 3365 cum
605 3312 895 3366 Ecclesias
928 3312 1280 3383 apostolicas
1336 3320 1646 3380 memorat,
1698 3320 1776 3369 De
1824 3331 1963 3384 prte-

310 3400 610 3471 scriptione
640 3401 1038 3469 haereticorum,
1073 3420 1199 3473 cap.
1236 3406 1320 3466 32.
1348 3421 1453 3458 cur
1484 3404 1693 3475 lgnatii
1726 3410 1828 3459 aut
1857 3407 1959 3458 Ec-

314 3490 508 3546 clesia:
522 3490 901 3546 Antiochenaa
918 3509 1038 3547 non
1062 3493 1335 3547 meminit
1352 3493 1409 3547 ?«
1432 3494 1549 3548 Hoc
1568 3492 1961 3563 modo,inquit

310 3578 590 3635 Ecclesia)
622 3581 959 3652 apostolicae
993 3599 1207 3637 census
1256 3600 1392 3637 suos
1444 3583 1760 3649 deferunt;
1811 3584 1963 3638 sicut

312 3668 754 3740 Smyrnaeorum
771 3670 1033 3726 Ecclesia
1048 3672 1439 3743 Polycarpum
1463 3673 1533 3728 ab
1546 3674 1769 3728 Joanne
1788 3673 1962 3728 collo-

310 3764 506 3814 catum
532 3759 893 3826 refert,sicut
914 3763 1311 3816 Romanorum
1339 3762 1697 3817 Llementem
1725 3779 1759 3817 a
1794 3768 1959 3817 Petro

307 3848 647 3903 ordinatum
662 3849 868 3904 itidem
890 3850 1182 3905 n.Nullam
1201 3852 1376 3905 aliam
1392 3852 1713 3907 Ecclesium
1732 3859 1961 3923 aposto-

298 3935 479 3999 licam
506 3938 1258 4004 nominavit.Quid?nonne
1280 3941 1445 3995 novit
1466 3942 1753 4013 lgnatium
1775 3940 1956 4012 Poly-

305 4041 483 4096 carpo
516 4026 698 4083 fuisse
729 4028 1027 4084 seniorem
1051 4028 1079 4084 ‘2
1128 4045 1327 4084 nonne
1372 4031 1726 4085 existimavit
1758 4031 1813 4085 S.
1849 4032 1954 4084 Pe-

296 4120 459 4169 trum
497 4114 677 4170 fuisse
710 4118 1039 4172 Antiochiae
1072 4119 1237 4189 prius
1269 4134 1446 4190 quam
1490 4122 1687 4174 Romae
1716 4120 1735 4173 2
1766 4119 1954 4183 Quare

298 4203 481 4271 igitur
510 4205 941 4261 Antiochenam
969 4208 1293 4263 Ecclesiam
1350 4214 1408 4262 et
1451 4208 1793 4278 episcopum
1828 4208 1955 4279 ejus

297 4292 592 4364 Ignatium
618 4311 737 4347 non
767 4296 1293 4351 commemoravit?
1315 4299 1530 4367 Nempe.
1556 4299 1759 4350 inertcr
1786 4300 1953 4365 ctﬂa-

302 4382 499 4451 gitiose
527 4382 708 4437 fecit:
744 4390 901 4439 certe
957 4386 1242 4441 Irenteum
1294 4386 1559 4440 imitatus
1612 4391 1667 4439 et
1719 4391 1953 4440 secutus

300 4473 407 4525 est.
446 4470 731 4535 Quocirca
764 4472 811 4526 si
836 4474 962 4543 jam
996 4491 1248 4544 quaeras,
1274 4491 1455 4545 quare
1488 4476 1746 4528 Irenzeus
1783 4473 1952 4546 Poly-

2069 3317 2428 3372 tundendam
2441 3322 2774 3389 opportuna
2787 3315 3269 3387 epistolaelgnatii
3285 3312 3735 3370 continent?aut

2069 3411 2118 3465 si
2148 3412 2542 3473 continerent,
2576 3410 2735 3465 unde
2761 3409 2970 3464 liceret
2991 3407 3267 3481 colligere
3296 3406 3621 3463 sententias
3653 3421 3733 3461 ex

2067 3499 2141 3554 iis
2162 3499 2235 3554 ad
2258 3498 2649 3555 refellendum
2673 3498 2972 3554 Florinum
2996 3514 3312 3569 excerpere
3335 3496 3586 3552 voluisse
3610 3493 3732 3550 Ire-

2068 3607 2264 3646 naeum
2288 3590 2314 3644 ?
2346 3592 2512 3645 Certe
2546 3590 2619 3645 ab
2644 3588 2913 3660 exemplo
2935 3588 3244 3659 Polycarpi
3273 3588 3384 3642 hoc
3406 3585 3571 3642 nullo
3598 3601 3733 3639 mo.

2067 3680 2140 3735 do
2182 3679 2471 3749 sequitur.
2505 3679 2707 3734 Innuit
2754 3677 2995 3748 quidem
3023 3694 3159 3732 eum
3210 3677 3410 3748 plures
3441 3673 3735 3745 epistolas

2067 3769 2399 3839 scripsisse,
2453 3783 2529 3821 ne
2575 3784 2758 3821 unam
2812 3784 2882 3822 ex
2936 3783 3140 3822 earum
3192 3765 3316 3819 ulla
3365 3763 3735 3819 sententiam

2065 3858 2533 3927 adducitlpsum
2557 3856 2848 3924 nominat,
2883 3855 2987 3911 sed
3020 3872 3090 3911 eo
3133 3855 3261 3910 loco
3281 3870 3396 3925 quo
3428 3852 3734 3923 πεφεισμέ-

2063 3967 2192 4015 νως,
2220 3962 2389 4017 parce
2418 3962 2486 4001 ac
2536 3946 2727 4000 leviter
2754 3961 2889 4001 cum
2920 3945 3159 4000 Florino
3193 3946 3331 4016 agit,
3365 3960 3480 4015 quo
3522 3948 3737 3998 osten-

2063 4034 2439 4089 ditseniores
2473 4034 2573 4105 qui
2606 4051 2740 4089 cum
2775 4034 3061 4105 apostolis
3106 4033 3312 4088 versati
3367 4037 3523 4097 sunt,
3574 4031 3733 4086 nihil

2064 4124 2180 4179 tale
2213 4140 2351 4178 eum
2401 4123 2696 4180 docuisse.
2752 4125 2971 4178 Eorum
3021 4122 3322 4194 aliquibus
3369 4119 3730 4177 familiarem

2060 4212 2244 4267 fuisse
2269 4212 2574 4267 Florinum
2606 4218 2891 4279 noverat;
2950 4228 3137 4267 unum
3186 4227 3256 4266 ex
3303 4210 3375 4265 iis
3426 4209 3725 4276 nominat,

2062 4317 2278 4372 nempe
2308 4301 2697 4373 Polycarpum
2725 4318 2739 4368 ;
2774 4317 3030 4372 eumque
3061 4301 3358 4373 praecipue
3403 4298 3615 4371 scligit,
3647 4297 3727 4354 ob

2064 4391 2286 4446 multas
2319 4406 2465 4461 quas
2497 4390 2791 4462 signiﬁcat
2837 4391 3118 4446 rationes.
3174 4390 3396 4457 Primo,
3447 4392 3729 4460 respectu

2060 4479 2305 4547 Florini,
2332 4480 2430 4550 qui
2454 4479 2846 4551 Polycarpum
2871 4479 3162 4547 audierat,
3190 4478 3293 4535 sed
3311 4486 3369 4534 et
3392 4494 3526 4533 cum
3549 4493 3619 4533 eo
3643 4477 3730 4532 si-

299 4558 461 4631 carpi
482 4559 897 4627 meminit,non
922 4569 1120 4617 autem
1142 4563 1347 4635 Ignatii
1366 4579 1378 4629 ;
1400 4580 1576 4619 causa
1598 4563 1657 4617 in
1681 4568 1958 4634 promptu

2100 4569 2191 4624 nul
2220 4570 2502 4637 Irenmus,
2538 4565 2681 4622 εἶδον
2712 4568 2817 4643 γάρ
2852 4588 2931 4637 σε,
2977 4569 3195 4641 inquit,
3250 4572 3377 4630 παῖς
3420 4560 3494 4619 ὤν
3538 4561 3619 4620 ἔτι
3668 4564 3725 4619 ἐν

294 4654 387 4731 est
412 4666 427 4716 ;
462 4650 603 4720 quia
627 4650 1004 4707 traditionem
1030 4653 1214 4708 solius
1234 4653 1506 4709 Ecclesiae
1530 4656 1951 4725 Bomanmpro-

295 4744 599 4811 posuerat,
631 4739 705 4795 ad
740 4756 919 4811 quam
953 4742 1423 4799 conﬁrmandam
1458 4743 1736 4797 adversus
1764 4744 1948 4798 haere-

297 4829 800 4899 ticos,auctoritas
829 4829 1132 4904 Polycarpi
1156 4832 1479 4904 plurimum
1495 4831 1764 4895 faciebat.
1783 4834 1950 4905 lgna-

295 4920 725 4977 tiinihil.Hanc
749 4923 1041 4977 rationem
1068 4923 1190 4994 ipse
1214 4923 1456 4978 indicat.
1499 4948 1524 4972 (ι
1563 4925 1615 4977 ls
1646 4922 1824 4983 enim.
1864 4922 1949 4977 in-

294 5013 438 5081 quit,
466 5016 576 5077 est,
604 5012 703 5083 qui
730 5012 836 5067 sub
860 5012 1102 5068 Aniceto
1126 5030 1257 5068 cum
1283 5012 1616 5067 advenisset
1637 5013 1697 5066 in
1713 5012 1947 5083 Urbem,

288 5116 336 5155 αι
349 5101 503 5156 ultos
522 5118 589 5155 ex
606 5101 695 5156 his
709 5119 856 5173 quos
873 5102 1248 5173 praediximus
1263 5103 1571 5158 haereticos
1586 5103 1869 5157 convertit
1888 5103 1948 5157 in

293 5190 620 5245 Ecclesium
638 5191 947 5257 Dei,unam
966 5198 1022 5247 et
1041 5193 1223 5247 solam
1241 5193 1389 5247 hanc
1406 5193 1705 5247 veritatem
1720 5209 1951 5247 annun-

296 5281 453 5335 tians
486 5280 560 5335 ab
592 5281 877 5351 apostolis
908 5283 1244 5354 percepisse
1279 5299 1362 5350 se,
1387 5299 1560 5353 quam
1596 5288 1655 5336 et
1686 5283 1949 5337 Ecclesia

291 5369 537 5423 tradidit
564 5392 581 5416 ιν
617 5369 704 5423 Ad
731 5370 1202 5426 confirmandam
1233 5373 1512 5427 Romanae
1538 5372 1814 5427 Ecclesiae
1837 5381 1952 5427 tra-

290 5457 578 5513 ditionem
611 5459 853 5514 adducit
887 5460 1298 5533 Polycarpum,
1335 5478 1507 5533 quem
1542 5461 1665 5532 ipse
1696 5461 1943 5527 viderat,

288 5547 446 5619 quod
479 5549 851 5605 venerandus
884 5551 983 5607 ille
1020 5568 1198 5607 senex
1246 5555 1439 5607 Romae
1489 5551 1741 5617 adesset,
1786 5551 1947 5622 quod

364 5667 387 5703 ⁴
413 5668 536 5729 Jac.
570 5684 612 5738 ι,
650 5671 734 5723 13.

2059 4659 2129 4730 τῇ
2159 4660 2307 4712 κάτω
2341 4655 2495 4728 Ἀσίᾳ
2526 4656 2672 4731 παρὰ
2699 4661 2778 4730 τῷ
2825 4655 3173 4731 Πολυκάρπῳ
3226 4654 3499 4730 λαμπρῶς
3548 4653 3727 4727 πράτ-

2055 4766 2217 4801 τοντα
2250 4743 2300 4799 ἐν
2334 4749 2403 4818 τῇ
2444 4743 2705 4819 βασιλικῇ
2754 4744 2924 4820 αὐλῇ,
2964 4744 3055 4799 καὶ
3098 4744 3440 4819 πειρώμενον
3502 4738 3723 4796 εὐδοχι-

2062 4840 2177 4909 μεῖν
2210 4838 2335 4908 παρ’
2369 4832 2536 4906 αὐτῷ.
2578 4857 2603 4888 α
2639 4835 2762 4890 Vidi
2798 4836 2959 4891 enim
2993 4840 3047 4890 te
3081 4852 3213 4891 cum
3238 4834 3432 4890 adhuc
3454 4849 3602 4905 puer
3622 4848 3724 4887 es-

2059 4944 2180 4982 sem
2218 4927 2278 4980 in
2312 4924 2577 4980 inferiori
2601 4926 2741 4979 Asia
2770 4924 2927 4996 apud
2959 4924 3373 4995 Polycarpum,
3406 4921 3721 4994 splendide

2058 5022 2326 5086 agentem
2354 5015 2413 5068 in
2437 5013 2677 5084 palatio,
2705 5019 2764 5067 et
2789 5030 3145 5085 magnopere
3167 5012 3535 5067 laborantem
3572 5017 3636 5065 ut
3664 5016 3722 5064 to

2060 5103 2145 5155 illi
2164 5101 3169 5172 approbares».Secundo,respectu
3190 5102 3276 5154 sui
3304 5099 3512 5171 ipsius.
3539 5115 3722 5169 quem

2060 5195 2336 5261 tanquam
2363 5191 2653 5260 optimum
2680 5191 2878 5261 ejusce
2907 5191 2992 5245 rei
3017 5196 3228 5245 testem
3252 5188 3542 5259 depingit,
3560 5188 3722 5259 quod

2061 5296 2192 5350 quae
2218 5286 2356 5335 tunc
2379 5279 2603 5334 audivit
2623 5297 2657 5335 a
2679 5281 3024 5353 Polycarpo,
3042 5279 3272 5334 ﬁrmius
3291 5278 3594 5333 memoria:
3616 5278 3723 5332 ad-

2061 5370 2380 5436 bmrerent,
2414 5386 2591 5440 quam
2626 5387 2757 5441 quae
2787 5386 2979 5442 nuper
3011 5368 3373 5424 acciderant.
3416 5366 3601 5421 Ταῦτα
3630 5364 3723 5420 καὶ

2059 5458 2186 5513 τότε
2244 5453 2551 5517 σπουδαίως
2609 5453 2810 5526 ἤκουον
2872 5454 3464 5530 ὑπομνηματιζόμενος
3515 5453 3618 5508 οὐκ.
3665 5454 3717 5507 ἐν

2057 5547 2237 5623 χάρτῃ
2272 5543 2397 5601 ἄλλ’
2428 5548 2484 5602 ἒν
2517 5550 2585 5620 τῇ
2622 5546 2727 5621 ἐμῇ
2777 5544 2990 5621 καρδίᾳ,
3042 5545 3130 5599 καὶ
3180 5543 3260 5598 ἀεὶ
3317 5543 3449 5598 αὐτὰ
3498 5543 3719 5617 civ/{nﬁ-
