3990 6136
327 312 441 371 1⁸15

1391 304 1456 363 S.
1505 298 1909 361 IGNATIUS.
1956 330 2032 340 --
2075 298 2684 363 PROLEGUMENA.

3635 304 3754 362 176

322 440 577 501 nestiori
599 438 883 497 vocabulo
901 437 1252 493 charitatem
1273 436 1364 492 vel
1385 434 1769 490 dilectionem
1791 431 1981 488 nomi-
2008 437 2061 503 Α
2092 432 2269 504 plane
2301 451 2364 490 se
2396 442 2638 508 superet
2683 436 2986 509 Origenes.
3034 435 3227 493 Tertio
3271 451 3449 493 nemo
3479 451 3748 509 unquam

321 548 523 589 nasse.
546 530 721 587 Verbi
750 529 939 603 gratia
966 532 1033 585 ut
1070 544 1206 583 cum
1230 526 1377 582 dixit
1403 525 1474 581 de
1496 526 1694 580 Isaac:
1731 545 1758 572 ››
1785 525 1854 578 Et
1882 539 1980 578 ac-
2088 523 2267 578 toties
2287 541 2469 597 opera
2484 542 2592 582 sua
2612 527 2777 599 prius
2799 527 3020 599 scripta
3044 525 3323 595 laudavit,
3356 542 3425 582 ac
3447 525 3753 599 Origenes.

325 622 485 694 cepit
512 620 860 690 Rebeccam,
920 623 980 673 et
1034 618 1189 672 facta
1218 621 1310 672 est
1366 614 1419 670 ei
1478 631 1647 682 uxor,
1683 618 1741 668 et
1771 612 1985 667 dilexit

333 727 466 768 eam
488 711 532 777 ⁵,
566 733 595 763 ››
629 709 839 783 ἀγαπᾷν
899 707 1129 778 diligere
1185 710 1344 762 recte
1406 704 1670 769 vertitur,
1704 708 1761 759 et
1800 701 1978 776 ἀγάπη

331 801 659 871 antiquitus
690 816 811 855 non
850 798 1048 855 minus
1096 797 1317 852 dilectio
1350 812 1526 867 quam
1576 795 1816 849 charitas
1846 790 1983 847 red-

333 890 602 947 debatur.
639 888 935 945 Glossaria
975 891 1212 942 vetera:
1257 886 1497 951 dilectio,
1542 882 1742 956 ἀγάπη
1780 881 1983 955 ἀγάπη,

332 980 576 1036 dilectio.
608 978 1001 1034 Tertullianus
1042 976 1114 1033 de
1164 976 1364 1049 agapis
1409 981 1673 1029 veterum
1703 972 1984 1027 Christia-

330 1086 576 1126 norum:
597 1070 810 1125 «Coena
821 1073 1027 1124 nostra
1038 1067 1109 1123 de
1125 1066 1367 1121 nomine
1388 1065 1679 1120 rationem
1694 1062 1784 1119 sui
1799 1068 1988 1117 osten-

331 1159 447 1217 dit:
469 1159 532 1215 id
552 1164 793 1215 vocatur
813 1158 972 1231 quod
1000 1157 1227 1214 dilectio
1249 1156 1404 1228 apud
1428 1157 1679 1211 Graecos.
1711 1155 1776 1208 Ut
1805 1158 1986 1207 autem

330 1249 603 1305 charitati
653 1249 1054 1317 dilectionem,
1114 1251 1196 1303 ita
1253 1252 1306 1301 et
1363 1244 1551 1300 amori
1582 1243 1925 1315 cupidinem
1955 1261 1985 1291 ››

328 1338 621 1411 adjunxit.
675 1338 1032 1395 Glossarium
1083 1342 1287 1393 vetus:
1339 1334 1541 1407 Ἔρως,
1584 1350 1738 1388 amor
1767 1331 1984 1402 cupido.

328 1429 496 1495 Quod
526 1434 664 1486 ante
695 1447 830 1486 eum
862 1431 1057 1485 fecere
1082 1424 1755 1497 Hieronymus,homilia
1774 1423 1986 1494 prima,

330 1541 358 1570 ‹‹
377 1520 673 1591 spirituali
694 1520 977 1592 cupidine
999 1519 1305 1573 velamore
1324 1516 1700 1571 accendatur.
1714 1515 1991 1568 nHmcau-

332 1614 455 1664 tem
473 1615 540 1665 ut
560 1615 864 1666 auctorem
890 1608 1164 1664 Latinum
1188 1606 1433 1661 minime
1454 1603 1734 1677 produnt,
1756 1602 1841 1657 ita
1872 1600 1992 1657 Ori-

333 1714 547 1771 genem
594 1698 791 1770 ipsum
838 1699 1034 1770 potius
1097 1701 1399 1752 auctorem
1430 1694 1613 1749 fuisse
1645 1691 1988 1757 ostendunt,

2091 614 2331 679 Quoties
2353 616 2513 671 enim
2539 617 2857 688 Scriptura
2886 617 3083 672 locum
3128 614 3321 671 obiter
3349 616 3511 680 citat,
3544 614 3617 670 ad
3649 632 3722 671 ex
3743 647 3758 657 -

2091 702 2417 773 positiones
2433 722 2570 762 suas
2592 706 2875 762 lectorem
2897 706 3169 779 ablegare
3193 704 3530 762 solet.Idem
3554 704 3615 759 in
3638 705 3756 761 hoc

2093 808 2270 863 Opere
2312 794 2659 866 frequenter
2691 797 3005 868 praestitit;
3064 796 3209 852 citat
3260 795 3421 851 enim
3468 794 3747 851 homilias

2094 898 2231 937 suas
2262 883 2322 937 in
2353 887 2623 955 Emodum,
2648 891 2708 941 et
2733 888 2952 942 Judices
2982 885 3189 952 semel,
3217 886 3280 940 in
3310 887 3571 940 Numeros
3601 901 3747 955 qua-

2093 979 2220 1043 ter;
2255 978 2677 1048 explicationes
2721 980 2783 1035 in
2828 983 3147 1037 Leviticum.
3199 985 3258 1035 et
3287 977 3755 1035 commentarios

2093 1063 2154 1119 in
2184 1067 2390 1122 Novum
2424 1071 2846 1125 Testamentum.
2880 1072 3118 1139 Quarto,
3151 1069 3388 1141 Origeni
3429 1068 3613 1123 moris
3663 1071 3758 1122 est

2093 1155 2335 1226 propria
2365 1158 2612 1213 nomina
2642 1159 2929 1215 Hebraica
2958 1159 3421 1230 interpretari,et
3446 1174 3517 1213 ex
3548 1172 3757 1212 eorum

2093 1244 2688 1315 interpretationibus
2728 1265 2939 1303 sensus
2990 1248 3389 1321 tropologicos
3438 1245 3756 1318 expiscari.

2094 1333 2308 1389 Nullibi
2342 1336 2714 1407 frequentius
2746 1354 2924 1409 quam
2958 1339 3019 1393 in
3054 1339 3148 1393 his
3178 1338 3354 1393 tomis
3376 1338 3487 1392 hoc
3505 1336 3664 1392 facit.
3687 1337 3759 1391 In

2093 1423 2336 1496 prologo
2359 1426 2573 1497 inquit,
2598 1450 2625 1476 «
2646 1428 2827 1483 Israel
2846 1427 2920 1482 ob
2948 1428 3280 1483 divinorum
3307 1424 3761 1496 contemplatio-

2096 1528 2236 1567 nem
2257 1516 2598 1571 nominatus
2617 1518 2968 1586 est.Zareth,
2989 1517 3185 1573 aliena
3196 1516 3506 1572 descensio
3528 1531 3540 1581 ;
3561 1514 3760 1570 Debo-

2093 1602 2220 1672 rah,
2271 1604 2399 1675 apis
2455 1605 2539 1676 (ut
2585 1606 2773 1663 homil.
2798 1608 2833 1661 5
2862 1608 2923 1661 in
2952 1606 3252 1679 Judices);
3301 1605 3544 1672 Barach,
3581 1620 3764 1659 coru-

2094 1692 2278 1747 scatio
2304 1697 2389 1763 (ut
2406 1695 2595 1750 eadem
2625 1695 2825 1767 hom),
2860 1696 3160 1762 Salomon,
3193 1695 3763 1767 pacificus.Homilia

336 1787 439 1856 qui
472 1788 534 1841 in
563 1787 801 1858 scriptis
844 1786 967 1841 illis
1012 1803 1142 1855 quae
1174 1785 1481 1850 habemus,
1514 1776 1688 1852 ἔρωτα
1720 1784 1782 1836 in
1813 1780 1990 1835 rebus
2024 1841 2066 1858 ῃ
2090 1783 2297 1851 prima,
2333 1783 2512 1848 Eden,
2548 1784 2778 1841 deliciis
2805 1802 2818 1853 ;
2850 1788 3107 1856 secunda,
3132 1784 3339 1851 Gedar,
3364 1783 3631 1857 nigredo,
3664 1782 3762 1839 vel

337 1841 555 1931 divinis
604 1841 724 1931 tam
772 1841 1117 1947 frequenter
1167 1841 1550 1945 usurpatz'et'
1585 1888 1763 1942 quem
1790 1872 1850 1925 in
1882 1871 1992 1925 hac
2024 1841 2069 1905 Β
2090 1841 2449 1929 bbscuritas.
2484 1841 2875 1947 Hierusalem,
2908 1878 3055 1933 visio
3095 1841 3271 1949 ’pacis
3320 1841 3401 1946 tut
3430 1841 3656 1931 homilia
3684 1876 3752 1929 2i

334 1966 465 2038 ipsa
493 1983 580 2033 re,
612 1966 698 2021 uti
732 1966 905 2036 solet,
939 1966 1208 2022 imitatur
1238 1966 1291 2019 S.
1316 1965 1629 2036 Gregorius
1666 1965 1988 2034 Nyssenus,

333 2054 397 2110 in
428 2056 668 2112 Cantica
713 2056 961 2111 homilia
1010 2056 1235 2126 prima:
1298 2048 1547 2106 Ἐπειδὰν
1601 2049 1777 2106 τοίνυν
1829 2047 1991 2124 σοφία

334 2142 477 2199 ἔστὶν
507 2147 541 2213 ἡ
576 2142 844 2215 λαλοῦσα,
883 2143 1166 2221 ἀγάπησον
1199 2141 1322 2197 ὅσον
1356 2141 1578 2197 δύνασαι
1611 2140 1661 2213 ἐξ
1692 2138 1831 2210 ’ὀλης
1856 2158 1992 2212 καρ-

334 2231 454 2297 δίας
510 2255 571 2290 τε
625 2233 715 2289 καὶ
784 2231 1085 2306 δυνάμεως,
1147 2231 1483 2305 ἐπιθύμησον
1561 2230 1691 2285 ’ὅσον
1749 2232 1980 2303 χωρεῖς’

330 2325 677 2398 πρὸστίθημι
719 2321 778 2378 δὲ
830 2322 1043 2399 θαῤῥῶν
1096 2327 1213 2383 τοῖς
1274 2321 1481 2397 ῥήμασι
1538 2317 1752 2381 τούτοις
1782 2318 1989 2386 καὶτὸ,

337 2412 654 2487 ἐράσθητι.‹‹
684 2416 829 2470 Cum
852 2430 988 2486 ergo
1020 2413 1096 2468 sit
1126 2428 1257 2484 qua:
1278 2412 1543 2484 loquitur
1566 2409 1877 2482 sapientia,
1901 2408 1989 2463 di—

338 2503 454 2577 lige
487 2510 777 2576 quantum
808 2509 995 2576 potes,
1028 2520 1098 2558 ex
1129 2507 1250 2557 toto
1281 2501 1456 2557 corde
1488 2505 1545 2556 et
1575 2501 1715 2555 totis
1744 2498 1988 2564 viribus;

341 2594 693 2666 concupisce
717 2597 1005 2664 quantum
1027 2597 1197 2664 potes
1218 2607 1427 2663 capere
1454 2606 1466 2645 :
1492 2589 1646 2645 addo
1669 2594 1868 2644 autem
1890 2604 1990 2643 au-

340 2683 545 2739 dacter
574 2683 666 2738 his
696 2700 931 2755 quoque
964 2683 1155 2738 verbis
1181 2698 1193 2736 :
1226 2684 1394 2736 Ama.
1424 2703 1451 2730 »
1476 2680 1655 2735 Plane
1682 2684 1748 2734 ut
1775 2679 1838 2733 in
1868 2694 1991 2732 ver-

340 2774 507 2830 sione
530 2773 988 2845 Hieronymiana
1016 2771 1281 2826 homiliae
1309 2770 1516 2842 prima:
1549 2768 1837 2841 Origenis,
1875 2789 1902 2817 «
1934 2772 1993 2823 et

337 2867 406 2918 ut
434 2863 661 2934 aliquid
708 2861 1023 2917 audentius
1073 2860 1288 2928 dicam,
1336 2858 1585 2932 spiritali
1627 2858 1903 2929 cupidine
1934 2859 1993 2910 et

339 2968 539 3009 amore
572 2952 951 3009 accendatur.
976 2974 1003 3002 ››

406 3042 573 3107 Quod
602 3046 802 3097 autem
832 3041 895 3095 in
917 3040 1225 3096 nonnullis
1246 3039 1414 3094 libris
1435 3040 1546 3094 hoc
1570 3055 1718 3109 opus
1748 3037 1811 3091 in
1841 3038 1993 3091 Can-

336 3132 523 3186 ticum
577 3131 933 3201 Hieronymo
990 3130 1305 3198 tribuatur,
1369 3133 1428 3184 et
1484 3145 1519 3183 a
1575 3125 1901 3182 Lombardo
1934 3128 1993 3178 et

2100 1965 2158 2017 in
2186 1964 2448 2035 Josuam,
2471 1966 2542 2021 de
2563 1968 2892 2023 Jerusalem
2922 1968 3267 2039 frequenter
3294 1966 3571 2033 diximus,
3599 1963 3765 2036 quod

2101 2054 2234 2107 visio
2257 2055 2415 2123 pacis
2464 2054 2932 2127 interpretatur).
2985 2055 3399 2121 Abdimelech,
3430 2070 3632 2110 servus
3663 2069 3768 2108 re-

2099 2157 2235 2214 gum
2263 2159 2276 2211 ;
2309 2143 2739 2213 Mambre,visio
2767 2162 2780 2213 ;
2813 2146 3143 2215 cherubim,
3167 2145 3475 2217 plenitudo
3496 2143 3766 2201 scientias

2101 2232 2204 2287 Dei
2229 2252 2257 2283 »
2281 2232 2370 2304 (ut
2394 2234 2456 2288 in
2486 2234 2853 2291 Dzechielem
2895 2235 3139 2291 homilia
3160 2239 3235 2304 2).
3264 2235 3541 2305 Engaddi,
3573 2233 3767 2289 oculus

2101 2323 2423 2378 tentatiom's
2466 2340 2597 2380 mea:
2646 2326 2732 2393 (ut
2762 2325 2822 2379 in
2853 2325 3103 2380 homilia
3125 2328 3159 2379 2
3179 2325 3242 2380 in
3267 2325 3476 2381 Cantic.
3511 2323 3585 2379 ab
3616 2323 3759 2379 Hie-

2100 2427 2349 2481 ronymo
2379 2414 2571 2484 versa)
2599 2430 2611 2467 :
2647 2414 2841 2483 tertia,
2876 2414 3087 2482 Bethel,
3107 2415 3299 2470 domus
3325 2414 3444 2469 Dei.
3480 2412 3763 2484 Quisquis

2100 2506 2297 2557 autem
2325 2503 2474 2559 mira
2496 2503 2599 2558 illa
2620 2505 3009 2571 theoremata,
3040 2522 3170 2575 quae
3202 2522 3272 2560 ex
3304 2504 3377 2559 iis
3410 2505 3763 2575 interpreta-

2099 2590 2362 2646 tionibus
2386 2592 2625 2648 deducit
2655 2598 2881 2660 auctor,
2906 2594 3309 2665 perpenderit,
3335 2593 3559 2649 nemini
3592 2597 3755 2647 certe

2099 2684 2497 2751 praeterquam
2523 2682 2761 2755 Origeni
2808 2684 2986 2739 hosce
3018 2682 3478 2738 commentarios
3510 2680 3757 2737 tribuet.

2099 2768 2336 2833 Quinto,-
2359 2771 2690 2840 peculiares
2712 2772 2984 2842 quaedam
3009 2773 3320 2844 opiniones
3343 2771 3573 2843 Origeni
3591 2770 3760 2826 attri-

2099 2854 2257 2911 butae
2283 2864 2440 2927 sunt,
2464 2861 2796 2931 praesertim
2819 2860 2890 2915 de
2912 2860 3112 2916 anima
3136 2866 3195 2916 et
3218 2861 3464 2933 angelis,
3484 2879 3518 2915 a
3539 2859 3760 2929 quibus

2101 2948 2404 3019 praecipue
2429 2950 2619 3005 Latini
2651 2951 3070 3007 abhorrebant.
3096 2953 3194 3007 Hm
3222 2957 3419 3006 autem
3450 2951 3669 3021 ubique
3694 2950 3761 3003 in

2100 3037 2212 3092 hoc
2230 3037 2512 3107 opusculo
2535 3045 2971 3112 proponuntur.
2995 3041 3259 3111 Denique
3285 3041 3563 3113 Origenes
3586 3039 3642 3093 in
3669 3044 3770 3092 to-

2104 3126 2217 3180 mis
2244 3127 2387 3192 suis,
2413 3127 2513 3182 ubi
2540 3128 2614 3183 ad
2635 3129 2953 3200 mysticum
2978 3146 3221 3185 sensum
3245 3128 3659 3201 explicandum
3695 3145 3763 3184 se

340 3221 584 3289 Thoma,
614 3220 823 3274 harum
856 3236 1059 3274 rerum
1089 3218 1573 3290 imperitissimis,
1615 3216 1725 3272 sub
1756 3213 1997 3269 nomine
2029 3211 2071 3278 C
2102 3215 2379 3286 applicat,
2414 3233 2570 3288 saepe
2603 3218 2878 3289 precibus
2918 3218 2993 3274 ad
3043 3220 3227 3273 Deum
3256 3236 3318 3274 se
3351 3219 3658 3287 convertit,
3691 3223 3767 3273 ut

334 3308 630 3365 Ambrosii
660 3309 893 3378 citetur,
926 3325 1045 3363 non
1078 3308 1217 3363 inde
1269 3308 1545 3377 efficitur,
1579 3305 1671 3361 vel
1719 3305 1877 3359 hunc
1906 3317 1999 3372 vel

334 3399 508 3456 illum
537 3398 716 3471 hujus
773 3399 968 3470 operis
1025 3404 1332 3454 auctorem
1386 3397 1593 3462 fuisse,
1634 3411 1769 3451 cum
1800 3393 1997 3448 neutri

342 3485 497 3541 illud
526 3490 861 3557 competere
893 3500 1066 3557 posse
1099 3501 1305 3539 omnes
1345 3484 1549 3538 sciant.
1591 3480 1701 3536 Sed
1733 3479 1870 3535 inde
1895 3479 1997 3550 ju-

347 3576 495 3632 stior
524 3576 782 3648 suspicio
807 3580 915 3644 est,
938 3592 1067 3629 esse
1090 3573 1241 3629 illud
1266 3573 1459 3644 potius
1493 3571 1676 3642 ipsius
1709 3567 1994 3641 Origenis,

344 3667 483 3736 quia
512 3665 857 3721 Ambrosius
889 3670 948 3719 et
978 3664 1368 3736 Hieronymus
1409 3661 1676 3733 Origenis
1717 3659 1905 3714 multa
1935 3657 1995 3711 in

344 3756 616 3811 Latinum
648 3770 987 3809 sermonem
1018 3756 1452 3808 converterunt.

418 3845 572 3901 Nihil
600 3845 780 3916 igitur
807 3845 1005 3900 valent
1034 3844 1294 3899 rationes
1327 3848 1533 3897 contra
1560 3840 1871 3912 Origenem
1902 3836 1994 3893 al-

344 3933 513 4000 latae;
548 3941 608 3988 at
638 3933 753 3988 illae
786 3950 931 4005 quas
961 3949 1066 4005 pro
1109 3951 1176 3988 eo
1210 3932 1545 4000 aﬂ‘eremus,
1598 3936 1735 3985 sunt
1764 3928 1997 3983 validis-

339 4023 524 4078 simae.
553 4023 929 4093 Quaecunque
961 4022 1121 4077 enim
1174 4021 1245 4076 dc
1296 4037 1474 4093 opere
1529 4020 1727 4090 aliquo
1757 4018 1992 4090 Origeni

336 4110 689 4168 ascribendo
720 4111 836 4166 dici
859 4116 1129 4183 possunt,
1154 4111 1292 4165 huic
1314 4110 1375 4164 in
1394 4109 1604 4181 primis
1626 4111 1988 4178 competunt.

336 4204 536 4272 Neque
560 4202 799 4269 mirum,
815 4207 1043 4267 cum,ut
1064 4201 1206 4255 olim
1228 4199 1563 4255 observavit,
1575 4197 1988 4267 Hieronymus,

340 4312 361 4341 ι
397 4291 677 4361 Origenes
708 4307 842 4346 cum
873 4291 935 4344 in
965 4292 1197 4346 cceteris
1237 4290 1406 4344 libris
1437 4304 1643 4344 omnes
1672 4289 1895 4355 vicerit,
1928 4289 1990 4343 in

335 4378 573 4433 Cantico
605 4380 975 4434 canticorum
1025 4380 1150 4449 ipse
1200 4396 1262 4434 se
1314 4379 1466 4433 vicit.
1526 4401 1545 4427 ι
1602 4379 1744 4433 Nam
1773 4379 1986 4449 primo,

339 4468 649 4523 character
679 4468 1173 4538 Origenianorum
1207 4474 1368 4523 vetus
1400 4474 1510 4535 est,
1541 4469 1813 4540 pluribus
1845 4485 1985 4522 mss.

2106 3305 2294 3377 gratia
2317 3305 2415 3359 Dei
2439 3306 2769 3363 illustratus
2791 3307 2893 3362 illa
2912 3314 3214 3380 magna,ut
3233 3308 3513 3379 appellat,
3545 3314 3767 3379 myste-

2106 3396 2195 3449 ria
2221 3395 2562 3466 perspiciat.
2595 3397 2760 3460 Quod
2791 3398 2885 3452 hic
2944 3398 3162 3469 saepius
3209 3399 3293 3453 fit.
3326 3399 3379 3452 Si
3413 3398 3590 3470 igitur
3618 3396 3764 3452 libri

2107 3485 2440 3554 materiam,
2470 3487 2831 3558 modumque
2852 3487 3145 3543 tractandi
3170 3494 3528 3561 spectemus,
3554 3488 3765 3543 omnia

2107 3578 2417 3647 Origenem
2443 3579 2637 3634 solum
2671 3578 2927 3650 sapiunt.

2177 3669 2471 3724 Prasterea
2502 3674 2642 3724 sunt
2670 3673 2726 3723 et
2756 3668 2874 3723 alia
2903 3685 3034 3739 quae
3084 3670 3263 3724 hosce
3295 3669 3765 3724 commentarios

2107 3773 2228 3812 non
2258 3757 2502 3813 alterius
2535 3774 2661 3814 esse
2712 3775 2890 3829 quam
2936 3758 3202 3830 Origenis
3244 3759 3488 3813 omnino
3516 3758 3776 3813 convin—

2106 3852 2266 3903 cunt.
2294 3846 2560 3902 Homiliae
2608 3848 2738 3903 duae
2776 3848 3114 3904 Adamantii
3146 3848 3206 3902 in
3235 3849 3544 3905 Canticum
3567 3847 3770 3903 canti-

2105 3952 2310 3990 corum
2343 3942 2482 3990 sunt
2506 3935 2579 3990 ab
2612 3936 2964 4007 Hieronymo
2994 3937 3251 3993 fideliter
3278 3955 3479 4004 versas,
3502 3941 3558 3991 et
3588 3952 3766 4008 papas

2103 4026 2354 4080 Damaso
2387 4024 2694 4092 dedicatae,
2729 4031 2907 4095 atque
2939 4042 2974 4080 a
3003 4026 3240 4081 liufﬁno
3282 4027 3513 4099 agnitae.
3540 4030 3764 4082 Earum

2103 4122 2299 4170 autem
2334 4115 2645 4169 sentcntiae
2690 4114 3035 4169 consimiles
3099 4121 3158 4169 et
3211 4131 3505 4187 germanae
3537 4115 3759 4171 harum

2102 4208 2242 4258 sunt
2265 4220 2396 4274 quae
2417 4203 2478 4257 in
2504 4204 2613 4258 hoc
2634 4219 2810 4274 opere
2833 4205 3236 4272 continentur,
3255 4211 3322 4259 ut
3346 4205 3408 4258 in
3429 4203 3635 4260 eadem
3657 4203 3759 4258 in-

2101 4293 2250 4348 cude
2294 4292 2614 4348 formatum
2664 4309 2793 4348 esse
2841 4299 3158 4365 utrumque
3181 4299 3497 4366 appareat;
3530 4293 3614 4348 uti
3642 4292 3757 4347 ob-

2101 4383 2350 4437 servavit
2395 4382 2773 4438 doctissimus
2815 4383 3081 4450 Huetius,
3116 4385 3216 4455 qui
3247 4400 3365 4438 non
3405 4400 3591 4455 pauca
3620 4381 3758 4439 loca

2099 4472 2414 4545 congessit,
2442 4478 2499 4527 et
2529 4473 2717 4528 multo
2742 4473 2913 4544 plura
2947 4490 3263 4544 congerere
3294 4475 3602 4545 potuisset.
3637 4472 3756 4529 Sed

333 4559 396 4613 in
428 4557 679 4630 collegio
704 4560 756 4613 S.
788 4559 944 4612 Petri
969 4558 1125 4629 apud
1147 4560 1660 4631 Cantabrigienses
1685 4561 1984 4631 prwﬁxus,
2018 4581 2064 4644 Β
2099 4577 2340 4615 omnem
2372 4561 2720 4632 scrupulum
2753 4562 2904 4616 tollit
2932 4559 3300 4616 luculentum
3333 4564 3601 4634 Origenis
3630 4561 3759 4618 fra-

332 4672 358 4700 «
376 4649 750 4720 cognoscitur
761 4648 1027 4719 Origenis
1043 4666 1238 4704 sermo
1253 4650 1724 4720 perauctoritatu
1737 4666 1788 4704 m
1805 4649 1989 4705 abun-

334 4738 619 4796 dantiam.
648 4759 676 4788 »
701 4737 915 4792 Nullibi
941 4744 1140 4793 autem
1163 4738 1535 4794 manifestior
1556 4738 1651 4793 hic
1680 4738 1987 4794 character

331 4846 511 4902 quam
544 4830 603 4883 in
638 4829 751 4883 hoc
780 4845 958 4899 opere
986 4846 998 4883 :
1031 4829 1093 4883 in
1127 4846 1243 4901 quo
1275 4834 1480 4884 auctor
1509 4827 1745 4900 semper
1774 4845 1986 4885 excur—

327 4921 492 4986 rit,et
522 4918 649 4974 loca
708 4919 762 4974 S.
818 4918 1136 4989 Scriptura:
1186 4919 1584 4989 undecunque
1633 4919 1894 4987 adducit,
1928 4924 1986 4975 et

328 5008 401 5064 ad
434 5008 802 5079 propositum
856 5023 1029 5062 suum
1063 5007 1261 5061 trahit.
1296 5008 1585 5076 Secundo,
1620 5008 1985 5079 tropologica

325 5098 545 5170 ubique
571 5102 829 5154 sectatur
850 5097 1501 5170 Origenes,notantibus
1524 5099 1800 5153 omnibus
1819 5099 1982 5154 Chri-

327 5187 557 5251 stianis,
591 5188 720 5259 ipso
743 5188 921 5242 etiam
944 5186 1290 5258 Porphyrio.
1315 5189 1452 5242 Tres
1475 5191 1673 5242 autem
1697 5193 1981 5259 perpetuo

329 5293 539 5332 sensus
586 5276 649 5331 in
682 5282 805 5332 toto
836 5276 948 5331 hoc
983 5293 1161 5347 opere
1194 5278 1573 5348 persequitur
1608 5277 1981 5345 historicum,

326 5364 780 5434 tropologicum,
815 5366 1239 5438 anagogicum;
1297 5383 1491 5437 neque
1538 5367 1714 5421 aliter
1743 5367 1985 5437 exponit

321 5452 557 5524 reliqua
592 5454 909 5526 Scriptura
942 5455 1072 5510 loca
1102 5471 1233 5527 quae
1259 5454 1501 5511 adducit
1530 5455 1761 5511 obiter:
1794 5461 1860 5509 ut
1888 5455 1985 5509 hic

392 5658 414 5694 ⁸
441 5657 590 5718 Gen.
625 5674 781 5729 xxxv,
813 5661 901 5716 67.

2096 4656 2424 4722 gmentum,
2459 4651 2617 4721 quod
2640 4651 2836 4704 Greece
2880 4650 3203 4704 etiamnum
3236 4650 3310 4705 ad
3341 4650 3522 4705 tinem
3555 4651 3754 4707 Philo-

2096 4737 2252 4794 calice
2283 4744 2490 4807 exstat,
2523 4735 2583 4791 ἐκ
2611 4740 2708 4791 τοῦ
2869 4734 3043 4809 τόμου
3086 4740 3195 4789 τῶν
3229 4735 3306 4799 εἷς
3332 4736 3394 4789 τὸ
3425 4741 3609 4809 ’ᾼσμα
3637 4742 3753 4795 τῶν

2094 4828 2349 4899 ᾀσματων
2363 4849 2410 4893 ,‹‹
2428 4846 2495 4882 ex
2508 4826 2768 4883 secundo
2784 4833 2944 4881 tomo
2964 4827 3587 4883 commentariorumin
3601 4829 3758 4886 Can-

2094 4919 2277 4973 ticum
2313 4917 2729 4973 canticorum»
2770 4916 3138 4988 decerptum.
3176 4917 3321 4972 Huic
3351 4918 3512 4973 enim
3546 4920 3755 4977 Graeco

2092 5008 2420 5080 fragmento
2453 5006 2626 5075 plane
2657 5006 3021 5076 respondent
3062 5007 3267 5062 Latina
3297 5024 3427 5078 quas
3459 5007 3756 5066 habemus

2093 5099 2153 5152 in
2184 5098 2363 5167 hujus
2395 5095 2591 5167 operis
2620 5094 2867 5151 homilia
2893 5097 3171 5152 secunda.
3206 5098 3366 5152 Licet
3396 5098 3554 5152 enim
3588 5099 3761 5169 prior

2093 5185 2407 5257 fragmenti
2440 5200 2577 5255 pars
2608 5184 2854 5241 liberius
2906 5185 3026 5241 illic
3072 5191 3419 5258 exponatur,
3452 5186 3755 5258 posterior

2092 5282 2294 5332 tamen
2353 5274 2614 5346 pressius
2643 5274 2948 5330 redditur:
2983 5282 3041 5329 et
3073 5275 3132 5330 in
3185 5276 3313 5346 ipsa
3365 5276 3546 5346 priori
3578 5281 3751 5347 parte

2096 5365 2199 5420 illa
2229 5358 2543 5437 fragmenti
2575 5362 2772 5432 verba,
2820 5360 2961 5416 οὕτω
2994 5359 3051 5415 δὲ
3080 5362 3170 5415 καὶ
3207 5364 3420 5435 μήποτε
3452 5361 3752 5432 σκληρύνει

2094 5452 2296 5526 Κύριος
2351 5452 2452 5521 τὴν
2508 5447 2730 5527 καρδίαν
2779 5448 3005 5525 Φαραώ,
3055 5451 3128 5506 ab
3172 5452 3275 5507 illo
3307 5458 3501 5508 vetere
3533 5453 3752 5509 melius
