3990 6136
287 424 403 487 179
1363 413 1426 474 S.
1474 410 1872 473 IGNATIUS.
1927 440 1997 456 m-
2042 404 2643 468 PROLEGOMENA.
3590 399 3708 460 180

284 557 607 630 responsio
632 573 646 610 :
680 557 885 609 auctor
914 550 1177 606 homiliae
1210 551 1376 602 notat
1404 545 1655 617 judicem
1703 559 1823 599 cum
1853 558 1945 598 ar-
1974 542 2028 609 Α
2056 539 2311 596 Sabaoth
2336 539 2596 611 primum
2625 536 2840 593 omium
2869 534 3225 592 manifesiat.
3275 532 3495 590 Eodem
3526 531 3705 588 modo

291 622 459 705 tioulo
482 646 770 717 positum;
799 642 1096 710 interpres
1127 636 1311 701 addit,
1345 635 1496 707 apud
1543 636 1775 701 Graecos,
1809 631 1951 702 quia
2056 634 2114 686 et
2142 629 2434 686 Jacob.....
2470 629 2623 683 sicut
2652 626 2977 682 secundum
3012 625 3386 680 Latinitatem
3421 622 3706 677 Dominus

293 735 450 809 apud
482 708 719 789 Latinos
750 746 871 785 non
902 708 1143 800 ponitur
1195 724 1502 780 articulus.
1552 722 1804 793 Exponit
1854 721 1949 775 hic
2054 719 2337 773 virtutum
2362 721 2417 772 et
2440 720 2608 788 pater
2634 713 2969 769 omnium».
2993 715 3123 768 Haec
3144 728 3286 767 sane
3311 711 3498 766 Latini
3520 708 3709 764 homi-

292 797 943 897 O‘rigenesversiculum
961 819 1182 886 58,cap.
1205 830 1283 868 xu
1310 811 1602 885 Evangelii
1621 810 1951 866 secundum
2057 807 2172 871 nis,
2205 823 2325 861 non
2355 805 2632 862 auctoris.
2682 803 2786 858 sed
2838 801 3201 873 interpretis.
3256 801 3515 854 [renisus
3547 797 3710 852 enim

297 915 533 970 Lucam.
569 909 852 966 Observat
906 902 987 957 ἐπ’
1036 901 1282 979 ἄρχοντα
1331 902 1447 957 dici
1494 901 1624 955 sine
1674 898 1950 964 articulo,

295 1001 433 1076 πρὸς
462 998 554 1053 τὸν
590 996 796 1071 Κριτήν
831 1010 966 1050 cum
992 991 1244 1048 articulo
1275 1008 1287 1045 :
1347 989 1486 1045 inde
1531 989 1755 1061 colligit
1796 990 1956 1058 prin-

296 1094 476 1162 cipem
532 1102 661 1144 esse
718 1101 910 1141 unum
965 1081 1335 1154 angelorum,
1388 1080 1489 1150 qui
1557 1078 1731 1133 multi
1790 1081 1949 1144 sunt,

291 1180 539 1251 judicem
569 1192 701 1232 esse
726 1174 897 1229 illum
928 1172 1194 1236 unicum,
1223 1171 1422 1225 lesum
1475 1167 1795 1223 Christum.
1841 1167 1958 1221 Hoc

302 1268 481 1341 plane
504 1265 885 1338 Origenicum
917 1266 1026 1316 est.
1062 1261 1243 1314 Nemo
1279 1256 1437 1312 enim
1469 1256 1640 1311 toties
1666 1256 1783 1310 vim
1817 1255 1962 1310 arti-

304 1357 422 1413 culi
451 1360 617 1428 urget
647 1370 715 1409 ac
747 1351 1161 1408 Adamantius.
1198 1347 1593 1419 Hieronymus
1625 1361 1759 1401 cum
1801 1344 1963 1401 vide-

305 1451 398 1502 ret
426 1444 733 1500 hominem
768 1440 988 1496 Latinaa
1021 1440 1254 1492 tantum
1282 1435 1499 1508 lingua;
1538 1434 1797 1507 peritum
1836 1434 1963 1488 haec

308 1550 522 1607 capere
541 1549 663 1588 non
686 1530 972 1603 potuisse,
991 1526 1219 1583 notavit
1238 1526 1336 1580 hoc
1360 1525 1513 1595 apud
1537 1525 1755 1582 Graecos
1782 1524 1964 1593 magis

302 1621 567 1690 intelligi.
596 1621 929 1683 Postremo,
965 1614 1180 1685 inquit,
1217 1615 1274 1667 in
1305 1613 1491 1667 eadem
1523 1610 1755 1667 homilia
1782 1615 1964 1666 monet

304 1709 720 1784 quadrantem,
748 1706 868 1760 sive
894 1704 1191 1759 minutum
1216 1703 1411 1757 Greece
1433 1708 1591 1756 tenue
1613 1700 1729 1756 dici
1767 1716 1957 1771 posse.

307 1802 506 1856 Recte.
542 1795 843 1852 llabemus
873 1798 1073 1848 autem
1096 1796 1156 1846 et
1176 1791 1272 1846 hic
1297 1794 1602 1846 auctorem
1623 1790 1958 1861 Origenem,

2061 897 2262 952 Latine
2295 912 2415 951 non
2446 893 2721 966 scripsit;
2755 893 2883 964 ejus
2912 896 3112 946 tamen
3142 890 3270 945 inec
3318 888 3522 943 omnia
3570 890 3713 942 sunt

2060 990 2349 1058 praeterea
2378 1001 2510 1055 quae
2542 985 2835 1054 interpres
2872 980 3119 1037 addidit.

2132 1075 2244 1130 Sed
2276 1075 2394 1129 sive
2426 1076 2678 1141 Graacus,
2713 1073 2832 1127 sive
2867 1070 3102 1127 Latinus
3146 1068 3326 1124 fuerit
3373 1067 3466 1122 hic
3515 1066 3715 1121 homi-

2061 1166 2279 1221 liarum
2311 1168 2538 1228 auctor,
2570 1162 2871 1234 Origenes,
2923 1159 3136 1215 Dallaeo
3178 1157 3403 1230 judice,
3428 1172 3555 1211 esse
3587 1172 3714 1211 non

2062 1256 2274 1330 potuit.
2306 1257 2450 1310 Nam
2481 1254 2548 1308 ab
2579 1256 2697 1323 ipso
2727 1250 2982 1321 Origenis
3038 1251 3220 1319 genio,
3269 1260 3417 1303 more
3446 1265 3509 1303 ac
3551 1263 3716 1303 sensu

2063 1347 2315 1418 quaedam
2341 1350 2466 1400 sunt
2494 1347 2555 1399 in
2586 1344 2772 1399 eodem
2801 1359 2963 1413 opere
2991 1342 3197 1395 aliena.
3244 1340 3382 1404 Quas
3425 1338 3718 1393 hactenus

2064 1436 2318 1491 vidimus
2364 1438 2503 1489 sunt
2557 1433 2732 1505 plane
2774 1430 3150 1503 Origeniana,
3210 1444 3487 1499 quamam
3538 1426 3722 1499 igitur

2064 1530 2202 1581 sunt
2259 1540 2391 1595 quas
2448 1521 2801 1578 Adamantio
2859 1524 3196 1592 competere
3245 1534 3365 1572 non
3421 1515 3722 1588 possunt?

2063 1614 2282 1680 Primo,
2306 1611 2553 1668 homilia
2566 1614 2662 1666 25:
2689 1611 2931 1681 Spiritus
2954 1610 3009 1665 S.
3036 1608 3243 1663 dicitur
3261 1605 3438 1660 tertia
3460 1619 3723 1678 persona

2065 1719 2099 1758 a
2118 1704 2290 1757 Patre
2316 1706 2376 1757 et
2401 1699 2570 1756 Filio.
2596 1701 2702 1764 Qui
2729 1701 2805 1753 sic
2826 1698 3111 1752 distinctus
3134 1710 3382 1767 persona
3424 1697 3485 1748 in
3513 1691 3724 1748 divinis

2063 1806 2190 1846 usus
2220 1792 2289 1846 ab
2318 1792 2553 1859 Origene
2583 1790 2796 1843 alienus
2825 1793 2920 1842 est.
2972 1788 3048 1840 At
3095 1786 3207 1840 hoc
3257 1785 3385 1855 ipso
3438 1782 3564 1837 loco
3611 1797 3725 1835 au—

310 1889 698 1968 interpretem
730 1883 1177 1968 Hieronymum.
1212 1880 1497 1968 Origenes
1534 1879 1676 1934 dum
1691 1877 1963 1968 explicat
1993 1903 2038 1968 Β
2068 1886 2193 1936 ctor
2226 1881 2309 1936 ita
2336 1879 2602 1950 loquitur
2649 1882 2708 1933 et
2755 1876 2940 1932 alium
2993 1891 3172 1945 quam
3217 1873 3528 1943 Origenem
3580 1886 3723 1925 eum

310 1992 378 2032 ea
407 1973 604 2039 verba,
622 1967 738 2033 ἕως
770 1967 831 2024 οὗ
865 1967 955 2024 καὶ
986 1969 1049 2023 τὸ
1080 1966 1310 2041 ἔσχατον
1344 1964 1542 2021 λεπτὸν
1575 1963 1818 2037 ἀποδῷς,
1868 1966 1962 2021 lu-

2084 1972 2249 2028 :‘uisse
2283 1988 2404 2026 non
2436 1969 2661 2025 credas.
2702 1969 2848 2022 Dicit
2876 1967 3108 2037 aliquos
3156 1981 3263 2036 per
3319 1963 3723 2019 inordinatam

309 2062 417 2132 dit,
449 2065 515 2115 ut
544 2059 715 2127 solet,
748 2057 811 2112 in
843 2072 980 2112 voce
1013 2051 1233 2124 λεπτὸν,
1265 2059 1322 2109 et
1353 2053 1615 2109 ostendit
1653 2058 1964 2125 peccatum

311 2166 440 2207 esse
472 2148 562 2204 vel
592 2147 811 2220 pingue
842 2152 903 2201 et
927 2160 1215 2212 crassum,
1260 2142 1348 2198 vel
1399 2147 1574 2199 tenue
1625 2148 1683 2197 et
1725 2141 1963 2197 subtile.

316 2238 473 2295 Vidit
502 2237 897 2308 Hieronymus
929 2234 1056 2289 haec
1085 2249 1119 2289 a
1152 2232 1372 2287 Latinis
1404 2231 1656 2304 intelligi
1703 2248 1825 2286 non
1857 2247 1963 2302 po-

310 2329 495 2385 tuisse
527 2325 617 2381 vel
641 2342 746 2397 per
768 2325 1155 2396 quadrantem,
1183 2321 1274 2377 vel
1298 2323 1593 2387 minutum,
1618 2320 1967 2390 monuitque

315 2417 375 2473 id
408 2414 568 2489 quod
592 2416 869 2470 minutum
899 2411 1135 2476 dicitur,
1169 2412 1366 2466 Graece
1397 2417 1557 2465 tenue
1605 2409 1723 2464 dici
1771 2425 1966 2480 posse,

316 2504 476 2561 unde
509 2520 639 2575 quae
672 2506 1004 2574 sequuntur
1035 2498 1275 2555 tandem
1302 2498 1549 2571 intelligi
1591 2504 1858 2570 possunt.

390 2616 419 2646 ‹‹
444 2595 600 2658 Haec,
622 2592 828 2661 inquit,
852 2596 1156 2645 auctorem
1177 2589 1372 2644 Graece
1395 2588 1705 2659 scripsisse
1727 2592 1967 2659 negant,

315 2699 434 2754 qua
453 2681 652 2755 lingua
669 2684 875 2737 notum
899 2684 990 2734 est
1015 2678 1329 2750 Origenem
1370 2677 1574 2733 omnia
1598 2694 1705 2732 sua
1732 2693 1970 2748 compo-

313 2771 523 2827 suisse.
554 2770 664 2824 lmo
688 2758 823 2824 vero
844 2774 1146 2823 auctorem
1170 2768 1366 2822 Greece
1388 2766 1696 2837 scripsisse
1726 2783 1834 2821 non
1866 2782 1974 2821 ne—

314 2864 457 2934 gant
475 2879 532 2929 »,
559 2857 664 2915 sed
688 2856 1100 2915 tantummodo
1134 2856 1520 2927 interpretem
1547 2872 1619 2911 ex
1648 2856 1861 2934 Grmcis
1911 2856 1973 2909 in

317 2949 527 3006 Latina
556 2946 951 3011 transtulisse,
984 2951 1062 3013 et,
1112 2945 1215 3000 ubi
1262 2961 1409 3016 opus
1456 2950 1632 3007 esset.
1689 2930 1974 2999 versionis

322 3054 443 3094 sure
475 3037 765 3093 rationem
795 3033 1150 3101 reddidisse,
1183 3050 1298 3104 quo
1330 3033 1482 3087 nihil
1507 3033 1663 3104 apud
1695 3033 1972 3104 antiquos

316 3128 677 3197 interpretes
705 3120 1056 3177 familiarius
1074 3118 1553 3189 fuit,ostendunt.
1582 3119 1977 3175 Bellarminus

321 3216 638 3269 tractatum
662 3210 959 3281 quintum,
976 3208 1242 3280 adeoque
1266 3208 1528 3279 reliquos
1550 3208 1610 3261 in
1634 3207 1971 3263 Matthmum

322 3301 549 3376 putavit
578 3316 707 3355 esse
742 3298 930 3353 Latini
960 3297 1219 3353 auctoris
1256 3314 1268 3351 :
1316 3296 1421 3352 sed
1461 3313 1573 3352 non
1618 3301 1779 3366 ﬁrma
1825 3297 1971 3352 mihi

329 3392 564 3449 videtur
593 3389 724 3461 ejus
755 3389 927 3456 ratio,
960 3388 1155 3459 inquit
1200 3386 1486 3443 Labbeus.
1533 3388 1601 3441 Et
1646 3394 1773 3443 erat
1821 3394 1979 3443 certe

329 3479 763 3547 inﬁrmissima,
793 3482 858 3532 ut
886 3493 1048 3533 nunc
1073 3482 1319 3548 apparet
1349 3493 1416 3531 ex
1448 3475 1872 3531 commentario
1906 3475 1979 3531 ab

329 3569 540 3627 Huetio
571 3568 768 3623 Grazce
800 3566 977 3622 edito.
1011 3596 1033 3635 ι
1040 3567 1109 3619 Et
1152 3565 1329 3637 digna
1378 3571 1517 3620 sunt
1566 3565 1759 3620 Huetii
1804 3564 1983 3620 verba

322 3676 455 3732 quas
478 3676 513 3715 a
538 3657 754 3714 talibus
776 3654 1188 3729 hypercriticis
1209 3656 1596 3711 observentur
1619 3673 1631 3709 :
1658 3677 1683 3706 «
1709 3654 1981 3719 Quamvis

322 3750 437 3808 hoc
451 3748 795 3806 Bellarmini
803 3748 1096 3819 judicium
1109 3745 1304 3818 palam
1319 3746 1781 3802 refellatcodicis
1799 3747 1983 3803 Graeci

327 3838 522 3907 lectio,
544 3856 613 3894 ea
631 3844 830 3894 tamen
863 3836 912 3892 si
929 3852 1289 3906 careremus,
1313 3853 1430 3891 non
1451 3836 1581 3908 plus
1604 3835 1822 3891 valeret
1839 3833 1983 3890 illud

321 3927 394 3985 ad
409 3944 614 3982 versus
647 3927 805 3981 hunc
837 3924 1177 3980 Adamantii
1207 3924 1452 3992 librum,
1483 3941 1662 3997 quam
1701 3924 1981 3981 adversus

334 4016 619 4089 reliquos,
652 4033 800 4087 quos
832 4021 1094 4070 veterum
1126 4014 1520 4087 interpretum
1551 4013 1745 4069 studio
1778 4015 1981 4069 Latine

321 4105 595 4163 redditos
629 4106 880 4178 legimus
907 4122 919 4160 :
954 4104 1016 4158 in
1045 4104 1119 4159 iis
1137 4103 1433 4175 siquidem
1454 4104 1802 4175 frequenter
1821 4103 1984 4175 ejus-

317 4194 481 4253 modi
526 4199 848 4251 occurrunt
877 4193 1283 4249 additamenta
1304 4194 1692 4265 interpretum
1713 4210 1833 4248 suae
1866 4193 1984 4247 lin-

322 4302 451 4358 gua
474 4284 818 4340 hominibus
845 4283 1309 4355 gratiﬁcantium
1325 4284 1431 4340 ».N
1440 4300 1587 4355 eque
1610 4284 1735 4339 haec
1760 4283 1832 4338 de
1855 4283 1982 4337 Ori-

324 4373 593 4446 genianis
618 4377 851 4427 tantum
873 4388 1008 4427 vera
1031 4377 1188 4427 sunt.
1207 4373 1376 4443 Apud
1401 4373 1672 4428 Latinum
1696 4375 1983 4428 lrenazum

325 4464 580 4538 legimus
612 4480 623 4517 :
654 4486 681 4513 «
707 4465 961 4529 Ennmaa,
988 4462 1046 4517 id
1067 4468 1157 4518 est
1178 4463 1538 4534 cogitationi.
1566 4464 1809 4518 Hermes
1833 4464 1986 4518 sicut

333 4555 533 4612 Graeco
565 4567 839 4607 sermone
863 4550 1235 4622 exprimitur,
1262 4548 1567 4620 Αἱμυλίους
1585 4571 1641 4603 τε
1664 4548 1861 4625 λόγους
1892 4551 1983 4604 καὶ

2071 2062 2418 2117 charitatem
2451 2059 2649 2114 dicere
2678 2057 2926 2112 Paulum
2976 2055 3181 2111 sedere
3213 2070 3250 2110 a
3277 2053 3518 2119 dextris,
3571 2053 3725 2106 Mar-

2071 2152 2303 2206 cionem
2336 2148 2653 2204 asinistris
2704 2146 3039 2211 Salvatoris,
3092 2150 3150 2199 et
3196 2160 3303 2215 per
3350 2142 3725 2205 advocatum,

2074 2240 2358 2312 Spiritum
2387 2238 2671 2293 veritatis.
2704 2236 3033 2306 intelligere
3065 2234 3397 2306 apostolum
3432 2231 3680 2287 Paulum
3712 2245 3729 2283 :

2077 2350 2105 2379 «
2128 2329 2292 2394 Quod
2316 2326 2859 2399 quidem,inquit,in
2879 2324 3141 2380 Ecclesia
3156 2323 3437 2394 patimur.
3454 2320 3739 2390 Plerique

2077 2420 2237 2476 enim
2262 2420 2402 2475 dum
2426 2419 2557 2490 plus
2584 2434 2693 2471 nos
2724 2416 2978 2487 diligunt
3014 2430 3195 2485 quam
3244 2428 3566 2478 meremur,
3602 2410 3740 2464 haac

2066 2511 2296 2581 jactant
2308 2514 2367 2564 et
2379 2508 3026 2579 loquuntur,sermones
3043 2508 3279 2559 nostros
3293 2502 3741 2571 doctrinamque

2074 2599 2405 2663 laudantes,
2430 2613 2561 2667 quae
2585 2594 2954 2651 conscientia
2975 2598 3176 2647 nostra
3202 2608 3323 2646 non
3354 2591 3581 2663 recipit.
3615 2591 3734 2645 Alii

2074 2706 2210 2742 vero
2244 2691 2525 2741 tractatus
2555 2690 2791 2739 nostros
2820 2682 3254 2738 calumniantes
3287 2697 3359 2736 ea
3375 2681 3596 2734 sentire
3618 2697 3733 2736 nos

2076 2776 2630 2844 criminantur,qua3
2644 2786 2950 2841 nunquam
2967 2770 3223 2825 sensisse
3245 2786 3357 2825 nos
3373 2769 3646 2823 novimus
3675 2790 3703 2816 υ
3718 2811 3732 2822 .

2076 2867 2214 2931 Quae
2240 2864 2312 2919 de
2335 2864 2531 2935 seipso
2554 2862 2866 2933 Origenem
2897 2859 3206 2929 scripsisse
3228 2859 3363 2929 quis
3384 2874 3504 2913 non
3530 2858 3737 2913 videt?

2077 2953 2190 3009 Sed
2221 2953 2414 3008 obiter
2439 2950 2699 3022 appellat
2731 2949 3015 3020 Spiritum
3048 2949 3104 3003 S.
3163 2950 3389 3002 tertiam
3435 2962 3735 3017 personam

2077 3060 2112 3097 a
2140 3045 2301 3098 Patre
2331 3048 2383 3096 et
2411 3041 2552 3097 Filio
2578 3058 2599 3103 ;
2629 3056 2703 3094 an
2736 3043 2936 3093 autem
2966 3037 3251 3109 Origenes
3282 3036 3364 3091 ita
3393 3036 3555 3106 loqui
3607 3053 3734 3091 non

2078 3131 2321 3205 potuit?
2353 3130 2543 3187 Latini
2573 3132 2779 3185 Patres
2812 3127 3105 3181 ὑπόστάσιν
3128 3142 3421 3198 personam
3478 3131 3743 3181 transtu-

2083 3222 2305 3277 lerunt.
2335 3222 2472 3275 Tres
2504 3226 2703 3274 autem
2735 3218 2795 3272 in
2855 3217 3069 3271 divinis
3124 3215 3449 3274 ὑπόστάσεις
3499 3231 3742 3286 semper

2084 3311 2323 3383 agnovit
2354 3310 2655 3381 Origenes.
2688 3309 2817 3379 Ipse
2849 3305 3109 3362 secundo
3140 3312 3301 3360 tomo
3334 3305 3395 3359 in
3425 3307 3690 3359 Joannem
3720 3321 3736 3358 :

2084 3399 2275 3469 Ἡμεῖς
2322 3398 2505 3468 μέντοι
2551 3416 2615 3469 γε
2664 3399 2810 3465 τρεῖς
2872 3393 3192 3455 ὑποστάσεις
3251 3393 3567 3465 πειθόμενοι
3613 3411 3743 3464 τυγ-

2086 3486 2287 3565 χάνειν,
2320 3487 2411 3540 τὸν
2443 3483 2672 3556 Πατέρα.
2707 3482 2797 3537 καὶ
2827 3482 2918 3537 τὸν
2952 3483 3101 3550 nev,
3133 3482 3224 3536 καὶ
3268 3482 3332 3535 τὸ
3377 3477 3533 3555 ἅγιον
3567 3485 3741 3535 [Ινεῦ-

2089 3594 2163 3645 μα
2195 3576 2301 3645 (ita
2332 3575 2443 3646 legi
2477 3574 2537 3628 in
2590 3590 2700 3628 ms.
2752 3578 3004 3636 nostro;
3058 3577 3115 3626 et
3173 3571 3441 3643 agnoscit
3490 3570 3740 3625 Huetius

2086 3665 2184 3719 illa
2212 3664 2389 3720 verba
2416 3660 2630 3715 καὶτὸν
2673 3660 2797 3713 risv
2849 3661 2909 3715 in
2955 3661 3214 3715 editione
3258 3677 3364 3715 sua
3415 3676 3521 3732 per
3570 3665 3741 3730 typo-

2086 3754 2291 3825 graphi
2313 3751 2606 3807 incuriam
2629 3766 2758 3805 esse
2778 3749 3221 3821 praetermissa);
3240 3749 3541 3804 Ferrarius
3562 3748 3746 3803 inter-

2085 3859 2249 3914 pres:
2282 3843 2386 3897 Nos
2416 3846 2601 3895 autem
2640 3841 2738 3908 qui
2782 3845 2887 3894 tres
2937 3854 3225 3908 personas,
3273 3840 3493 3893 Patrem
3542 3845 3595 3892 et
3641 3840 3740 3893 Fi-

2088 3933 2223 3988 lium
2276 3938 2443 4001 atque
2494 3930 2769 3999 Spiritum
2824 3928 2883 3983 S.
2945 3944 3051 3982 esse
3119 3928 3409 3983 credimus.
3472 3927 3744 3983 Plurima

2089 4027 2227 4077 sunt
2258 4022 2320 4075 in
2352 4019 2571 4075 Latinis
2603 4017 2869 4089 Origenis
2899 4016 2972 4071 de
3012 4017 3294 4072 Trinitate
3321 4034 3742 4089 personarum,

2090 4108 2193 4164 sed
2223 4112 2498 4178 suspecta
2528 4124 2597 4162 ea
2623 4106 2829 4162 Huetio
2854 4106 2994 4162 facit
3014 4105 3174 4161 ﬂuxa
3203 4107 3421 4162 Rufﬁni
3457 4107 3745 4178 interpre-

2090 4197 2165 4252 tis
2195 4195 2364 4252 ﬁdes.
2397 4197 2466 4249 Et
2497 4194 2734 4266 quidem
2760 4194 2861 4250 ubi
2893 4194 2964 4248 de
3012 4194 3236 4249 unitate
3281 4195 3605 4262 Trinitatis,
3637 4200 3745 4251 aut

2090 4285 2426 4357 mqualitate
2459 4300 2851 4355 personarum
2873 4283 3086 4355 agitur,
3109 4283 3323 4338 merito
3344 4284 3742 4340 difﬁdendum

2091 4382 2179 4432 est
2228 4376 2576 4446 interpreti;
2630 4375 2702 4430 de
2751 4374 3033 4428 Trinitate
3079 4381 3276 4430 autem
3330 4375 3739 4431 tantummodo

2090 4465 2375 4536 loquenti,
2410 4465 2559 4520 ratio
2590 4464 2757 4519 nulla
2788 4468 2877 4519 est
2911 4480 3016 4518 cur
3044 4463 3405 4521 difﬁdamus.
3457 4466 3522 4520 In
3573 4470 3739 4520 sexto

2090 4561 2249 4610 tomo
2280 4553 2339 4609 in
2366 4555 2635 4609 Joannem
2684 4553 3008 4608 etiamnum
3060 4553 3311 4626 legimus
3359 4555 3738 4625 προσκυνητήν

331 4637 630 4697 ἐπίκλοπον
660 4638 792 4707 ἦθος
829 4636 910 4693 ἐπ’
942 4635 1137 4699 αὐτοὺς
1169 4637 1421 4707 κάτθετο,
1453 4644 1518 4694 ut
1547 4641 1658 4695 hoc
1702 4641 1828 4712 ipso
1882 4640 1968 4696 L8.-

2089 4639 2315 4717 Τριάδα,
2348 4643 2695 4698 adorandam
2727 4642 3051 4698 Trinitatem
3078 4660 3096 4696 :
3126 4644 3305 4713 idque
3337 4648 3474 4698 ante
3534 4643 3744 4700 obser-

329 4733 456 4788 tino
489 4745 761 4786 sermone
793 4728 1061 4783 dicamus
1089 4750 1141 4795 »,
1183 4726 1593 4783 fraudulentiae
1641 4728 1753 4784 sive
1802 4729 1975 4784 sedu-

329 4821 542 4877 ctionis
554 4818 816 4883 verba,et
832 4815 1275 4872 subinvolantes
1292 4833 1488 4871 mores
1504 4816 1717 4871 indidit
1730 4839 1757 4867 ‹‹
1774 4835 1978 4873 eorum

330 4909 605 4967 sensibus
625 4908 698 4964 ad
722 4904 1127 4963 seducendum
1151 4906 1359 4962 stultos
1390 4906 1720 4975 hominum,
1752 4912 1819 4962 ut
1853 4923 1978 4961 cre-

330 5000 475 5057 dant
506 4998 823 5072 ﬁgmentis.
868 4998 1050 5052 Mater
1080 4996 1262 5064 enim,
1293 4997 1404 5051 hoc
1437 5001 1526 5051 est
1557 4996 1713 5063 Leto,
1748 4995 1978 5051 occulto

329 5089 650 5148 commovit
672 5105 771 5144 eos
798 5105 811 5154 ;
838 5085 996 5141 unde
1019 5090 1078 5141 et
1099 5086 1235 5141 Leto
1259 5091 1601 5157 nuncupata
1631 5090 1739 5155 est,
1772 5103 1979 5141 secun-

329 5180 471 5236 dum
495 5177 675 5235 Graeci
692 5175 985 5233 sermonis
1005 5174 1485 5247 signiﬁcantiam.
1508 5199 1535 5223 »
1556 5177 1805 5231 Rursus:
1824 5198 1852 5227 ‹‹
1873 5177 1979 5231 Ho-

329 5285 530 5328 merus
561 5272 735 5339 poeta
766 5264 912 5321 dixit
939 5280 951 5318 :
984 5262 1053 5319 Οἱ
1094 5258 1152 5316 δὲ
1184 5262 1296 5316 6εοί
1343 5262 1451 5337 πὰρ
1500 5262 1629 5332 Ζηνὶ
1681 5265 1979 5335 καθήμενοι

325 5357 643 5433 ἠγορόωντο
677 5353 896 5430 Χρυσὲῳ
942 5351 993 5405 ἐν
1046 5347 1283 5425 δαπὲδῳ.
1334 5354 1497 5420 Quod
1544 5354 1746 5410 Latine
1796 5355 1981 5409 inter-

325 5445 696 5524 pretabimur
720 5468 771 5512 ››,
805 5443 884 5499 dii
917 5447 1117 5499 autem
1150 5442 1305 5515 apud
1353 5444 1551 5500 Jovem
1600 5443 1980 5500 considentes

327 5534 662 5594 tractabant
690 5533 753 5589 in
774 5549 954 5589 aureo
985 5531 1136 5588 loco.
1160 5534 1350 5604 Atque
1368 5533 1617 5589 iterum:
1648 5538 1669 5582 ἃ
1692 5533 1981 5590 Similiter

328 5632 385 5684 et
402 5623 657 5683 Sabaoth
689 5626 856 5695 pera
881 5620 1121 5693 quidem
1154 5622 1409 5678 Graicam
1443 5624 1507 5677 in
1540 5622 1767 5694 syllaba
1786 5622 1978 5679 novis-

334 5716 487 5775 sima
543 5712 858 5783 scribitur;
919 5729 1023 5785 per
1070 5712 1113 5769 0
1158 5717 1358 5769 autem
1406 5713 1666 5769 Graecam
1714 5716 1780 5768 ut
1835 5717 1980 5787 puta

2088 4738 2321 4788 vaverat
2347 4733 2405 4787 S.
2441 4732 2689 4788 Basilius
2720 4732 2758 4787 l.
2793 4738 2909 4789 IDe
2939 4734 3157 4803 Spiritu
3186 4733 3242 4788 S.
3275 4749 3401 4803 cap.
3437 4735 3526 4786 29.
3582 4734 3743 4789 Nihil

2091 4824 2247 4879 enim
2281 4822 2501 4878 certius
2533 4826 2621 4876 est
2646 4839 2824 4893 quam
2856 4822 3166 4893 Origenem
3214 4827 3334 4876 tres
3364 4838 3649 4892 personas
3682 4824 3744 4879 in

2090 4915 2304 4971 divinis
2362 4913 2689 4985 agnovisse,
2741 4919 2799 4967 et
2857 4919 3062 4968 contra
3113 4930 3212 4968 eos
3258 4912 3591 4984 disputasse
3643 4916 3745 4986 qui

2090 5021 2267 5059 unam
2304 5000 2592 5057 ὑπόστασιν
2623 5002 3005 5069 asserebant;
3032 5002 3190 5073 quod
3211 5003 3259 5057 si
3283 5019 3381 5058 eas
3413 5001 3748 5060 substantia

2090 5093 2399 5149 distinctas
2432 5097 2491 5146 et
2520 5092 2847 5162 inaaquales
2877 5091 3099 5157 docuit,
3135 5108 3203 5146 eo
3235 5092 3364 5162 ipso
3397 5093 3583 5165 magis
3614 5110 3749 5149 cer-

2092 5188 2217 5236 tum
2248 5188 2356 5238 est.
2388 5182 2459 5235 Ut
2488 5184 2687 5235 autem
2709 5178 3156 5236 distinctionem
3180 5181 3262 5236 ita
3292 5180 3470 5237 etiam
3497 5186 3553 5235 et
3584 5183 3750 5237 ordi-

2092 5288 2228 5327 nem
2260 5268 2525 5332 tradidit,
2558 5267 2701 5339 quil
2757 5286 2786 5321 v
2817 5270 3071 5325 adversus
3103 5270 3313 5325 Celsum
3372 5288 3495 5324 non
3529 5272 3749 5327 veritus

2095 5366 2186 5417 est
2204 5360 2401 5416 dicere
2422 5358 2721 5414 Christum
2744 5355 2991 5431 δεύτερον
3031 5362 3184 5425 Θεόν,
3214 5362 3508 5416 secundum
3542 5363 3746 5428 Deum;

2091 5457 2150 5505 et
2178 5466 2357 5521 quem
2390 5448 2570 5503 tradit
2591 5449 2982 5519 Hieronymus
3012 5447 3086 5502 ad
3119 5449 3372 5517 Avitum,
3407 5451 3469 5505 in
3500 5451 3582 5507 1.1
3616 5451 3750 5523 Περὶ

2089 5536 2275 5612 ἀρχῶν
2310 5537 2603 5605 docuisse,
2626 5558 2651 5588 α
2670 5537 2882 5592 Filium
2905 5551 3140 5606 quoque
3162 5537 3458 5593 minorem
3474 5542 3747 5607 Patre,eo

2090 5627 2249 5698 quod
2267 5627 2563 5683 secundus
2588 5627 2661 5681 ab
2684 5625 2785 5679 illo
2812 5625 2908 5692 sit,
2935 5630 2991 5679 et
3016 5624 3299 5695 Spiritum
3318 5629 3375 5683 S.
3399 5628 3744 5685 inferiorem

2088 5715 2232 5771 Filio
2260 5716 2322 5771 in
2355 5716 2575 5773 sanctis
2614 5714 2949 5785 quibusque
2996 5715 3216 5770 versari
3249 5736 3302 5771 ιι.
3354 5717 3477 5774 lmo
3529 5719 3742 5776 eadem
