3990 6136
222 394 316 453 181

979 393 1036 454 1.
1080 390 1499 454 PEABSONII
1552 388 1918 451 VlNDlCLE
1960 386 2432 447 IGNATIANE.
2481 423 2559 433 —
2600 388 2802 448 PARS
2846 388 2889 450 Ι.

3538 389 3652 464 182

225 525 459 599 epistola
484 524 1013 597 Hieronymus,de
1041 524 1428 580 Adamantio:
1462 548 1481 573 ι
1512 522 1773 577 Tertium
1798 518 1883 573 di-
1915 518 1972 584 Α
1999 518 2367 575 lentissimus
2402 561 2415 586 ,
2465 522 2720 575 Joannes
2778 520 3072 592 Lightfoot
3100 562 3116 589 ,
3172 521 3234 576 in
3293 522 3656 578 canonicatu

235 616 439 691 gnitate
457 619 515 669 et
532 614 693 669 hono
704 620 952 686 re,post
976 615 1206 669 Patrem
1231 608 1890 686 etFilium,asseritSpi-

236 706 402 761 ritum
430 705 486 760 S.
504 726 533 753 »
550 704 709 759 Satis
730 704 930 776 igitur
949 703 1258 775 principiis
1279 702 1545 774 Origenis
1569 705 1889 756 consenta-

235 810 401 852 neum
432 798 519 849 est
547 793 850 864 Spiritum
874 794 1213 849 S.asserere
1248 814 1275 843 «
1309 792 1544 847 tertiam
1576 803 1887 861 personam

234 903 265 941 a
294 887 459 940 Patre
493 890 549 938 et
567 882 1298 955 Filio.nSecundo,objicit
1321 902 1343 928 α
1369 896 1659 953 personas
1680 879 1885 949 longos

233 991 527 1032 sermones
546 973 707 1029 inter
719 988 788 1028 se
802 975 1342 1039 serentes,»contra
1354 985 1580 1025 morem
1594 967 1882 1039 Origenis,

234 1060 678 1134 qualis,inquit,«
703 1059 815 1114 illa
837 1058 1303 1114 estChristicum
1325 1062 1617 1111 tentatore
1630 1053 1884 1109 collocu-

234 1151 343 1205 tio:
370 1172 397 1197 »
420 1147 773 1219 Respondeo
810 1146 940 1213 tibi,
967 1164 1000 1201 ο
1028 1145 1355 1218 versipellis
1387 1150 1445 1199 et
1474 1158 1755 1215 nequam,
1779 1140 1881 1211 qui

234 1257 323 1297 me
352 1244 579 1294 tentare
600 1237 1041 1303 nonmetuis,et
1061 1237 1507 1292 caeteraﬂaatera
1536 1239 1733 1288 autem
1757 1231 1882 1285 hmc

235 1327 639 1384 tantummodo
672 1332 873 1394 sunt,«
908 1325 1059 1381 alius
1089 1330 1179 1381 est
1206 1324 1378 1396 panis
1406 1338 1599 1378 sermo
1633 1321 1755 1388 Dei,
1778 1320 1880 1390 qui

230 1418 478 1473 viviﬁcat
502 1416 835 1471 hominem.
873 1438 894 1464 ι
930 1415 1087 1470 Proh
1116 1414 1324 1485 longos
1354 1427 1659 1468 sermones
1685 1410 1696 1465 l
1730 1408 1879 1481 proh

230 1507 514 1582 prolixam
540 1504 994 1561 collocutionem
1019 1504 1030 1557 !
1057 1502 1169 1558 Sed
1196 1502 1486 1574 prolixior
1509 1526 1535 1550 α
1561 1498 1755 1571 angeli
1776 1516 1876 1553 cu-

231 1598 413 1655 stodis
435 1596 509 1652 ad
532 1596 865 1668 principem
909 1594 1182 1667 angelum
1214 1593 1401 1649 oratio
1427 1611 1441 1660 ;
1467 1614 1495 1643 ››
1518 1592 1638 1647 imo
1670 1590 1878 1645 infelix

229 1687 477 1744 Dallaaus
500 1686 602 1757 qui
625 1685 1024 1752 adversarium,
1056 1699 1091 1738 a
1120 1682 1387 1754 principe
1439 1680 1620 1752 hujus
1669 1678 1871 1734 saeculi

227 1778 497 1843 missum,
554 1779 928 1846 quaerentem
979 1772 1353 1828 occasionem
1410 1770 1783 1836 insidiarum,
1825 1768 1870 1823 si

1998 607 2217 663 Eliensi
2250 608 2475 681 collega
2505 615 2726 679 noster,
2787 608 2861 664 ad
2903 610 3282 682 Evangelium
3314 610 3369 664 S.
3401 612 3652 669 Joannis

1999 714 2126 769 cap.
2152 716 2222 767 Iv,
2246 716 2394 754 vers.
2437 703 2522 767 15,
2577 700 2678 755 ubi
2712 700 2929 755 mulier
2977 701 3345 755 Samaritana
3374 703 3647 758 Messiam

1998 789 2288 845 nominat.
2323 791 2615 846 Praeterea
2638 796 2696 844 et
2717 791 2975 861 juvenis,
3001 796 3059 845 et
3096 790 3170 845 ad
3199 791 3489 862 populum
3518 793 3646 848 hanc

2010 878 2247 950 scripsit
2271 879 2745 951 Origenes;non
2808 880 2987 950 igitur
3044 884 3185 935 tunc
3236 880 3485 935 fortasse
3536 898 3644 936 no-

1995 972 2177 1033 verat,
2210 972 2313 1022 aut
2341 973 2500 1022 certe
2554 986 2674 1023 non
2734 984 2975 1024 necesse
3025 968 3234 1023 habuit
3280 971 3641 1027 sententiam

1995 1058 2449 1114 Sadducasorum
2492 1058 2855 1130 peculiarem
2886 1063 3093 1113 notare
3130 1075 3141 1111 :
3177 1059 3449 1115 observat
3481 1052 3653 1115 enim

1994 1148 2345 1203 Sadducaaos
2402 1154 2633 1204 tantum
2683 1148 2996 1217 portionem
3057 1149 3376 1203 Judazorum
3433 1149 3636 1204 fuisse.

1993 1241 2300 1309 Utcunque
2333 1243 2490 1294 totus
2522 1239 2619 1293 hic
2662 1243 2948 1293 tractatus
2977 1238 3173 1309 ipsum
3206 1238 3517 1308 Origenem
3546 1255 3638 1294 sa-

1991 1328 2113 1399 pit;
2146 1343 2213 1382 ac
2242 1327 2538 1399 praecipue
2570 1327 2763 1398 prima
2784 1326 2883 1381 illa
2907 1327 3205 1382 sententia
3236 1344 3249 1382 :
3275 1348 3303 1377 «
3334 1327 3442 1392 Qui
3465 1331 3640 1383 erunt

1991 1418 2145 1472 sicut
2174 1416 2388 1488 angeli,
2417 1415 2622 1486 utique
2681 1415 2874 1488 angeli
2908 1422 3101 1471 erunt.
3134 1437 3163 1466 »
3195 1416 3317 1470 Imo
3349 1416 3475 1470 haec
3509 1416 3639 1488 ipsa

1990 1505 2261 1577 quaestio,
2321 1521 2498 1575 quam
2564 1505 2844 1560 molestam
2903 1508 3071 1559 vocat
3127 1504 3389 1559 homiliaa
3431 1510 3639 1560 auctor

1988 1594 2259 1666 (scilicet,
2309 1594 2406 1648 ubi
2459 1595 2724 1662 scriptum
2785 1599 2883 1661 est,
2942 1595 3076 1661 quia
3128 1614 3156 1641 ‹‹
3189 1608 3384 1663 neque
3411 1594 3636 1649 nubent

1987 1699 2181 1754 neque
2213 1679 2572 1737 nubenturto
2592 1681 2620 1735 ?
2644 1684 2846 1749 »),non
2861 1687 2950 1735 est
2977 1681 3223 1736 alterius
3245 1697 3424 1752 quam
3441 1683 3637 1754 Orige-

1986 1773 2101 1827 nis.
2134 1771 2418 1827 Eamdem
2450 1771 2608 1825 enim
2642 1770 2766 1841 ipse
2797 1770 3076 1841 proponit
3107 1768 3166 1824 in
3191 1773 3633 1828 commentariis

224 1883 337 1937 quo
367 1865 547 1921 modo
567 1880 678 1918 nos
722 1863 1062 1918 subvertere
1085 1866 1281 1933 queat,
1315 1860 1572 1929 angelum
1600 1858 1873 1913 custodem
1905 1880 1953 1946 Β
1986 1861 2060 1917 ad
2090 1861 2450 1927 Matthaaum,
2483 1876 2733 1931 eamque
2790 1875 3037 1930 operose
3085 1859 3278 1923 solvit,
3311 1861 3633 1916 ostendens

217 1956 377 2013 facit.
415 1956 596 2009 Totus
618 1953 730 2008 iste
761 1953 930 2008 locus
962 1958 1082 2006 tam
1112 1967 1258 2022 pure
1289 1955 1377 2005 est
1410 1947 1777 2020 Origenicus,
1808 1950 1876 2002 ut

216 2047 303 2101 his
326 2062 431 2100 me
463 2043 773 2098 immorari
803 2040 1409 2113 pudeat.Tertio,cum
1435 2038 1715 2110 Origenes
1745 2037 1873 2107 ipse

214 2135 369 2191 solos
400 2134 590 2188 libros
621 2131 768 2203 legis
798 2130 1103 2185 admisisse
1124 2126 1478 2183 Sadducasos
1517 2126 1746 2193 doceat,
1764 2125 1874 2179 ho-

212 2225 372 2282 milia
394 2222 628 2291 39,10c-a
659 2239 729 2277 ex
750 2220 903 2275 Isaia
925 2218 1244 2274 etPsalmis
1257 2214 1638 2285 citans,addit
1657 2231 1669 2268 :
1690 2236 1717 2264 «
1732 2215 1872 2280 Qum

215 2315 418 2371 omnia
467 2311 858 2383 corporaliter
904 2307 1375 2380 intelligentibus
1405 2304 1743 2361 Sadducmis
1770 2304 1870 2375 qui

218 2410 389 2462 erant
420 2402 619 2474 portio
642 2399 1002 2464 Judaaorum,
1025 2397 1170 2452 dicit
1194 2396 1459 2451 Salvator
1482 2412 1494 2449 :
1522 2417 1550 2443 ››
1573 2417 1600 2443 ‹‹
1622 2393 1871 2450 Nescitis

216 2495 579 2564 Scripturas,
613 2506 808 2560 neque
838 2489 1114 2543 virtutem
1149 2487 1249 2541 Dei
1279 2485 1323 2540 ⁸.
1360 2508 1387 2535 ››
1433 2484 1545 2540 Sed
1576 2500 1696 2538 non
1728 2483 1873 2537 dicit

208 2587 298 2641 hic
326 2584 620 2655 Origenes
642 2579 704 2635 id
739 2579 900 2650 quod
926 2577 1287 2634 contrarium
1310 2581 1400 2631 est
1428 2574 1686 2646 cuipiam
1712 2572 1869 2645 quod

205 2674 341 2730 alibi
374 2673 622 2737 docuit;
658 2686 777 2724 non
825 2668 985 2724 enim
1043 2666 1300 2722 affirmat
1350 2663 1704 2720 Sadducaaos
1732 2678 1867 2734 pro-

210 2764 419 2836 phetas
453 2762 515 2816 in
549 2774 843 2815 canonem
904 2757 1341 2827 Scripturarum
1371 2752 1686 2823 recepisse.
1748 2752 1867 2804 Hoc

210 2860 442 2908 tantum
473 2848 1008 2916 dicit,Sadducaaos
1042 2844 1194 2900 male
1216 2842 1584 2899 intellexisse
1606 2842 1865 2913 prophe-

208 2948 327 3007 tas;
353 2944 691 3013 potuerunt
712 2942 915 2992 autem
935 2940 991 2990 et
1011 2934 1361 3006 intelligere,
1398 2938 1455 2987 et
1477 2932 1654 2987 etiam
1684 2931 1862 3001 male,

207 3048 271 3088 ea
297 3047 437 3103 quas
469 3046 581 3100 pro
614 3027 797 3082 sacris
825 3024 1143 3096 Scripturis
1173 3039 1291 3078 non
1322 3022 1605 3077 habuere.
1641 3019 1861 3075 Saddu-

209 3122 309 3177 caai
336 3119 590 3192 quidem
624 3116 947 3173 Samaritas
978 3113 1163 3170 secuti
1196 3117 1353 3178 sunt,
1388 3111 1555 3183 ὅμοια
1587 3107 1861 3183 Σαμαρεί-

1981 1950 2134 2006 hanc
2147 1950 2505 2006 sententiam
2521 1951 2581 2004 in
2600 1949 2917 2020 Scripturis
2930 1966 3050 2003 non
3066 1949 3309 2019 quidem
3326 1945 3629 2019 αὐτολεξεὶ,

1980 2039 2116 2111 ipsis
2140 2041 2341 2109 verbis,
2374 2039 2478 2094 sed
2500 2035 2552 2091 ἐν
2581 2035 2942 2111 τροπολογίᾳ,
2964 2038 3300 2108 tropologice
3317 2038 3633 2108 contineri,

1981 2135 2156 2201 atque
2188 2129 2327 2184 hinc
2350 2128 2496 2183 mire
2529 2127 2896 2183 contendens
2924 2126 3348 2199 tropologicam
3370 2127 3633 2199 Scriptu—

1980 2239 2061 2277 raa
2092 2221 2523 2292 expositionem
2574 2236 2703 2274 esse
2736 2236 2979 2289 prorsus
3024 2219 3447 2286 necessariam,
3475 2219 3634 2290 quod

1982 2311 2056 2377 ei,
2091 2310 2190 2381 qui
2216 2310 2369 2365 hanc
2400 2326 2522 2363 non
2572 2307 2853 2375 admittit,
2885 2307 2975 2361 vel
3029 2306 3226 2362 locum
3286 2312 3631 2379 corruptum

1979 2399 2391 2471 pronuntiare,
2422 2397 2516 2452 vel
2536 2397 2787 2461 Christo,
2813 2397 2983 2466 quasi
3013 2412 3216 2451 verum
3247 2413 3368 2452 non
3392 2395 3629 2466 dixerit,

1978 2489 2137 2545 haud
2168 2488 2431 2555 credere,
2461 2486 2550 2542 vel
2579 2486 2653 2541 ad
2674 2478 2859 2541 libros
2891 2487 3259 2557 apocryphos
3290 2486 3626 2559 confugere,

1978 2595 2222 2634 necesse
2255 2577 2348 2632 sit.
2384 2575 2656 2632 Ostendit
2684 2575 2837 2630 hanc
2870 2575 3264 2645 quaestionem
3318 2592 3390 2630 ex
3435 2575 3628 2632 verbis

1977 2668 2190 2724 Christi
2217 2667 2375 2738 apud
2404 2665 2741 2723 Matthaeum
2775 2670 2954 2735 atque
2979 2666 3258 2734 Marcum,
3283 2682 3403 2719 non
3426 2671 3628 2722 autem

1979 2772 2049 2811 ex
2079 2754 2199 2809 illis
2217 2755 2374 2825 apud
2394 2754 2610 2808 Lucam
2642 2752 2805 2807 oriri.
2840 2754 2909 2806 Et
2931 2751 3173 2822 quidem
3197 2752 3259 2806 in
3290 2753 3537 2809 homilia
3566 2754 3627 2809 in

1978 2844 2443 2909 Lucam,omittit
2464 2842 2639 2897 verba
2672 2842 2859 2909 Lucae,
2892 2858 3220 2911 eorumque
3242 2842 3371 2898 loco
3406 2842 3628 2897 substi-

1978 2933 2090 2989 tuit
2110 2932 2286 2987 verba
2305 2930 2655 2999 Mattheei,ut
2676 2930 2829 2985 hanc
2850 2930 3241 3000 quaastionem
3266 2931 3623 2987 introducat.

2046 3038 2335 3094 Firmiora
2363 3036 2534 3093 nobis
2591 3054 2698 3108 pro
2752 3037 3001 3107 Origene
3033 3042 3382 3109 argumenta
3413 3041 3471 3091 et
3516 3055 3622 3110 pro

1973 3130 2297 3199 interprete
2329 3127 2685 3198 Hieronymo
2704 3126 2984 3181 adversus
3015 3126 3287 3182 Latinum
3320 3131 3622 3183 auctorem

204 3229 316 3270 ταις
343 3211 711 3282 ῳρονοῦντες,
745 3210 805 3261 et
856 3203 925 3257 τὰ
962 3203 1136 3256 πάντα
1179 3199 1276 3255 ’ίσα
1334 3198 1695 3272 Σαμαρείταις
1763 3219 1864 3273 φυ-

1980 3198 2324 3289 suppetunt.
2350 3215 2404 3271 S.
2432 3215 2826 3286 Hieronymus
2858 3214 2919 3268 in
2949 3214 3225 3288 Catalogo
3257 3216 3413 3271 inter
3443 3231 3624 3289 Opera

207 3298 530 3364 λάττουσιν,
591 3302 655 3350 ut
710 3294 978 3366 loquitur
1021 3292 1407 3364 Epiphanius.
1459 3292 1529 3345 Et
1585 3290 1862 3362 rejecisse

206 3389 457 3463 quidem
507 3402 610 3441 eos
641 3383 1076 3439 Pharisaeorum
1135 3377 1481 3454 δευτερώσεις
1511 3396 1583 3434 ex
1612 3378 1863 3450 J'osepho

203 3486 387 3554 patet.
416 3475 536 3532 Sed
568 3483 777 3535 nisu:
811 3479 870 3527 et
900 3481 1115 3532 cum:
1138 3471 1435 3541 prophetas
1466 3473 1525 3524 et
1575 3468 1865 3538 hagiogra-

196 3572 335 3641 phos
368 3567 436 3622 in
460 3564 817 3620 traditiones
848 3560 980 3631 quis
1010 3561 1163 3617 ferat
1191 3557 1537 3614 numerari?
1566 3558 1862 3628 Interpres

203 3658 451 3731 quidem
484 3652 777 3726 Origenis,
821 3666 999 3721 quem
1030 3649 1201 3704 affert
1241 3648 1515 3714 Dallasus,
1560 3645 1705 3701 dicit
1762 3662 1862 3701 eos

205 3764 405 3805 sacras
438 3744 776 3815 Scripturas
809 3745 973 3795 extra
998 3738 1181 3794 libros
1212 3736 1493 3792 Mosaicos
1513 3753 1635 3790 non
1664 3737 1857 3805 legere,

204 3839 302 3895 sed
328 3839 545 3893 Graeca
564 3836 783 3905 negant
812 3835 1042 3885 tantum
1084 3826 1403 3900 προσίεσθαι
1435 3825 1523 3880 vel
1553 3820 1857 3898 παραδέχε-

200 3930 346 3993 σθαι,
380 3925 639 3988 scilicet,
663 3923 725 3977 in
771 3918 1188 3975 controversiis
1219 3916 1355 3972 fidei
1387 3916 1860 3971 determinandis

201 4018 518 4073 admittere.
552 4013 674 4066 Hoc
705 4010 866 4065 enim
896 4007 1287 4063 fundamento
1317 4004 1410 4060 usi
1443 4010 1601 4070 sunt,
1624 4004 1858 4058 nullum

203 4104 530 4162 articulum
565 4099 704 4155 fidei
750 4094 1182 4153 admittendum
1217 4111 1368 4162 esse,
1403 4093 1501 4164 qui
1534 4109 1653 4148 non
1685 4109 1756 4147 ex
1785 4091 1860 4145 li-

199 4195 322 4251 bris
354 4191 635 4249 Mosaicis
665 4187 902 4260 probari
933 4184 1444 4257 posset.Reliquos
1475 4187 1673 4238 autem
1705 4181 1857 4237 Scri-

201 4292 393 4357 pturaa
422 4281 615 4337 libros
646 4277 762 4349 ipsi
794 4274 1087 4345 legebant,
1111 4278 1170 4329 et
1188 4273 1271 4328 ita
1292 4270 1857 4343 interpretabantur,

201 4379 265 4429 ut
286 4371 689 4428 fundamento
721 4382 828 4421 suo
858 4362 1263 4419 contradicere
1322 4377 1439 4416 non
1496 4360 1857 4415 viderentur.

202 4461 399 4516 lulta
433 4473 645 4514 eorum
676 4452 1198 4524 interpretationes
1228 4466 1263 4504 a
1292 4448 1576 4505 Rabbinis
1607 4448 1863 4503 afferun-

206 4556 319 4606 tur.
347 4551 421 4606 Ut
438 4548 749 4603 Abenezra
767 4542 842 4599 ad
891 4546 1067 4613 caput
1096 4539 1359 4595 Danielis
1408 4554 1509 4606 xu,
1544 4540 1633 4602 31,
1668 4547 1858 4626 mp1!

1977 3324 2011 3362 a
2038 3324 2098 3362 se
2125 3305 2371 3371 edita,in
2402 3307 2603 3359 Lucam
2631 3302 2886 3358 homilias
2917 3305 3153 3373 triginta
3167 3320 3359 3360 novem
3379 3305 3620 3373 recitat;

1971 3394 2246 3451 homilias
2277 3398 2477 3449 autem
2504 3393 2631 3464 ipse
2658 3407 2965 3462 nunquam
2995 3392 3251 3463 scripsit.
3288 3394 3353 3446 In
3380 3393 3620 3466 prologo

1970 3484 2045 3539 ad
2075 3482 2319 3539 Paulam
2354 3488 2411 3536 et
2438 3480 2821 3536 Eustochium
2872 3480 3133 3535 ostendit
3161 3497 3223 3535 se
3255 3497 3354 3536 eas
3386 3498 3459 3536 ex
3489 3483 3618 3538 Ori-

1969 3589 2115 3646 gene
2141 3570 2513 3627 transtulisse
2544 3570 2636 3624 his
2666 3569 2860 3624 verbis
2885 3586 2898 3623 :
2920 3591 2939 3617 ι
2958 3568 3351 3633 Quamobrem
3365 3570 3618 3641 petistis,

1970 3668 2054 3731 ut,
2078 3661 2433 3733 contemptis
2464 3660 2800 3714 istiusmodi
2831 3659 3024 3731 nugis,
3048 3658 3256 3713 saltem
3290 3659 3530 3730 triginta
3560 3664 3620 3714 et

1970 3768 2180 3807 novem
2211 3749 2552 3805 Adamantii
2586 3748 2774 3803 nostri
2807 3748 2869 3802 in
2897 3748 3112 3803 Lucam
3146 3747 3441 3816 homilias,
3466 3748 3619 3805 sicut

1968 3840 2030 3894 in
2055 3840 2254 3893 Graaco
2300 3837 2614 3903 habentur,
2650 3835 3024 3905 interpreter.
3058 3833 3363 3889 Molestam
3393 3851 3520 3889 rem
3559 3839 3618 3891 et

1973 3931 2263 3983 tormento
2279 3923 2856 3991 similem,a1ieno,ut
2872 3923 2955 3978 ait
2973 3922 3619 3992 Tullius,stomacho,et

1968 4031 2090 4069 non
2109 4030 2213 4068 suo
2245 4011 2502 4067 scribere
2524 4028 2731 4082 :quam
2748 4016 2948 4066 tamen
2971 4010 3188 4064 idcirco
3218 4026 3376 4066 nunc
3392 4010 3616 4078 faciam,

1970 4104 2110 4174 quia
2150 4101 2500 4156 sublimiora
2529 4117 2651 4154 non
2687 4099 2983 4170 poscitis.»
3018 4100 3182 4153 Hunc
3204 4103 3402 4153 autem
3426 4098 3616 4169 ipsius

1970 4191 2314 4263 Hieronymi
2346 4188 2659 4261 prologum
2692 4188 2872 4241 fuisse
2895 4193 3122 4241 certum
3146 4187 3401 4257 est,quia
3428 4191 3617 4242 totum

1966 4282 2028 4337 in
2061 4298 2229 4336 suam
2261 4278 2612 4333 invectivam
2648 4277 3019 4348 transcripsit
3059 4277 3350 4345 Ruffinus,
3384 4284 3443 4332 et
3475 4278 3618 4333 satis

1970 4385 2173 4425 severe
2204 4367 2536 4439 exagitavit.
2561 4367 2706 4432 Imo,
2728 4365 2886 4436 quod
2919 4365 3057 4421 huic
3088 4365 3179 4420 liti
3214 4366 3393 4423 finem
3426 4366 3619 4439 impo—

1969 4473 2111 4511 nere
2143 4454 2458 4517 debet,nec
2487 4453 2609 4508 ulla
2639 4453 2863 4524 ingenii
2889 4453 2942 4506 vi
2976 4452 3179 4508 evitari
3210 4458 3426 4525 potest,
3458 4454 3619 4510 idem

1970 4543 2495 4609 Rufﬁnus,vivente
2509 4542 2704 4597 adhuc
2721 4542 3076 4613 Hieronymo
3100 4559 3167 4597 ac
3192 4559 3482 4615 responsa
3493 4560 3616 4599 me-

209 4649 357 4699 mn
414 4639 692 4708 sapientes
748 4649 775 4687 e
813 4606 1130 4688 Sadducaeis
1178 4646 1364 4684 caacos
1432 4634 1616 4691 vocat,
1699 4606 1857 4698 quod
1889 4606 1935 4670 D
1968 4634 2213 4698 ditante,
2249 4606 2391 4703 quid
2422 4632 2485 4686 in
2524 4631 2634 4686 hoc
2666 4631 2792 4702 ipso
2825 4606 3001 4702 opere
3037 4632 3218 4686 infide
3250 4606 3623 4688 transtulerit

211 4740 435 4815 mpnf;
466 4725 808 4815 acciperent
838 4720 909 4815 de
934 4718 1430 4815 hiecca._Eosdem
1461 4716 1683 4787 pariter
1711 4715 1861 4771 deri-

217 4806 333 4881 det,
364 4814 524 4886 quod
553 4813 754 4868 locum
780 4810 1006 4864 Levitici
1064 4806 1218 4862 male
1273 4810 1658 4877 exponerent,
1712 4814 1862 4868 mw

220 4917 384 4969 150D
405 4921 477 4960 ex
502 4902 662 4958 libro
695 4901 864 4954 Ezrae.
896 4897 1058 4953 Idem
1091 4894 1476 4969 reprehendit
1504 4894 1858 4965 Japhethum

224 4997 339 5050 Ben
366 4994 454 5049 Eli
476 4991 890 5048 Sadducaaum.
914 4992 982 5042 ut
1010 4985 1262 5052 videtur,
1293 4984 1451 5055 quod
1508 4984 1722 5039 ultima
1757 4984 1861 5037 Da-

220 5084 388 5140 nielis
408 5082 585 5137 verba
615 5086 814 5142 mym
852 5060 977 5163 Vpb
1000 5059 1177 5160 151:5
1208 5082 1420 5140 annm,
1442 5095 1469 5123 «
1505 5078 1562 5127 et
1592 5088 1864 5144 resurges

224 5174 284 5229 in
305 5180 459 5229 sorte
482 5178 584 5225 tua
602 5170 665 5224 in
692 5167 813 5222 fine
843 5166 1075 5220 dierum
1096 5163 1140 5231 9,
1175 5188 1202 5214 ››
1226 5164 1485 5219 absurda
1506 5164 1861 5234 interpreta-

222 5264 376 5319 tione
404 5261 665 5317 illudere
695 5261 1035 5323 conaretur,
1069 5271 1306 5324 nempe,
1349 5254 1395 5308 si
1452 5253 1601 5308 forte
1632 5257 1773 5307 tunc
1806 5253 1864 5306 in

223 5354 356 5408 vivis
397 5352 604 5407 fueris.
670 5349 737 5401 Et
794 5344 1177 5401 Talmudistaa
1228 5343 1665 5414 disputationes
1711 5358 1864 5412 saepe

222 5442 498 5508 referunt,
521 5441 585 5494 in
616 5436 835 5509 quibus
865 5433 1166 5489 Sadducaei
1198 5437 1253 5486 et
1286 5431 1589 5486 Samaritaa
1621 5447 1870 5502 respon-

228 5532 363 5588 dent
381 5530 455 5587 ad
483 5530 620 5585 loca
640 5542 712 5582 ex
736 5523 1043 5597 prophetis
1072 5528 1132 5577 et
1158 5520 1571 5593 hagiographis
1593 5519 1868 5587 adducta,

228 5630 291 5678 ut
319 5638 507 5693 nuper
535 5615 847 5674 adnotavit
875 5614 961 5667 vir
991 5627 1188 5669 rerum
1222 5611 1702 5667 Talmudicarum
1759 5610 1871 5667 cal-

295 5712 317 5747 ⁸
343 5710 544 5768 Matth.
570 5722 713 5775 xxii,
745 5706 836 5759 29.
869 5706 889 5738 9
921 5703 1063 5759 Dan.
1096 5718 1193 5768 xu,
1232 5701 1316 5756 13.
1353 5703 1391 5735 ¹¹³
1422 5701 1623 5756 Matth.
1649 5717 1751 5771 xu,
1778 5703 1867 5759 25.

1969 4721 2228 4778 ostendit
2249 4726 2350 4775 aut
2372 4719 2784 4774 innuit.Verba
2817 4720 2943 4789 ejus
2974 4726 3145 4774 sunt:
3169 4742 3196 4768 α
3223 4721 3469 4775 Secutus
3491 4738 3621 4775 sum

1971 4811 2127 4882 quod
2150 4816 2202 4865 te
2221 4810 2479 4864 videram
2508 4809 2569 4863 in
2593 4808 2858 4863 homiliis
2888 4810 3217 4864 secundum
3251 4811 3416 4864 Lucae
3436 4811 3619 4863 Evan-

1970 4901 2191 4973 gelium
2224 4897 2559 4965 fecisse,ubi
2583 4896 2653 4951 de
2686 4897 2831 4951 Filio
2864 4897 2966 4951 Dei
3000 4897 3062 4951 in
3093 4898 3290 4952 Graeco
3322 4913 3443 4951 non
3461 4902 3620 4951 recte

1973 4991 2282 5045 inveneras
2313 4987 2763 5059 praeterierisﬁn
2783 4986 2883 5040 illo
2917 4986 3048 5041 loco
3079 4986 3178 5039 ubi
3202 4986 3346 5040 dicit
3376 5003 3388 5039 :
3414 5007 3443 5035 »
3471 4988 3620 5040 «Ma-

1973 5080 2215 5152 gnificat
2244 5077 2446 5133 anima
2476 5093 2610 5131 mea
2639 5076 2979 5142 Dominum,
3013 5074 3325 5129 exsultavit
3381 5074 3623 5145 spiritus

1974 5186 2143 5223 meus
2176 5169 2237 5221 in
2252 5168 2368 5220 Deo
2388 5165 2631 5220 salutari
2649 5181 2782 5219 meo
2801 5162 2901 5231 ‘1,»
2925 5184 2954 5214 ‹‹
2978 5164 3133 5217 nosti
3157 5163 3293 5232 quia
3316 5161 3619 5233 deanima,

1976 5257 2164 5313 sicubi
2196 5256 2299 5309 illa
2317 5272 2448 5324 qum
2481 5253 2676 5308 solent
2709 5252 2822 5307 dici
2854 5268 2974 5307 non
2997 5252 3387 5323 praeterieris;
3420 5251 3523 5306 sed
3555 5268 3626 5307 ea

1977 5347 2169 5402 adhuc
2201 5344 2379 5399 etiam
2405 5360 2476 5397 ex
2500 5348 2555 5396 te
2578 5340 2794 5395 additis
2826 5340 3003 5395 etiam
3026 5340 3457 5396 assertionibus
3476 5342 3625 5397 luci-

1979 5435 2111 5490 dius
2144 5431 2544 5503 scripseris,ut
2574 5429 2635 5482 in
2667 5428 2770 5482 illo
2802 5427 2965 5482 loco:
2991 5450 3017 5477 »
3037 5451 3065 5479 ‹‹
3093 5431 3239 5483 Ecce
3271 5435 3335 5484 ut
3364 5432 3517 5487 facta
3535 5437 3625 5486 est

1979 5540 2089 5579 vox
2118 5518 2493 5578 salutationis
2522 5523 2639 5572 tuaa
2701 5518 2763 5571 in
2815 5516 3056 5573 auribus
3113 5518 3282 5587 meis,
3313 5520 3625 5577 exsultavit

1980 5612 2180 5669 infans
2218 5612 2279 5666 in
2310 5616 2478 5666 utero
2510 5625 2642 5664 meo
2677 5605 2743 5675 η,
2774 5628 2802 5657 ››
2838 5608 2932 5662 ubi
2987 5607 3121 5663 dicis
3172 5609 3323 5680 quod
3345 5627 3464 5666 non
3495 5616 3621 5666 erat

1984 5706 2026 5740 “
2063 5704 2194 5759 Luc.
2233 5721 2272 5770 ι,
2305 5704 2392 5757 46.
2430 5700 2473 5733 ¹²
2504 5700 2637 5754 Luc.
2674 5715 2713 5764 ι,
2746 5697 2834 5755 44.
