3990 6136
183 362 296 422 183

1241 353 1306 413 S.
1355 351 1738 410 IGNA'I‘Ii'S.
1788 384 1863 393 —
1905 349 2504 410 PBOLEGOMENA.

3479 342 3593 405 184

180 497 294 554 hoc
325 490 685 568 principium
731 485 1076 546 substantiae
1135 487 1287 558 ejus,
1341 487 1406 540 de
1464 492 1558 540 tuo
1589 483 1830 553 addidis,
1859 489 1914 553 Α
2017 483 2159 537 Cum
2195 483 2320 537 haec
2351 487 2479 538 tum
2536 481 2610 536 de
2640 487 2898 549 auctore,
2958 485 3082 536 tum
3135 478 3208 535 de
3266 479 3593 552 interprete

181 589 360 658 atque
392 587 642 639 naturae.
678 603 706 630 ‹‹
740 580 874 636 Haac
919 583 976 634 ct
1031 575 1196 632 mille
1245 574 1362 630 alia
1393 575 1484 629 his
1517 573 1738 628 similia
1767 571 1829 626 in

182 670 777 746 interpretationibus
807 669 944 736 tuis,
979 667 1096 722 sive
1127 667 1188 720 in
1220 663 1313 719 his
1344 664 1488 738 ipsis
1544 661 1830 731 homiliis,

182 765 301 822 sive
333 763 395 820 in
435 759 712 826 Jeremia,
753 757 840 813 vel
899 757 961 811 in
1017 755 1189 825 Isaia,
1250 753 1508 808 maxime
1539 756 1737 806 autem
1769 751 1831 806 in

185 854 490 914 Ezechiele
521 849 888 908 subtraxisti.

258 945 537 1012 Queritur
565 943 743 1016 igitur
774 938 1050 996 Bullinus
1101 938 1162 991 in
1217 937 1309 991 his
1365 935 1507 1008 ipsis
1565 932 1834 988 homiliis

189 1035 460 1109 quaedam
495 1049 624 1104 qua)
655 1031 716 1084 in
748 1027 962 1084 Grascis
1005 1032 1176 1082 erant
1207 1025 1492 1098 Origenis,
1528 1023 1599 1078 ab
1632 1024 1838 1078 Hiero-

192 1141 371 1198 nymo
397 1123 578 1179 fuisse
607 1120 926 1184 subtracta,
961 1117 1234 1188 quaedam
1285 1119 1530 1178 mutata,
1564 1111 1838 1184 quaedam

191 1231 322 1286 quas
383 1213 442 1268 in
502 1210 718 1267 Graecis
767 1225 886 1264 non
937 1213 1108 1262 erant
1163 1204 1435 1266 addita:
1495 1203 1627 1258 loca
1709 1201 1840 1272 ipsa

189 1303 412 1361 notavit
440 1307 524 1366 ut,
556 1317 689 1356 cum
713 1299 912 1355 Grieca
968 1301 1291 1361 exstarent,
1323 1294 1494 1350 facile
1539 1291 1842 1364 perspice-

190 1398 654 1450 renturzunum
689 1388 864 1444 etiam
919 1387 1187 1442 recitavit
1235 1400 1305 1440 ex
1358 1385 1488 1456 ipsa
1543 1380 1838 1446 versione,

193 1484 294 1556 qui
323 1482 652 1538 etiamnum
703 1477 954 1534 homilia
1011 1479 1220 1548 quarta
1251 1478 1459 1540 exstat,
1517 1470 1619 1528 ubi
1650 1471 1844 1526 adhuc

194 1572 484 1647 legimus:
518 1571 666 1626 Ecce
700 1569 868 1632 enim,
928 1568 1010 1621 ait
1064 1564 1361 1624 Elisabeth,
1397 1585 1424 1612 ει
1478 1566 1544 1616 ut
1573 1562 1727 1616 facta
1757 1563 1844 1614 est

199 1661 477 1718 salutatio
505 1663 606 1714 tua
632 1658 693 1712 in
726 1672 900 1712 aures
956 1671 1138 1720 meas,
1173 1651 1484 1708 exsultavit
1534 1651 1595 1705 in
1631 1649 1844 1721 gaudio

201 1751 400 1808 infans
431 1749 492 1804 in
525 1753 692 1802 utero
705 1762 858 1800 meo.
881 1765 907 1793 »ι
929 1766 957 1796 ‹‹
982 1743 1187 1798 Adhuc
1202 1743 1262 1797 in
1281 1739 1488 1796 matris
1510 1744 1678 1794 utero
1698 1742 1843 1802 erat,

1937 571 2086 627 adeo
2115 571 2430 643 perspicua
2456 571 2596 637 sint,
2630 569 2974 626 Blondellus
2996 574 3195 624 tamen
3219 585 3337 624 non
3368 569 3594 625 veritus

1940 661 2266 729 est,harum
2285 660 2348 715 in
2381 660 2600 716 Lucam
2621 660 3003 715 homiliarum
3032 659 3426 730 interpretem
3446 659 3598 714 Buf-

1943 753 2128 808 flnum
2160 751 2392 817 dicere;
2427 756 2486 806 et
2515 751 2576 806 in
2597 750 2912 806 levissimis
2932 751 3089 804 notis
3119 749 3240 804 suis
3273 748 3347 804 ad
3369 749 3598 820 episto-

1943 841 2054 896 lam
2076 840 2392 896 clarissimi
2412 841 2599 896 Vossii
2617 839 2830 895 asserit
2847 861 2875 890 «
2900 841 3028 910 ejus
3051 855 3178 893 esse
3203 839 3598 911 probare,ho-

1943 929 2172 985 milium
2196 935 2444 998 sextam,
2480 953 2500 980 ι
2531 945 2602 984 ex
2634 946 2748 1000 qua
2779 933 3048 984 nostrum
3081 929 3302 999 petitur
3333 928 3602 983 testimo-

1945 1020 2172 1086 nium,«
2197 1035 2316 1074 non
2334 1017 2818 1076 Buflini.somnia
2849 1034 2955 1073 sua
2983 1017 3599 1090 Origeniaflingentis,

1947 1108 2049 1163 sed
2068 1109 2338 1180 Origenis
2360 1108 2546 1180 ipsius
2579 1123 2706 1164 esse
2738 1111 2844 1162 »Αἰ
2863 1124 2972 1161 nos
2995 1106 3105 1161 hoc
3127 1107 3323 1178 ipsum
3339 1107 3608 1162 cumula-

1949 1198 2176 1254 tissime
2207 1198 2679 1270 probavimusut
2707 1203 2992 1268 appareat
3020 1197 3145 1252 haec
3168 1213 3296 1251 esse
3323 1213 3441 1252 non
3463 1196 3607 1252 Buf-

1953 1289 2054 1344 llni
2089 1291 2344 1355 somnia,
2379 1288 2483 1342 sed
2504 1285 2815 1342 Blondelli.
2851 1285 3001 1351 Quid
3032 1286 3192 1340 enim
3215 1285 3345 1340 ?An
3377 1285 3604 1342 Bullini

1953 1378 2366 1451 interpretatio
2421 1394 2549 1433 esse
2587 1371 2800 1448 potest,
2834 1393 3012 1447 quam
3059 1378 3112 1431 S.
3147 1377 3540 1446 Hieronymus
3573 1394 3613 1432 a

1952 1469 2273 1541 semetipso
2305 1467 2518 1523 factam
2552 1484 2670 1522 non
2702 1465 2889 1522 semel
2919 1455 3192 1534 testatur,
3217 1471 3275 1520 et
3304 1482 3480 1537 quam
3505 1467 3612 1522 diu

1955 1559 2163 1627 edidit,
2198 1564 2516 1628 antequam
2549 1557 2824 1612 Bullinus
2853 1555 2946 1610 vel
2976 1571 3162 1612 unum
3189 1555 3502 1611 verbulum
3535 1573 3612 1612 ex

1955 1648 2205 1722 Origene
2246 1648 2306 1702 in
2364 1661 2699 1703 sermonem
2735 1645 3008 1701 Latinum
3041 1645 3485 1701 transtulerat?
3514 1647 3611 1701 An

1959 1737 2178 1792 Bullini
2213 1753 2338 1792 esse
2372 1740 2586 1808 potest,
2612 1751 2790 1806 quam
2809 1734 3082 1790 Bullinus
3104 1735 3230 1806 ipse
3250 1735 3612 1807 Hieronymo

201 1846 260 1897 et
279 1840 410 1914 jam
444 1837 724 1910 Spiritum
755 1835 812 1891 S.
832 1837 1160 1905 acceperat.
1193 1831 1318 1886 Non
1337 1829 1496 1885 enim
1519 1828 1667 1883 illud
1690 1827 1848 1899 prin-
1881 1857 1926 1922 Β
1959 1825 2186 1895 tribuit,
2223 1831 2280 1881 et
2337 1827 2707 1922 iirlnt‘ectiva
2759 1839 2866 1879 sua
2895 1823 3043 1879 adeo
3077 1823 3618 1896 exagitat?Fateor

199 1929 422 2002 cipium
470 1932 596 1983 erat
617 1925 962 1980 substantiae
995 1923 1123 1994 ejus
1153 1926 1329 1992 atque
1370 1925 1617 1975 naturae.
1654 1940 1681 1967 »
1717 1919 1850 1972 Haec

200 2018 377 2076 verba
407 2034 479 2072 ex
530 2013 992 2086 Hieronymiana
1023 2009 1290 2084 Origenis
1343 2008 1610 2065 versione
1641 2006 1854 2062 recitat

201 2105 506 2184 σύγχρονος
553 2104 844 2171 Bullinus,
904 2117 1035 2172 quas
1092 2117 1162 2154 ex
1219 2099 1471 2171 Origene
1527 2093 1852 2184 transtulit,

205 2183 338 2270 quae
369 2213 404 2251 a
435 2195 629 2268 seipso
660 2191 894 2248 addidit
921 2190 1238 2261 interpres.
1272 2192 1460 2254 notat,
1484 2185 1729 2253 scilicet,
1751 2183 1857 2238 illa

203 2284 400 2357 verba,
433 2291 600 2356 atque
627 2287 863 2337 natura.
894 2280 1012 2334 Nos
1061 2283 1120 2334 et
1149 2293 1280 2348 qum
1312 2275 1580 2349 Origenis
1611 2279 1769 2338 sunt,
1800 2277 1856 2328 et

205 2392 338 2446 quae
369 2371 708 2446 interpretis
741 2371 1066 2426 etiamnum
1097 2365 1406 2422 habemus.
1445 2363 1856 2420 Certissimum

203 2467 383 2540 igitur
413 2471 500 2521 est
533 2465 640 2520 has
668 2459 946 2517 homilias
977 2475 1107 2514 esse
1139 2456 1428 2530 Origenis,
1455 2461 1512 2510 et
1543 2454 1616 2510 ab
1647 2453 1854 2508 Hiero-

202 2573 383 2629 nymo
411 2569 653 2618 versas;
686 2569 796 2606 nec
826 2554 1021 2622 potest
1049 2565 1177 2604 esse
1211 2545 1535 2618 quidquam
1561 2543 1623 2600 in
1676 2542 1855 2598 rebus

200 2640 550 2716 hujusmodi
585 2641 697 2695 hoc
717 2642 1068 2710 argumento
1096 2633 1418 2690 efficacius.

278 2731 366 2788 Ad
389 2731 676 2803 majorem
701 2733 904 2783 tamen
924 2724 1439 2782 confirmationem
1460 2723 1585 2777 haec
1603 2718 1854 2776 ulterius

213 2820 349 2878 addi
372 2818 1075 2894 possunt,Hieronymum
1095 2836 1122 2864 ‹‹
1147 2814 1307 2868 ultra
1322 2815 1390 2866 70
1413 2811 1647 2866 libellos
1661 2810 1856 2881 Orige-

208 2912 485 2986 nis,quos
501 2905 865 2965 homiliticos
883 2901 1604 2978 appellavit,transtulisse
1624 2901 1682 2956 in
1707 2897 1856 2955 Lati-

207 3017 376 3067 num,
415 3022 436 3048 ι
458 3004 523 3054 ut
574 2995 757 3053 refert
797 2994 1068 3050 Bullinus
1101 2992 1160 3046 in
1194 2991 1542 3063 praefatione
1571 2987 1646 3043 ad
1674 2987 1856 3043 libros

207 3087 339 3163 Περὶ
361 3087 572 3164 ἀρχῶν.
598 3087 839 3140 Fatetur
866 3081 977 3136 hoc
1008 3081 1403 3152 Hieronymus
1433 3079 1561 3150 ipse
1590 3076 1858 3149 apologis.

202 3183 414 3256 prima.
425 3176 840 3251 «Septuaginta
861 3174 1044 3229 libros
1058 3171 1280 3244 ejus,ut
1299 3188 1468 3227 meus
1481 3170 1852 3227 necessarius

207 3266 645 3334 criminatur,in
659 3264 930 3320 Latinum
944 3267 1254 3327 verteram,
1277 3267 1335 3317 et
1357 3261 1542 3316 multa
1555 3261 1626 3316 de
1653 3259 1844 3315 tomis.

205 3363 516 3430 Nunquam
535 3355 606 3412 de
625 3370 800 3427 opere
817 3369 942 3409 meo
957 3353 1069 3408 fuit
1083 3352 1332 3422 qumstio
1351 3368 1365 3417 ;
1385 3363 1676 3420 nunquam
1689 3352 1861 3404 Boma

205 3451 485 3507 commota
498 3450 599 3501 est.
615 3445 820 3500 nNotat
837 3442 1108 3498 Bullinus
1125 3442 1184 3495 in
1207 3441 1492 3495 invectiva
1514 3437 1786 3495 homilias
1799 3437 1858 3492 in

209 3535 512 3604 Lucam,in
530 3535 739 3590 Isaiam
751 3535 794 3601 ,J
801 3532 1086 3587 eremiam
1109 3536 1288 3602 atque
1309 3529 1860 3585 Ezechielem.llier—

208 3625 605 3700 onymusipse
637 3627 892 3677 testatur
917 3621 980 3673 14
1001 3624 1232 3674 tantum
1265 3620 1324 3674 in
1355 3619 1666 3674 Jeremiam
1703 3622 1858 3672 etto-

209 3717 394 3772 tidem
423 3713 485 3769 in
508 3711 873 3768 Ezechielem
888 3725 950 3765 se
969 3707 1560 3764 translulisse.Verba
1576 3707 1704 3778 ejus
1723 3712 1861 3763 sunt

206 3808 268 3862 in
290 3805 534 3878 prologo
569 3801 638 3856 ad
670 3797 1043 3855 Ezechielem
1073 3815 1084 3852 :
1118 3821 1145 3846 ‹‹
1180 3798 1384 3870 Itaque
1419 3803 1552 3869 post
1573 3803 1861 3868 quatuor—

210 3896 403 3952 decim
436 3890 715 3948 homilias
741 3890 800 3944 in
823 3887 1692 3959 Jeremiam,quasjampridem
1717 3901 1858 3941 con-

209 3986 342 4042 fuso
366 3981 1012 4051 ordineinterpretatus
1043 3982 1261 4046 sum,et
1281 3977 1384 4032 has
1409 3976 1860 4047 quatuordecim

210 4077 271 4132 in
300 4070 668 4130 Ezechielem
705 4085 812 4141 per
843 4066 1156 4124 intervalla
1185 4066 1395 4122 dictavi
1423 4083 1435 4132 ;
1462 4089 1489 4114 ››
1523 4071 1581 4121 et
1609 4065 1670 4120 in
1698 4068 1862 4122 Cata-

206 4166 338 4239 logo
367 4181 380 4219 :
407 4185 434 4215 ‹‹
462 4164 526 4217 In
557 4163 872 4216 Jeremlam
906 4156 1416 4213 etinEzechielem
1447 4155 1861 4210 homiliasOri-

212 4257 378 4330 genis
405 4251 610 4326 viginti
645 4258 950 4321 octo,quas
969 4250 1038 4305 de
1053 4251 1250 4305 Graeco
1285 4249 1341 4302 in
1377 4247 1642 4303 Latinum
1658 4247 1862 4302 verti.»

212 4343 476 4402 Homilias
509 4345 708 4396 autem
728 4341 789 4394 in
813 4339 1024 4394 Isaiam
1049 4337 1462 4394 tantummodo
1478 4353 1684 4392 novem
1703 4341 1861 4402 sunt;

212 4433 426 4506 quibus
462 4431 508 4484 si
535 4428 716 4484 addas
751 4427 898 4482 duas
930 4427 991 4480 in
1051 4427 1380 4494 Canticum,
1407 4427 1600 4482 adhuc
1631 4432 1863 4482 tantum

211 4526 350 4579 sunt
383 4519 622 4592 triginta
648 4533 880 4571 novem.
919 4517 1076 4571 Ultra
1107 4516 1285 4588 igitur
1315 4516 1524 4572 libellos
1541 4519 1610 4570 '70
1640 4515 1712 4570 ab
1736 4515 1865 4570 Hie-

1957 1914 2235 1987 equidem
2265 1913 2570 1970 Bullinum
2616 1913 2689 1969 ad
2713 1913 2895 1970 linem
2939 1929 3090 1985 pene
3118 1913 3247 1968 vita:
3279 1929 3398 1968 suae
3431 1913 3619 1968 inter-

1957 2004 2322 2078 pretationes
2355 2020 2490 2059 suas
2512 2003 2621 2058 sub
2645 2001 2990 2075 Hieronymi
3043 2002 3288 2060 nomine
3321 2001 3611 2058 edidisse.

1957 2094 2070 2150 Sed
2099 2095 2210 2149 hoc
2233 2093 2305 2149 de
2336 2093 2598 2150 homiliis
2629 2093 2692 2148 in
2725 2093 2938 2148 Lucam
2969 2093 3086 2149 dici
3108 2111 3226 2150 non
3245 2093 3613 2166 potest,quia

1959 2191 2017 2240 et
2045 2185 2170 2256 ipse
2204 2184 2595 2256 Hieronymus
2627 2199 2726 2238 eos
2769 2183 3054 2254 agnoscit,
3087 2188 3146 2239 et
3196 2183 3304 2240 sub
3357 2199 3610 2239 numero

1959 2274 2330 2347 septuaginta
2348 2271 2729 2330 homiliarum
2750 2290 2784 2329 a
2815 2289 2876 2330 se
2897 2290 3200 2330 versarum
3219 2273 3619 2346 ponit,etpro-

1957 2363 2125 2438 logus
2156 2363 2499 2435 Hieronymi
2520 2362 2808 2419 Invectivae
2839 2363 3059 2420 Bullini
3085 2363 3348 2419 insertus
3373 2362 3617 2436 legitur,

1961 2468 2138 2522 quam
2170 2449 2444 2507 Bullinus
2473 2455 2597 2506 tum
2629 2450 2888 2522 scripsit,
2922 2467 3058 2507 cum
3089 2449 3318 2508 nullam
3343 2450 3621 2524 Origenis

1959 2539 2267 2597 homiliam
2283 2540 2737 2610 attigisset,cum
2755 2539 2974 2595 librum
2999 2538 3126 2612 Περῖ
3156 2539 3342 2614 ἀρχῶν
3360 2545 3623 2596 tantum—

1959 2631 2135 2687 modo
2151 2629 2567 2699 transtulisset,
2579 2629 2705 2701 ipso
2726 2630 2947 2685 fatente
2970 2630 3438 2701 Hieronymo.lta
3452 2631 3619 2688 enim

1961 2722 2060 2777 ille
2092 2720 2363 2793 apologia
2386 2719 2610 2792 prima:
2638 2741 2665 2769 «
2689 2722 2805 2792 Ego
2837 2735 2944 2792 per
2967 2724 3050 2776 tot
3069 2736 3258 2776 annos
3283 2726 3399 2776 tam
3423 2721 3624 2777 multa

1961 2816 2314 2867 convertens
2337 2826 2650 2881 nunquam
2679 2809 2960 2865 seandalo
2992 2809 3076 2866 fui
3112 2827 3126 2864 :
3159 2815 3224 2866 tu
3249 2809 3321 2866 ad
3353 2810 3618 2883 primum

1961 2905 2020 2956 et
2048 2899 2240 2956 solum
2273 2917 2442 2972 opus,
2477 2899 2712 2972 ignotus
2745 2899 2929 2972 prius,
2966 2900 3297 2956 temeritate
3328 2900 3518 2956 factus
3546 2917 3614 2958 es

1960 2990 2276 3047 nobilis.Et
2307 3006 2497 3046 rursus
2515 2989 2751 3046 secunda
2775 3005 2787 3044 :
2808 2990 2906 3046 Vis
2933 2991 3243 3065 Origenem
3263 2990 3323 3046 in
3339 2990 3618 3048 Latinum

1959 3088 2183 3140 vertere
2214 3082 2242 3138 Ὺ
2271 3082 2454 3138 habes
2499 3080 2719 3137 multas
2749 3081 3026 3137 homilias
3059 3083 3188 3156 ejus
3239 3087 3296 3136 et
3330 3088 3518 3138 tomos
3551 3084 3619 3138 in

1965 3173 2181 3246 quibus
2199 3171 2442 3228 moralis
2456 3175 2742 3227 tractatur
2756 3171 3010 3240 locus,et
3023 3172 3456 3244 Scripturarum
3477 3189 3622 3246 pan-

1968 3224 2100 3246 1—-—
2119 3224 2177 3228 ——
2337 3224 2436 3228 —~—
2462 3224 2492 3226 -κ
2515 3224 2730 3227 «—~-~——
2757 3224 2806 3228 -ν
2827 3224 2844 3228 ν
2862 3224 3177 3244 --ι---τ--ικ
3197 3224 3344 3228 -————
3365 3224 3456 3228 πη-
3477 3224 3595 3246 τν-

1892 3224 1935 3291 C
1968 3265 2191 3320 duntur
2212 3261 2500 3318 obscura:
2525 3261 2650 3316 haec
2681 3261 3092 3333 interpretare,
3127 3263 3253 3318 hazc
3272 3262 3621 3336 rogantibus

1970 3353 2184 3408 tribue.
2209 3351 2357 3416 Quid
2370 3351 2458 3424 pri
2470 3369 2599 3407 mus
2620 3350 2790 3409 labor
2805 3357 2938 3406 tuus
2961 3350 3254 3424 incipitab
3271 3351 3514 3408 infamia
3532 3353 3564 3408 ‘l
3585 3374 3620 3403 ››

1969 3445 2304 3513 Antequam
2335 3441 2512 3514 igitur
2557 3441 2880 3513 quidquam
2937 3443 3275 3514 scripsisset
3325 3441 3622 3510 Bullinus,

1970 3532 2142 3588 editas
2174 3537 2314 3586 sunt
2345 3529 2600 3586 homilite
2641 3531 2908 3604 Origenis
2941 3531 3001 3586 in
3035 3531 3247 3586 Lucam
3293 3531 3622 3604 interprete

1970 3623 2330 3694 Hieronymo
2357 3637 2368 3688 ;
2403 3621 2626 3676 eaedem
2659 3621 2718 3675 in
2750 3623 3026 3676 Intret-lira
3056 3621 3276 3676 Buflini
3329 3621 3623 3694 sugillataa

1971 3715 2452 3780 sunt,antequam
2475 3709 2750 3766 Bullinus
2771 3709 3096 3782 quidquam
3112 3709 3380 3784 Origenis
3401 3717 3626 3784 praeter

1970 3799 2190 3854 librum
2218 3796 2347 3872 Περῖ
2371 3797 2566 3872 ἀρχῶν
2596 3799 2658 3854 in
2690 3799 2965 3854 Latinmn
2991 3799 3410 3856 transtulisset.

2041 3891 2110 3944 Et
2140 3894 2341 3943 tamen
2387 3887 2645 3944 Dallaaus
2676 3888 2749 3944 ad
2807 3889 2918 3944 hoc
2973 3889 3267 3945 Blondelli
3313 3889 3618 3946 somnium

1971 3979 2287 4050 confugere
2320 3979 2556 4034 tandem
2617 3985 2856 4034 coactus
2895 3983 3000 4034 est.
3034 3981 3179 4035 Nam
3213 3996 3346 4034 cum
3408 3981 3622 4051 liquere

1971 4069 2218 4124 dixisset
2249 4089 2277 4119 «
2309 4068 2519 4122 harum
2547 4069 2930 4124 homiliarum
2957 4069 3139 4125 alium
3184 4071 3366 4124 fuisse
3415 4077 3620 4126 aucto-

1971 4175 2096 4214 rem
2131 4174 2307 4229 quam
2341 4159 2712 4230 Origenem,»
2737 4159 2798 4214 id
2831 4164 3029 4214 tamen
3062 4160 3202 4214 viris
3225 4160 3471 4215 eruditis
3493 4177 3627 4230 per-

1973 4247 2207 4303 suaderi
2239 4247 2485 4303 minime
2515 4249 2776 4320 potuisse
2814 4253 3066 4321 putaret,
3123 4249 3320 4304 statim
3371 4249 3623 4318 addidit,

1974 4361 2000 4388 ‹‹
2025 4355 2100 4392 ne
2121 4338 2283 4392 hunc
2310 4337 2455 4392 illud
2487 4337 2916 4408 all'eram,quod
2937 4338 3080 4393 satis
3105 4343 3336 4393 constat
3354 4338 3626 4408 Origenis

1974 4443 2104 4497 quae
2138 4425 2338 4480 Latine
2383 4431 2614 4480 tantum
2647 4429 2898 4492 exstant,
2933 4441 2966 4478 a
3023 4425 3258 4481 Buflino
3291 4431 3349 4479 et
3378 4425 3510 4481 aliis
3542 4427 3629 4481 in-

1974 4515 2335 4586 terpretibus
2366 4515 2446 4569 ita
2477 4516 2658 4569 fuisse
2679 4515 3126 4586 interpolata,ut
3157 4531 3227 4569 ex
3249 4516 3319 4569 iis
3351 4516 3438 4569 vix
3462 4521 3625 4572 certo

212 4626 464 4682 ronymo
499 4623 698 4661 versos
732 4605 995 4659 invenire
1024 4621 1326 4675 nunquam
1351 4604 1714 4676 poteris,nisi
1747 4604 1866 4658 illis
1903 4600 1945 4664 ll
1973 4605 2162 4676 possit
2193 4604 2442 4676 intelligi
2464 4605 2607 4675 quid
2637 4621 2766 4659 vero
2789 4606 2864 4660 sit
2895 4603 3476 4676 Origenicum.»Cum
3503 4623 3628 4662 cer-

213 4699 455 4773 triginta
486 4712 696 4754 novem
727 4693 1006 4748 homilias
1040 4693 1098 4748 in
1135 4696 1344 4749 Lucam
1378 4695 1610 4750 Buflino
1630 4711 1860 4750 memo-

217 4795 376 4846 ratas
402 4785 850 4852 adnumcrrsmt
880 4789 936 4838 et
975 4783 1076 4837 ille
1108 4784 1457 4838 numeravit.
1477 4785 1666 4849 Quare
1696 4787 1862 4840 liras-

215 4896 376 4937 mum
409 4893 580 4933 suum
615 4874 766 4929 male
798 4873 894 4927 hic
927 4871 1148 4926 deserit
1173 4871 1550 4944 Dallzeus,qui
1579 4874 1641 4928 in
1665 4874 1861 4930 indice

213 4973 468 5043 Operum
509 4963 849 5035 Ilieronymi
885 4962 1862 5038 hasipsasliomiliasinter-ivncta,

215 5060 273 5116 id
305 5063 395 5116 est
421 5073 508 5122 ea,
543 5072 674 5126 quae
706 5070 839 5109 vere
863 5056 1002 5108 sunt
1025 5052 1385 5124 Hieronymi,
1409 5069 1522 5119 seu,
1547 5054 1618 5107 dc
1650 5052 1866 5126 quibus

220 5148 387 5206 nulla
417 5144 709 5203 dubitatio
742 5143 838 5212 sit,
854 5142 998 5214 quin
1029 5141 1101 5197 ab
1122 5141 1476 5214 Hieronymo
1511 5143 1630 5198 sint
1648 5143 1864 5214 edita,»

214 5241 500 5304 numerat,
534 5235 626 5290 his
657 5232 887 5289 verbis:
927 5253 946 5280 ι
986 5231 1254 5288 Homiliae
1279 5232 1339 5286 in
1375 5232 1586 5288 Lucam
1629 5232 1869 5307 triginta

213 5344 426 5384 novem
458 5325 528 5380 ab
560 5325 920 5395 Hieronymo
945 5321 1267 5378 translatae.
1301 5323 1365 5376 In
1395 5323 1740 5394 praefatione
1763 5339 1868 5378 nu-

211 5432 412 5472 merus
445 5420 535 5468 est
565 5413 840 5469 omissus.
873 5412 966 5468 Sic
998 5417 1197 5467 autem
1230 5412 1484 5468 refertur
1513 5412 1608 5467 hic
1638 5413 1805 5469 locus
1835 5428 1872 5468 a

214 5505 451 5562 Ruflino
526 5503 826 5557 invectiva}
900 5517 1020 5556 suae
1094 5501 1246 5556 libro
1299 5502 1581 5568 secundo,
1649 5523 1677 5550 ››
1750 5500 1871 5557 sal-

213 5602 335 5652 tem
366 5592 607 5665 triginta
660 5608 869 5647 novem
905 5591 1243 5647 Adamantii
1301 5591 1483 5646 nostri
1544 5591 1604 5646 in
1654 5592 1869 5648 Lucam

215 5683 519 5748 homilias,
579 5679 730 5742 sicut
799 5681 858 5735 in
927 5683 1124 5736 Graeco
1191 5681 1506 5749 habentur,
1578 5683 1868 5755 interpre-

221 5781 340 5835 tor.

1970 4701 2094 4749 tum
2127 4693 2337 4750 sitnon
2358 4693 2791 4761 Buflinum,sed
2827 4694 3250 4764 Hieronymum
3283 4695 3492 4750 harum
3513 4695 3628 4750 ho-

1972 4783 2273 4840 miliarum
2305 4799 2432 4838 esse
2464 4784 2848 4856 interpretem
2877 4801 2889 4850 ;
2925 4785 2970 4839 si
3023 4804 3159 4842 vero
3191 4786 3627 4855 Hieronymum

1973 4875 2130 4928 inter
2160 4874 2296 4928 alios
2353 4877 2679 4944 interpretes
2733 4881 2935 4945 ponat,
2985 4878 3086 4948 qui
3156 4877 3466 4949 Origenem
3502 4881 3623 4930 tam

1973 4963 2125 5018 foede
2157 4963 2614 5034 inlerpolarunt,
2641 4965 2960 5021 manifesta
3017 4972 3108 5021 est
3155 4965 3474 5022 calumnia.
3509 4967 3656 5021 Ha-'

1975 5052 2184 5108 bemus
2216 5053 2623 5108 novemdecim
2638 5053 3197 5128 homiliasOrigenis
3217 5057 3276 5112 in
3306 5058 3495 5112 Jerem
3509 5057 3626 5111 iam

1975 5145 2170 5199 Graece
2205 5160 2219 5208 ;
2255 5141 2542 5197 habemus
2571 5158 2778 5199 earum
2810 5144 3125 5200 duodecim
3160 5163 3228 5200 ex
3269 5146 3630 5218 interpreta-

1977 5233 2139 5288 tione
2169 5233 2506 5304 Hieronymi
2541 5233 2741 5289 Latinc
2777 5249 2790 5302 ;
2851 5234 2980 5291 hmc
3031 5239 3230 5292 autem
3281 5236 3636 5308 interpreta-

1980 5324 2060 5379 tio
2092 5328 2210 5378 tam
2261 5322 2412 5378 bene
2443 5323 2658 5378 Grazcis
2687 5323 3024 5397 respondet,
3056 5330 3122 5380 ut
3179 5324 3356 5380 aliam
3417 5325 3634 5382 addere

1979 5413 2222 5469 Huetius
2252 5413 2654 5469 necessarium
2680 5429 2798 5469 non
2831 5415 3074 5486 putarit,
3108 5415 3374 5488 adeoque
3399 5431 3499 5470 eas
3515 5415 3637 5471 edi-

1979 5503 2156 5572 derit,
2189 5503 2512 5574 interprete
2564 5502 2941 5575 Hieronymo.
2993 5504 3274 5569 Quaenam
3309 5511 3506 5560 autem
3561 5521 3634 5560 ex

1979 5593 2052 5648 iis
2084 5594 2165 5648 ita
2195 5593 2564 5665 interpolatae
2622 5597 2782 5660 sunt,
2833 5614 2852 5640 ι
2907 5591 3115 5663 utquid
3147 5593 3222 5647 sit
3253 5595 3631 5666 Origenicum

1981 5682 2233 5755 intelligi
2265 5699 2384 5737 non
2443 5680 2684 5754 possit?
2717 5703 2744 5729 »ι
2798 5681 2960 5736 Idem
3017 5681 3262 5738 omnino
3309 5681 3379 5737 de
3441 5685 3632 5741 homi-

1981 5771 2079 5829 liis
2107 5771 2170 5828 in
2201 5771 2418 5830 Lucam
2467 5769 2868 5840 sentiendum,
2919 5771 2981 5828 in
3028 5769 3243 5845 quibus
3275 5771 3427 5831 nihil
3453 5774 3630 5833 addi-
