3990 6136
225 381 327 440 189

967 383 1025 443 J.
1073 382 1491 446 PEARSONII
1538 387 1913 449 VlNDlClAE
1956 387 2448 452 IGNATIANxE.
2503 425 2574 434 -—
2620 393 2834 456 PARS
2877 395 2926 455 Ι.

3533 400 3650 460 190

218 518 482 583 Asiatica,
515 534 645 589 quas
673 523 883 574 totam
917 520 1226 591 epistolam
1255 539 1436 593 quam
1459 524 1661 579 citavit
1689 527 1872 580 Euse-
1906 525 1959 592 Α
2067 527 2239 582 Levia
2271 529 2397 584 haec
2420 538 2558 587 sunt
2591 552 2710 605 prae
2743 533 2814 589 iis
2839 551 2970 605 quas
3001 537 3463 606 sequuntur.Hic
3486 537 3645 593 enim

220 607 366 671 hius,
399 624 503 678 per
533 613 618 662 tot
648 609 889 664 saecula
922 609 1154 681 publice
1187 611 1439 683 legebat.

289 698 516 767 Optime
543 698 726 769 igitur
744 701 918 752 novit
937 699 1242 768 Eusebius,
1267 700 1397 756 loca
1421 702 1547 756 haec
1574 703 1883 774 Polycarpi

224 791 280 842 et
305 787 509 841 lrenaai
541 787 960 843 indubitatum
985 789 1298 860 lgnatianis
1322 791 1589 860 epistolis
1620 794 1884 848 testimo-

223 877 382 931 nium
413 877 676 946 praabere
707 895 719 930 :
765 894 966 948 neque
1023 878 1139 934 alia
1194 879 1475 935 adhibere
1506 881 1710 947 voluit,
1745 882 1885 937 licet

221 967 346 1020 sine
377 967 536 1020 omni
569 966 752 1021 dubio
783 967 958 1038 plura
991 968 1298 1038 potuisset.
1327 971 1466 1023 Post
1487 970 1648 1024 enim
1679 972 1880 1025 animo

220 1061 560 1126 conceptam
591 1056 746 1111 hanc
781 1058 1148 1127 opinionem,
1183 1075 1469 1128 quorsum
1509 1060 1658 1114 alios
1684 1066 1879 1131 poste-

219 1148 401 1200 riores
421 1147 813 1200 nominaret?
839 1163 946 1201 cur
967 1153 1180 1218 praeter
1205 1147 1449 1203 solitum
1481 1165 1710 1204 morem
1734 1151 1794 1203 in
1817 1167 1879 1205 re

219 1235 459 1288 minime
472 1241 857 1290 controversa
878 1241 1054 1290 testes
1073 1243 1419 1308 congereret
1435 1243 1612 1308 atque
1626 1238 1882 1293 conden-

217 1324 417 1379 saret‘?
448 1323 759 1378 lnﬁrmum
795 1324 974 1395 igitur
1012 1332 1428 1396 argumentum
1477 1333 1566 1381 est
1594 1327 1752 1397 quod
1784 1328 1878 1382 hic

214 1414 494 1468 adversus
544 1414 816 1485 Origenis
867 1415 1206 1470 testimonia
1254 1416 1438 1470 nectit
1480 1415 1754 1471 Dallaaus.
1801 1419 1879 1470 De

219 1505 456 1573 Origene
486 1506 706 1558 nullum
764 1506 990 1559 verbum
1046 1509 1198 1574 fecit.
1261 1508 1556 1571 Quorsum
1609 1509 1767 1563 enim
1807 1509 1880 1563 de

217 1595 468 1665 Origene
510 1593 690 1648 verba
746 1594 990 1660 faceret,
1050 1611 1184 1649 cum
1243 1596 1692 1667 antiquissimos
1742 1597 1876 1652 illos

212 1681 607 1753 Polycarpum
637 1688 696 1736 et
719 1683 1012 1737 Irenaeum
1039 1684 1456 1739 nominasset?
1479 1708 1504 1735 ‹‹
1527 1686 1639 1739 Sed
1662 1687 1709 1740 si
1733 1685 1874 1756 quid

213 1771 312 1825 ille
355 1771 430 1826 ad
483 1773 598 1825 hoc
632 1771 792 1841 quod
825 1772 945 1843 agit
974 1772 1116 1826 utile
1171 1773 1438 1840 dixisset,
1474 1775 1568 1828 hic
1598 1791 1717 1829 non
1750 1780 1877 1830 erat

1991 632 2156 670 error
2185 619 2361 673 unius
2383 622 2621 676 Eusebii
2652 629 2834 677 totam
2870 624 3194 679 Ecclesiam
3227 625 3443 680 Christi
3468 644 3648 684 occu-

1989 707 2164 774 pavit,
2193 706 2432 762 infecit!
2467 711 2664 766 Primo
2698 713 3059 768 Athanasius
3107 731 3242 769 eum
3293 717 3510 786 hausit,
3543 719 3644 789 qui

1989 816 2018 843 «
2042 796 2338 865 egregium
2363 800 2682 868 quemdam
2708 801 2927 864 locum,
2953 807 3012 856 et
3035 820 3154 858 suae
3177 821 3369 859 causas
3392 807 3644 861 utilissi-

1989 899 2152 937 mum
2176 884 2235 938 in
2256 886 2521 956 epistolis
2548 895 2756 945 nactus
2777 892 3152 962 Ignatii,eum
3172 895 3412 950 nomine
3436 895 3646 950 lauda-

1988 969 2086 1036 vit,
2109 973 2201 1025 sed
2230 972 2326 1027 ille
2347 973 2632 1045 deceptus
2654 982 2744 1030 est
2767 993 2780 1042 ;
2806 979 2956 1031 nihil
2989 981 3209 1048 quidem
3240 982 3502 1051 peccavit
3521 983 3644 1051 (hoc

1988 1059 2231 1128 largitur
2257 1064 2345 1115 vir
2373 1063 2761 1136 doctissimus),
2810 1068 2904 1120 sed
2949 1069 3022 1122 ab
3064 1071 3314 1124 Eusebio
3345 1075 3643 1126 ostentata

1986 1150 2335 1205 auctoritate
2359 1152 2602 1208 delusus
2625 1162 2734 1208 est.
2763 1158 2894 1210 Tum
2917 1174 3039 1210 vero
3061 1157 3199 1212 hinc
3221 1159 3294 1213 ab
3316 1159 3639 1214 Athanasio

1989 1237 2156 1293 illinc
2200 1239 2271 1294 ab
2303 1242 2553 1296 Eusebio
2577 1246 2785 1311 factum
2817 1253 2894 1299 est
2920 1253 2980 1299 ut
3003 1247 3174 1316 pauci
3201 1247 3482 1319 deinceps
3512 1249 3640 1304 fue-

1985 1325 2106 1379 rint
2128 1329 2228 1397 qui
2253 1345 2322 1384 ea
2341 1330 2491 1384 falsa
2511 1348 2638 1386 esse
2663 1333 3088 1389 existimarent.
3125 1357 3150 1383 ››
3170 1338 3310 1391 Tota
3329 1337 3456 1392 ham
3487 1355 3637 1393 con-

1976 1415 2892 1492 jecturarum,suspicionumque
2907 1425 3211 1496 congeries
3223 1425 3388 1480 nullo
3403 1428 3638 1498 negotio

1985 1504 2268 1560 difﬁatur.
2293 1508 2417 1572 Qua
2447 1510 2608 1563 enim
2640 1511 2856 1567 ﬁducia
2883 1514 3242 1569 Athanasius
3274 1515 3345 1569 ab
3377 1515 3632 1570 Eusebio

1988 1593 2230 1649 delusus
2258 1595 2439 1651 fuisse
2463 1597 2700 1666 dicitur,
2726 1602 2825 1670 qui
2849 1601 3242 1673 Polycarpum
3263 1609 3322 1658 et
3347 1605 3638 1659 Irenwum

1981 1698 2100 1736 non
2125 1684 2319 1740 minus
2344 1703 2520 1756 quam
2552 1688 2837 1743 Eusebius
2874 1690 3142 1761 legerat?
3167 1694 3281 1747 Cur
3312 1694 3630 1748 Athanasio

1981 1787 2100 1826 non
2117 1773 2314 1828 minus
2338 1791 2515 1844 quam
2541 1778 2812 1846 Eusebio,
2840 1779 3148 1849 imponere
3171 1786 3495 1851 potuerunt
3519 1785 3632 1837 Po-

209 1860 568 1923 omissurus,
603 1877 722 1930 quo
753 1877 931 1914 nemo
958 1877 1220 1930 unquam
1254 1863 1581 1918 studiosius
1609 1864 1873 1936 Origenis
1904 1889 1950 1954 Β
1983 1864 2257 1934 lycarpus
2303 1868 2362 1917 et
2411 1866 2690 1932 Irenaaus,
2751 1868 2799 1921 si
2856 1869 3000 1922 illud
3052 1885 3255 1924 revera
3286 1872 3483 1926 testati
3514 1887 3633 1926 non

203 1949 389 2003 libros
415 1949 619 2020 legit.»
646 1949 804 2021 Legit
825 1948 1068 2018 quidem
1086 1955 1143 2003 et
1165 1968 1452 2021 perquam
1479 1952 1874 2017 studiose;sex

206 2040 390 2094 etiam
447 2038 637 2092 libros
687 2039 1085 2110 apologeticos
1144 2039 1348 2107 edidit,
1383 2057 1661 2112 magnam
1693 2042 1870 2096 etiam

200 2133 437 2199 partem
485 2126 626 2181 libri
679 2128 832 2181 sexti
889 2129 1143 2183 Historiae
1187 2129 1572 2186 ecclesiasticae
1621 2131 1681 2184 in
1714 2130 1870 2185 illius

200 2218 378 2272 rebus
405 2216 764 2271 enarrandis
796 2218 1203 2288 consumpsit:
1239 2218 1366 2288 ejus
1397 2219 1580 2274 libros
1611 2237 1766 2291 saepe
1797 2221 1868 2275 ad

201 2307 522 2361 historiam
556 2305 744 2376 ipsius
775 2304 1184 2361 illustrandam
1239 2307 1503 2373 advocat,
1537 2315 1595 2362 et
1625 2308 1766 2378 quid
1796 2309 1869 2362 de

197 2396 362 2450 libris
401 2395 793 2464 S.Scripturaa
827 2396 1102 2460 senserit,
1131 2412 1309 2464 quam
1342 2396 1414 2450 de
1441 2397 1724 2467 apostolis
1756 2403 1869 2452 tra-

200 2485 491 2540 ditionem
529 2489 842 2554 acceperat
873 2491 1132 2550 enarrat,
1159 2501 1296 2539 eum
1328 2489 1528 2539 tamen
1559 2502 1866 2555 nunquam

203 2579 420 2629 testem
453 2573 732 2628 adhibuit
764 2572 838 2627 ad
869 2573 1058 2627 ullum
1117 2574 1580 2644 apostolicorum
1607 2576 1866 2629 virorum

205 2665 498 2734 scriptum
560 2662 1061 2717 conﬁrmandum.
1121 2664 1310 2728 Quare
1379 2669 1578 2718 autem
1635 2681 1756 2718 non
1807 2665 1867 2718 in

205 2753 434 2822 lignatio
469 2768 603 2806 eum
670 2750 997 2817 omitteret,
1048 2767 1224 2820 quem
1284 2752 1344 2805 in
1400 2750 1675 2806 omnibus
1733 2751 1866 2806 aliis

204 2842 426 2897 omisit.
461 2841 644 2912 Leges
685 2856 835 2911 quas
886 2841 1011 2910 ipse
1056 2840 1129 2895 ad
1178 2840 1604 2896 discernendos
1635 2841 1863 2913 dijudi-

201 2932 546 3001 candosque
577 2935 846 2985 veterum
878 2930 1060 2984 libros
1094 2931 1322 2996 ﬁxerat,
1366 2931 1459 2986 hic
1486 2931 1663 3002 plane
1695 2932 1866 3002 peni-

202 3028 412 3092 tusque
446 3019 819 3084 observavit;
852 3017 1138 3090 ἀρχαίους,
1177 3019 1424 3085 scilicet,
1456 3018 1862 3093 κεχρημένους,

201 3110 602 3180 Polycarpum
655 3114 712 3162 et
759 3109 1054 3162 Irenaeum
1085 3108 1431 3162 nominavit.
1466 3109 1634 3163 Sarta
1662 3109 1862 3180 itaque

202 3203 352 3252 tecta
385 3203 476 3251 est
500 3195 744 3250 Eusebii
787 3195 1114 3268 diligentia,
1149 3196 1306 3251 salva
1333 3195 1650 3268 prudentia
1679 3202 1856 3268 atque

189 3287 523 3359 judicium:
562 3285 765 3340 nullus
797 3285 894 3339 hic
927 3302 1110 3351 error,
1145 3285 1313 3341 nulla
1364 3287 1658 3355 oscitatio,
1693 3287 1859 3342 nulla

199 3375 612 3442 hallucinatio,
649 3391 797 3445 quas
837 3373 1088 3429 Dallasus
1139 3376 1266 3430 sine
1315 3375 1437 3430 ullo
1469 3377 1856 3432 fundamento

200 3472 320 3523 tam
371 3466 708 3521 liberaliter
749 3467 1011 3520 Historiae
1040 3467 1413 3522 ecclesiastica:
1444 3468 1602 3523 Patri
1631 3468 1854 3523 tribuit.

197 3557 370 3611 Nullo
406 3556 668 3626 denique
700 3555 878 3609 modo
905 3555 1258 3610 testimoniis
1281 3573 1351 3610 ex
1371 3557 1617 3626 Origene
1646 3559 1860 3628 produ—

196 3646 303 3700 ctis
337 3645 697 3717 praajudicat
753 3643 990 3698 Eusebii
1045 3644 1369 3699 silentium.
1411 3645 1668 3700 Aliunde
1699 3647 1856 3700 enim

199 3739 336 3793 satis
371 3743 541 3792 certo
575 3736 846 3790 novimus
893 3741 1209 3806 utrumque
1243 3737 1352 3791 hoc
1386 3753 1533 3806 opus
1565 3754 1694 3792 esse
1726 3755 1857 3792 vere

195 3814 1076 3901 OrigenicumiCommentarios
1094 3827 1154 3880 iu
1169 3827 1475 3882 Canticum
1491 3828 1860 3882 canticorum

199 3919 512 3989 scripsisse
548 3922 798 3970 testatur
829 3917 883 3970 S.
930 3916 1244 3987 Gregorius
1289 3918 1590 3986 Nyssenus
1625 3918 1684 3972 in
1709 3933 1862 3986 prae—

200 4010 341 4063 mio:
380 4004 449 4062 Ei
514 4001 596 4071 δὲ,
645 4007 742 4057 τοῦ
796 4002 1098 4076 Ὠριγὲνους
1156 4003 1470 4080 φιλοπόνως
1521 4005 1644 4078 περῖ
1676 4006 1738 4058 τὸ
1771 4006 1861 4078 βι-

199 4091 550 4150 ὅλὲοντοῦτο
611 4088 1038 4158 σπουδάσαντος,
1096 4092 1180 4146 καὶ
1237 4094 1401 4164 ἡμεῖς
1451 4097 1633 4172 γραφῇ
1684 4113 1858 4168 παραυ

201 4181 386 4238 δοῦναι
432 4183 527 4237 τὸν
574 4179 744 4236 πόνον
795 4181 956 4249 ἡμῶν
1020 4183 1504 4254 προεθυμήθημεν,
1561 4181 1859 4258 ἐγκαλείτω

207 4272 398 4347 μηδείς
422 4298 450 4324 α
476 4273 645 4339 Quod
677 4273 723 4327 si
753 4288 888 4326 cum
911 4272 1192 4343 Origenes
1215 4272 1539 4342 plurimum
1564 4273 1782 4329 laboris
1805 4282 1864 4331 et

204 4365 376 4419 studii
400 4365 464 4418 in
485 4364 648 4417 hunc
673 4360 943 4416 libellum
967 4361 1420 4429 contulerit,nos
1444 4379 1677 4433 quoque
1701 4364 1860 4434 quod

205 4470 234 4508 a
249 4454 422 4508 nobis
444 4457 532 4507 est
550 4451 919 4505 elaboratum
933 4450 1149 4504 litteris
1167 4450 1450 4508 mandare
1466 4451 1739 4507 lubenter
1752 4459 1862 4507 sta-

207 4545 518 4609 tuerimus,
544 4557 723 4595 nemo
747 4556 855 4594 nos
873 4544 1166 4594 accuset.»
1195 4541 1313 4594 Hoc
1335 4556 1481 4610 opus
1499 4541 1655 4610 quod
1682 4541 1828 4596 habe

1980 1951 2099 2005 sint
2125 1953 2280 2023 quod
2310 1955 2497 2008 nostri
2539 1971 2640 2009 eos
2668 1961 2913 2012 testatos
2949 1974 3078 2013 esse
3129 1958 3382 2014 dicunt?
3408 1962 3498 2015 An
3529 1961 3631 2016 ille

1978 2041 2230 2095 Eusebio
2255 2042 2596 2114 diligentior
2624 2051 2725 2099 aut
2743 2046 2802 2099 in
2827 2047 3002 2101 rebus
3023 2046 3366 2118 hujusmodi
3402 2050 3634 2121 perspi-

1977 2131 2173 2186 cacior
2202 2131 2360 2185 fuit?
2407 2133 2529 2187 Imo
2563 2134 2860 2203 quomodo
2891 2137 3182 2190 Eusebius
3228 2138 3534 2205 Ignatiana
3563 2121 3633 2192 ex

1979 2220 2239 2276 tenebris
2269 2222 2331 2274 in
2364 2221 2557 2276 lucem
2590 2223 2913 2279 Athanasio
2937 2225 3274 2292 induxerat,
3299 2227 3400 2295 qui
3424 2227 3632 2282 eadem

1977 2310 2039 2364 in
2068 2311 2315 2382 Origene
2373 2316 2508 2366 ante
2565 2311 2832 2383 legerat?
2891 2313 3189 2368 Asseritur
3219 2315 3291 2370 ab
3323 2315 3629 2370 Albertino

1976 2404 2152 2469 atque
2185 2400 2363 2454 etiam
2404 2401 2645 2466 Dallaao,
2697 2401 3293 2472 pseudo-Dionysium
3326 2404 3630 2476 Ignatiana

1975 2504 2082 2542 sua
2110 2488 2182 2542 ab
2205 2489 2454 2559 Origene
2487 2490 2793 2558 hausisse;
2850 2508 2954 2546 cur
2985 2509 3106 2546 non
3137 2493 3208 2548 ab
3243 2494 3450 2549 eodem
3501 2495 3626 2566 epi-

1976 2576 2155 2631 stolas
2214 2578 2320 2631 lias
2377 2578 2448 2632 ab
2510 2579 2730 2649 Ignatio
2791 2580 3040 2649 scriptas
3097 2581 3278 2636 fuisse
3337 2579 3628 2637 didicerat

1973 2666 2330 2720 Athanasius
2348 2667 2374 2720 ?
2399 2684 2504 2720 cur
2526 2683 2646 2721 non
2669 2667 2741 2721 ab
2771 2668 2868 2722 illo
2893 2675 3085 2723 vetere
3115 2672 3424 2741 scriptore,
3454 2689 3488 2726 a
3509 2689 3624 2743 quo

1974 2773 2081 2811 sua
2108 2757 2412 2826 lgnatiana
2455 2765 2793 2827 sumpserat
2823 2760 3094 2825 Basilius,
3128 2761 3449 2815 Athanasio
3482 2777 3620 2830 syn-

1973 2845 2232 2899 chronus
2252 2843 2278 2898 ⁸2
2299 2845 2430 2898 Haec
2452 2845 2653 2899 omnia
2668 2845 2881 2916 legisse
2902 2848 3292 2903 Athanasium
3318 2866 3494 2903 nemo
3519 2849 3625 2906 du-

1972 2933 2156 2988 bitat:
2209 2934 2445 2988 Eusebii
2495 2940 2694 2988 autem
2740 2936 3048 2990 Historiam
3078 2938 3496 2992 eaclesiasticam
3527 2941 3629 2993 aut

1974 3020 2288 3093 diligenter
2327 3023 2633 3090 evolvisse,
2657 3029 2757 3078 aut
2789 3025 3055 3095 omnino,
3091 3042 3224 3081 eum
3255 3026 3370 3080 ista
3398 3027 3624 3082 scribe-

1971 3112 2302 3180 ret,vidisse
2362 3129 2483 3166 non
2535 3118 2784 3170 constat.
2820 3115 3114 3185 Scriptam
3145 3131 3274 3169 eam
3310 3115 3488 3171 fuisse
3521 3133 3626 3187 po-

1972 3202 2208 3256 stremis
2236 3202 2470 3256 Eusebii
2502 3203 2892 3273 temporibus,
2926 3205 3084 3259 circa
3112 3221 3337 3259 annum
3366 3207 3470 3260 330
3502 3205 3628 3261 vult

1971 3291 2240 3345 Dallaaus.
2275 3293 2425 3346 Ante
2483 3307 2618 3346 eum
2677 3309 2900 3346 annum
2933 3309 2967 3346 a
2999 3293 3328 3349 Meletianis
3359 3299 3416 3348 et
3445 3295 3627 3351 Euse-

1967 3381 2161 3435 bianis
2178 3380 2336 3451 apud
2352 3381 2806 3435 Constantinum
2827 3387 3153 3448 vexatus,et
3174 3383 3246 3437 ab
3269 3384 3627 3439 Alexandria

1968 3469 2526 3540 Constantinopolin
2543 3475 2815 3524 evocatus
2834 3473 3092 3525 est.Post
3113 3487 3249 3526 eum
3269 3488 3490 3527 annum
3515 3478 3626 3527 sta-

1971 3559 2076 3613 tim
2101 3560 2170 3613 de
2195 3559 2376 3614 calice
2417 3559 2600 3613 fracto
2653 3565 2711 3614 et
2755 3560 3002 3614 Arsenio
3031 3561 3227 3615 occiso
3271 3569 3620 3616 accusatur:

1969 3649 2260 3720 proximo,
2295 3649 2603 3716 Dalmatio,
2638 3650 2738 3720 qui
2790 3650 2842 3703 ei
2884 3650 3210 3704 Antiochiae
3236 3650 3420 3720 judex
3450 3650 3622 3705 datus

1971 3743 2079 3802 est,
2113 3753 2351 3792 causam
2386 3754 2553 3792 suam
2584 3738 2836 3810 probare
2863 3745 3122 3805 coactus,
3155 3740 3219 3793 in
3251 3739 3619 3809 exquirendo

1969 3827 2215 3882 Arsenio
2249 3832 2569 3897 occupatus
2601 3832 2710 3883 est.
2734 3829 2877 3881 Tum
2911 3845 3045 3881 vero
3077 3827 3399 3882 concilium
3429 3830 3622 3884 Caesa-

1971 3931 2086 3970 reas
2120 3915 2434 3982 indictum,
2469 3933 2572 3986 pro
2618 3916 2922 3986 pervenire
2971 3915 3102 3970 ideo
3135 3917 3449 3983 recusavit,
3482 3918 3624 3988 quia

1970 4005 2130 4059 idem
2160 4004 2468 4071 Eusebius,
2504 4005 2606 4075 qui
2637 4021 2760 4059 non
2792 4005 2892 4058 diu
2925 4011 3060 4059 ante
3092 4004 3394 4060 Historiam
3425 4006 3626 4060 edide-

1971 4098 2082 4160 rat,
2117 4094 2246 4164 ejus
2279 4093 2392 4147 loci
2428 4092 2737 4164 episcopus
2769 4097 2960 4148 esset:
3014 4109 3149 4147 mox
3181 4093 3313 4163 Tyri
3345 4093 3401 4147 in
3435 4094 3632 4148 conci-

1972 4183 2051 4237 lio
2101 4183 2304 4236 adesse
2358 4188 2616 4251 coactus,
2668 4182 2775 4236 sub
2819 4181 3023 4253 judice
3075 4183 3231 4236 inter
3271 4183 3419 4238 alios
3450 4183 3630 4238 etiam

1971 4271 2221 4327 Eusebio
2247 4278 2470 4336 nostro,
2493 4270 2832 4342 ibidemque
2851 4271 3304 4338 condemnatus,
3336 4271 3474 4326 inde
3505 4271 3627 4327 ela-

1970 4377 2131 4432 psus,
2157 4361 2420 4432 confugit
2441 4359 3144 4432 ConstantinOpolim,ubi
3169 4361 3369 4416 statim
3391 4367 3630 4417 senten-

1973 4450 2113 4505 tiam
2145 4449 2525 4521 relegationis
2556 4449 2871 4520 accepit,et
2893 4450 2952 4504 in
2977 4450 3192 4505 Gallias
3217 4452 3386 4506 exsul
3410 4451 3626 4507 missus

1969 4545 2079 4594 est.
2137 4540 2462 4595 Restitutus
2523 4539 2763 4609 quidem
2822 4539 3244 4595 Alexandriam
3277 4541 3489 4612 pergit,
3523 4541 3624 4596 ubi

209 4650 354 4700 mus,
379 4647 592 4686 eorum
636 4635 865 4700 partem
898 4644 1024 4682 esse
1058 4633 1224 4682 extra
1255 4645 1494 4683 omnem
1527 4635 1865 4686 controver-
1898 4624 1944 4687 D
1970 4635 2168 4684 tamen
2193 4628 2291 4682 diu
2313 4645 2557 4682 securus
2581 4645 2700 4681 non
2723 4628 2868 4692 fuit;
2895 4629 2994 4682 sed
3022 4629 3439 4683 haereticorum
3461 4628 3620 4684 domi

210 4725 347 4778 siam
378 4724 634 4794 ponunt,
669 4725 726 4774 et
758 4718 1009 4789 Nysseni
1042 4719 1332 4790 expositio
1361 4735 1642 4786 consona,
1677 4726 1735 4775 et
1762 4737 1858 4775 res

208 4813 347 4884 ipsa,
380 4816 442 4867 et
467 4811 873 4878 fragmentum
903 4808 1100 4862 Graece
1124 4808 1185 4862 in
1209 4807 1526 4862 Philocalz’a
1555 4826 1859 4864 conserva-

206 4906 342 4969 tum,
386 4908 442 4954 et
493 4897 834 4954 Cassiodori
863 4897 936 4951 de
968 4897 1204 4952 Rufﬁno
1232 4898 1555 4969 interprete
1587 4899 1853 4954 testimo-

207 4991 632 5046 nium.Pariter
662 4986 938 5042 homilias
969 4987 1028 5040 in
1061 4988 1116 5042 S.
1143 4987 1354 5042 Lucam
1388 4988 1697 5059 scripsisse
1727 4989 1851 5043 Ori-

203 5096 400 5153 genem
432 5086 665 5134 certum
701 5083 812 5144 est,
865 5075 1022 5146 quod
1053 5081 1111 5130 et
1159 5093 1257 5131 eas
1289 5077 1414 5147 ipse
1446 5077 1647 5132 laudet
1679 5079 1852 5133 tomis

205 5172 253 5224 in
301 5169 618 5224 Matthteum
648 5172 699 5219 et
726 5167 1015 5232 Joannem,
1063 5167 1121 5218 et
1167 5170 1410 5220 testetur
1464 5166 1852 5237 Hieronymus

202 5260 266 5314 ad
291 5259 543 5315 Paulum
576 5263 636 5312 et
668 5254 1073 5310 Eustochium.
1115 5275 1134 5302 ι
1169 5255 1566 5321 Quamobrem
1595 5258 1847 5329 petistis,

204 5356 276 5414 ut,
309 5347 666 5418 contemptis
693 5343 1033 5400 istiusmodi
1067 5345 1256 5416 nugis,
1279 5345 1487 5400 saltem
1522 5347 1760 5417 triginta
1791 5353 1850 5401 et

204 5454 398 5492 novem
419 5434 760 5493 Adamantii
781 5433 972 5488 nostri
995 5433 1055 5488 in
1073 5433 1287 5489 Lucam
1306 5435 1764 5502 homilias,sicut
1786 5438 1848 5491 in

204 5529 386 5582 Graaco
407 5526 725 5589 habentur,
744 5524 1121 5592 interpreter.
1145 5545 1168 5572 η
1189 5524 1319 5594 Ipse
1339 5529 1537 5578 autem
1556 5525 1668 5580 hoc
1688 5542 1749 5579 se
1771 5526 1849 5580 fe-

201 5618 337 5671 cisse
358 5616 613 5679 asserit;
643 5613 925 5668 habemus
955 5612 1225 5684 Origenis
1256 5613 1534 5668 homilias
1565 5631 1635 5669 ex
1664 5615 1848 5669 inter-

205 5706 520 5775 pretatione
551 5703 923 5773 Hieronymi,
959 5701 1112 5756 sicut
1134 5702 1196 5756 in
1226 5702 1425 5758 Graeco
1454 5703 1845 5760 habebantur.

1970 4723 2114 4772 testu
2147 4718 2398 4789 agitatus
2420 4717 2760 4788 pontiﬁcem
2786 4721 3118 4773 Romanum
3150 4719 3496 4789 appellat,et
3516 4734 3620 4772 no-

1968 4807 2054 4862 vis
2086 4807 2602 4861 criminationibus
2648 4812 2892 4861 onustus
2918 4809 3162 4862 Romam
3195 4806 3613 4878 proﬁciscitur.

1966 4900 2093 4951 Mox
2149 4897 2210 4951 in
2263 4895 2486 4967 synodo
2547 4896 2917 4950 Antiochena
2967 4895 3271 4966 depositus
3302 4900 3412 4961 est,
3444 4895 3617 4964 eique

1967 4988 2245 5042 suffectus
2278 4985 2606 5058 Gregorius.
2646 4987 2707 5038 In
2753 4984 3070 5040 Occidente
3115 4985 3293 5055 igitur
3319 4999 3426 5055 per
3455 5001 3618 5038 com-

1963 5079 2159 5149 plures
2178 5094 2365 5132 annos
2391 5077 2680 5144 subsistit,
2703 5075 2800 5130 ubi
2827 5075 3296 5130 Eusebianorum
3329 5080 3430 5129 aut
3459 5075 3616 5130 fama

1961 5172 2214 5221 autcura
2227 5165 2392 5220 nulla
2422 5165 2758 5220 Serdicensi
2779 5164 3002 5236 synodo
3018 5163 3344 5232 interfuit,a
3360 5180 3475 5235 qua
3494 5181 3613 5218 suos

1962 5254 2085 5310 sedi
2109 5255 2440 5321 restitutus,
2467 5253 2888 5308 Alexandriam
2913 5259 3109 5309 tamen
3141 5254 3354 5309 reverti
3386 5253 3479 5308 vix
3511 5253 3612 5308 diu

1959 5351 2163 5417 postea
2183 5362 2360 5400 ausus
2383 5349 2471 5397 est
2497 5361 2508 5395 :
2543 5344 2732 5413 primo
2756 5345 3047 5411 Naissum,
3083 5345 3220 5399 dein
3250 5343 3608 5416 Aquileiam,

1959 5452 2192 5492 rursum
2224 5433 2442 5489 Gallias
2501 5438 2707 5502 postea
2759 5435 3137 5489 Antiochiam
3179 5435 3399 5506 petivit.
3435 5436 3609 5489 Post-

1959 5541 2133 5597 quam
2160 5523 2296 5579 illuc
2330 5526 2697 5594 pervenerat,
2722 5521 3040 5592 omniaque
3073 5524 3134 5577 in
3166 5523 3428 5579 Ecclesia
3458 5540 3611 5596 prai—

1958 5616 2116 5670 clare
2150 5614 2542 5684 disposuerat,
2577 5609 2837 5666 edictum
2886 5628 2991 5680 pro
3042 5611 3448 5667 dammatione
3482 5613 3610 5682 ejus

1957 5724 1992 5762 a
2023 5704 2364 5760 Constantio
2398 5703 2572 5757 exiit:
2605 5708 2660 5756 et
2725 5719 2856 5755 mox
2913 5702 3144 5773 Syriani
3179 5704 3439 5758 exercitu
3471 5703 3608 5756 Ale-
