3990 6136
344 381 448 443 191

1402 383 1465 440 S.
1515 380 1905 445 lGNA'l‘lUS.
1959 418 2032 429 —
2077 384 2688 449 PROLEGOMENA.

3631 390 3747 448 192

337 515 607 574 χαιιᾶτὶω
622 531 938 591 oppressus
978 515 1115 588 fuga
1146 514 1383 590 elapsus
1415 518 1522 582 est,
1554 520 1613 573 et
1644 515 1982 575 introducto
2012 519 2063 589 Α
2096 520 2247 577 tium
2268 525 2428 578 recte
2452 520 2783 595 scripsisse,
2813 543 2841 571 »
2872 524 2998 578 tum
3021 523 3200 578 etiam
3223 527 3277 577 et
3301 521 3472 587 alios,
3495 520 3597 592 qui
3630 518 3749 591 ipsi

339 610 674 682 Georgio,in
707 625 972 666 eremum
1006 606 1374 663 secessitzubi
1409 606 1513 665 diu
1537 614 1802 666 versatus
1828 610 1984 679 etab

338 700 600 755 hostium
639 700 828 755 oculis
861 699 1098 771 penitus
1125 699 1589 770 ereptus.multa
1608 700 1984 773 conscripsit,

339 789 440 846 illa
470 789 823 862 praesertim,
847 789 906 845 in
935 787 1150 859 quibus
1182 787 1535 861 S.lgnatium
1561 788 1985 856 laudavit.Quis

336 880 462 953 jam
498 880 792 935 dubitabit
844 878 1233 934 Athanasium
1264 884 1365 933 aut
1395 878 1455 933 in
1480 879 1721 934 Historia
1748 880 1986 934 Eusebii

341 970 596 1025 multum
626 969 809 1023 fuisse
844 974 1159 1034 versatum,
1181 973 1502 1039 antequam
1536 969 1647 1024 ista
1676 969 1984 1037 scriberet,

338 1064 441 1114 aut
468 1075 538 1114 ex
569 1057 727 1113 illius
746 1057 1096 1113 auctoritate
1121 1056 1355 1112 dilectis
1379 1056 1500 1113 suis
1524 1058 1802 1114 fratribus
1824 1060 1988 1133 lgna-

338 1147 487 1202 tium
520 1146 939 1202 commendare
971 1146 1227 1202 voluisse
1249 1145 1277 1200 ?
1305 1148 1421 1219 Ego
1451 1146 1691 1217 quidem
1720 1164 1833 1203 non
1881 1149 1989 1203 du-

340 1237 454 1292 bito
485 1236 645 1307 quin,
680 1242 813 1293 cum
849 1236 904 1293 S.
940 1237 1231 1309 lgnatium
1261 1236 1478 1301 citavit,
1513 1252 1635 1292 non
1666 1253 1740 1292 ex
1784 1243 1984 1294 aucto-

338 1325 512 1382 ritate
554 1325 815 1391 Eusebii,
850 1342 981 1396 quas
1023 1326 1211 1380 sentio
1245 1341 1424 1396 quam
1454 1325 1633 1382 fuerit
1663 1327 1817 1398 apud
1849 1344 1986 1384 eum

339 1415 571 1487 exigua,
604 1415 708 1469 sed
756 1436 783 1464 ‹‹
816 1432 922 1486 pro
956 1430 1062 1471 sua
1091 1414 1374 1487 singulari
1424 1415 1736 1487 sapientia,
1769 1416 1830 1472 id
1860 1433 1990 1489 pro-

339 1504 721 1573 nuntiaverit,
746 1504 906 1576 quod
934 1504 1063 1575 ipsa
1085 1508 1225 1559 tunc
1253 1505 1630 1577 apertissima
1658 1522 1752 1561 res
1783 1506 1989 1576 reique

342 1595 493 1650 ratio
525 1594 611 1649 illi
641 1594 940 1666 persuasit
988 1614 1014 1642 ››

411 1682 671 1739 Tandem
730 1700 865 1738 vero
924 1683 1314 1754 persentisco,
1372 1690 1555 1754 quare
1603 1700 1715 1739 non
1740 1700 1987 1755 peccasse

340 1773 729 1829 Athanasium
760 1772 1045 1845 largiatur
1065 1772 1348 1829 Dallaaus:
1376 1778 1647 1830 autumat
1675 1774 1835 1830 enim
1852 1791 1989 1831 eum

2092 611 2392 668 contraria
2412 612 2689 668 statuisse
2712 612 3063 669 verboteuus
3080 612 3416 677 videantur,
3442 610 3650 681 quidni
3681 614 3743 664 et

2089 700 2390 755 Nicenam
2419 700 2733 773 synodum,
2785 706 2843 756 et
2890 700 3050 756 illam
3078 717 3207 772 quae
3243 698 3487 756 Paulum
3521 698 3745 754 conde-

2091 790 2334 857 mnavit,
2368 790 2751 847 admittamus
2772 790 2800 846 ?
2828 792 2899 847 Ut
2955 790 3043 845 illi
3103 790 3278 845 aliter
3309 786 3626 864 ἀγέννητον,
3661 788 3749 842 ita

2090 879 2182 934 bas
2213 878 2383 935 aliter
2412 880 2706 951 ὁμοούσιον
2731 885 3107 952 acceperunt.
3139 878 3294 935 Nihil
3326 894 3588 948 unquam
3621 876 3743 931 dici

2091 970 2287 1040 potuit
2316 976 2418 1026 aut
2447 971 2519 1026 de
2551 988 2686 1025 vero
2728 977 2785 1026 et
2835 970 3163 1026 indubitato
3204 976 3446 1024 auctore
3478 967 3743 1038 epistolae

2094 1059 2508 1129 confidentius,
2542 1066 2643 1115 aut
2671 1060 2743 1115 de
2777 1061 2906 1132 ipso
2953 1060 3176 1132 Ignatio
3210 1057 3708 1114 honorificentius
3736 1073 3751 1111 :

2093 1149 2246 1203 nihil
2280 1149 2436 1221 quod
2488 1157 2791 1220 suspectam
2852 1166 2914 1204 ac
2967 1150 3247 1217 defensam
3271 1164 3308 1204 a
3334 1147 3555 1202 nostris
3581 1148 3753 1215 Igna-

2094 1240 2372 1294 tianorum
2427 1246 2619 1294 contra
2674 1238 3051 1295 dissentientes
3095 1237 3485 1293 auctoritatem
3520 1235 3752 1291 ﬁrmius

2095 1327 2360 1384 stabilire
2394 1328 2615 1399 possit;
2647 1328 2795 1399 quod
2824 1327 2927 1383 illa
2956 1329 3261 1383 doctissimi
3294 1325 3653 1392 llammondi,
3688 1329 3758 1380 ut

2096 1417 2312 1475 Dallaao
2339 1418 2589 1481 videtur,
2618 1434 2751 1473 sane
2778 1419 3093 1488 magniﬁca,
3127 1422 3193 1472 ut
3240 1415 3408 1483 mihi,
3443 1419 3501 1469 et
3530 1430 3669 1469 vera
3699 1416 3761 1468 et

2097 1509 2386 1574 modesta,
2405 1507 2577 1579 plane
2625 1510 2958 1578 signiﬁcant.
3008 1509 3138 1562 Post
3184 1506 3498 1572 Eusebium,
3531 1503 3754 1574 inquit,

2101 1597 2436 1653 Athanasius
2461 1599 2692 1667 Magnus
2721 1612 2880 1652 suum
2934 1598 3105 1652 etiam
3151 1597 3368 1666 Ignatio
3392 1600 3581 1649 nostro
3627 1593 3751 1661 cly—

2088 1703 2253 1759 peum
2287 1686 2550 1741 obtendit.
2578 1687 2696 1759 Ego
2726 1685 2879 1740 nihil
2931 1686 2992 1741 in
3037 1685 3129 1740 his
3172 1684 3365 1739 verbis
3394 1684 3757 1752 magniﬁcum

2095 1777 2349 1848 reperio,
2383 1776 2499 1832 nisi
2530 1775 2679 1831 forte
2712 1775 2868 1847 quod
2900 1774 3293 1830 Athanasium
3316 1778 3526 1828 testem
3559 1772 3754 1825 citans

340 1863 753 1957 tantummodo
777 1883 803 1911 α
828 1878 1046 1918 nomen
1061 1862 1497 1934 quodepistolas
1519 1864 1912 1934 praeferebant
1931 1869 1992 1921 et
2020 1891 2068 1957 Β
2098 1882 2234 1921 eum
2260 1868 2523 1935 Magnum
2551 1870 2740 1934 vocat,
2773 1866 2873 1935 qui
2907 1863 3114 1918 titulus
3161 1863 3251 1917 illi
3305 1878 3539 1934 semper
3569 1859 3759 1915 ascri-

340 1951 499 2023 apud
519 1951 887 2008 adversarios
901 1958 1205 2024 receptum
1230 1975 1259 2003 »
1282 1953 1772 2019 erat,retinuisse:
1791 1970 1859 2010 eo
1882 1956 1991 2011 sci-

346 2041 489 2096 licet
519 2040 719 2110 modo,
747 2057 864 2113 quo
890 2042 1216 2098 Salmasius
1273 2047 1333 2098 et
1390 2042 1725 2100 Blondellus
1780 2045 1991 2118 Ignatii

344 2130 594 2186 nomine
623 2130 717 2186 usi
748 2134 908 2197 sunt,
940 2136 1000 2185 et
1029 2130 1310 2201 epistolas
1339 2131 1776 2205 citarunt;quas
1791 2139 1989 2190 tamen

345 2218 535 2287 ﬁctas,
571 2219 821 2290 spurias,
854 2220 1262 2291 supposititias
1302 2225 1361 2275 et
1388 2220 1619 2293 ineptas
1649 2221 1940 2294 putabant
1971 2239 1984 2278 :

346 2306 599 2380 proinde
647 2307 872 2379 Ignatio
915 2312 1117 2364 nostro
1150 2307 1442 2380 'clypeum
1471 2324 1593 2364 non
1624 2309 1987 2378 obtendisse,

352 2395 581 2452 nullam
614 2395 877 2466 epistolis
910 2394 1038 2467 ejus
1068 2397 1481 2452 auctoritatem
1512 2397 1811 2454 tribuisse.
1846 2399 1990 2455 Mira

349 2486 593 2557 quidem
640 2486 767 2541 hinc
818 2492 977 2554 sunt,
1011 2493 1069 2541 et
1100 2503 1231 2558 quas
1262 2503 1297 2542 a
1341 2487 1602 2556 nemine,
1654 2493 1720 2543 ut
1748 2489 1979 2559 opinor,

341 2575 662 2649 Ignatianis
683 2575 771 2631 vel
794 2576 1369 2643 infensissimo,ferri
1398 2583 1667 2649 possunt.
1690 2577 1988 2649 Quidquid

350 2664 452 2720 ille
483 2664 555 2720 de
588 2664 685 2721 SS.
715 2665 992 2721 Patribus
1014 2667 1290 2733 senserit,
1323 2683 1444 2723 non
1490 2673 1650 2723 certe
1690 2668 1752 2722 in
1780 2668 1891 2724 hac
1921 2685 1988 2724 re

344 2754 399 2808 S.
437 2753 793 2810 Athanasius
823 2754 897 2810 ad
932 2771 1066 2811 eum
1102 2756 1364 2821 modum,
1398 2773 1515 2827 quo
1570 2756 1894 2813 Salmasius
1930 2763 1991 2815 et

339 2841 704 2911 Blondellus,
737 2842 1021 2914 loquitur.
1059 2844 1246 2900 Verba
1278 2862 1348 2901 ex
1400 2845 1655 2916 epistola
1692 2847 1820 2917 ejus
1850 2863 1989 2918 pro-

340 2931 646 2999 ducturus,
677 2934 758 2989 ita
799 2934 1120 3005 praefatur:
1182 2933 1427 3006 Ιγνάτιος
1477 2936 1567 2988 οὖν
1608 2934 1637 2988 ὁ
1675 2935 1812 2989 κατὰ
1858 2932 1987 2997 τοὺς

345 3019 688 3082 ἀποστόλους
743 3019 796 3075 ἐν
855 3020 1166 3096 Ἀντιοχείᾳ
1241 3021 1593 3086 κατασταθεὶς
1667 3020 1985 3092 ἐπίσκοπος,

337 3107 427 3163 καὶ
464 3107 665 3184 μάρτυς
696 3113 794 3163 τοῦ
825 3110 1058 3182 Χριστοῦ
1088 3108 1401 3187 γενόμενος,
1455 3111 1678 3188 γράφων
1726 3111 1849 3185 περὶ
1889 3115 1988 3168 τοῦ

342 3197 545 3270 Κυρίου
598 3197 835 3273 εἴρηκεν.
893 3221 922 3248 ‹‹
956 3201 1213 3272 [gnatius
1257 3201 1436 3275 igitur
1490 3206 1626 3273 post
1681 3201 1982 3275 apostolos

339 3288 667 3345 Antiochia)
698 3289 1052 3346 constitutus
1082 3290 1483 3361 episcopus,et
1514 3297 1737 3362 martyr
1765 3291 1980 3348 Christi

340 3380 550 3448 factus,
577 3378 843 3435 scribens
872 3378 946 3435 de
976 3381 1226 3436 Domino
1256 3380 1423 3436 dixit.

409 3468 631 3523 Asserit
644 3468 823 3542 igitur
834 3485 968 3525 eum
980 3470 1151 3541 cujus
1166 3486 1269 3527 seu
1279 3470 1808 3529 tentiamt‘ratribus
1819 3488 1982 3528 com-

342 3559 751 3614 municaturus
782 3564 1089 3623 esset,uon
1120 3561 1654 3632 impostorem.non
1682 3561 1981 3633 vulgarem

340 3649 622 3719 aliquem,
646 3652 748 3703 aut
776 3664 806 3703 e
838 3648 1005 3704 trivio
1036 3650 1518 3721 scriptorem,sed
1537 3652 1726 3707 virum
1748 3656 1982 3722 aposto-

343 3740 605 3807 licum,et
631 3737 791 3810 quod
822 3738 1016 3809 majus
1047 3739 1271 3810 aliquid
1305 3746 1413 3806 est,
1439 3742 1847 3808 Antiochense,
1871 3742 1982 3798 hoc

341 3837 450 3895 est,
484 3830 868 3902 amplissimae
909 3830 1187 3888 Ecclesia
1214 3833 1646 3904 episcopum,et
1672 3833 1832 3905 quod
1853 3851 1983 3890 ma-

342 3922 567 3976 ximum
604 3925 712 3983 est.
736 3925 1060 3992 martyrem
1082 3922 1299 3977 Christi
1330 3922 1533 3978 fuisse.
1576 3924 1642 3979 In
1671 3922 1774 3979 illa
1801 3941 1983 3996 quam

342 4029 412 4067 ex
470 4010 691 4079 lgnatio
749 4009 993 4066 adducit
1049 4011 1365 4080 sententia,
1424 4011 1689 4068 Christus
1768 4013 1987 4070 dicitur

345 4096 657 4176 ἀγέννητος,
704 4100 805 4155 sed
856 4100 1005 4155 alios
1035 4105 1168 4172 post
1223 4102 1516 4174 lgnatium
1551 4101 1727 4157 aliter
1755 4101 1985 4159 locutos

345 4209 474 4248 esse
508 4190 788 4257 ostendit,
845 4184 900 4242 ἓν
927 4188 989 4242 τὸ
1036 4187 1323 4263 ἀγέννητον
1360 4189 1387 4244 ὁ
1421 4191 1631 4263 Ηατήρ.
1664 4193 1811 4247 Tum
1841 4209 1979 4249 vero

342 4286 580 4354 quantm
610 4280 979 4336 auctoritatis
1000 4281 1255 4351 lgnatius
1285 4279 1442 4352 apud
1462 4297 1523 4336 se
1544 4280 1987 4353 fuerit,quantas

345 4370 498 4440 apud
527 4370 736 4424 fratres
765 4385 904 4423 suos
928 4373 986 4424 et
1014 4368 1260 4424 dilectos
1283 4385 1411 4424 esse
1432 4368 1706 4425 debuerit
1732 4372 1989 4442 apertis-

348 4459 495 4515 sime
524 4458 893 4513 demonstrat
949 4454 1013 4511 Εἰ
1050 4455 1145 4527 μὲν
1173 4453 1283 4521 οὖν,
1318 4458 1531 4528 inquit,
1571 4456 1661 4511 χχὶ
1692 4459 1830 4532 πρὸς
1856 4459 1987 4514 τού-

342 4566 471 4606 τους
531 4543 781 4604 ἐναντίως
837 4540 1172 4615 διακείμεθα,
1229 4540 1368 4599 ἔστω
1413 4543 1502 4597 καὶ
1551 4545 1688 4618 πρὸς
1729 4544 1989 4611 συνόδους

2097 1959 2234 2027 ptus
2282 1971 2445 2010 nunc
2491 1954 2670 2010 nimis
2718 1954 3079 2009 honorificus
3125 1951 3398 2017 videtur;
3449 1955 3552 2006 aut
3593 1948 3763 2021 quod

2097 2045 2394 2117 lgnatium
2422 2050 2674 2100 nostrum
2703 2042 2983 2115 appellat,
3014 2058 3193 2113 quem
3227 2046 3429 2097 tamen
3458 2040 3544 2094 illi
3576 2055 3763 2094 suum

2098 2150 2227 2190 esse
2260 2134 2493 2189 nolunt.
2526 2134 2669 2187 Nam
2701 2131 2860 2203 quod
2898 2132 3280 2199 Athanasius,
3315 2131 3364 2185 si
3395 2145 3596 2186 revera
3623 2144 3761 2184 ma-

2095 2240 2246 2296 gnus
2276 2224 2373 2291 sit,
2405 2222 2630 2293 Ignatio
2662 2226 2888 2288 nostro,
2912 2221 2960 2276 si
2986 2226 3192 2276 noster
3221 2220 3337 2276 dici
3369 2219 3554 2291 possit
3572 2234 3762 2288 quem

2095 2329 2204 2369 nos
2226 2311 2623 2379 defendimus,
2640 2311 3047 2367 testimonium
3077 2326 3252 2365 suum
3275 2310 3485 2364 offerat
3505 2314 3561 2362 et
3581 2305 3763 2377 quasi

2094 2403 2344 2472 clypeum
2365 2402 2629 2456 obtendat
2654 2400 2935 2458 adversus
2957 2399 3280 2455 hodiernos
3301 2397 3508 2471 Ignatii
3532 2398 3762 2465 hostes,

2094 2492 2299 2565 negari
2324 2507 2445 2546 non
2478 2495 2674 2561 potest
2745 2491 3011 2560 Ciypeum
3054 2505 3215 2545 suum
3257 2486 3600 2543 obtendisse
3631 2486 3763 2541 vult

2097 2581 2276 2637 etiam
2307 2580 2394 2635 vir
2424 2579 2828 2649 doctissimus,
2880 2578 2983 2633 sed
3031 2579 3278 2641 veritati,
3330 2593 3451 2631 non
3483 2576 3715 2648 lgnatio
3743 2591 3759 2646 ;

2097 2671 2200 2727 sed
2230 2676 2440 2726 contra
2463 2671 2802 2728 Arianorum
2824 2670 2952 2738 tela,
2977 2684 3099 2723 non
3122 2672 3330 2723 contra
3357 2666 3557 2720 hostes
3578 2666 3759 2737 Igna-

2096 2761 2184 2815 tii.
2219 2762 2292 2816 At
2322 2759 2621 2831 quomodo
2652 2759 2884 2814 veritati
2919 2764 3060 2813 tunc
3102 2756 3426 2812 obtendere
3458 2755 3672 2826 potuit,
3711 2754 3762 2809 si

2096 2868 2256 2908 nunc
2287 2850 2632 2924 Ignatianis,
2663 2849 2901 2920 quando
2927 2850 2988 2905 in
3022 2848 3265 2903 dubium
3295 2854 3600 2904 vocantur.
3636 2862 3765 2901 non

2099 2941 2427 2997 obtendat?
2456 2940 2682 2995 Veritas
2712 2940 2927 2994 Christi
2952 2939 3028 2993 im
3041 2943 3341 3008 posterum
3374 2952 3485 3006 ope
3515 2952 3635 2989 non
3670 2934 3763 2990 in-

2096 3032 2291 3105 diget:
2355 3047 2547 3103 neque
2605 3030 2953 3101 apistolicus
3009 3029 3267 3099 lgnatius
3313 3033 3373 3082 et
3410 3044 3517 3098 pro
3550 3026 3766 3097 clypeo

2097 3138 2228 3178 esse
2256 3120 2469 3193 potuit,
2492 3120 2605 3174 nisi
2627 3124 2685 3174 et
2716 3119 2814 3175 ille
2843 3134 3013 3174 verus
3036 3125 3213 3179 esset,
3238 3115 3608 3187 apostolicus
3640 3114 3766 3169 sei-

2095 3210 2257 3277 licet,
2291 3215 2350 3265 et
2377 3209 2712 3280 episcopus,
2749 3213 2807 3263 et
2852 3213 3091 3278 martyr.
3128 3211 3190 3261 ut
3229 3221 3365 3260 eum
3398 3205 3770 3260 Athanasius

2095 3298 2395 3356 describit.
2417 3298 2584 3365 Quod
2615 3303 2814 3355 autem
2847 3298 3049 3369 clypeo
3077 3297 3187 3351 hoc
3210 3311 3383 3351 usum
3406 3294 3529 3348 vult
3550 3299 3772 3350 contra.

2096 3390 2433 3445 Arianorum
2462 3388 2592 3456 tela,
2623 3387 2802 3459 plane
2831 3386 3046 3442 falsum
3094 3391 3199 3441 est.
3227 3384 3453 3455 Saepius
3475 3383 3767 3438 adversus

2094 3476 2341 3532 Arianos
2371 3474 2638 3546 disputat
2665 3473 2737 3530 de
2769 3490 2908 3529 voce
2938 3470 3263 3548 ἀγὲννητος.
3306 3485 3615 3541 nunquam
3647 3485 3761 3525 au-

2091 3572 2212 3622 tem
2245 3567 2307 3621 in
2339 3581 2408 3621 ea
2432 3582 2496 3621 re
2527 3564 2871 3621 testimonio
2902 3563 3113 3636 Ignatii
3145 3562 3354 3617 utitur.
3389 3562 3459 3614 Et
3484 3559 3762 3616 oratione

2092 3662 2302 3714 contra
2331 3656 2578 3711 Arianos
2610 3654 2895 3716 secunda,
2948 3653 3116 3707 docet
3148 3669 3249 3707 eos
3281 3667 3412 3706 eam
3443 3667 3650 3705 vocem
3683 3650 3763 3707 ab

2094 3746 2345 3803 ethnicis
2376 3745 2667 3808 hausisse.
2698 3749 2758 3798 et
2786 3743 3034 3814 opponit
3066 3742 3186 3795 illis
3215 3742 3517 3796 Asterium
3552 3756 3767 3811 suum,

2092 3836 2324 3892 Arianae
2346 3833 2643 3889 hmreseos
2665 3832 3040 3887 defensorem
3064 3833 3077 3900 (
3087 3847 3205 3885 non
3220 3835 3418 3885 autem
3437 3828 3763 3901 lgnatium)

2094 3925 2195 3998 qui
2243 3922 2433 3998 σοφίαν
2492 3925 2588 3977 τοῦ
2644 3924 2777 3977 Θεοῦ
2835 3919 3125 3995 ἀγέννητον
3189 3920 3438 3983 dixerat,
3482 3919 3761 3989 quamvis

2093 4014 2249 4070 idem
2281 4014 2460 4069 etiam
2491 4007 2543 4066 ἔν
2572 4011 2704 4066 εἶναι
2744 4011 2806 4064 τὸ
2863 4009 3148 4081 ἀγέννητον
3182 4009 3556 4063 asseruisset.
3590 4009 3659 4061 Et
3691 4008 3760 4063 in

2095 4103 2345 4176 epistola
2364 4103 2437 4159 de
2458 4100 2668 4175 synodi
2697 4102 2948 4155 Niczenae
2972 4100 3234 4166 decreto,
3258 4103 3466 4154 contra
3485 4097 3603 4152 alia
3623 4096 3759 4151 Arii

2095 4194 2370 4267 dogmata
2397 4192 2733 4264 Origenem,
2765 4195 3085 4259 utrumque
3118 4188 3465 4259 Dionysium
3485 4193 3545 4242 et
3565 4187 3761 4241 Theo-

2095 4288 2368 4357 gnostum
2399 4281 2578 4349 citat;
2611 4280 2905 4353 lgnatium
2944 4294 3137 4349 neque
3161 4277 3443 4333 adversus
3475 4275 3608 4344 ista,
3643 4291 3762 4331 ne-

2097 4388 2212 4444 que
2242 4372 2305 4428 in
2335 4371 2736 4443 disputatione
2766 4369 2838 4425 de
2869 4384 3007 4424 voce
3037 4366 3353 4439 ἀγέννητος,
3369 4366 3441 4420 de
3472 4382 3591 4435 qua
3622 4364 3759 4421 fuse

2096 4460 2483 4533 agit,omnino
2501 4458 2881 4516 nominat.Ad
2908 4457 3122 4513 fratres
3142 4462 3378 4511 tantum
3402 4461 3461 4510 et
3477 4454 3533 4508 di
3546 4455 3760 4523 lectos,

2098 4556 2157 4605 et
2183 4551 2378 4606 eidem
2404 4566 2541 4605 cum
2570 4550 2698 4621 ipso
2721 4547 3005 4603 doctrina:
3028 4546 3102 4602 de
3124 4550 3338 4601 natura
3359 4544 3576 4599 Christi
3609 4559 3757 4599 con-

344 4638 481 4708 ἡμῖν
510 4635 538 4701 ἡ
578 4634 804 4707 primm
833 4633 890 4689 Si
905 4633 1156 4706 igituret
1184 4632 1278 4689 his
1305 4633 1793 4702 adversemur,sit
1810 4639 1984 4695 nobis
2013 4629 2061 4696 Β
2096 4640 2439 4709 sentientes,
2474 4638 2820 4695 auctoritate
2867 4637 3075 4709 Ignatii
3126 4635 3351 4690 utitur:
3386 4649 3579 4705 neque
3614 4639 3757 4689 tan-

344 4726 523 4781 etiam
546 4724 824 4779 adversus
847 4721 1104 4793 synodos
1124 4723 1402 4794 pugna.Si
1419 4723 1634 4780 horum
1664 4728 1994 4787 sententias

347 4830 465 4871 non
490 4812 870 4882 recipiamus,
897 4811 945 4865 si
978 4810 1049 4865 de
1081 4827 1286 4867 earum
1317 4813 1668 4870 auctoritate
1701 4821 1807 4870 aut
1840 4819 1991 4875 veri-

348 4911 464 4961 tate
520 4903 888 4968 dubitemus,
919 4900 965 4953 si
1026 4901 1208 4956 tantis
1270 4901 1542 4957 Patribus
1600 4904 1987 4979 refragemur,

350 4996 631 5053 adversus
656 4992 831 5047 etiam
865 4990 1122 5063 synodos
1152 5006 1319 5046 arma
1350 5008 1674 5061 sumamus,
1708 4996 1799 5051 vel
1820 4997 1988 5056 illam

347 5105 478 5159 qua:
512 5085 760 5140 Paulum
810 5082 1285 5147 Samosatenum,
1317 5082 1407 5137 vel
1440 5083 1592 5138 hanc
1621 5085 1823 5155 etiam,
1857 5105 1987 5160 quae

346 5177 549 5232 Arium
604 5172 1042 5241 condemnavit,
1102 5187 1476 5243 respuamus.
1549 5175 1990 5237 conculcemus.

345 5266 509 5321 Haud
542 5265 701 5320 enim
730 5279 917 5319 renuo
941 5279 955 5317 :
978 5275 1175 5332 neque
1198 5261 1394 5333 major
1413 5262 1558 5318 mihi
1590 5270 1808 5334 est,aut
1825 5269 1990 5325 vobis

349 5371 473 5411 esse
506 5354 918 5425 debet,harum
942 5350 1494 5424 synodorumquam
1519 5369 1725 5411 eorum
1748 5357 1991 5415 Patrum

347 5446 687 5502 auctoritas.
754 5443 819 5500 El.
876 5440 934 5497 δὲ
979 5442 1082 5509 τὴν
1131 5435 1182 5493 ἐν
1212 5442 1433 5513 Χριστῷ
1480 5441 1662 5496 πίστιν
1690 5443 1869 5501 αὐτῶν
1900 5466 1990 5520 γι.

347 5536 648 5596 νώσκωντες
705 5532 1043 5606 πεπείσμεθα
1099 5528 1182 5585 ὅτι
1231 5529 1321 5585 καὶ
1373 5532 1401 5585 ὁ
1436 5532 1699 5609 μακάριος
1727 5536 1991 5609 Ἰγνάτιος

351 5630 530 5704 ὀρθῶς
556 5623 817 5705 ἔγραψεμ
849 5624 911 5679 Si
944 5627 1143 5679 autem
1176 5638 1381 5678 eorum
1408 5624 1470 5679 in
1499 5625 1731 5683 Christo
1762 5626 1997 5685 ﬁdeco-

350 5726 721 5796 gnosccntes,
748 5728 1096 5791 persuasum
1130 5712 1418 5773 habemus
1432 5720 1557 5772 tum
1569 5716 1807 5773 beatum
1822 5719 1991 5791 lgna-

2099 4746 2275 4802 quam
2307 4728 2594 4801 scriptoris
2622 4727 2834 4798 alioqui
2869 4725 3048 4792 dubii,
3084 4724 3189 4781 sed
3240 4729 3299 4778 et
3327 4722 3485 4794 apud
3516 4738 3639 4781 eos.
3674 4721 3757 4778 ad

2100 4837 2250 4892 quos
2270 4819 2607 4891 scripserat,
2636 4815 2880 4888 recepti,
2908 4819 2966 4870 et
2993 4814 3067 4869 ab
3099 4814 3229 4885 ipso
3251 4812 3447 4867 modis
3468 4811 3757 4867 omnibus

2099 4910 2314 4977 ornati,
2347 4924 2540 4980 neque
2597 4923 2732 4963 cum
2790 4906 2904 4961 ista
2969 4904 3276 4959 scriberet.
3309 4918 3343 4956 a
3374 4900 3655 4972 quopiam
3686 4900 3756 4955 in

2101 4999 2348 5056 dubium
2377 4997 2586 5054 vocati.
2619 4997 2909 5062 Quorsum
2956 4994 3137 5067 igitur
3178 4991 3276 5047 hic
3304 4989 3663 5047 Salmasium
3695 4994 3758 5046 et

2104 5088 2478 5145 Blondellum
2507 5087 2771 5155 advocat,
2819 5083 2987 5156 quasi
3041 5081 3168 5155 pari
3220 5080 3398 5137 modo
3454 5081 3754 5153 lgnatium

2102 5178 2476 5250 epistolicum
2507 5177 2810 5237 citassent,
2839 5188 3013 5243 quem
3048 5170 3315 5242 spurium
3348 5176 3408 5224 et
3437 5167 3758 5241 suppositi-

2104 5269 2250 5324 tium
2282 5265 2705 5323 crediderunt?
2738 5264 2858 5319 Imo
2889 5278 3071 5333 quare
3121 5259 3301 5315 etiam
3357 5259 3536 5314 simul
3569 5259 3749 5314 Ham-

2101 5356 2699 5426 mondum.tanquam
2726 5376 2751 5402 «
2778 5353 3008 5407 tristem
3031 5357 3088 5405 et
3109 5365 3402 5415 severum,
3419 5356 3475 5404 et
3489 5347 3749 5419 joculari

2102 5446 2750 5512 animadversione,imo
2761 5443 2900 5514 joco
2920 5447 3037 5512 tam
3063 5439 3250 5495 diluto
3267 5445 3443 5511 atque
3462 5440 3636 5515 longe
3658 5455 3754 5511 pe-

2103 5537 2143 5591 ti
2154 5542 2209 5591 to
2226 5558 2254 5585 ι»
2266 5540 2530 5591 utentem
2542 5532 2813 5605 suggillet
2826 5528 3005 5595 ‘IQuid
3017 5545 3152 5583 vero
3168 5529 3429 5600 estquod
3448 5530 3758 5586 Hammon-

2101 5625 2265 5692 dum,
2294 5625 2486 5681 virum
2543 5638 2685 5678 sane
2717 5621 3009 5692 optimum
3039 5617 3600 5692 doctissimumque,
3632 5625 3756 5676 tam

2103 5713 2320 5772 tristem
2350 5719 2403 5769 et
2429 5727 2678 5769 severum
2704 5709 2887 5765 fuisse
2917 5706 3154 5778 arguit?
3193 5707 3327 5778 quis
3359 5708 3482 5779 ille,
3514 5708 3756 5782 amabo,
