3990 6136
218 298 325 357 ηδ

965 297 1020 358 J.
1065 295 1500 359 PEARSONII
1544 293 1922 358 VINDICIE
1963 294 2445 357 ΙΟΝΑἸῚΑΝιΕ.
2492 329 2567 342 ασ-
2612 299 2813 358 PARS
2859 298 2904 357 l.

3555 306 3671 365 194

217 436 371 506 jocus
418 438 541 488 tam
602 433 834 490 dilatus
880 437 1119 504 tamque
1163 433 1323 503 longe
1362 437 1576 503 petitus
1603 432 1631 485 ἵ
1676 432 1897 503 Nempe

2015 427 2282 503 ἁμαρτίαν
2310 427 2498 508 ’ὲφησε’
2525 454 2552 483 ‹‹
2582 431 2682 488 Vir
2702 431 2945 505 quidam
2972 436 3211 491 sanctus
3233 434 3292 490 id
3320 434 3487 507 dixit,
3511 438 3669 509 quod

230 524 450 596 putavit
479 524 881 591 Salmasium,
915 524 1013 595 qui
1047 529 1167 579 tam
1197 523 1358 578 varie
1378 521 1454 577 de
1484 520 1710 594 Ignatio
1741 520 1905 576 locu-

236 623 323 670 tus
352 619 461 680 est,
511 618 791 668 mentem
848 619 1157 679 mutasse;
1215 611 1373 683 quod
1424 613 1523 683 qui
1576 609 1907 665 Salmasium

235 707 382 759 uouit
410 720 521 757 non
546 702 723 770 facile
753 704 961 757 credet.
988 700 1138 766 Quid
1160 701 1383 767 igitur?
1407 717 1607 756 annon
1625 698 1905 756 Claudius

238 794 536 849 Sarravius
568 796 820 847 senator
866 791 1233 859 Parisiensis,
1280 790 1446 846 novit
1500 787 1909 846 Salmasium‘?

237 899 431 939 nonne
456 881 589 952 ejus
617 882 830 936 omnia
852 880 1178 935 admiratus
1205 885 1315 947 est,
1350 884 1409 935 et
1430 879 1728 951 pracipue
1760 877 1907 933 illud

239 988 384 1043 opus
406 970 481 1024 de
503 970 770 1041 primatu
801 985 989 1040 papa,
1020 968 1113 1024 cui
1134 969 1248 1023 hoc
1274 967 1530 1039 elogium
1562 966 1865 1039 inscripsit
1889 981 1901 1019 :

236 1063 298 1117 Si
348 1076 553 1131 pergas
620 1060 744 1114 istis
802 1058 1075 1113 machinis
1136 1058 1330 1113 Urbem
1388 1063 1697 1125 concutere,
1759 1056 1910 1110 brevi

239 1166 379 1206 sum
407 1165 546 1204 Αιτο
581 1167 614 1202 Α
648 1163 892 1203 cummi:
923 1163 1071 1201 non
1093 1145 1121 1200 ?
1148 1147 1218 1202 Et
1260 1153 1461 1202 tamen
1494 1162 1762 1201 summus
1811 1145 1909 1200 hic

248 1240 518 1295 Salmasii
536 1238 961 1306 amicusatque
984 1236 1325 1299 fautor,non
1343 1237 1562 1291 veritus
1583 1240 1671 1291 est
1689 1256 1716 1286 «
1737 1234 1909 1289 istius

247 1329 497 1384 Veneris
520 1342 765 1397 carpere
795 1324 1290 1379 sandalium.Non
1312 1324 1523 1396 placet,
1536 1322 1911 1394 inquit,quod

252 1435 317 1474 ea
338 1420 712 1487 inapparatu
735 1414 963 1486 culpes,
991 1430 1122 1484 qua
1145 1413 1207 1468 in
1231 1413 1360 1485 ipso
1387 1429 1563 1485 Opere
1593 1413 1909 1469 laudas.De

245 1506 575 1580 lgnatiauis
593 1502 863 1575 epistolis
888 1502 1176 1574 intelligo,
1203 1519 1351 1574 quas
1380 1503 1443 1557 in
1474 1508 1779 1574 apparatu,
1811 1501 1912 1573 qui

243 1596 411 1669 prior
440 1593 686 1664 legitur,
718 1591 937 1646 merito
966 1595 1065 1657 τῆς
1095 1595 1310 1652 νοθείας
1330 1591 1605 1659 revincis,
1630 1596 1689 1646 et
1715 1596 1913 1645 tamen

255 1700 461 1741 earum
478 1680 835 1738 auctoritate
861 1679 1214 1751 sapiuscule
1234 1680 1421 1735 uteris
1437 1679 1606 1751 quasi
1629 1678 1916 1735 essentle-

241 1773 490 1846 gitima,
512 1786 625 1826 nec
648 1769 856 1824 titulus
880 1775 1184 1824 auctorem
1206 1770 1580 1824 mentiretur.
1600 1767 1816 1824 Saltem
1841 1767 1913 1823 de

243 1867 356 1920 ista
390 1871 496 1917 tua
521 1861 835 1916 sententia
860 1860 1189 1915 mutatione
1209 1859 1435 1930 aliquid
1451 1859 1910 1931 signiﬁcasse”.

237 1952 529 2008 iudicent
542 1951 670 2022 jam
699 1949 916 2004 eruditi
942 1964 1017 2003 an
1040 1948 1468 2015 Hammondus,
1503 1964 1578 2005 an
1609 1947 1913 2003 Sarravius

241 2039 495 2097 mollius
531 2037 822 2107 carpserit
850 2036 1025 2089 istius
1054 2034 1303 2091 Veneris
1346 2035 1678 2091 sandalium
1708 2050 1721 2090 :
1756 2036 1912 2090 inte-

241 2131 357 2185 rim
394 2126 838 2183 Hammondum
872 2124 1187 2180 absolvunt
1214 2125 1574 2181 Athanasius
1604 2131 1664 2180 et
1710 2125 1910 2181 Sarra-

235 2221 392 2276 vius.
440 2217 655 2272 Nullus
712 2216 1004 2287 impostor
1048 2215 1372 2271 Eusebium
1421 2214 1660 2286 delusit,
1710 2213 1911 2270 nullus

233 2307 543 2365 Eusebius
573 2306 989 2360 Athanasium.

896 2433 1130 2488 CAPUT
1167 2431 1260 2488 IX.

242 2542 589 2601 Testimonia
613 2541 674 2597 S.
707 2541 1081 2611 Chrysostomi
1106 2540 1175 2595 ab
1206 2539 1609 2611 objectionibus
1625 2540 1908 2595 vindican—

308 2624 428 2671 tur.
467 2615 718 2669 Primum
742 2615 802 2666 in
827 2610 1166 2682 panegyrico
1195 2610 1528 2681 ex’epistola
1576 2611 1651 2666 ad
1704 2613 1909 2667 Roma-

314 2702 439 2742 nos.
472 2685 902 2754 Chrysostomus
945 2684 1202 2754 epistolas
1239 2684 1449 2751 Ignatii
1475 2699 1571 2737 nec
1607 2684 1905 2752 ignoravit,

308 2774 410 2812 nec
440 2753 791 2825 contempsit.
823 2753 1165 2812 Sententiam
1210 2771 1321 2809 non
1365 2771 1435 2809 ea:
1482 2753 1660 2820 Actis,
1707 2755 1803 2809 sed
1839 2771 1908 2809 ea:

310 2829 548 2900 epistola
563 2828 858 2900 excerpsit.
894 2825 1682 2900 Cyprianus‘aicttrysostomo
1708 2826 1908 2900 tandu-

311 2896 422 2956 tus.
447 2896 764 2955 Secundum
789 2915 861 2953 ea:
880 2896 1116 2968 epistola
1142 2898 1217 2952 ad
1262 2898 1651 2968 Polycarpum.
1690 2897 1903 2965 Oratio,

310 2972 465 3044 quod
492 2987 637 3026 unus
663 2971 829 3044 sitv.
858 2976 912 3024 et
942 2970 1016 3044 Λζ.
1081 2969 1413 3044 Testamenti
1461 2976 1677 3044 auctor,
1709 2968 1904 3044 plu-gf

310 3040 554 3099 sostomo
591 3041 908 3097 ascribitur.
966 3040 1311 3111 Conjecturis
1357 3041 1560 3096 Savzlii
1605 3046 1659 3095 et
1706 3041 1906 3096 Usserii

316 3114 707 3185 respondetur.

313 3220 445 3276 Duo
477 3218 823 3276 testimonia
845 3235 874 3274 e
901 3220 953 3274 S.
981 3218 1398 3291 Chrysostomo
1426 3216 1907 3286 eduximus,licet

238 3311 499 3368 Dallaus
532 3310 968 3366 Hammondum
1002 3309 1223 3374 laudet,
1278 3309 1438 3381 quod
1486 3309 1646 3365 hunc
1694 3315 1906 3366 testem

238 3400 519 3456 omiserit
544 3417 560 3465 ;
592 3405 651 3454 ct
670 3399 732 3453 in
764 3414 833 3453 eo
857 3398 1111 3453 maxime
1131 3399 1476 3470 triumphet,
1498 3398 1655 3470 quod
1678 3399 1737 3453 in
1756 3415 1905 3470 pra-

236 3490 397 3546 clara
430 3489 724 3555 oratione,
750 3504 928 3559 quam
953 3487 1023 3542 de
1058 3488 1340 3559 martyrio
1365 3488 1420 3543 S.
1446 3487 1653 3558 Ignatii
1674 3487 1903 3556 habuit,

233 3578 629 3651 epistolamm
662 3577 795 3648 ejus
827 3576 1062 3633 nullam
1092 3577 1462 3633 mentionem
1484 3577 1721 3636 fecerit:
1743 3576 1908 3633 inde-

235 3684 352 3740 que
384 3666 651 3739 colligat,
684 3656 797 3721 aut
816 3682 951 3721 eum
986 3665 1116 3721 illas
1149 3665 1474 3738 ignorasse,
1507 3665 1669 3738 quod
1700 3665 1906 3720 verisi-

246 3757 387 3813 mile
411 3773 539 3811 non
564 3761 682 3822 est;
706 3762 808 3811 aut
837 3755 1446 3827 contempsisse,quod
1469 3756 1665 3827 potius
1682 3754 1905 3826 ample-

242 3846 451 3911 ctitur,
484 3845 754 3916 adeoque
784 3845 990 3917 lgnatii
1024 3861 1155 3899 vere
1180 3860 1309 3900 esse
1340 3861 1461 3900 non
1499 3850 1758 3917 putasse.
1793 3845 1907 3900 Nos

240 3942 446 3993 autem
465 3935 957 3991 dissertissimam
972 3934 1325 3990 sententiam
1345 3933 1906 4005 adduximus,quam

245 4029 711 4098 Chrysostomus
743 4026 804 4081 in
838 4026 941 4080 illa
970 4026 1101 4097 ipsa
1130 4026 1399 4081 oratione
1432 4042 1503 4081 ex
1553 4025 1806 4098 epistola
1834 4024 1908 4080 ad

245 4119 552 4173 Romanos
575 4116 979 4187 transcripsit;
1014 4131 1206 4185 neque
1236 4116 1420 4187 igitur
1443 4131 1573 4170 eam
1598 4114 1906 4186 ignoravit,

236 4223 437 4277 neque
472 4204 836 4276 contempsit
860 4221 875 4271 ;
909 4204 1029 4259 imo
1054 4221 1161 4275 pro
1191 4220 1324 4259 vere
1352 4204 1652 4275 lgnatiana
1678 4204 1904 4272 habuit,

243 4296 424 4351 aliter
453 4310 769 4365 nunquam
824 4293 887 4347 in
938 4293 1219 4365 panegyri
1272 4293 1447 4349 verba
1496 4293 1626 4364 ejus
1672 4293 1910 4348 recitas-

246 4389 355 4439 set.
387 4385 580 4455 Negat
606 4382 692 4436 vir
736 4381 1118 4437 doctissimus
1169 4382 1614 4454 transcripsisse
1667 4399 1736 4438 ex
1791 4382 1911 4454 epi-

237 4472 414 4533 stola,
448 4488 523 4525 ex
549 4470 710 4525 Actis
734 4476 904 4542 putat
924 4470 1219 4526 habuisse.
1247 4460 1435 4541 Cogor
1464 4470 1663 4541 itaque
1694 4471 1910 4542 sapius

246 4576 567 4632 reponere,
599 4561 746 4614 Acta
776 4576 907 4629 qua
942 4558 1250 4614 exstabant
1282 4565 1455 4615 atate
1483 4560 1909 4632 Chrysostomi,

243 4649 409 4704 illam
446 4649 811 4705 sententiam
844 4649 1092 4703 minime
1126 4665 1489 4705 memorasse
1524 4666 1537 4703 :
1580 4650 1909 4720 posteriora

246 4745 469 4805 autem,
504 4743 643 4810 post
676 4736 805 4808 ejus
833 4743 1089 4794 mortem
1129 4738 1473 4809 composita.
1512 4738 1722 4810 lghatii
1754 4738 1910 4794 dicta

252 4845 320 4882 ex
360 4827 636 4899 epistolis
668 4827 961 4883 hausisse.
998 4827 1252 4882 Aliunde
1284 4827 1465 4900 igitur
1493 4843 1672 4897 quam
1699 4843 1769 4882 ex
1792 4827 1911 4900 epi.

241 4917 407 4975 stola.
441 4934 624 4988 quam
651 4922 790 4972 tunc
814 4916 1113 4974 exstitisse
1135 4923 1255 4972 tum
1285 4916 1450 4980 alibi,
1471 4921 1595 4971 tum
1612 4917 1907 4989 pracipue

244 5006 583 5061 Antiochia
602 5022 813 5062 omnes
827 5005 1241 5074 fatentur,hac
1253 5005 1429 5061 verba
1444 5004 1716 5061 hausisse
1732 5006 1908 5078 Chry-

240 5102 602 5165 sostomum,
634 5093 938 5157 hariolari,
967 5093 1233 5163 frivolum
1262 5101 1312 5149 et
1353 5097 1597 5165 ineptum
1642 5102 1739 5150 est.
1774 5096 1902 5150 Non

236 5184 377 5238 dicit
407 5185 659 5256 quidem
701 5189 909 5240 orator
937 5182 1039 5238 ille
1068 5200 1335 5239 summus
1384 5200 1520 5238 eum
1553 5185 1899 5256 scripsisse:

241 5279 468 5329 tantum
490 5273 815 5346 ἐφθέγξατο,
850 5271 1062 5329 locutus
1107 5277 1201 5341 est,
1257 5272 1373 5329 ait:
1421 5272 1594 5343 plane
1644 5278 1710 5328 ut
1756 5274 1904 5330 alias

242 5363 408 5419 solet.
434 5364 519 5421 Ita
544 5363 795 5420 homilia
826 5361 1147 5418 undecima
1175 5361 1236 5417 in
1267 5362 1581 5434 epistolam
1608 5360 1683 5418 ad
1711 5363 1899 5434 Ephe-
1946 5418 1949 5423 .

244 5452 398 5508 sios:
431 5453 606 5528 Ἀνήρ
640 5448 699 5508 δέ
729 5472 815 5514 τις
848 5451 1000 5527 ἅγιος
1020 5449 1187 5506 εἶπὲτι
1220 5447 1413 5506 δοκοῦν
1438 5451 1578 5506 εἶναι
1595 5447 1899 5529 τολμηρὸν,

2009 519 2240 575 videtur
2252 520 2446 576 audax
2468 537 2598 577 esse
2618 540 2632 590 ;
2650 529 2848 579 tamen
2863 523 3093 580 locutus
3118 531 3207 581 est
3228 542 3240 580 :
3258 526 3401 597 quid
3413 527 3541 599 jam
3557 528 3667 583 hoc

2012 611 2145 666 est?
2164 628 2239 667 ne
2261 613 2532 684 martyrii
2565 614 2805 686 quidem
2838 617 3186 689 sanguinem
3218 624 3525 689 peccatum
3555 620 3669 675 hoc

2011 700 2320 758 schismatis
2359 702 2559 759 eluere
2584 722 2755 775 posse
2780 705 2993 761 dixit-.
3028 707 3302 772 Quamvis
3332 715 3533 765 autem
3566 727 3668 765 ne-

2013 790 2236 845 minem
2258 792 2823 864 nominet,quamvis
2839 802 2927 851 ter
2942 797 3146 852 dixisse
3175 784 3335 866 eum,
3360 815 3668 870 nunquam

2014 883 2209 934 autem
2229 880 2508 950 scripsisse
2524 881 2640 938 ista
2651 890 2898 952 asserat,
2923 902 3044 942 non
3062 890 3260 942 tamen
3275 887 3667 943 dubitandum

2017 984 2147 1023 esse
2171 971 2384 1034 sentio,
2404 972 2549 1043 quin
2568 973 2623 1027 S.
2640 974 2992 1045 Cyprianum
3011 976 3393 1043 intellexerit,
3426 985 3485 1033 et
3503 977 3670 1033 libel-

2014 1057 2140 1112 lum
2160 1058 2231 1114 de
2260 1062 2486 1117 unitate
2516 1062 2794 1118 Ecclesia
2825 1067 3174 1137 respexerit,
3208 1067 3271 1121 in
3301 1084 3418 1138 quo
3450 1067 3565 1123 ista
3593 1067 3667 1122 de

2017 1146 2413 1205 schismaticis
2434 1150 2687 1224 legimus
2713 1169 2726 1207 :
2753 1173 2778 1205 ι
2795 1154 2964 1210 Tales
2987 1154 3165 1210 etiam
3190 1156 3238 1211 si
3262 1155 3439 1211 occisi
3458 1157 3519 1211 in
3534 1172 3669 1211 con~

2014 1235 2274 1293 fessione
2304 1240 2566 1295 nominis
2591 1241 2832 1308 fuerint,
2859 1244 3093 1299 mncula
3115 1245 3229 1300 ista
3247 1261 3358 1300 nec
3384 1245 3668 1317 sanguine

2017 1325 2255 1383 eluitur.
2295 1329 2679 1400 Inexpiabilis
2712 1338 2770 1386 et
2793 1333 2984 1405 gravis
3015 1334 3189 1405 culpa
3219 1334 3530 1390 discordia
3560 1351 3671 1391 nec

2016 1417 2295 1488 passione
2316 1426 2602 1492 purgatur
2631 1444 2682 1478 η.
2718 1424 2836 1478 Hoc
2869 1429 2959 1480 est
3006 1426 3166 1495 quod
3215 1426 3669 1500 Chrysostomus

2015 1502 2299 1580 τολμηρὸν
2328 1509 2612 1581 appellat,
2646 1512 2805 1582 quod
2827 1513 3156 1585 Cyprianus
3174 1515 3447 1586 pluribus
3468 1520 3670 1572 tamen

2016 1596 2247 1667 probat,
2283 1604 2341 1654 et
2368 1599 2444 1654 ad
2475 1602 2605 1672 ejus
2635 1602 2979 1674 exemplum
3019 1605 3198 1660 etiam
3230 1605 3453 1662 ibidem
3483 1606 3672 1679 Chry-

2020 1691 2317 1743 sostomus
2348 1689 2472 1761 ipse
2505 1689 2697 1747 fusius
2729 1694 3127 1765 persequitur.

1946 1806 1990 1871 Β
2093 1808 2121 1835 ‹‹
2142 1785 2254 1841 Sed
2277 1802 2346 1842 ex
2358 1788 2778 1860 Chrysostomo
2801 1792 2945 1847 certi
2969 1796 3386 1865 sumus,inquit
3406 1796 3675 1865 Dallzeus,

2024 1873 2149 1927 hac
2166 1875 2366 1931 Roma
2385 1877 2677 1949 Iguatium
2692 1878 2765 1934 ad
2777 1882 3078 1937 Romanos
3093 1889 3418 1953 praesentes
3433 1884 3673 1940 dixisse.

2018 1962 2234 2017 Parum
2253 1980 2388 2036 ergo
2410 1971 2499 2021 est
2521 1967 2831 2039 probabile
2858 1970 3065 2027 eadem
3082 1972 3209 2044 jam
3231 1978 3369 2028 ante
3397 1973 3674 2030 eumdem

2015 2050 2282 2124 Smyrnae
2297 2053 2720 2112 consistentem
2735 2058 2808 2113 ad
2822 2060 3106 2117 Romanos
3118 2061 3491 2134 scripsisse».
3510 2060 3675 2117 Unde

2017 2147 2214 2196 autem
2250 2160 2320 2198 ex
2372 2145 2792 2217 Chrysostomo
2841 2153 2978 2205 certi
3033 2152 3202 2206 simus
3260 2151 3551 2224 Ignatium
3606 2167 3678 2206 ea

2015 2228 2191 2285 verba
2212 2232 2419 2299 Romae,
2455 2239 2556 2289 aut
2584 2236 2660 2289 ad
2680 2237 2953 2291 Romanos
3001 2245 3292 2308 praesentes
3331 2239 3674 2311 protulisse,

2016 2330 2120 2387 ego
2151 2332 2273 2372 non
2306 2318 2590 2392 intelligo.
2624 2322 2751 2375 Non
2782 2322 2943 2377 enim
2976 2323 3115 2379 cicit
3145 2340 3279 2379 eum
3313 2328 3495 2380 Roma
3544 2330 3672 2380 tum

2010 2404 2216 2474 fuisse,
2244 2423 2367 2461 non
2413 2407 2612 2463 innuit
2651 2411 2949 2466 Romanos
3003 2420 3291 2484 praesentes
3332 2431 3483 2482 esse,
3533 2431 3671 2471 cum

2012 2492 2126 2550 ista
2142 2495 2434 2569 proferret
2451 2496 2862 2555 sanctissimus
2874 2505 3117 2572 martyr.
3135 2502 3198 2558 Id
3215 2508 3446 2560 tantum
3460 2504 3674 2559 asserit

2014 2598 2149 2639 eum
2177 2600 2437 2655 generose
2464 2593 2515 2640 et
2545 2603 2666 2642 cum
2696 2589 2975 2659 voluptate
3022 2596 3275 2647 mortem
3316 2593 3659 2665 oppetiisse,

2013 2677 2073 2726 et
2099 2672 2370 2745 ἂσμὲνως,
2403 2691 2539 2730 cum
2569 2675 2838 2731 lubentia
2868 2679 3122 2748 quadam
3156 2681 3370 2736 vidisse
3417 2680 3660 2737 bestias.

2012 2760 2125 2816 Sed
2154 2758 2316 2824 πόθεν
2349 2765 2509 2815 τοῦτο
2540 2758 2711 2831 δῆλον
2737 2781 2750 2831 ;
2781 2769 2926 2821 unde
2956 2768 3075 2834 hoc,
3109 2769 3325 2840 inquit,
3383 2773 3665 2840 apparet?

2011 2850 2094 2904 Ac
2125 2849 2174 2905 si
2205 2850 2449 2921 diceret,
2480 2852 2639 2909 unde
2668 2853 2779 2909 hoc
2801 2857 3221 2927 cognovimus?
3245 2874 3315 2912 ex
3344 2858 3503 2913 Actis
3536 2858 3664 2930 ejus

2012 2939 2164 2995 nihil
2190 2939 2303 2995 tale
2327 2941 2605 3014 colligere
2626 2960 2977 3014 possumus:
3002 2945 3087 3001 illi
3113 2947 3213 3017 qui
3238 2963 3376 3002 eum
3400 2947 3665 3003 comitati

2014 3035 2153 3086 sunt
2175 3031 2431 3103 qualiter
2461 3048 2523 3087 se
2553 3034 2803 3105 gesserit
2831 3033 2892 3090 in
2925 3036 3155 3092 theatro
3188 3054 3311 3092 non
3353 3053 3668 3093 enarrave-

2015 3137 2214 3188 run,,a
2231 3137 2485 3191 quorum
2502 3124 2803 3177 consortio
2828 3146 2854 3173 «
2883 3124 3209 3181 subductus
3232 3132 3321 3182 est
3341 3144 3477 3183 cum
3498 3126 3665 3182 festi-

2014 3210 2258 3264 natione
2276 3211 2337 3264 in
2352 3211 2837 3282 amphitcatrum,
2858 3213 3072 3270 deinde
3096 3216 3410 3272 confestim
3441 3217 3669 3289 prolec-

2015 3304 2110 3382 tus
2123 3298 2520 3358 bestiis.Unde
2535 3300 2833 3370 igiturhoc
2847 3304 3251 3375 apparetMnb
3269 3310 3378 3359 τῶν
3402 3305 3667 3382 ῥημάτων

2013 3381 2087 3440 ὥν
2113 3386 2473 3457 ἀποθνήσκειν
2501 3384 2723 3460 μέλλων
2746 3387 3058 3466 ἐφθέγξατο,
3084 3391 3157 3447 ab
3179 3392 3298 3448 illis
3320 3381 3514 3449 verbis
3537 3410 3668 3466 qua

2015 3494 2150 3532 cum
2167 3477 2432 3533 futurum
2451 3480 3290 3549 essetutmoreretur,locutus
3313 3488 3403 3537 est
3419 3506 3440 3534 ι
3455 3483 3671 3548 .Quan-

2015 3565 2089 3621 do
2112 3572 2311 3622 autem
2336 3567 2486 3623 illud
2515 3567 2678 3622 erat?
2699 3567 2801 3623 diu
2819 3569 2977 3623 enim
2997 3575 3123 3625 erat
3147 3567 3506 3639 ἀποθνήσκειν
3542 3569 3670 3643 μὲλ-

2016 3651 2148 3708 λων.
2182 3655 2511 3710 Audiamus
2528 3672 2704 3727 porro
2726 3658 3247 3729 Chrysostomum:
3275 3658 3542 3719 ’Λκούσας
3568 3658 3671 3733 γὰρ

2016 3743 2101 3798 ὅτι
2132 3741 2289 3804 οὗτος
2320 3742 2480 3797 αὐτὸν
2506 3750 2605 3807 τῆς
2636 3744 2907 3820 τιμωρίας
2938 3748 2965 3800 ὁ
3005 3746 3209 3820 τρόπος
3259 3747 3430 3821 μένει,
3461 3771 3488 3798 (ι
3519 3747 3670 3824 Ἐγὼ

2014 3836 2119 3886 τῶν
2144 3832 2350 3905 Θηρίων
2375 3832 2592 3886 ἐκείνων
2610 3832 2868 3906 ὀναίμην,
2887 3858 2915 3885 ››
2938 3830 3145 3909 ἕλεγε.‹‹
3166 3838 3307 3892 Cum
3326 3838 3668 3920 audivisset,

2017 3921 2173 3993 quod
2202 3922 2298 3978 hic
2320 3923 2597 3995 supplicii
2620 3924 2834 3979 modus
2855 3941 2994 3980 eum
3008 3933 3280 3982 maneret
3297 3944 3356 3982 »:
3383 3928 3672 3983 «Utinam

2018 4028 2123 4085 ego
2157 4011 2275 4067 illis
2331 4011 2538 4067 bestiis
2595 4012 2777 4079 fruar,
2814 4036 2842 4063 »
2899 4016 3208 4085 inquiebat.
3268 4019 3359 4071 An
3409 4016 3671 4088 primum

2016 4104 2197 4157 Roma
2228 4099 2452 4156 audivit
2483 4118 2544 4157 se
2571 4100 2776 4156 bestiis
2808 4102 3107 4173 objectum
3139 4104 3259 4159 iri?
3307 4121 3384 4160 an
3413 4107 3674 4161 Romanis

2010 4190 2374 4260 praesentibus
2403 4189 2531 4243 hac
2588 4190 2926 4245 necessario
2970 4191 3203 4247 locutus
3254 4192 3389 4248 est?
3436 4195 3603 4247 Certe
3635 4210 3671 4249 a

2015 4279 2265 4349 Trajano
2297 4268 2620 4332 AntiOchia
2648 4277 2721 4332 ad
2746 4276 2966 4335 bestias
2987 4281 3421 4337 condemnatus
3444 4286 3533 4337 est
3557 4298 3571 4350 ;
3596 4282 3669 4338 ab

2018 4366 2118 4422 illo
2150 4374 2417 4438 tempore
2440 4367 2601 4421 novit
2625 4366 2783 4437 quod
2808 4370 3015 4425 mortis
3046 4387 3231 4442 genus
3263 4371 3373 4442 ipsi
3408 4373 3671 4428 subeun-

2019 4456 2161 4512 dum
2195 4460 2386 4512 esset:
2420 4460 2556 4527 post
2584 4455 2731 4511 illud
2758 4462 2990 4530 tempus
3016 4457 3202 4515 dixit:
3238 4483 3262 4513 α
3299 4462 3533 4518 Utinam
3565 4478 3670 4534 ego

2021 4546 2142 4602 illis
2162 4544 2470 4615 bestiis,ad
2494 4562 2640 4616 quas
2670 4547 3101 4603 condemnatus
3135 4567 3287 4618 sum,
3320 4550 3519 4620 fruar;
3546 4573 3575 4601 »
3607 4550 3669 4604 id

2020 4652 2129 4691 nos
2153 4651 2290 4691 eum
2315 4635 2582 4705 Smyrna
2607 4634 2825 4691 dixisse
2850 4642 2908 4691 et
2929 4638 3239 4709 scripsisse
3262 4640 3562 4695 credimus
3593 4638 3668 4695 ad

2018 4727 2316 4780 Romanos
2331 4723 2709 4794 quidem,sed
2729 4724 3026 4793 absentes;
3042 4730 3241 4784 Roma
3256 4736 3452 4785 autem
3468 4729 3676 4784 eadem

2016 4813 2194 4869 verba
2222 4812 2639 4884 pronuntiasse
2692 4814 2986 4884 (quamvis
3017 4814 3075 4869 id
3109 4833 3345 4888 quoque
3392 4816 3519 4871 ﬁeri
3568 4832 3674 4887 po-

2019 4904 2200 4960 tuisse
2232 4917 2409 4957 nemo
2441 4900 2817 4973 difﬁtebitur)
2875 4920 2985 4958 nec
3035 4905 3508 4976 Chrysostomus,
3559 4920 3674 4960 nec

2016 5000 2151 5051 ante
2182 5008 2319 5048 eum
2340 4991 2657 5062 quisquam
2686 4990 2852 5046 dixit.
2885 4994 2955 5046 Et
3004 4994 3051 5047 si
3099 4994 3377 5066 cuiquam
3430 5000 3570 5048 tunc
3602 5009 3672 5049 ea

2015 5084 2192 5141 verba
2221 5079 2509 5147 recitavit,
2538 5084 2697 5134 certe
2730 5080 3007 5136 ﬁdelibus
3053 5084 3251 5137 Roma
3297 5100 3367 5138 ex
3415 5082 3670 5154 epistola

2016 5189 2193 5247 quam
2206 5170 2277 5226 ad
2297 5186 2397 5223 eos
2417 5166 2754 5238 scripserat,
2772 5169 2980 5225 eadem
3002 5170 3219 5226 iterum
3237 5172 3300 5226 in
3320 5172 3676 5227 memoriam

2012 5258 2337 5323 revocavit;
2362 5258 2443 5310 ita
2475 5256 2634 5309 enim
2665 5258 3083 5327 antiquissima
3113 5260 3243 5331 ejus
3271 5261 3445 5317 Acta:
3484 5280 3513 5311 «
3541 5261 3677 5326 Qui-

2010 5350 2263 5410 busdam
2285 5350 2485 5402 autem
2507 5349 2565 5398 et
2586 5346 2959 5401 annuntiavit
2978 5347 3174 5416 silere,
3207 5348 3577 5405 ferventibus
3606 5367 3636 5406 e
3652 5362 3677 5412 ι

2012 5439 2346 5502 dicentibus
2359 5434 2626 5506 quietare
2642 5435 2880 5508 plebem
2898 5453 2965 5493 ac
2988 5454 3110 5494 non
3130 5455 3276 5513 expe
3290 5446 3413 5497 tere
3424 5441 3673 5514 perdere

239 5539 380 5609 πλὴν
413 5539 544 5600 ἀλλ’
575 5523 736 5617 dum;
775 5523 1095 5617 ἐφθέγξατω
1126 5538 1182 5595 τί
1223 5535 1291 5609 δὴ
1341 5539 1503 5596 τοῦτό
1555 5523 1734 5611 tatur;
1776 5523 1901 5599 ὁόδξ

2015 5529 2416 5609 iustum.Quas
2431 5523 2772 5581 confestims
2816 5525 2961 5584 iritu
2974 5544 3343 5602 cognoscens
3368 5536 3446 5602 ,et
3462 5546 3672 5587 omnes

237 5632 535 5707 μαρτυρίου
596 5630 742 5707 αἷμα
813 5628 1021 5698 ταύτην
1104 5624 1354 5683 δύνασθαι
1434 5626 1733 5705 ἆξαλιίφιιν
1795 5630 1898 5700 τήν

2008 5621 2633 5691 salutans,petensque
2652 5614 2724 5672 ab
2746 5616 2892 5689 ipsis
2919 5633 3119 5676 veram
3143 5621 3524 5691 charitatem,
3549 5621 3680 5692 plu-
