3990 6136
323 287 439 348 195

1383 286 1439 346 S.
1494 286 1889 348 IGNATIUS.
1940 318 2015 329 —
2059 285 2684 347 PROLEGOMENA.

3620 289 3748 346 196

325 433 509 488 raque
530 417 750 488 iisque
771 416 833 473 in
861 417 1456 490 epistoladisputans,
1489 424 1547 474 et
1574 418 1829 474 suadens
1850 433 1970 473 non
1996 423 2050 487 Α
2085 417 2158 474 ad
2193 418 2494 475 auditores
2514 418 2799 474 facerent.
2828 420 3033 491 Itaque
3066 420 3474 490 apostolorum
3497 435 3740 474 consor-

328 508 591 562 invidere
605 507 911 562 festinanti
936 507 1007 562 ad
1023 508 1337 563 Dominum
1360 530 1408 562 υ.
1433 508 1605 563 Forte
1622 507 1802 579 igitur
1822 506 1979 561 inter

325 596 559 667 reliqua
582 613 713 666 quas
736 598 980 651 Romam
1004 597 1254 667 Smyrna
1276 597 1595 667 scripserat
1620 597 1798 651 etiam
1823 597 1974 651 hanc

326 686 683 739 sententiam
705 686 974 752 iteravit;
1006 686 1087 740 ita
1115 686 1266 739 nihil
1302 686 1514 740 hallazo
1566 687 1658 741 vel
1688 702 1761 740 ex
1791 686 1971 757 Chry-

322 779 582 829 sostomo
616 779 866 840 certum,
898 774 986 829 vel
1015 775 1254 829 aliunde
1278 774 1581 846 probabile
1614 782 1720 830 est.

388 866 502 920 Nos
535 870 733 920 autem
782 864 968 919 multo
1019 865 1302 919 certiores
1355 882 1559 920 sumus
1609 865 1971 920 sententiam

318 954 484 1009 illam
518 954 725 1026 lgnatii
758 971 827 1008 ex
885 954 1013 1025 ejus
1063 953 1311 1025 epistola
1342 971 1376 1009 a
1405 955 1821 1025 Chrysostomo
1870 953 1968 1008 de-

319 1049 613 1114 sumptam
635 1060 784 1098 esse.
814 1044 879 1097 Id
904 1044 1062 1098 enim
1086 1061 1157 1099 ex
1189 1044 1381 1100 verbis
1407 1044 1796 1115 sequentibus
1827 1045 1969 1099 satis

296 1130 541 1202 liquido
588 1139 833 1203 apparet
866 1151 878 1188 :
936 1131 1071 1205 Ἐγὼ
1102 1137 1208 1185 τῶν
1245 1132 1469 1206 θηρίων,
1504 1134 1716 1204 inquit,
1751 1131 1967 1187 ἐκείνων

319 1218 576 1292 ὀναίμην,
609 1214 781 1294 ἔλεγε.
813 1224 1069 1275 Τοιοῦτοι
1093 1220 1193 1294 γὰρ
1228 1221 1277 1274 οἱ
1306 1222 1534 1296 ἐρῶντες
1567 1221 1701 1296 ὅπερ
1751 1218 1809 1275 ἄν
1862 1221 1968 1276 πά-

313 1327 524 1386 σχωσιν
553 1307 685 1382 ὑπὲρ
705 1312 812 1362 τῶν
840 1307 1123 1381 ἐρωμένων
1152 1312 1269 1382 μεθ’
1290 1308 1494 1377 ἤδονῆς
1519 1306 1831 1385 δέχονται.‹‹
1849 1311 1966 1366 Uti-

312 1420 451 1458 nam
478 1420 583 1475 ego
605 1402 722 1457 illis
743 1402 1147 1475 bestiisfruar,
1172 1406 1272 1458 ait.
1300 1404 1469 1459 Tales
1490 1404 1650 1459 cnim
1669 1410 1965 1459 amatores

308 1488 602 1560 quidquid
623 1489 934 1561 patiuntur
951 1506 1054 1559 pro
1078 1490 1291 1545 amatis
1311 1506 1445 1544 cum
1467 1489 1766 1561 voluptate
1783 1490 1964 1545 susci-

305 1578 478 1649 piunt
495 1601 514 1625 -
529 1578 945 1634 .Alluditenim
961 1579 1271 1633 manifeste
1290 1579 1362 1633 ad
1376 1579 1777 1650 prmclarailla
1789 1579 1965 1634 verba

308 1668 371 1721 in
388 1666 593 1721 eadem
616 1668 789 1738 epist.
816 1667 887 1721 ab
912 1667 1187 1722 omnibus
1209 1667 1541 1735 decantata,
1575 1670 1680 1735 ζῶν
1702 1666 1802 1741 γὰρ
1832 1667 1960 1738 ὑμῖν

307 1754 501 1829 γράφω
525 1754 662 1827 ἐρῶν
708 1757 805 1808 τοῦ
853 1753 1165 1823 ἀποθανεῖν,
1199 1755 1225 1808 ὁ
1263 1755 1396 1827 ἒμὸς
1430 1747 1567 1828 ἕρως
1602 1752 1958 1828 ἐσταύρωται.

312 1845 434 1900 Imo
453 1860 588 1899 vero
602 1861 707 1915 per
724 1849 908 1898 totam
926 1860 1055 1899 eam
1074 1845 1404 1899 orationem
1423 1844 1521 1898 ubi
1540 1845 1611 1898 de
1624 1844 1848 1916 lgnatio
1872 1844 1960 1899 lo-

311 1933 532 2005 quitur,
547 1933 623 1987 ad
640 1933 794 1988 hanc
812 1934 1130 2004 praecipue,
1164 1933 1269 1989 sed
1283 1938 1341 1988 et
1358 1934 1429 1989 ad
1442 1933 1588 1988 alias
1601 1932 1958 1990 collineavit.

302 2024 447 2076 Cum
462 2021 724 2077 animam
741 2021 870 2093 ejus
883 2021 1030 2077 adeo
1044 2022 1246 2078 laudat
1260 2028 1540 2095 tanquam
1553 2025 1662 2076 τῶν
1675 2019 1957 2093 παρόντων

306 2109 655 2184 ὑπερορῶσαν
675 2110 949 2181 ἁπάντων,
970 2110 1059 2164 καὶ
1082 2111 1160 2182 τῷ
1184 2111 1312 2183 θείῳ
1335 2111 1555 2179 ζέουσαν
1578 2108 1761 2186 ἔρωτι,
1789 2110 1873 2164 καὶ
1894 2109 1961 2164 τὰ

306 2199 380 2272 μὴ
402 2197 715 2272 βλεπόμενα
732 2204 837 2254 τῶν
850 2200 1145 2276 ὁρωμένων
1158 2202 1591 2275 προτιμήσασαν,
1604 2223 1625 2253 ι
1643 2218 1871 2273 praesen
1881 2202 1959 2256 tia

306 2289 507 2344 omnia
521 2294 1091 2357 contemnentem,et
1105 2290 1301 2345 divino
1316 2306 1516 2345 amore
1530 2289 1880 2362 ﬂagrantem
1904 2296 1959 2345 et

304 2395 374 2434 ea
387 2395 518 2450 quae
536 2379 906 2446 videntur,iis
921 2396 1051 2449 quae
1066 2396 1186 2434 non
1200 2379 1472 2435 videntur
1483 2368 1893 2450 praeferentem
1907 2400 1957 2446 ››,

303 2467 521 2523 diserte
544 2468 785 2539 respicit
807 2467 1120 2539 epistolam
1145 2468 1219 2523 ad
1250 2470 1569 2537 Romanos,
1602 2469 1661 2522 in
1695 2484 1811 2538 qua
1831 2468 1957 2522 haec

300 2557 416 2611 tria
438 2554 631 2628 capita
648 2557 965 2628 praecipue,
992 2563 1049 2612 et
1076 2557 1440 2626 ardenter,et
1458 2558 1584 2613 fuse
1607 2563 1952 2613 tractantur.

299 2645 444 2698 Cum
477 2660 612 2699 eum
645 2645 750 2699 soli
786 2651 1089 2717 comparat
1137 2645 1399 2720 (καθάπερ
1430 2641 1594 2716 ἥλιός
1622 2665 1706 2706 τις
1740 2642 1789 2716 ἐξ
1821 2643 1951 2697 dva-

298 2730 472 2800 τολῆς
501 2730 744 2808 ἀνίσχων
772 2731 1020 2807 καὶπρὸς
1050 2734 1149 2803 τὴν
1176 2730 1322 2788 δύσιν
1343 2734 1579 2808 τρέχων,
1614 2756 1641 2784 ‹‹
1666 2740 1951 2805 tanquam

299 2822 389 2878 sol
410 2823 629 2894 aliquis
661 2823 733 2879 ab
758 2824 985 2879 oriente
1020 2842 1267 2897 surgens
1291 2824 1439 2880 etad
1460 2825 1829 2880 occidentem
1859 2824 1956 2878 de-

296 2913 566 2985 currens)
593 2936 643 2982 »,
676 2913 803 2968 sine
828 2912 1006 2969 dubio
1037 2915 1164 2969 haec
1187 2914 1452 2984 epistolas
1476 2913 1651 2969 verba
1672 2914 1733 2968 in
1753 2914 1952 2969 animo

298 3001 525 3070 habuit,
557 3001 647 3054 τὸν
678 2999 967 3056 ἐπίσκοπον
1002 3000 1199 3076 Συρίας
1224 3002 1554 3073 κατηξίωσεν
1585 3001 1612 3054 ὁ
1647 3000 1774 3063 Θεὸς
1800 3000 1951 3073 εὐρε-

299 3090 458 3156 θῆναι
490 3090 606 3159 (vel
635 3090 991 3163 πορευθῆναι)
1014 3088 1090 3150 εἷς
1126 3086 1293 3160 δόσιν,
1326 3089 1434 3143 ἀπὸ
1480 3086 1750 3157 ἀνατολῆς
1785 3109 1948 3161 μετα-

2088 509 2257 570 tium,
2293 513 2351 561 et
2382 507 2785 577 episcopatum
2819 512 3267 576 commemorat,
3298 512 3363 561 ut
3399 506 3742 576 amplitudi-

2085 614 2223 651 nem
2256 597 2443 663 urbis,
2477 601 2536 650 et
2562 596 2979 667 antiquitatem
3012 596 3290 651 Ecclesiae
3353 595 3736 649 Antiocheam

2086 684 2422 751 extolleret;
2446 685 2800 756 martyrium
2824 692 3020 741 autem
3046 685 3349 757 eleganter
3364 684 3740 751 describit,ut

2081 775 2496 830 vehementius
2511 776 2791 847 populum
2805 774 2876 830 ad
2899 774 3285 845 reliquiarum
3300 773 3739 829 venerationem

2084 864 2455 920 accenderet.
2491 864 2803 935 Epistolas,
2839 869 2907 919 ut
2937 880 3060 918 rem
3113 863 3389 919 omnibus
3422 862 3737 934 cognitam,

2082 969 2192 1008 nec
2208 954 2561 1026 panegyrico
2583 953 2817 1008 dicendi
2837 953 3035 1025 generi
3053 952 3504 1007 conveuientem
3521 950 3740 1005 omittit

2082 1042 2393 1113 Gregorius
2426 1042 2899 1114 Thaumaturgus
2927 1042 3350 1113 panegyricum
3384 1056 3582 1095 coram
3604 1041 3730 1095 Ori-

2077 1146 2224 1203 gene
2266 1130 2512 1197 habuit;
2549 1132 2767 1202 scripta
2789 1131 2919 1202 ejus
2951 1147 3071 1185 non
3108 1130 3327 1191 laudat,
3358 1146 3430 1184 ne
3465 1128 3739 1183 nominat

2078 1218 2320 1289 quidem
2346 1236 2358 1286 ;
2394 1219 2511 1275 imo
2536 1236 2611 1274 ne
2637 1220 2945 1291 scripsisse
2971 1235 3107 1274 eum
3130 1219 3453 1290 quidquam
3486 1217 3730 1272 indicat.

2078 1307 2354 1377 Epistolm
2371 1307 2711 1379 S.Cypriani
2736 1325 2971 1379 semper
2988 1307 3150 1362 fuere
3169 1305 3604 1367 celeberrimm;
3631 1322 3729 1359 eas

2076 1395 2392 1466 aliquoties
2417 1396 2619 1451 laudat
2645 1397 2699 1450 S.
2727 1397 3124 1468 Augustinus:
3158 1402 3217 1450 at
3246 1411 3379 1450 cum
3412 1395 3473 1448 in
3529 1394 3721 1448 Natali

2075 1483 2204 1554 ejus
2233 1501 2541 1539 sermones
2572 1485 2800 1556 aliquot
2851 1486 3208 1549 institueret,
3263 1498 3570 1554 nunquam
3621 1499 3723 1539 eas

2072 1575 2555 1629 commemoravit
2584 1591 2597 1641 ;
2629 1573 2831 1629 laudat
2859 1574 2960 1629 ubi
2994 1574 3272 1645 disputat,
3323 1590 3398 1627 ne
3450 1572 3729 1627 meminit

2074 1662 2314 1732 quidem
2336 1663 2436 1718 ubi
2459 1664 2875 1735 panegyristen
2903 1664 3041 1736 agit,
3065 1663 3165 1718 ubi
3205 1668 3488 1733 tanquam
3510 1664 3721 1733 episco-

2065 1768 2204 1822 pum
2243 1752 2807 1808 misericordissimum
2863 1759 2911 1808 et
2959 1760 3261 1826 martyrem
3310 1751 3718 1821 ﬁdelissimum,

2069 1857 2188 1895 non
2211 1846 2495 1912 tanquam
2511 1842 2859 1913 scriptorem
2879 1841 3384 1915 elegantissimum
3401 1857 3728 1912 repraesen-

2068 1930 2311 1984 tat.Haac
2337 1930 2479 1984 satis
2496 1930 2721 2001 putavit
2738 1954 2761 1979 (ι
2793 1930 2865 1985 ad
2884 1931 3232 1986 memoriam
3250 1930 3560 2001 praesentis
3585 1929 3727 1996 loci,

2065 2017 2442 2073 festivitatem
2466 2019 2888 2075 solemnissimi
2904 2021 3044 2088 diei,
3067 2021 3537 2092 propositionem
3565 2019 3726 2074 salu-

2064 2106 2308 2162 berrimi
2334 2108 2588 2179 exempli
2608 2110 2892 2164 ml’ariter
2909 2110 3426 2182 S.Chrysostomus
3446 2110 3507 2164 in
3534 2126 3721 2180 pane-

2064 2196 2261 2269 gyrico
2284 2197 2565 2269 epistolas
2590 2214 2707 2253 non
2736 2199 3457 2270 commemoratquamvis
3489 2198 3561 2253 iis
3580 2204 3721 2252 uta—

2067 2290 2181 2355 tur,
2206 2286 2279 2341 ad
2312 2303 2529 2357 easque
2561 2287 2906 2357 frequenter
2934 2290 3247 2361 respiciat;
3280 2291 3341 2344 in
3373 2291 3490 2346 alia
3519 2294 3724 2345 tamen

2062 2375 2349 2439 oratione,
2376 2376 2689 2447 epistolam
2712 2376 2788 2432 ad
2812 2378 3179 2433 sacerdotem
3205 2378 3727 2450 quemdam,Poly-

2063 2478 2305 2532 carpum
2336 2464 2585 2531 scilicet,
2619 2464 2775 2520 citat.
2815 2468 3018 2521 Exstat
3075 2472 3270 2523 autem
3320 2484 3390 2522 ea
3421 2467 3608 2522 oratio
3664 2467 3728 2520 in

2062 2557 2219 2606 tomo
2252 2554 2319 2607 Vl
2346 2555 2516 2625 cujus
2549 2554 2757 2610 titulus
2790 2560 2878 2609 est
2905 2573 2916 2609 :
2953 2577 2980 2605 «
3013 2557 3177 2621 Quod
3209 2573 3363 2613 unus
3405 2557 3631 2611 Veteris
3666 2561 3728 2611 et

2060 2641 2203 2695 Novi
2234 2643 2595 2698 Testamenti
2630 2643 2929 2716 legislator
2958 2645 3037 2699 sit
3081 2666 3131 2714 »,
3167 2662 3235 2700 ex
3288 2662 3407 2717 qua
3449 2645 3723 2700 testimo-

2028 2725 2227 2785 inium
2261 2732 2665 2803 Chrysostomi
2700 2733 3032 2789 secundum
3063 2735 3473 2806 produximus.

2130 2820 2277 2885 Quid
2316 2820 2385 2875 de
2419 2819 2521 2876 illa
2576 2823 2844 2877 oratione
2897 2823 3152 2878 senserit
3196 2823 3282 2877 vir
3337 2823 3723 2878 doctissimus

2061 2909 2222 2965 haud
2247 2910 2392 2965 satis
2422 2915 2583 2965 certo
2615 2912 2734 2966 scio
2761 2929 2774 2979 ;
2808 2929 2927 2967 non
2961 2912 3168 2968 dubito
3205 2918 3405 2968 tamen
3437 2913 3582 2984 quin
3614 2912 3725 2967 illa

2060 2998 2234 3053 nobis
2261 3001 2631 3069 repositurus
2654 3006 2825 3069 esset,
2856 3003 2902 3056 si
2926 3003 3166 3069 viveret,
3195 3019 3325 3074 qua;
3350 3002 3589 3073 scripsit
3617 3018 3721 3055 ve-

2060 3088 2365 3143 nerandus
2398 3104 2578 3144 senex
2612 3091 2918 3157 Usserins;
2953 3108 3087 3146 cum
3108 3091 3439 3148 Usserianis
3462 3090 3722 3162 smpissi-

294 3146 674 3249 αεμψάξιενος,
708 3146 733 3226 ;‹
767 3146 1109 3250 episcopum
1143 3146 1325 3251 Syriae
1345 3179 1617 3251 dignatus
1649 3146 1747 3234 est
1769 3146 1944 3250 heus,
1975 3146 2022 3212 C
2062 3193 2154 3231 me
2186 3194 2328 3231 usus
2362 3178 2452 3231 sit.
2493 3177 2593 3233 llle
2625 3184 2823 3234 autem
2848 3146 3177 3235 orationem
3210 3197 3359 3236 eam.
3386 3181 3440 3235 S.
3466 3146 3720 3251 Chryso-

296 3267 433 3322 utin
447 3266 814 3323 occidentem
830 3270 1200 3342 pergeret,ab
1214 3270 1444 3325 oriente
1461 3288 1595 3325 eum
1614 3286 1944 3336 accersens;

297 3361 354 3411 et
384 3372 515 3411 cum
548 3356 653 3412 illa
681 3358 858 3429 paulo
890 3364 1022 3428 post
1051 3358 1281 3414 addidit
1307 3377 1319 3412 :
1353 3358 1525 3419 Οὗτος
1559 3356 1614 3411 δὲ
1643 3357 1720 3421 εἷς
1749 3360 1815 3412 τὰ
1845 3364 1945 3427 τῆς

298 3439 504 3503 δύσεως
532 3442 781 3498 ἀπελθὼν
821 3445 985 3519 μέρη,
1036 3444 1391 3522 φαιδρότερον
1443 3445 1638 3500 ἐκεῖθεν
1688 3444 1947 3516 ἀνέτειλε,

301 3531 487 3587 multo
519 3532 712 3589 adhuc
741 3535 1004 3606 apertius
1037 3535 1111 3590 ad
1140 3535 1241 3591 illa
1269 3553 1398 3605 qum
1456 3535 1611 3607 apud
1656 3537 1946 3607 lgnatium

301 3628 654 3692 sequuntur,
687 3622 906 3691 allusit,
938 3620 1105 3677 καλὸν
1138 3624 1199 3677 τὸ
1231 3620 1382 3677 δῦναι
1414 3624 1519 3677 ἀπὸ
1547 3622 1757 3697 κόσμου
1815 3624 1949 3698 πρὸς

299 3711 452 3778 Θεὸν,
479 3709 570 3764 ἳνα
596 3710 670 3772 εἷς
699 3710 858 3766 αὐτὸν
889 3710 1178 3768 ἀνατείλω.
1212 3715 1354 3768 Cum
1376 3731 1510 3769 eum
1545 3732 1677 3769 cum
1709 3721 1947 3786 aposto-

299 3798 375 3855 lis
406 3807 702 3857 versatum
735 3819 862 3857 esse
895 3803 1125 3870 asserit,
1157 3802 1243 3855 καί
1288 3802 1465 3875 ῥητῶν
1496 3802 1581 3856 καὶ
1616 3802 1945 3879 ἀπορρήτων

298 3886 483 3949 αὐτοῖς
515 3892 946 3961 κοινωνήσαντα,
996 3909 1105 3947 non
1152 3900 1362 3948 tantum
1408 3894 1717 3964 e/fabilium
1773 3895 1868 3951 sed
1895 3902 1948 3949 et

298 3996 626 4035 arcanorum
647 3982 1007 4051 participem,
1042 3998 1164 4036 non
1191 3970 1386 4053 poteSt
1412 3999 1530 4037 non
1550 3984 1846 4054 respicere
1878 3999 1948 4038 ea

295 4086 427 4140 quea
458 4068 533 4124 ad
577 4068 907 4124 Trallenses
962 4069 1167 4125 scribit
1196 4071 1452 4141 Ignatius
1483 4071 1554 4126 de
1588 4071 1944 4142 cmlestibus,

295 4161 367 4215 de
399 4161 626 4232 angelis
656 4165 715 4216 et
742 4161 1197 4233 principatibus,
1242 4179 1372 4233 qua:
1423 4180 1584 4218 nunc
1634 4169 1945 4234 tantopere

297 4249 635 4319 displicent.
666 4251 809 4305 Cum
842 4250 1099 4321 denique
1139 4251 1254 4305 iter
1305 4252 1434 4323 ejus
1485 4252 1641 4322 quod
1695 4252 1947 4325 confecit

295 4343 553 4405 enarrat,
590 4337 958 4412 μακροτέρους
992 4334 1247 4399 διαύλους
1279 4343 1378 4393 τοῦ
1430 4335 1660 4413 δρόμου,
1712 4347 1789 4409 et,
1833 4344 1941 4393 τῶν

291 4420 599 4491 ἐκκλησιῶν
632 4425 1015 4498 συγκρότησιν,
1049 4428 1431 4497 civitatesque
1488 4428 1623 4481 κατὰ
1671 4429 1769 4496 τὴν
1818 4425 1942 4482 ὁδὸν

2061 3270 2251 3320 stomo
2293 3265 2612 3337 abjudicat,
2646 3272 2712 3321 ut
2740 3268 3053 3339 epistolam
3089 3270 3293 3341 lgnatii
3328 3269 3404 3324 ad
3432 3268 3716 3339 Polycar-

2059 3369 2201 3424 pum
2233 3354 2389 3409 inter
2412 3355 2652 3410 fictitias
2681 3372 2996 3412 numerare
3018 3363 3236 3429 posset.
3265 3357 3377 3412 Sed
3400 3357 3560 3411 illius
3584 3356 3715 3426 opi-

2059 3443 2223 3496 nioni
2260 3444 2318 3497 in
2350 3443 2459 3497 hac
2494 3461 2554 3498 re
2586 3460 2703 3499 non
2727 3445 2963 3501 accedo.
2992 3448 3192 3502 Potior
3214 3446 3359 3502 mihi
3387 3445 3714 3500 auctoritas

2059 3532 2275 3599 Photii,
2309 3532 2379 3586 de
2412 3539 2673 3588 veterum
2706 3534 2942 3605 scriptis
2972 3537 3181 3606 optimi
3214 3536 3456 3607 judicis,
3482 3534 3582 3605 qui
3616 3533 3715 3587 Bi-

2056 3618 2370 3675 bliotheca;
2403 3638 2523 3675 suae
2554 3622 2756 3676 codice
2778 3625 2903 3691 277,
2934 3639 3066 3678 cum
3100 3641 3169 3679 ex
3199 3624 3333 3678 aliis
3363 3628 3487 3677 tum
3511 3638 3579 3677 ex
3600 3622 3715 3677 hac

2059 3710 2326 3764 oratione
2343 3709 2601 3781 plurima
2618 3711 3032 3782 excerpsit.’Ex
3046 3715 3143 3765 τοῦ
3159 3710 3351 3785 λόγου,
3374 3711 3457 3764 ὅτι
3472 3714 3718 3773 παλαιᾶς

2056 3800 2147 3852 καὶ
2180 3801 2300 3859 νέας
2331 3801 2608 3868 Διαθίκης
2636 3801 2709 3861 εἷς
2741 3801 2769 3855 ὁ
2801 3801 3129 3873 νομοθέτης.
3165 3803 3265 3857 Καὶ
3298 3803 3374 3861 εἱς
3404 3800 3468 3855 τὸ
3499 3796 3715 3872 ἔνδυμα

2056 3892 2152 3940 τοῦ
2181 3887 2371 3960 ἱερέως
2424 3889 2512 3941 καὶ
2566 3892 2685 3963 περί
2740 3889 3046 3961 μετανοίας.
3100 3893 3207 3957 Qui
3258 3892 3467 3946 titulus
3524 3889 3714 3961 hujus

2056 3980 2344 4035 orationis
2374 3980 2620 4035 totidem
2650 3981 2842 4036 verbis
2864 4000 3024 4037 nunc
3055 3987 3262 4039 exstat.
3284 3984 3353 4037 Et
3378 3980 3555 4036 verba
3576 3997 3716 4051 quas

2059 4068 2297 4138 quidem
2328 4067 2589 4139 plurima
2629 4069 2769 4123 inde
2815 4070 3072 4143 collegit,
3123 4072 3449 4126 etiamnum
3489 4069 3551 4122 in
3599 4070 3717 4124 hac

2059 4158 2348 4225 oratione,
2384 4159 2649 4229 quamvis
2680 4158 2838 4213 haud
2866 4161 3009 4215 satis
3040 4177 3204 4227 sana,
3231 4164 3536 4232 apparent.
3570 4159 3713 4213 Cer-

2056 4248 2350 4302 tissimum
2377 4248 2556 4319 igitur
2571 4252 2661 4302 est
2678 4265 2806 4303 eam
2833 4249 3109 4305 Photium
3132 4250 3345 4304 vidisse
3368 4255 3425 4303 et
3445 4265 3551 4321 pro
3578 4264 3713 4302 vere

2055 4335 2579 4406 Chrysostomiana
2606 4337 2879 4393 habuisse
2893 4384 2897 4388 .
2911 4338 3023 4394 Sed
3050 4341 3112 4394 D.
3134 4339 3381 4394 Savillus
3395 4338 3713 4392 Etonensis

2058 4427 2286 4498 collegii
2312 4427 2426 4497 (cui
2457 4442 2559 4499 ego
2579 4427 2911 4484 litterarum
2931 4430 3224 4500 primitias
3258 4428 3489 4495 debeo),
3522 4434 3581 4482 et
3611 4444 3715 4497 pa-

293 4509 694 4585 συντρεχοῦσας
742 4530 1104 4581 memorans,
1151 4513 1297 4570 illud
1343 4533 1411 4570 ex
1455 4517 1722 4587 epistolis
1769 4517 1946 4588 plane
1982 4510 2027 4574 D
2063 4517 2187 4570 triaa
2216 4522 2433 4571 nostra:
2457 4516 2656 4586 decus,
2683 4517 2855 4588 paulo
2880 4518 3048 4574 aliter
3070 4519 3271 4574 sensit.
3303 4541 3327 4567 ‹‹
3355 4520 3553 4588 Neque
3571 4532 3709 4571 vero

292 4602 693 4674 persequitur,
728 4602 887 4673 quod
917 4604 1514 4677 Magdcburgensibus
1554 4607 1699 4661 adeo
1732 4607 1938 4679 displi-

291 4690 481 4747 cebat.
516 4691 620 4746 Vel
650 4709 721 4746 ex
752 4693 881 4763 ipsa
914 4694 1687 4766 igiturlgnatiipanegyrico
1711 4703 1937 4751 certum

293 4786 384 4836 est
414 4781 963 4852 S.Chrysostomum
987 4782 1267 4853 epistolas
1287 4782 1414 4853 ejus
1437 4785 1657 4855 optime
1682 4785 1938 4855 novisse,

288 4871 613 4943 magnique
662 4871 1015 4941 aestimasse,
1048 4877 1107 4926 et
1158 4888 1227 4926 ex
1261 4890 1465 4928 earum
1496 4890 1614 4928 una
1645 4874 1940 4930 celebrem

288 4961 646 5015 sententiam
682 4960 1066 5031 excerpsisse.

360 5049 473 5105 Sed
507 5049 793 5121 epistolas
825 5066 946 5104 non
996 5050 1346 5119 nominavit,
1399 5068 1534 5106 cum
1574 5051 1941 5122 propriarum

285 5143 548 5210 martyris
580 5141 806 5196 laudum
836 5142 1029 5210 inopia
1060 5141 1356 5196 laboraret.
1393 5143 1513 5196 Imo
1558 5158 1692 5197 vero
1745 5151 1945 5199 orator

288 5229 388 5285 ille
410 5229 1037 5286 consummatissimus
1060 5230 1279 5299 optime
1306 5232 1466 5285 novit
1486 5247 1616 5302 qua:
1641 5234 1945 5305 panegyri-

289 5334 421 5373 cam
453 5321 787 5375 orationem
810 5319 1068 5374 maxime
1096 5325 1399 5383 ornarent,
1432 5320 1631 5391 itaque
1662 5323 1943 5393 epistolas

287 5407 513 5474 omisit,
547 5414 764 5464 catera
794 5413 1145 5480 prosecutus
1177 5415 1283 5464 est.
1315 5410 1654 5466 Orationem
1686 5411 1946 5467 instituit

284 5495 408 5568 περὶ
440 5498 548 5549 τῶν
575 5497 1046 5570 κατορθωμάτων,
1069 5499 1135 5553 de
1154 5499 1314 5554 rebus
1330 5501 1601 5570 praeclare
1622 5499 1694 5555 ab
1717 5502 1940 5572 lguatio

282 5587 542 5655 gestis,ut
571 5602 692 5642 non
725 5584 912 5643 semel
944 5586 1257 5658 proﬁtetur
1281 5605 1294 5653 ;
1324 5587 1397 5644 de
1420 5589 1494 5645 iis
1520 5606 1653 5660 qua!
1681 5590 1938 5645 maxime

2052 4606 2197 4660 tanti
2232 4610 2319 4660 est
2349 4606 2504 4677 apud
2529 4623 2621 4661 me
2648 4608 2970 4663 auctoritas
2996 4609 3214 4676 Photii,
3238 4610 3439 4677 inquit,
3466 4607 3565 4677 qui
3590 4607 3711 4661 alia

2052 4695 2323 4765 qumdam
2352 4711 2473 4749 non
2492 4697 2729 4767 optimm
2760 4704 2914 4752 notae
2946 4698 3177 4769 recipit,
3208 4704 3273 4752 ut
3302 4697 3461 4751 inter
3478 4696 3708 4767 γνησίας

2051 4777 2446 4860 ἀναμῳιϐόλως
2471 4785 2982 4842 adnumerandam
3004 4810 3032 4837 »
3057 4788 3210 4843 hanc
3233 4787 3563 4842 orationem
3580 4801 3709 4840 cen-

2050 4888 2217 4928 seam.
2259 4873 2410 4927 Satis
2440 4873 2564 4929 hazc
2596 4875 2837 4944 quidem
2880 4882 3050 4931 caute
3080 4895 3093 4942 ;
3140 4876 3483 4931 auctoritas‘
3510 4874 3705 4928 Photii

2053 4978 2186 5017 eum
2201 4963 2490 5034 permovit
2503 4969 2568 5017 ut
2580 4965 2909 5020 orationem
2923 4982 2998 5020 ne
3012 4966 3248 5037 quidem
3265 4958 3711 5042 ἱηῐθιτάμφιϐαλ-

2055 5047 2258 5122 λόμενα
2288 5052 2530 5117 locaret,
2564 5068 2680 5107 non
2718 5059 2915 5110 tamen
2945 5056 2996 5110 ei
3022 5055 3401 5127 persuasitut
3422 5055 3581 5109 inter
3611 5069 3708 5123 ge-

2051 5141 2266 5196 nuinas
2319 5140 2446 5194 sine
2498 5144 2898 5199 controversia
2947 5145 3386 5199 adnumeraret.
3437 5142 3605 5209 Quod
3656 5141 3704 5194 si

2054 5228 2363 5284 habuisset
2395 5229 2732 5285 testimonia
2763 5232 2864 5286 illo
2902 5233 3095 5287 Photii
3152 5232 3509 5302 antiquiora,
3557 5230 3706 5285 forte

2053 5318 2232 5371 etiam
2275 5317 2431 5371 inter
2486 5320 2772 5389 genuinas
2821 5327 3213 5377 numerasset.
3268 5324 3418 5376 Ante
3466 5325 3707 5375 centum

2051 5414 2251 5463 autem
2282 5407 2404 5463 fere
2435 5424 2622 5464 annos
2652 5410 2949 5468 Adrianus
2972 5429 3123 5484 papa
3149 5412 3168 5465 Ι
3191 5412 3345 5468 hanc
3369 5412 3558 5482 ipsam
3583 5426 3707 5464 ora-

2050 5500 2277 5556 tionem
2312 5498 2373 5552 in
2402 5498 2654 5568 epistola
2681 5500 2756 5555 ad
2788 5501 3065 5557 Carolum
3096 5517 3294 5572 regem
3318 5501 3426 5557 sub
3457 5500 3702 5556 nomine

2052 5589 2110 5645 S.
2141 5587 2386 5643 Joannis
2416 5587 2817 5659 Chrysostomi
2853 5589 3083 5657 citavit;
3118 5596 3177 5645 et
3207 5596 3343 5646 ante
3386 5605 3519 5645 eum
3566 5588 3701 5660 Epi-
