3990 6136
243 288 344 345 197

991 287 1045 344 J.
1091 284 1515 345 PEARSONII
1559 283 1931 344 VINDICIIE
1975 283 2452 348 lGNATlANi‘E.
2503 323 2578 334 —
2622 289 2821 352 PARS
2871 293 2917 351 Ι.

3552 302 3669 361 198

244 419 496 490 phanius
528 417 836 473 diaconus
861 416 1131 473 adversus
1161 419 1506 490 Gregorium
1565 417 1909 489 episcopum
1943 423 1992 488 Α
2024 420 2154 474 ceni
2188 420 2609 490 defecerunt,si
2641 439 2776 479 vera
2807 431 3056 482 narrent
3085 427 3352 484 Socrates
3395 433 3453 483 et
3502 431 3679 488 Sozo-

246 510 283 562 Ν
301 525 669 563 eocaesareze.
706 511 873 562 Ante
898 508 1070 571 hunc,
1103 512 1168 561 ut
1185 508 1246 561 in
1270 507 1532 562 secunda
1553 506 1778 576 synodo
1810 506 1908 560 Ni-

249 613 404 651 caena
426 597 1120 668 legimus,«Theodosius
1133 596 1487 652 venerabilis
1499 612 1718 668 praeses
1731 596 1909 650 S.An-

253 687 402 740 dreaa
464 687 621 758 apud
681 688 954 754 Nesium,
1014 686 1276 741 libellum
1329 685 1598 758 ejusdem
1630 686 1690 739 B.
1716 685 1908 740 Patris

248 777 486 830 Joannis
507 777 920 846 Chrysostomi
945 777 1342 846 attulit,quem
1367 776 1427 829 in
1450 775 1726 830 manibus
1750 790 1910 829 acce-

255 871 416 935 ptum
450 867 743 920 Antonius
783 866 1107 920 monachus
1134 864 1292 935 legit.
1329 865 1519 918 Beata)
1553 862 1912 919 recordatio-

250 955 340 1008 nis
359 955 548 1009 Patris
570 955 766 1009 nostri
789 955 1034 1009 Joannis
1057 953 1455 1023 Chrysostomi
1481 950 1910 1016 oratioanuod

253 1045 476 1099 Veteris
499 1051 557 1098 et
573 1045 715 1099 Novi
742 1045 1103 1099 Testamenti
1134 1059 1287 1098 unus
1310 1043 1388 1097 sit
1413 1041 1733 1114 legislator,
1758 1047 1817 1096 et
1847 1041 1908 1094 in

248 1135 663 1188 vestimentum
689 1133 1174 1204 pontiﬁcis;cujus
1186 1134 1409 1186 initium
1430 1130 1910 1203 est,Evangelium

246 1223 411 1293 regni
436 1223 651 1276 Christi
684 1223 996 1293 propheta)
1021 1221 1258 1292 quidem
1313 1220 1674 1276 annuntiant
1712 1218 1909 1290 (plane

250 1319 313 1365 ut
352 1327 513 1366 nunc
539 1313 743 1367 Grmca
776 1317 995 1366 sonant
1028 1314 1172 1376 εΤῆς
1214 1311 1452 1381 Χριστοῦ
1513 1305 1794 1378 βασιλείας
1847 1307 1908 1360 τὸ

251 1395 594 1475 Εὐαγγέλιον
632 1398 970 1473 κηρύττουσι
1030 1399 1176 1471 [μὲν]
1249 1399 1578 1472 προφῆται),
1637 1405 1690 1452 et
1735 1397 1908 1467 paulo

237 1498 364 1561 post
395 1508 408 1545 :
442 1491 562 1561 Ego
596 1496 652 1545 et
683 1507 756 1544 ex
788 1506 928 1544 cera
954 1489 1186 1544 fusilem
1219 1489 1510 1560 picturam
1537 1487 1755 1561 pietate
1782 1486 1905 1557 ple-

246 1593 386 1633 nam
417 1579 637 1634 amavi.
672 1578 804 1633 Vidi
840 1579 1002 1633 enim
1035 1576 1308 1650 angelum
1333 1577 1395 1631 in
1427 1576 1684 1648 imagine
1704 1574 1910 1630 barba-

243 1684 448 1734 rorum
480 1667 676 1722 nubes
707 1667 1194 1738 propulsantem;
1231 1666 1350 1720 vidi
1391 1665 1778 1721 barbarorum
1810 1681 1910 1718 co-

2017 525 2277 564 menus:
2336 508 2516 564 ῐΙάντά
2575 509 2665 564 οὖν
2696 513 2760 566 τὰ
2824 514 2927 568 ὑπὸ
2958 516 3056 583 τήν
3107 514 3378 584 ἀνατολὴν
3414 517 3516 572 ὑπὸ
3564 525 3671 573 τῶν

2021 601 2353 671 Σαρακηνῶν
2385 601 2522 654 κατά
2555 600 2648 654 τὸν
2679 601 2838 656 αὐτὸν
2871 601 3151 678 ἒπορθεῖτο
3185 606 3672 679 χρόνον.α(]ῑιῐιηῑᾶ

2018 687 2199 758 igitur
2219 706 2421 746 versus
2444 693 2728 748 orientem
2754 693 2883 749 loca
2905 713 2938 751 a
2955 696 3261 752 Saracenis
3295 699 3502 754 eodem
3531 707 3671 755 tem-

2017 795 2159 850 pore
2176 782 2575 838 vastabantur.
2589 786 2824 842 nNonne
2838 788 2963 842 hinc
2982 795 3312 860 opportuna
3329 793 3470 846 satis
3485 793 3673 863 etjus-

2026 873 2084 922 ta
2101 871 2319 925 oratori
2346 888 2522 927 causa
2551 873 2680 941 fuit,
2706 881 2771 930 ut
2817 876 3098 948 populum
3146 880 3218 934 ad
3256 881 3666 952 pcenitentiam

2018 955 2568 1032 hortaretur,eaque
2592 963 2772 1017 Deum
2795 974 3226 1036 permoverent,
3259 964 3350 1020 ’ἕνα
3381 967 3667 1041 πολέμους

2017 1043 2271 1120 ἀφανίσῃ,
2306 1048 2392 1101 καὶ
2459 1044 2764 1125 βαρϐάρους
2821 1047 3008 1126 σϐέσῃ.
3073 1057 3187 1111 Sed
3246 1062 3304 1111 et
3358 1073 3492 1113 cum
3540 1058 3670 1129 jam

2019 1137 2618 1210 Constantinopoleos
2646 1142 2958 1215 episcopus
2977 1151 3209 1200 creatus
3231 1146 3666 1215 fuisset,Gainaa

2019 1223 2254 1282 barbari
2291 1229 2560 1299 tyrannis
2594 1232 2806 1302 erupit,
2844 1233 2942 1302 qui
2974 1234 3294 1289 Gothorum
3327 1237 3666 1291 universam

2016 1319 2252 1384 gentem
2285 1333 2314 1371 e
2348 1317 2587 1373 sedibus
2610 1320 2732 1375 suis
2781 1322 3007 1389 accivit,
3042 1329 3101 1377 et
3131 1326 3426 1380 Romanos
3458 1342 3666 1382 omnes

2017 1403 2396 1460 multitudine
2411 1405 2797 1463 barbarorum
2815 1411 3199 1482 terruit,quos
3219 1415 3396 1469 etiam
3412 1415 3472 1469 in
3488 1416 3501 1469 i
3510 1432 3670 1487 psam

2016 1492 2227 1548 urbem
2259 1494 2830 1568 Constantinopolim
2855 1500 3105 1566 induxit,
3138 1500 3227 1554 καὶ
3274 1497 3665 1576 βεϐαρϐάρωτο

2015 1583 2050 1648 ἡ
2083 1579 2246 1642 πόλις
2279 1582 2382 1636 ὑπο
2404 1589 2512 1638 τῶν
2550 1584 2777 1640 πολλῶν
2813 1585 3108 1660 μυριάδων,
3143 1597 3210 1645 ut
3264 1593 3528 1663 loquitur
3557 1595 3664 1650 SO-

2015 1676 2226 1727 crates.
2260 1675 2419 1729 Tunc
2450 1675 2631 1730 fuisse
2675 1677 2928 1732 traditur
2975 1679 3077 1734 illa
3128 1680 3468 1753 angelorum
3500 1683 3666 1752 visio,

244 1757 446 1811 hortes
506 1755 910 1824 conculcatas,
964 1762 1022 1810 et
1077 1754 1355 1810 Davidem
1395 1771 1529 1808 vere
1564 1753 1901 1808 dicentem:

2015 1780 2147 1834 quae
2177 1764 2571 1820 barbarorum
2606 1774 2852 1824 conatus
2882 1772 3168 1841 repressit
3199 1772 3390 1827 :unde
3413 1773 3666 1829 fortasse

243 1869 269 1896 «ι
287 1846 634 1914 Domine,in
647 1847 881 1900 civitate
897 1851 996 1900 tua
1009 1845 1325 1916 imaginem
1346 1861 1550 1899 eorum
1564 1843 1636 1898 ad
1654 1841 1904 1897 nihilum

241 1934 481 2005 rediges
506 1934 572 1988 1³.
613 1955 640 1983 ››
673 1935 811 1998 Quae
846 1951 954 1988 nos
986 1933 1046 1987 in
1079 1933 1287 1988 eadem
1314 1933 1581 1987 oratione
1605 1932 1687 1986 ita
1707 1931 1902 1985 Graece

237 2022 502 2094 legimus
527 2028 540 2051 ‘
569 2020 714 2094 Ἐγὼ
744 2020 836 2074 καὶ
868 2022 967 2088 τήν
1001 2019 1308 2094 κῃρόχυτον
1361 2039 1503 2093 γραφ
1519 2020 1582 2086 ἠν
1625 2019 1906 2092 ’ἠγάπησα

239 2105 522 2170 εὐσεϐείας
581 2109 1055 2183 πεπληρωμένην·
1116 2107 1257 2163 εἶδον
1317 2107 1368 2163 ἐν
1438 2107 1601 2162 εἰκόνι
1678 2105 1906 2183 ἄγγελον

236 2198 547 2254 ἐλαύνοντα
571 2201 708 2277 νέφη
759 2195 1070 2274 βαρϐάρων,
1126 2195 1274 2253 sitio:
1332 2196 1648 2270 πατούμενα
1700 2192 1902 2272 βαρϐά-

240 2310 351 2362 ρων
414 2285 588 2363 φῦλα,
643 2289 731 2342 καὶ
795 2288 887 2342 τὸν
946 2284 1110 2342 Δαϐὶδ
1161 2285 1524 2357 ἀληθεύοντα,
1559 2286 1724 2362 Κύριε
1750 2288 1801 2341 ἐν
1832 2293 1902 2362 τῇ

234 2377 403 2434 πόλει
439 2399 540 2432 σου
571 2379 672 2446 τήν
704 2377 885 2432 εἰκόνα
934 2377 1097 2432 αὐτοῦ
1153 2373 1546 2447 ἐξουδενώσεες.
1606 2379 1902 2433 Paucissi—

236 2486 349 2526 mae
376 2488 528 2526 sane
554 2472 610 2526 S.
647 2471 1049 2541 Chrysostomi
1099 2470 1398 2525 orationes
1431 2474 1590 2538 sunt,
1639 2487 1744 2540 pro
1777 2470 1904 2540 qui-

240 2559 351 2615 bus
387 2566 478 2615 tot
508 2577 580 2616 ac
613 2566 734 2615 tam
765 2565 995 2614 vetusta
1026 2559 1368 2614 testimonia
1398 2558 1598 2614 afferri
1629 2563 1898 2630 possunt.

308 2650 482 2715 Quod
514 2650 590 2705 ad
614 2649 831 2722 stylum
865 2650 1160 2718 attinet,et
1190 2648 1423 2704 dicendi
1475 2649 1900 2717 characterem,

241 2757 364 2795 non
400 2740 578 2795 facile
607 2741 704 2794 hic
725 2738 952 2808 aliquid
983 2745 1040 2792 et
1059 2737 1233 2793 simul
1255 2742 1416 2793 certo
1430 2737 1665 2792 deliniri
1685 2741 1902 2808 potest;

245 2831 533 2901 quoniam
567 2830 758 2884 oratio
791 2829 920 2899 ipsa
959 2845 1077 2883 non
1108 2834 1198 2883 est
1227 2828 1370 2883 satis
1398 2828 1758 2898 integra,sed
1780 2827 1903 2898 plu-

242 2920 407 2975 ribus
442 2921 505 2974 in
536 2919 684 2974 locis
706 2923 1003 2989 corrupta,
1023 2934 1217 2988 neque
1258 2918 1420 2972 enim
1451 2917 1690 2972 aliunde
1719 2933 1904 2971 venu-

239 3016 358 3065 stas
391 3008 926 3079 Chrysostomiana
953 3006 1098 3062 mihi
1124 3007 1331 3063 deesse
1353 3006 1601 3063 videtur.
1637 3009 1712 3062 De
1756 3006 1902 3062 alle-

238 3100 428 3172 goriis
476 3115 586 3154 cur
639 3102 966 3168 querantur
1025 3113 1146 3151 non
1179 3096 1400 3151 habent
1431 3096 1549 3150 illis
1581 3096 1741 3150 enim
1773 3101 1899 3150 tum

233 3197 470 3246 tantum
491 3188 642 3243 adeo
663 3188 1008 3258 frequenter
1022 3187 1228 3254 utitur,
1253 3185 1461 3242 cumid
1479 3190 1895 3257 argumentum

227 3280 521 3350 postulat,
555 3277 800 3345 scilicet,
833 3293 970 3332 cum
1003 3276 1075 3330 de
1108 3276 1480 3330 vestimentis
1523 3273 1892 3330 sacerdotum

231 3372 370 3440 agit.
408 3367 584 3432 Quod
615 3365 906 3436 objiciant
937 3365 1091 3420 idem
1121 3365 1194 3419 de
1227 3365 1402 3419 unico
1439 3364 1775 3436 legislatore
1804 3380 1900 3418 ar—

234 3465 596 3531 gumentum
625 3456 683 3509 in
707 3455 1006 3527 germanis
1024 3455 1152 3525 ejus
1168 3455 1404 3524 scriptis
1426 3454 1643 3524 saepius
1667 3453 1897 3525 egregie

228 3546 567 3618 γ-δμνασθὲν,
597 3544 692 3598 hic
732 3549 932 3598 autem
979 3543 1070 3597 vix
1102 3543 1282 3613 idque
1315 3542 1524 3613 frigide
1557 3543 1765 3613 attingi
1803 3541 1900 3609 gid

235 3637 439 3707 potius
473 3634 806 3688 orationem
833 3633 1250 3702 Chrysostomo
1281 3631 1556 3698 vindicat,
1582 3648 1762 3702 quam
1793 3631 1897 3685 ab-

230 3726 470 3796 judicat
504 3740 517 3776 :
555 3739 675 3777 una
697 3723 856 3777 enim
883 3727 1108 3776 tantum
1142 3738 1211 3776 ex
1245 3721 1434 3776 tribus
1462 3720 1729 3791 partibus
1761 3721 1898 3774 huic

240 3817 600 3882 argumento
627 3811 690 3864 in
718 3810 832 3864 hoc
858 3809 1054 3864 libello
1075 3809 1529 3880 impenditur,et
1550 3815 1756 3863 auctor
1775 3809 1899 3878 ipse

241 3906 448 3956 monet
477 3900 553 3954 de
580 3900 690 3954 hac
722 3915 782 3952 re
814 3915 875 3953 se
913 3899 1076 3969 prius
1109 3897 1488 3965 disseruisse,
1522 3903 1581 3951 et
1639 3913 1710 3952 ea
1767 3913 1898 3966 quae

238 3994 403 4060 prius
437 3989 602 4044 dicta
631 3995 799 4042 erant
831 3986 1242 4042 tantummodo
1273 3987 1335 4040 in
1366 3987 1716 4040 memoriam
1743 4003 1902 4041 nunc

236 4096 516 4135 revocare
544 4096 556 4132 :
604 4073 760 4144 Οἶδά,
786 4077 1003 4146 inquit,
1037 4078 1227 4129 τοῦτον
1271 4075 1465 4147 πρώην
1506 4074 1778 4148 γυμνάσας
1808 4075 1900 4128 τὸν

237 4168 428 4244 λόγον,
463 4165 594 4221 ἀλλ’
629 4161 1071 4237 ἐπαναλαμϐάνω
1105 4166 1238 4237 πρὸς
1274 4164 1776 4235 ὑπόμνησιν.ουοᾶ
1799 4167 1896 4220 de-

235 4261 416 4330 nique
441 4258 731 4328 scriptam
754 4257 936 4311 velint
960 4256 1289 4310 orationem
1303 4255 1457 4309 hanc
1487 4277 1504 4300 α
1534 4255 1898 4308 imminenti-

237 4349 533 4404 busexitio
549 4345 844 4402 orientalis
861 4345 1084 4415 imperii
1098 4344 1364 4398 barbaris
1381 4343 1904 4414 nationibus,quod

239 4439 298 4493 in
321 4445 596 4508 tempora
609 4435 1010 4506 Chrysostomi
1029 4433 1120 4486 vix
1136 4431 1428 4504 quadrare
1447 4437 1640 4502 potest
1655 4449 1702 4485 :n
1719 4431 1777 4485 id
1792 4448 1900 4488 om—

2017 1854 2231 1923 exponi
2255 1859 2450 1925 potest
2474 1855 2656 1930 γραφὴ
2691 1856 3025 1930 κηρόχυτος,
3054 1876 3184 1929 quas
3235 1861 3344 1914 hac
3374 1862 3503 1931 ipsa
3531 1878 3666 1917 ora-

2019 1941 2176 1995 tione
2210 1943 2715 2014 proponitnr.Non
2746 1951 2872 2001 erat
2902 1947 3101 2019 igitur,
3135 1965 3241 2003 cur
3270 1949 3423 2004 hanc
3482 1965 3661 2005 unam

2015 2029 2442 2086 Savilianarum
2473 2033 2768 2089 rationum
2799 2036 3075 2092 recitaret
3105 2038 3535 2095 Armachanus.

2085 2120 2231 2172 Cum
2263 2124 2462 2173 autem
2511 2122 2873 2177 reverendus
2925 2140 3107 2178 senex
3141 2124 3413 2180 Usserius
3471 2126 3665 2182 adhuc

2016 2206 2194 2260 etiam
2225 2209 2583 2279 conjecturis
2602 2212 2724 2265 suis
2752 2212 3087 2279 indulserit,
3122 2214 3554 2270 etdubitaverit
3583 2232 3660 2271 an

2014 2295 2086 2349 ab
2117 2301 2357 2352 auctore
2389 2298 2696 2369 orationis,
2728 2317 2804 2355 an
2835 2301 2906 2355 ab
2961 2301 3386 2374 interpolatore
3426 2320 3497 2359 ea
3527 2320 3664 2374 quas

2012 2385 2368 2455 protulimus
2399 2388 2557 2444 dicta
2587 2389 2727 2456 sint,
2761 2391 2887 2444 haec
2911 2407 2946 2445 a
2975 2391 3146 2447 nobis
3179 2392 3364 2448 multo
3397 2395 3660 2449 severius

2013 2476 2409 2532 examinanda
2438 2483 2594 2532 sunt.
2626 2501 2652 2529 «
2687 2481 2751 2534 In
2786 2483 3069 2547 Romana,
3095 2483 3310 2553 inquit,
3344 2485 3662 2540 cardinalis

2014 2563 2208 2618 Sirleti
2233 2570 2290 2620 et
2310 2566 2619 2622 Basiliensi
2655 2569 2742 2625 Jo.
2767 2570 2968 2624 Jacobi
2992 2572 3233 2626 Beureri
3255 2573 3514 2629 editione
3547 2575 3660 2628 ista

2011 2668 2130 2707 non
2149 2653 2641 2712 habentur.»ch
2664 2659 2824 2712 enim
2845 2675 2965 2714 non
2985 2667 3121 2714 sunt
3144 2661 3259 2716 duo
3283 2663 3667 2734 exemplaria,

2011 2741 2114 2796 sed
2131 2759 2320 2798 unum
2343 2746 2822 2811 tantum;Sirleti
2858 2749 3018 2802 enim
3041 2750 3239 2805 Graeca
3269 2767 3403 2804 cum
3445 2751 3666 2805 Latinis

2013 2831 2252 2886 Beureri
2286 2833 2527 2888 Basileze
2550 2834 2707 2890 edita
2737 2841 2876 2890 sunt
2910 2837 3038 2891 sine
3082 2854 3192 2908 ope
3225 2838 3470 2893 alterius
3504 2840 3667 2894 codi-

2012 2920 2096 2974 cis
2125 2936 2137 2974 :
2171 2926 2229 2975 et
2259 2923 2548 2978 Beurerus
2579 2924 2704 2996 ipse
2752 2926 3139 2997 conqueritur
3184 2927 3483 2998 exemplar
3514 2928 3664 2983 illud

2012 3012 2341 3066 Romanum
2355 3012 2535 3068 fuisse
2557 3015 2838 3070 mendose
2854 3015 3293 3088 etnegligenter
3305 3017 3664 3088 descriptum

2015 3107 2072 3155 et
2100 3102 2314 3156 alicubi
2347 3102 2572 3158 lacunis
2623 3103 2814 3160 hians.
2852 3106 3114 3161 Lacunas
3148 3107 3282 3161 illas
3306 3108 3368 3161 D.
3410 3108 3662 3162 Savilius

1960 3183 1972 3202 ⁸
2013 3206 2083 3244 ex
2103 3191 2368 3245 Caesareo
2392 3191 2594 3247 codice
2616 3193 3106 3264 supplevit.Nulla
3133 3196 3332 3266 itaque
3353 3197 3447 3250 hic
3471 3196 3541 3251 de
3564 3197 3656 3251 in-

2008 3279 2368 3350 terpolatore
2382 3281 2548 3351 justa
2570 3282 2922 3352 suspicio.In
2937 3285 3202 3340 Romano
3217 3285 3418 3339 codice
3433 3286 3666 3356 aliquot

2010 3367 2269 3440 pagellas
2292 3368 2497 3424 deesse
2523 3371 2744 3425 notavit
2766 3371 3110 3438 D.Savilius;
3134 3373 3310 3442 idque
3342 3374 3661 3430 manifesto

2011 3473 2080 3511 ex
2110 3457 2238 3528 ipso
2270 3458 2400 3513 loco
2434 3459 2930 3530 deprehenditur.
2976 3462 3063 3516 Ita
3086 3462 3244 3515 enim
3303 3463 3458 3533 apud
3493 3463 3665 3518 Sirle-

2010 3551 2136 3599 tum
2170 3551 2226 3599 et
2253 3547 2577 3602 Beurerum
2608 3546 2949 3620 legebatur:
2976 3545 3197 3603 Κελεύει
3231 3549 3320 3602 οὗν
3356 3550 3454 3616 τήν
3489 3570 3656 3628 κεφα-

2013 3634 2114 3702 λὴν
2148 3636 2224 3707 μή
2264 3637 2396 3690 εἶναι
2427 3638 2665 3713 γυμνὴν,
2697 3636 2841 3692 ἀλλὰ
2864 3637 3308 3712 κεκαλυμμὲιιην,
3355 3639 3447 3692 ἳνα
3481 3641 3654 3712 μάθῃς

2007 3722 2058 3778 τί
2089 3725 2176 3778 καὶ
2208 3725 2401 3796 μεταξὺ
2431 3725 2638 3781 τούτων
2668 3727 2718 3780 οἱ
2750 3724 3092 3797 κώδωνες,ἱά
3125 3735 3212 3785 est
3235 3729 3453 3799 «jubet
3483 3737 3658 3800 caput

2011 3815 2256 3870 minime
2289 3833 2416 3871 esse
2451 3817 2673 3872 nudum
2706 3817 2808 3872 sed
2839 3825 3205 3889 coopertum,
3239 3824 3304 3874 ut
3333 3818 3482 3873 scias
3514 3819 3658 3889 quid

2012 3905 2189 3959 etiam
2210 3905 2362 3960 inter
2385 3906 2510 3961 haec
2533 3906 2949 3962 tintinnabula.
2964 3908 3134 3972 «Quis
3148 3912 3345 3962 autem
3361 3924 3479 3962 non
3499 3907 3660 3962 videt

2010 3993 2339 4064 posteriora
2368 3995 2545 4066 hujus
2563 3997 2870 4051 sententia:
2888 4013 2922 4051 a
2942 3996 3241 4068 prioribns
3267 4001 3385 4050 toto
3402 3997 3547 4051 ccelo
3568 3996 3626 4050 di
3641 4026 3660 4038 -

2013 4090 2167 4140 stare
2185 4085 2212 4139 ‘I
2231 4085 2370 4149 Quis
2393 4102 2511 4140 non
2527 4086 2725 4141 statim
2755 4087 3132 4157 persentiscit
3152 4085 3378 4156 aliquot
3401 4085 3661 4156 pagellas

2013 4173 2218 4229 deesse
2251 4175 2407 4230 inter
2430 4171 2524 4227 τίνα
2558 4175 2735 4247 μάθῃς
2769 4180 2828 4228 et
2857 4173 2908 4227 τί
2950 4173 3039 4228 καὶ
3071 4175 3098 4230 ?
3156 4174 3313 4245 Quod
3364 4175 3662 4230 veteribus

2013 4278 2155 4318 mss.
2189 4279 2474 4334 perquam
2508 4263 2797 4318 familiare
2829 4262 3054 4318 est.Ubi
3077 4263 3237 4317 enim
3266 4262 3545 4318 librarius
3567 4262 3664 4318 in-

2015 4351 2158 4407 cidit
2198 4353 2257 4406 in
2281 4352 2543 4406 codicem
2579 4368 2648 4406 ex
2669 4369 2784 4423 quo
2810 4369 2927 4406 una
2961 4353 3047 4406 vel
3081 4352 3280 4423 plures
3311 4353 3664 4425 paginaifor-

2015 4445 2071 4495 te
2104 4441 2309 4495 excisa:
2337 4447 2495 4504 sunt,
2524 4447 2626 4495 aut
2677 4458 2796 4496 non
2850 4441 3349 4508 animadvertens,
3383 4448 3484 4497 aut
3512 4441 3662 4498 nihil

240 4529 379 4582 Πίου
403 4531 524 4580 Vim
548 4525 777 4579 “uuam
801 4524 998 4577 habet
1030 4522 1158 4576 Non
1188 4537 1378 4592 Pauca
1408 4538 1441 4574 θ
1465 4519 1890 4592 ΟῘΠὙεοείοωο
1930 4506 1975 4570 D
2008 4547 2250 4597 curans,
2285 4532 2481 4586 omnia
2510 4531 2716 4586 eodem
2747 4537 2952 4587 tenore
2985 4532 3137 4587 solet
3161 4532 3498 4588 describere
3526 4551 3538 4586 :
3574 4532 3665 4586 id-

243 4618 497 4672 diacono
524 4616 747 4685 scripta
769 4611 1222 4679 sunt,nonnulla
1246 4612 1423 4666 etiam
1443 4610 1514 4665 ab
1539 4615 1896 4682 Anagnoste.

244 4708 400 4760 Tunc
433 4723 466 4760 a
497 4713 637 4758 .tein
673 4703 885 4758 Valens
910 4702 1230 4772 imperator
1251 4699 1364 4754 fuit
1382 4698 1897 4766 Antiochiae,unde

243 4796 575 4849 accersitus
607 4789 1187 4860 Constantinopolim
1210 4790 1423 4859 pergit,
1485 4788 1582 4842 ubi
1615 4787 1899 4859 populum

243 4891 700 4939 consternatum
728 4881 971 4952 reperit,
1005 4877 1054 4931 οἰ
1087 4877 1192 4951 γὰρ
1227 4870 1493 4950 βάρϐαροι
1524 4872 1901 4950 καταδραμόν-

244 4994 326 5033 τες
361 4974 465 5039 τήν
499 4969 716 5042 Θρᾴκην
753 4966 862 5036 ἠδη
896 4967 984 5021 καὶ
1043 4966 1108 5021 τὰ
1165 4965 1462 5038 προάστεια
1507 4961 1769 5036 ἐπόρθουν
1803 4970 1902 5032 τῆς

244 5059 660 5118 Κωιισταντῖνου
691 5056 909 5118 πόλεως
938 5074 950 5111 :
980 5079 1008 5105 κ
1036 5073 1175 5112 nam
1197 5055 1704 5127 barbari,quijam
1727 5057 1902 5114 Thra-

244 5153 389 5206 ciam
424 5147 770 5222 depopulati
794 5147 1050 5211 fuerant,
1068 5146 1198 5216 ipsa
1221 5161 1457 5215 quoque
1485 5145 1898 5202 Constantino-

243 5241 440 5310 poleos
474 5239 827 5294 suburbana
843 5235 1150 5290 vastabant
1170 5249 1184 5299 ;
1207 5255 1229 5285 ι
1257 5250 1512 5303 cumque
1539 5234 1611 5289 iis
1634 5252 1903 5307 congres-

242 5345 339 5384 sus
357 5330 580 5384 Valens
613 5327 812 5399 periit,
841 5326 1110 5380 Socrates
1146 5323 1248 5377 lib.
1298 5339 1371 5391 ιν,
1406 5339 1456 5377 c.
1491 5323 1580 5377 38.
1612 5325 1754 5378 Post
1781 5325 1902 5379 dis-

243 5434 472 5473 cessum
505 5418 690 5472 etiam
723 5413 984 5469 Valentis
1016 5411 1090 5468 ab
1140 5410 1472 5466 Antiochia
1502 5412 1703 5467 statim
1733 5414 1903 5470 Sara-

312 5596 352 5630 "
372 5595 526 5652 Psal.
552 5610 734 5659 Lxxn,
768 5593 858 5646 20.

2011 4635 2124 4688 que
2156 4637 2275 4674 non
2316 4619 2376 4674 in
2409 4619 2618 4675 eodem
2641 4637 2815 4691 opere
2833 4620 3377 4685 tantummodo,sed
3405 4622 3582 4676 etiam
3605 4621 3664 4674 in

2011 4707 2257 4762 diversis
2271 4707 2481 4763 eodem
2494 4709 2792 4764 volumine
2809 4709 3255 4781 comprehensis
3274 4726 3428 4780 saepe
3443 4709 3663 4763 factum

2011 4801 2122 4863 est,
2155 4796 2259 4851 ubi
2313 4797 2451 4852 finis
2508 4799 2707 4864 unius,
2770 4799 3006 4853 initium
3067 4806 3266 4854 autem
3299 4798 3545 4853 alterius
3591 4796 3664 4850 ab

2011 4883 2338 4954 exemplari
2374 4883 2764 4940 describendo
2800 4886 2966 4957 prius
2999 4886 3261 4940 excisum
3297 4888 3405 4937 est.
3437 4883 3559 4936 Hoc
3604 4883 3665 4935 in

2011 4971 2278 5042 epistolis
2300 4971 2607 5043 Polycarpi
2632 4978 2688 5027 et
2711 4973 2989 5028 Barnabas
3013 4973 3122 5025 viri
3147 4967 3667 5040 doctijampridem

2012 5061 2572 5132 deprehenderunt:
2599 5063 2709 5117 hoc
2743 5063 2867 5133 ipse
2901 5063 2959 5115 in
3003 5078 3142 5116 mss.
3179 5061 3414 5114 Thomae
3449 5058 3664 5128 magis-

2012 5151 2109 5214 tri,
2145 5155 2202 5204 et
2232 5149 2524 5205 Theodori
2571 5150 2995 5221 pmnitentialis
3019 5148 3342 5215 observavi,
3377 5148 3476 5218 qui
3510 5147 3666 5216 apud

2013 5244 2250 5294 nostros
2291 5238 2809 5309 Cantabrigienses
2842 5244 3237 5293 asservantur.
3289 5236 3433 5290 Cum
3484 5235 3669 5306 igitur

2014 5326 2196 5382 editio
2231 5327 2294 5380 D.
2329 5326 2536 5379 Savilii
2570 5332 2690 5381 tam
2734 5327 2888 5382 clare
2911 5327 3430 5396 atqueperspicue
3464 5325 3668 5380 omnia

2016 5414 2381 5487 suppleat,ut
2416 5415 2578 5485 prior
2607 5432 2744 5485 pars
2761 5416 3072 5470 sententiae
3102 5420 3222 5470 tam
3255 5413 3668 5471 inconditaeiis
