3990 6136
220 306 322 371 201

983 300 1040 365 J.
1085 295 1506 363 PEARSONII
1549 293 1923 366 VINDICLE
1962 298 2432 366 IGNATIANIE.
2479 338 2558 351 —
2597 295 2804 367 PARS
2847 303 2900 366 Ι.

3532 302 3651 365 202

227 440 422 502 loanni
475 439 920 514 Chrysostomo
959 435 1241 494 attributa
1302 435 1416 492 fuit
1445 447 1460 502 ;
1501 450 1750 508 eamque
1782 452 1879 508 po-
1910 437 1964 505 Α
1991 437 2193 494 Jobius
2222 442 2550 497 monachus
2578 439 2976 512 videatur,qui
3003 438 3357 513 Dionysium
3381 403 3646 512 Areopa-

232 535 342 590 tius
369 532 580 589 Joanni
612 533 923 586 Nesteutaa
953 526 1326 583 tribuendam
1357 530 1526 598 putat
1565 526 1835 582 Usserius
1869 541 1882 582 :

240 640 426 696 neque
456 621 665 676 dubito
696 620 851 692 quin
884 623 1059 674 recte.
1093 620 1238 673 Nam
1263 633 1332 673 ea
1363 633 1494 689 quas
1525 617 1887 683 continet,et

242 713 632 788 patriarcham
658 711 995 783 sapiunt,et
1022 706 1276 763 Mauritii
1309 713 1542 763 atatem
1565 707 1890 778 prmferunt

245 821 356 876 qua
384 807 470 857 tot
495 802 762 856 haereses
795 798 1170 871 pullulabant
1203 815 1215 864 ;
1250 790 1308 852 e't
1351 796 1542 852 libera
1580 796 1685 852 illa
1715 803 1892 868 atque

248 908 447 949 severa
476 889 816 962 objurgatio
851 886 1454 960 episcoporum,quod
1482 885 1672 940 ventri
1706 885 1890 940 dediti

241 988 522 1050 essent,et
543 981 702 1054 quod
734 978 1242 1051 splendidioribus
1270 977 1532 1032 vestibus
1562 981 1891 1045 uterentur,

245 1075 333 1130 illi
364 1075 424 1129 in
449 1071 657 1146 primis
678 1072 980 1126 Nesteutae
1012 1067 1414 1138 convenit.qui
1447 1083 1506 1122 se
1538 1065 1894 1122 inediisma-

247 1165 504 1232 cerabat,
535 1177 649 1219 nec
681 1159 1098 1218 monachalem
1131 1158 1400 1215 habitum
1424 1175 1688 1230 unquam
1714 1173 1893 1214 exue-

247 1258 366 1314 bat.

311 1349 434 1402 Imo
469 1345 573 1401 diu
600 1347 739 1400 ante
780 1341 1090 1398 Leontium
1121 1344 1181 1397 et
1232 1342 1517 1396 Joannem
1544 1341 1895 1395 Nesteutam

244 1435 597 1507 Dionysium
628 1431 1044 1506 Areopagitam
1078 1431 1311 1504 agnovit
1351 1428 1740 1503 Ephraemius
1789 1444 1894 1500 pa-

245 1526 510 1583 triarcha
535 1522 1035 1591 Antiochenus,in
1057 1520 1196 1576 libri
1229 1519 1543 1592 cujusdam
1568 1519 1740 1574 tertio
1767 1522 1895 1573 tra-

243 1622 427 1687 ctatu,
462 1615 565 1687 qui
590 1613 926 1686 apologiam
947 1611 1185 1668 concilii
1202 1609 1700 1666 Chalcedonensis
1718 1607 1901 1664 conti-

238 1707 446 1764 nebat.
479 1705 592 1761 Ubi
626 1703 963 1759 necessario
1003 1701 1286 1757 lectorem
1335 1699 1702 1755 monendum
1732 1696 1894 1766 duxi,

2001 529 2180 602 gitam
2206 532 2402 604 magni
2426 531 2596 597 fecit;
2630 548 2769 586 nam
2801 549 2934 586 cum
2968 531 3021 587 S.
3053 531 3219 586 Pauli
3239 532 3644 588 testimonium

2001 619 2150 676 forte
2183 620 2544 690 adduxisset,
2578 622 2779 676 statim
2811 621 3120 692 subjunxit
3161 637 3173 675 :
3211 619 3314 674 Καὶ
3347 621 3374 674 6
3426 622 3649 695 γνήσιος

2004 705 2061 763 δὲ
2089 709 2288 765 τούτου
2323 712 2598 785 μαθητὴς,
2628 712 2655 765 ὁ
2716 711 2879 787 σοφὸς
2912 712 3212 782 Διονύσιος,
3270 712 3338 765 τὰ
3365 711 3498 766 αὐτὰ
3555 712 3648 766 καὶ

2000 804 2116 862 τοῖς
2143 800 2332 862 αὐτοῖς
2369 805 2566 874 μικροῦ
2599 799 3036 875 διαμαρτύρεται
3095 801 3326 874 ῥήμασι,
3359 802 3447 856 καὶ
3483 800 3651 874 μάλι-

2004 890 2100 946 στά
2129 912 2192 966 γε
2223 891 2273 946 ἐν
2306 897 2424 956 τοῖς
2454 893 2578 968 περὶ
2606 897 2705 946 τοῦ
2736 891 2948 946 τελείου
2975 893 3064 944 καὶ
3097 892 3211 954 ἑνός
3241 910 3254 948 :
3289 915 3314 945 α
3347 895 3651 966 Hujusque

2004 999 2321 1055 germanus
2348 984 2940 1055 discipulussapiens
2967 983 3061 1038 ille
3097 985 3545 1056 Dionysius,ead
3558 1001 3651 1040 em

2005 1077 2063 1126 et
2094 1073 2304 1128 iisdem
2325 1074 2755 1146 propemodum
2781 1077 3031 1127 testatur
3053 1074 3530 1140 verbis,maxime
3551 1074 3650 1128 ubi

2005 1160 2078 1217 de
2108 1164 2368 1234 perfecto
2401 1169 2580 1235 atque
2612 1181 2731 1238 uno
2757 1163 2898 1236 agit,
2935 1188 2956 1214 ι›
2993 1165 3104 1218 hoc
3155 1168 3262 1230 est,
3297 1163 3358 1217 in
3389 1168 3654 1218 extremo

2006 1253 2199 1324 capite
2248 1252 2385 1307 libri
2419 1255 2494 1308 De
2550 1252 2754 1308 divinis
2806 1253 3118 1307 nominibus
3148 1270 3168 1315 ;
3203 1252 3359 1324 quod
3391 1258 3590 1307 tamen
3622 1269 3656 1308 a

2008 1344 2208 1411 Suida,
2262 1345 2364 1416 qui
2394 1345 2574 1417 hujus
2605 1344 2737 1400 libri
2769 1349 2967 1416 partes
2998 1344 3088 1400 bis
3119 1349 3450 1410 enumerat,
3479 1347 3652 1401 utro-

2005 1433 2185 1506 bique
2217 1434 2530 1492 omittitur.

2078 1524 2343 1580 Andreas
2366 1523 2758 1580 Caesareensis
2792 1525 3125 1597 episcopus,
3151 1525 3236 1580 vir
3265 1525 3456 1599 gravis
3479 1529 3537 1581 et
3558 1541 3654 1582 ca-

2010 1613 2290 1682 tholicus,
2324 1614 2835 1670 consentientibus
2868 1614 3222 1670 Bellarmino
3281 1620 3338 1671 et
3395 1617 3652 1686 Usserio,

2009 1703 2166 1759 circa
2187 1719 2410 1758 annum
2439 1703 2983 1775 quingentesimum
3003 1705 3239 1777 scripsit
3260 1721 3273 1759 :
3298 1711 3455 1761 certe
3471 1695 3656 1761 nemi—

234 1798 464 1853 librum
489 1812 629 1850 eum
661 1811 780 1849 non
804 1792 987 1848 fuisse
1010 1791 1079 1846 de
1113 1789 1297 1846 sacris
1319 1789 1643 1889 Antiochiaa
1668 1787 1897 1896 l‘egibtls
1929 1827 1976 1896 Β
2009 1810 2146 1848 nem
2177 1792 2320 1848 citat
2350 1792 2450 1864 qui
2481 1792 2659 1848 fuerit
2681 1794 2734 1847 S.
2768 1793 3229 1865 Cyrillojunior,
3248 1812 3358 1850 nec
3380 1797 3506 1867 ipse
3539 1797 3655 1866 Hy-

239 1887 700 1960 inscriptum,ut
728 1883 1022 1957 pessimus
1053 1880 1247 1937 Photii
1270 1881 1563 1952 interpres
1593 1876 1896 1944 indicavit,

238 1979 387 2034 dum
409 1978 543 2032 haec
572 1974 750 2029 verba
781 1990 796 2029 :
832 1969 1168 2047 Ἀνεγνώσθη
1204 1963 1424 2043 βιϐλίον
1463 1969 1562 2022 τοῦ
1618 1965 1785 2019 αὐτοῦ
1845 1963 1896 2018 ἐν

234 2067 424 2141 ἁγίοις
478 2063 838 2139 Ἐφραιμίου,
898 2059 955 2123 ὃς
1011 2063 1118 2115 τῶν
1178 2059 1340 2133 ἱερῶν
1398 2062 1497 2126 τῆς
1554 2052 1898 2130 Ἀντιοχείας

232 2159 459 2230 θεσμῶν
486 2155 702 2230 ἡγεῖτο,
736 2150 786 2206 ἐν
821 2149 1013 2227 λόγοις
1068 2147 1375 2225 τέσσαρσιν,
1422 2148 1506 2204 ita
1555 2145 1895 2202 transtulit:

231 2274 258 2300 ιτ
285 2249 427 2321 Legi
464 2245 736 2319 ejusdem
772 2243 961 2299 sancti
985 2241 1476 2298 alterumlibrum
1500 2239 1600 2312 qui
1621 2239 1692 2294 de
1715 2237 1899 2294 sacris

235 2338 581 2394 Antiochia;
605 2334 836 2407 legibus
858 2331 1257 2401 narrat,libris
1290 2335 1599 2402 quatuor,»
1633 2345 1768 2384 cum
1800 2327 1902 2382 illa

237 2428 424 2485 verba
452 2429 566 2480 τῶν
594 2425 756 2498 ἱερῶν
787 2429 888 2492 τῆς
920 2419 1258 2496 Ἀντιοχείας
1289 2421 1504 2492 Θεσμῶν
1567 2419 1755 2492 ἡγεῖτο
1808 2416 1902 2472 ni-

239 2519 322 2574 hil
358 2516 534 2574 aliud
555 2515 823 2570 indicent
842 2529 1018 2585 quam
1046 2529 1182 2568 eum
1214 2511 1398 2567 fuisse
1422 2508 1752 2565 Antiochia
1777 2507 1903 2579 epi-

242 2624 522 2680 scopum.
559 2605 626 2661 In
680 2604 785 2659 illa
811 2604 990 2677 igitur
1019 2601 1289 2674 apologia
1318 2598 1727 2672 Ephraemius,
1752 2600 1900 2652 teste

241 2697 460 2754 Photio
495 2694 703 2751 codice
733 2696 837 2747 229
872 2709 886 2748 :
919 2693 1064 2759 Ὅτι,
1098 2691 1283 2766 φησὶν,
1309 2685 1364 2743 ἓν
1397 2688 1712 2762 πρόσωπον,
1745 2705 1904 2740 τουτ-

248 2787 362 2840 ἑστι
398 2784 532 2858 μίαν
590 2783 884 2838 ὑπόστασιν
942 2783 1040 2834 τοῦ
1098 2779 1274 2852 Λόγου
1325 2774 1742 2853 σεσαρκωμένην
1809 2795 1904 2844 κη-

249 2876 546 2949 ρῦττομεν·
581 2869 770 2941 ἐπειδή
804 2869 894 2924 καὶ
926 2866 1136 2930 ἁπλοῦς
1192 2871 1408 2939 Ἰησοῦς
1467 2865 1737 2936 συνετέθη,
1769 2862 1906 2919 κατὰ

247 2968 338 3020 τὸν
373 2965 430 3021 ἐν
502 2965 688 3038 ἁγίοις
747 2958 1150 3037 Ἀρεοπαγίτην
1203 2955 1503 3013 Διονύσιον.
1545 2957 1642 3010 Καὶ
1687 2954 1772 3011 ἐπὶ
1809 2955 1902 3026 μὲν

244 3063 345 3125 τῆς
376 3060 500 3117 καθ’
525 3053 818 3108 ὑπόστασιν
839 3050 1082 3111 ὲνώσειυς
1105 3045 1326 3109 δικαίως
1357 3046 1502 3122 παρᾶ
1517 3052 1616 3115 τῆς
1631 3038 1905 3104 εὐσεϐείας

242 3147 306 3200 τὸ
339 3145 599 3199 σῦνθετον
630 3141 870 3217 λέγεται’
905 3138 1152 3201 σύνθετον
1187 3133 1247 3191 δὲ
1281 3135 1466 3191 οὐσίαν
1499 3131 1683 3196 οὐδεὶς
1737 3131 1906 3187 εἰπεῖν

2011 1883 2396 1956 patiojunior
2423 1882 2783 1938 videtur.llle
2810 1890 3008 1938 autem
3041 1884 3100 1938 in
3129 1885 3525 1957 Apocalypsin
3555 1901 3655 1940 ca-

2009 1973 2128 2045 pite
2163 1975 2248 2040 10,
2288 1971 2359 2026 de
2392 1972 2552 2028 senis
2584 1971 2694 2028 alis
2753 1978 3008 2043 quatuor
3063 1974 3414 2030 animalium
3451 1992 3652 2048 agens,

2006 2060 2176 2116 ταῦτα
2209 2061 2236 2114 ὁ
2272 2059 2440 2138 μέγας
2472 2061 2604 2140 φησὶ
2640 2061 2951 2130 Δέονόσιος,
2983 2060 3073 2115 καὶ
3102 2063 3170 2117 τά
3199 2063 3344 2132 ἑξῆς,
3404 2065 3521 2122 hazc
3551 2065 3656 2137 ait,

2009 2167 2240 2222 magnus
2269 2153 2584 2225 Dionysius,
2622 2157 2730 2208 etc.
2765 2154 2834 2206 Et
2882 2153 3073 2225 capite
3109 2156 3192 2221 18,
3227 2153 3398 2208 docet
3429 2159 3656 2226 septem

2010 2242 2251 2314 angelos
2273 2257 2306 2298 a
2334 2242 2524 2314 primo
2550 2259 2754 2297 ansam
2786 2243 3146 2298 vaticinandi
3179 2243 3497 2315 accepisse,
3519 2243 3657 2297 κατὰ

2008 2331 2106 2400 τήν
2138 2335 2218 2403 τῷ
2253 2328 2501 2405 μακαρίῳ
2544 2329 2806 2402 Διονυσίῳ
2841 2328 3203 2404 διωρισμένην
3241 2330 3532 2406 ἀγγελικὴν
3567 2332 3654 2387 εὐ-

2007 2421 2244 2498 ταξίαν,σ
2271 2424 2598 2481 secundum
2629 2424 2963 2498 angelicum
2987 2425 3256 2480 ordinem
3280 2441 3314 2481 a
3331 2425 3500 2481 beato
3521 2426 3656 2482 Dio-

2011 2515 2180 2588 nysio
2213 2514 2652 2570 distributum.»
2674 2517 2743 2569 Et
2763 2532 2968 2570 rursus
2991 2515 3179 2587 capite
3197 2516 3524 2587 45,phialas
3554 2517 3662 2572 ob-

2012 2621 2252 2662 servans
2271 2621 2303 2660 a
2318 2610 2570 2676 quatuor
2601 2605 2961 2660 animalibus
2979 2610 3204 2678 septem
3229 2606 3450 2679 angelis
3469 2606 3656 2676 datas,

2014 2692 2202 2765 δηλοῖ,
2235 2694 2449 2766 inquit,
2483 2693 2544 2748 τὸ
2575 2690 2634 2748 ἔκ
2661 2697 2772 2747 τῶν
2831 2693 3064 2765 πρώτων
3099 2693 3180 2748 ἀεὶ
3233 2694 3309 2755 εἰς
3339 2693 3405 2749 τὰ
3436 2690 3658 2769 δεύτερα

2011 2782 2112 2851 τήν
2138 2784 2337 2855 γνῶσιν
2369 2783 2478 2834 τῶν
2512 2779 2796 2854 πρακτέων
2825 2777 2877 2833 ἐν
2909 2777 3156 2850 οὓρανοῖς
3182 2779 3658 2853 μετοχετεύεσθαι,

2013 2871 2151 2926 κατὰ
2177 2870 2268 2925 τὸν
2334 2869 2502 2943 μεγαν
2564 2868 2864 2939 Διονύσιον,
2899 2892 2928 2921 ‹‹
2961 2870 3256 2944 significat
3293 2871 3658 2943 agendorum

2014 2961 2287 3018 notitiam
2319 2961 2378 3016 in
2403 2960 2566 3016 cmlis
2599 2978 2632 3016 a
2662 2961 2870 3032 primis
2903 2961 2976 3016 ad
3008 2961 3268 3016 secunda
3288 2960 3663 3031 derivari,se-

2018 3051 2278 3107 cundum
2308 3066 2589 3122 magnum
2622 3051 2990 3121 Dionysium.
3029 3071 3056 3100 »
3112 3051 3244 3106 Haec
3276 3055 3473 3107 autem
3505 3051 3665 3107 clare

2027 3141 2354 3198 ostendunt
2383 3140 2704 3196 catholicos
2731 3140 3077 3206 nonnullos,
3113 3157 3232 3196 non
3263 3145 3492 3197 tantum
3533 3146 3670 3198 ante

237 3234 529 3307 ἐτόικμησε
560 3206 1189 3301 πλήνἉΑπολλιναρίω.
1218 3230 1356 3294 Qum
1387 3223 1897 3298 ineptissimusin-

2021 3248 2073 3288 a.
2105 3233 2171 3288 D.
2206 3233 2330 3297 630,
2357 3230 2460 3286 sed
2492 3234 2548 3286 et
2569 3247 2676 3302 per
2705 3235 2893 3286 totum
2919 3236 3150 3286 sextum
3174 3232 3458 3288 smculum
3488 3235 3671 3289 Areo-

238 3333 479 3399 terpres
513 3326 597 3379 ita
613 3322 785 3378 vertit
811 3338 867 3374 :«
890 3319 1114 3375 Asserit
1133 3318 1906 3389 unam,inquit.personam,

243 3418 362 3473 hoc
397 3422 491 3471 est
524 3413 694 3468 Verbi
719 3409 1014 3466 incarnati
1048 3408 1394 3481 hypostasin
1427 3406 1908 3480 pronuntiamus.

242 3503 748 3576 Quandoquidem
769 3499 1102 3572 simplicem
1123 3498 1504 3570 ponitJesum
1525 3495 1911 3568 D.Dionysius

243 3594 614 3668 Areopagita
636 3608 650 3659 ;
671 3598 729 3647 et
749 3591 822 3646 de
841 3588 1212 3661 hypostatica
1241 3587 1483 3659 quidem
1504 3585 1911 3657 uniohe,juste

250 3691 476 3743 contra
504 3684 788 3755 pietatem
820 3679 1216 3751 compositum
1247 3677 1492 3744 dicitur;
1518 3675 1913 3747 compositum

249 3792 395 3831 vero
430 3773 632 3828 dicere
657 3785 834 3826 nemo
857 3767 1073 3823 audeat
1091 3770 1308 3838 prmter
1324 3763 1812 3836 Apollinarium.»
1831 3765 1913 3818 Tu

249 3867 337 3922 ita
362 3869 594 3920 vertas:
624 3863 820 3928 Unam,
837 3857 1053 3928 inquit,
1077 3878 1105 3906 «
1129 3855 1590 3928 personam,hoc
1615 3859 1913 3924 est,unam

253 3954 438 4010 Verbi
467 3950 842 4024 hypostasin,
876 3947 1243 4002 incarnatam
1292 3943 1688 4016 praedicamus
1720 3959 1732 3998 :
1771 3959 1914 4014 quo-

245 4047 415 4101 niam
452 4048 512 4097 et
541 4040 796 4112 simplex
844 4039 1013 4093 .lesus
1061 4033 1550 4106 componebatur,
1585 4032 1915 4089 secundum

256 4136 314 4191 S.
347 4131 772 4205 Areopagitam
801 4127 1172 4199 Dionysium.
1206 4125 1436 4180 Etenim
1471 4123 1541 4179 de
1572 4125 1792 4179 unione
1820 4140 1915 4179 se-

257 4224 532 4282 cundum
567 4217 1098 4292 hypostasin,juste
1130 4215 1202 4271 ab
1230 4214 1360 4286 ipsa
1382 4214 1600 4286 pietate
1632 4213 1919 4286 composi-

260 4323 392 4372 tum
416 4312 641 4369 dicitur
664 4307 1087 4377 ;substantiam
1109 4309 1305 4361 autem
1340 4304 1727 4375 compositam
1741 4321 1916 4360 nemo

261 4406 468 4461 dicere
500 4416 681 4456 ausus
708 4403 817 4466 est,
846 4401 1062 4469 praeter
1081 4393 1570 4467 Apollinarium.»
1595 4394 1697 4448 Hic
1719 4399 1918 4449 autem

2014 3320 2268 3394 pagitica
2298 3319 2497 3394 magni
2529 3319 2872 3376 mstimasse.
2934 3321 3053 3376 Hoc
3109 3327 3308 3376 autem
3357 3322 3525 3393 prius
3561 3322 3664 3378 de-

2016 3415 2366 3480 monstrato,
2401 3409 2585 3466 multo
2616 3410 2848 3465 facilius
2875 3410 3130 3466 alterum
3152 3411 3520 3482 probabitur,
3547 3413 3666 3468 sci-

2015 3501 2157 3556 licet
2183 3506 2488 3556 auctorem
2518 3500 3065 3572 Areopagiticorum
3124 3500 3224 3555 diu
3274 3505 3408 3556 ante
3438 3519 3662 3558 annum

2017 3594 2120 3646 520
2147 3606 2216 3646 ea
2242 3589 2520 3646 edidisse.
2552 3589 2663 3644 Vix
2694 3590 2855 3645 enim
2887 3590 3165 3661 cuiquam
3196 3590 3479 3647 credibile
3501 3592 3666 3648 vide-

2018 3681 2197 3749 bitur,
2232 3683 2318 3735 tot
2346 3680 2502 3734 viros
2535 3680 2800 3735 eruditos
2852 3680 3048 3752 prima
3077 3680 3212 3736 libri
3247 3685 3367 3737 tam
3398 3680 3666 3738 inusitati

2021 3770 2214 3844 specie
2247 3769 2430 3825 fuisse
2459 3769 2719 3828 delusos.

2091 3859 2438 3916 Anastasius
2459 3859 2953 3916 Bibliothecarius
3000 3858 3062 3916 in
3097 3860 3350 3932 epistola
3371 3861 3444 3918 ad
3467 3878 3666 3935 regem

2020 3949 2294 4008 Carolum
2313 3949 2384 4004 de
2407 3949 2831 4022 AreOpagiticis
2851 3948 3088 4014 data,de
3111 3950 3373 4006 editione
3397 3951 3663 4025 Dionysii

2021 4057 2055 4097 a
2077 4057 2138 4096 se
2155 4039 2524 4112 promulgata
2544 4039 2627 4095 ita
2648 4039 2914 4111 loquitur
2933 4056 2946 4094 :
2965 4041 3263 4111 «Ipsorum
3278 4045 3474 4096 autem
3493 4043 3664 4098 scho-

2020 4129 2237 4185 liorum
2255 4129 2373 4184 sive
2395 4129 2788 4200 paratheseon
2811 4145 3181 4200 quaacunque
3204 4129 3264 4184 in
3289 4129 3448 4185 calce
3472 4130 3560 4186 sui
3586 4130 3664 4186 si-

2022 4236 2203 4293 gnum
2222 4219 2463 4274 vivificae
2485 4218 2678 4274 crucis
2697 4217 2920 4273 habent
2942 4219 3306 4276 aB.Maximo
3329 4221 3669 4277 confessore

2024 4309 2390 4367 etmonacho
2431 4308 2669 4364 inventa
2690 4313 3030 4366 narrantur.
3058 4309 3283 4365 Cretera
3322 4327 3457 4367 vero
3481 4313 3671 4368 sancti

2024 4400 2268 4457 Joannis
2317 4397 2785 4470 Scythopolitani
2815 4419 2843 4449 »
2878 4399 2985 4471 (ita
3031 4405 3191 4456 recte
3220 4401 3437 4474 legitur
3472 4402 3533 4457 in
3558 4419 3669 4458 ms.

264 4482 1922 4568 EphraemiuspatriarchaAntiochenusfactusestcirca
2027 4488 2368 4557 Oxoniensi,
2399 4505 2520 4543 non
2550 4488 2955 4559 Sycopolitani,
3004 4493 3073 4545 ut
3129 4489 3229 4545 alii
3287 4497 3562 4564 corrupte
3591 4493 3673 4548 le-

265 4585 429 4640 idem
462 4587 721 4651 tempus,
756 4594 872 4650 quo
902 4575 1272 4632 Justinianus
1297 4573 1616 4645 imperium
1671 4573 1919 4646 adeptus
1949 4589 1999 4653 ι)
2027 4579 2191 4653 gunt)
2221 4580 2491 4634 antistitis
2519 4595 2627 4634 esse
2656 4581 2934 4648 feruntur.
2994 4581 3248 4636 Joannes
3307 4582 3488 4653 igitur
3542 4583 3677 4654 Scy-

269 4675 453 4740 est,ut
484 4662 1274 4737 testaturTheophanes,hoc
1289 4665 1722 4732 est,antequam
1745 4667 1924 4718 Areo-

271 4761 472 4834 pagita
504 4760 566 4813 in
599 4756 878 4812 manibus
911 4753 1360 4811 Severianorum
1379 4751 1797 4807 haereticorum
1829 4769 1928 4808 co-

279 4867 407 4907 ram
441 4848 693 4921 Hypatio
724 4844 1022 4918 apparuit,
1071 4842 1228 4898 circa
1260 4857 1313 4896 a.
1347 4841 1412 4896 D.
1446 4843 1574 4906 526,
1609 4845 1666 4896 et
1694 4841 1931 4913 scripsit

2033 4668 2439 4741 ‘th0politanus
2472 4668 2697 4725 scholia
2727 4669 2789 4724 in
2819 4669 3005 4725 libros
3028 4670 3294 4742 Dionysii
3326 4672 3580 4743 scripsit,
3607 4671 3678 4726 de

2038 4777 2153 4833 quo
2184 4760 2311 4815 haec
2342 4758 2520 4814 habet
2550 4760 2918 4830 Sophronius
2966 4761 3536 4832 Hierosolymitanus
3566 4778 3681 4833 pa-

2039 4849 2324 4914 triarcha,
2352 4848 2508 4920 apud
2534 4849 2815 4905 Photium
2846 4849 3048 4905 codice
3098 4852 3194 4905 231
3235 4867 3248 4906 :
3283 4848 3532 4917 Ἰωάννης
3574 4850 3602 4903 ὁ
3629 4847 3684 4903 ἐν

273 4948 600 5012 antequam
619 4935 881 4992 secundo
907 4932 1230 5007 productus
1253 4935 1344 4986 est
1357 4929 1427 4986 ab
1445 4929 1760 5002 Acephalis
1775 4931 1891 4986 circ

2039 4937 2222 5014 ἁγίοις
2277 4936 2611 4999 Ἐπίσκοπος
2661 4935 3080 5009 Σκυθοπόλεως,
3115 4935 3174 4999 ὅς
3212 4937 3302 4992 καὶ
3340 4938 3474 5012 ὑπὲρ
3501 4942 3600 5007 τῆς
3627 4937 3681 4991 ἐν

272 5048 324 5090 a.
359 5034 468 5087 560
499 5047 514 5099 ;
548 5044 691 5085 nam
750 5025 876 5098 ipse
923 5021 1313 5096 Ephraemius
1361 5025 1499 5076 ante
1549 5036 1775 5076 annum
1824 5021 1928 5076 543

275 5128 549 5180 mortuus
581 5123 692 5174 est.
728 5115 891 5173 Unde
923 5114 1038 5170 duo
1069 5111 1274 5170 Dallaei
1325 5112 1500 5168 effata
1558 5111 1758 5167 statim
1791 5129 1932 5168 con-

276 5214 503 5282 cidunt,
551 5225 780 5273 omnes,
817 5204 1043 5262 scilicet
1100 5201 1366 5277 ejusdem
1423 5201 1527 5257 mvi
1587 5202 1932 5272 catholicos,

275 5303 435 5360 idem
468 5317 608 5359 cum
644 5296 895 5371 Hypatio
953 5294 1246 5366 Ephesino
1302 5291 1748 5364 archiepiscopo
1801 5309 1936 5348 sen-

279 5394 448 5461 sisse,
481 5397 544 5447 et
570 5389 646 5447 ad
678 5402 908 5445 annum
940 5383 1174 5441 Domini
1232 5383 1356 5449 553,
1406 5387 1464 5438 et
1513 5382 1671 5439 ultra
1734 5383 1936 5453 etiam,

278 5484 572 5541 mansisse
605 5477 764 5552 apud
796 5474 1119 5532 catholicos
1134 5489 1333 5529 veram
1350 5472 1581 5544 Hypatii
1620 5471 1690 5527 de
1723 5473 1938 5529 afﬁctis

279 5573 561 5647 Dionysio
587 5569 759 5626 libris
782 5564 1165 5622 sententiam.
1199 5562 1304 5618 Cui
1334 5562 1444 5618 hoc
1467 5561 1648 5618 etiam
1686 5579 1805 5618 non
1833 5564 1942 5620 im-

271 5665 491 5724 merito
530 5659 673 5718 addi
709 5660 931 5731 potest,
957 5653 1113 5727 quod
1145 5652 1307 5709 illius
1339 5651 1515 5708 etiam
1538 5652 1736 5708 saeculi
1759 5651 1942 5734 fuisse

591 5780 871 5841 Ρλτεοι.
918 5772 1028 5836 (in.
1072 5771 1148 5835 ν.

2043 5023 2371 5097 Καλχηδόνι
2403 5025 2626 5082 συνόδου
2651 5031 2832 5103 σοφῶς
2851 5047 2908 5083 τε
2927 5027 3018 5081 καὶ
3046 5027 3353 5106 Θεοφρόνως
3366 5025 3691 5098 ἐσπούδασε,

2045 5141 2072 5172 ‹‹
2110 5121 2166 5175 S.
2198 5120 2455 5174 Joannes
2486 5118 3008 5189 Scythopolitanus
3037 5119 3286 5173 antistes
3314 5119 3415 5190 qui
3449 5119 3688 5190 sapien~

2043 5213 2135 5265 ter
2193 5213 2251 5262 et
2306 5207 2402 5278 pie
2444 5223 2549 5278 pro
2582 5206 2807 5277 synodo
2839 5207 3305 5262 Chalcedonensi
3381 5207 3690 5278 scripsit.»

2046 5299 2265 5354 Contra
2293 5296 2451 5351 hunc
2483 5295 2724 5366 scripsit
2755 5296 3007 5352 Basilius
3063 5296 3233 5351 Cilix.
3281 5298 3379 5349 Ἦν
3441 5292 3498 5350 δὲ
3528 5296 3690 5359 οὗτος

2049 5387 2077 5444 6
2112 5383 2401 5446 Βασίλειος
2431 5379 2820 5458 πρεσϐύτερος,
2853 5385 2929 5446 ὡς
2994 5384 3159 5446 αὐτός
3216 5405 3372 5459 φησι,
3428 5392 3528 5456 τῆς
3577 5388 3696 5442 κατ’

2052 5476 2391 5550 Ἀντιόχειαν
2452 5470 2808 5544 Ἐκκλησίας,
2865 5473 3347 5550 ἆρχίερατεόοντος
3411 5477 3504 5550 μὲν
3591 5481 3700 5534 τῶν

2049 5564 2222 5622 ἐκεῖσε
2254 5562 2593 5637 Φλαϐιανοῦ,
2647 5565 2935 5641 Ῥωμαίων
2994 5563 3052 5622 δὲ
3109 5568 3467 5625 Ἀναστασίου
3538 5570 3694 5644 βασι-

2051 5653 2322 5720 λεύοντοςο
2358 5681 2386 5711 ‹‹
2417 5659 2551 5716 Fuit
2571 5663 2770 5716 autem
2815 5659 2911 5717 hic
2959 5659 3211 5718 Basilius
3257 5661 3590 5735 presbyter,
3632 5662 3697 5714 ut

3350 5779 3388 5839 7
