3990 6136
220 267 324 329 eos

962 268 1018 331 I.
1063 263 1500 332 PEARSONII
1539 265 1928 336 VINDICL‘E
1965 274 2458 343 IGNATIANE.
2500 309 2583 328 --
2622 279 2828 342 PARS
2876 278 2929 342 Ι.

3535 276 3660 348 206

227 404 356 478 ipsis
375 401 763 461 dictionibus
783 425 838 461 ››.
892 405 1022 470 Quae
1065 404 1244 462 verba
1295 405 1476 462 etiam
1506 406 1568 461 in
1596 410 1886 465 Prowmiis
1913 413 1970 480 Α
1997 416 2252 470 rus.'Est
2281 419 2479 472 autem
2511 413 2670 489 σορός
2701 415 2853 470 nihil
2884 412 3044 470 aliud
3099 429 3278 486 quam
3321 412 3530 470 locutus
3559 415 3653 473 vel

233 494 452 552 llaximi
485 501 543 548 et
570 494 826 565 Georgii
859 495 1230 565 Pachymerae
1283 495 1685 553 inveniuntur.
1739 499 1898 554 Scri-

237 586 344 657 psit
363 589 559 639 autem
583 583 847 638 Proclus
882 583 986 638 sub
1032 584 1222 638 Leone
1271 584 1515 655 Thrace,
1565 586 1723 642 circa
1769 604 1895 642 me-

241 676 395 730 dium
415 673 608 744 quinti
633 673 953 728 smculi.Eo
975 673 1150 744 igitur
1169 675 1474 744 antiquior
1497 674 1609 730 fuit
1639 677 1894 732 Pseudo.

245 762 648 834 Dionysius.Et
661 763 930 818 Joannes
947 762 1204 817 Morinus
1223 764 1346 818 «De
1363 765 1546 820 sacris
1569 766 1895 822 ordinatio-

240 853 437 909 nibus:
465 851 687 906 Saltem
711 850 916 923 igitur,
939 853 1142 922 inquit,
1167 851 1454 907 librorum
1475 853 1725 910 istorum
1748 857 1896 910 scri-

240 944 360 1016 ptio
383 943 554 996 initio
578 940 774 1013 quinti
798 941 1025 1007 saeculi,
1059 948 1117 996 et
1145 947 1282 996 ante
1305 943 1542 998 concilii
1574 943 1896 1000 Chalcedo-

235 1033 439 1090 nensis
453 1031 920 1086 celebrationem
935 1031 1291 1102 assignanda
1305 1038 1530 1098 est;nec
1543 1033 1663 1089 ulla
1677 1035 1892 1089 rationi

235 1122 530 1196 probabili
557 1121 631 1176 ad
663 1121 917 1176 inferius
950 1138 1136 1176 navum
1185 1121 1406 1177 devolvi
1453 1129 1662 1194 potest.
1725 1126 1790 1178 Ut
1839 1130 1894 1179 et

234 1217 476 1268 Joannes
510 1213 785 1267 Launoius
807 1229 827 1264 :
860 1211 934 1266 Ut
956 1227 1058 1284 ego
1086 1211 1279 1267 dicam
1300 1212 1559 1268 breviter
1580 1213 1735 1284 quod
1763 1230 1894 1269 sen-

233 1303 333 1365 tio,
355 1318 390 1356 a
413 1305 684 1371 tempore
706 1300 1021 1372 Ephesium
1044 1301 1250 1372 synodi
1271 1301 1477 1372 primae
1511 1301 1722 1357 vixisse
1743 1302 1893 1357 mihi

229 1391 484 1446 videtur.
516 1390 672 1447 nNec
693 1389 765 1444 ab
789 1389 881 1444 his
905 1389 1182 1444 dissentit
1205 1391 1443 1445 Vossius
1466 1392 1602 1446 Hist.
1635 1393 1894 1461 Pelagia-

229 1499 329 1544 nae,
369 1482 407 1534 Ι.
442 1498 540 1548 vn,
564 1480 718 1536 thesi
739 1481 770 1534 4
793 1497 805 1534 :
833 1504 859 1530 ‹‹
886 1481 1201 1551 Dionysius
1225 1488 1615 1552 cognomento
1637 1485 1894 1553 Areopa-

225 1572 559 1642 gita,quem
583 1575 649 1624 ut
665 1569 905 1624 credam
917 1569 1228 1624 Theodosii
1250 1571 1510 1625 Iunioris
1526 1571 1894 1642 temporibus

224 1661 461 1728 vixisse,
494 1659 923 1713 verisimilibus
975 1658 1235 1714 adducor
1283 1659 1642 1731 conjecturis
1675 1681 1725 1714 ››.
1772 1661 1892 1715 Huc

223 1765 416 1820 usque
445 1755 717 1803 veterum
743 1748 1124 1814 testimoniis,
1158 1755 1214 1803 et
1234 1749 1714 1805 doctissimorum
1738 1750 1891 1804 viro-
1919 1790 1966 1857 B

223 1855 348 1857 μμ
399 1837 689 1857 ,ηηηηεμ
736 1855 752 1857 _
777 1837 800 1857 ,
850 1837 1080 1857 ._,,.___
1439 1856 1442 1857 ν
1538 1839 1573 1857 ι.
1711 1856 1719 1857 ί
1781 1854 1795 1857 _

222 1855 357 1892 rum
393 1837 698 1910 suffragiis
730 1837 806 1892 ad
849 1837 1088 1893 initium
1133 1839 1324 1909 quinti
1377 1839 1577 1895 saeculi
1627 1839 1885 1910 provecti

223 1946 459 1997 sumus,
500 1946 618 1999 quo
651 1928 725 1984 ad
757 1934 1035 2000 quartum
1050 1930 1175 2002 jam
1208 1931 1441 1986 facilius
1462 1932 1555 1986 via
1579 1931 1886 1987 sternitur.

291 2018 559 2074 Michael
595 2019 806 2092 Glycas
834 2020 896 2073 in
929 2021 1173 2075 Historia
1204 2025 1630 2077 commemorat
1658 2038 1727 2076 ea
1757 2037 1888 2091 quae

219 2111 378 2164 facta
412 2113 559 2164 sunt
585 2108 658 2163 ab
690 2107 975 2179 apostolis
1004 2109 1065 2163 in
1098 2109 1532 2165 obdormitione
1564 2110 1619 2166 S.
1647 2110 1888 2182 virginis

215 2200 450 2262 Maria,
487 2215 560 2253 ex
598 2198 868 2269 Dionysio
898 2199 1011 2254 hoc
1041 2201 1337 2272 prmcipue
1385 2205 1562 2271 atque
1609 2199 1888 2256 Iuvenale

217 2287 772 2359 Hierosolymitano
795 2288 1518 2360 patriarcha.Nicephorus
1540 2294 1735 2345 autem
1753 2287 1886 2344 Cal-

216 2378 395 2434 listus
431 2377 583 2432 illud
616 2378 688 2432 de
735 2378 1010 2433 Iuvenale
1054 2378 1229 2434 latius
1282 2379 1658 2450 persequitur
1705 2378 1746 2433 l.
1792 2395 1887 2448 xv,

215 2484 262 2521 c.
300 2470 392 2522 14.
432 2469 624 2521 Docet
655 2466 1028 2523 Pulcheriam
1060 2471 1382 2541 Augustam
1414 2468 1603 2538 illum,
1647 2485 1782 2524 cum
1815 2467 1888 2522 ad

214 2555 648 2611 celebrandam
680 2556 975 2627 synodum
1006 2557 1441 2612 Chalcedonem
1465 2557 1888 2628 venisset,per-

218 2661 530 2711 contatam
559 2672 711 2724 esse,
745 2672 819 2710 an
846 2656 904 2711 S.
944 2657 1193 2729 Virginis
1216 2674 1428 2728 corpus
1449 2657 1607 2728 apud
1627 2655 1890 2712 Palinsti~

219 2762 330 2800 nos
363 2745 782 2799 inveniretur?
811 2747 1136 2817 Respondit
1165 2747 1266 2801 ille
1293 2752 1419 2802 tum
1453 2762 1524 2802 ex
1547 2745 1885 2811 traditione,

218 2842 342 2889 tum
373 2852 446 2889 ex
471 2835 778 2905 Dionysio,
814 2835 956 2905 quid
984 2835 1056 2890 de
1087 2836 1395 2908 sepultura
1427 2835 1678 2908 Virginis
1709 2851 1892 2890 nove-

230 2924 322 2978 rit.
351 2926 494 2978 Erat
528 2924 707 2995 igitur
738 2924 1002 2994 Dionysii
1060 2925 1211 2980 liber
1240 2928 1316 2980 De
1345 2925 1549 2980 divinis
1576 2924 1891 2979 nominibus

226 3014 369 3069 satis
407 3019 611 3080 notus,
644 3013 804 3068 unde
839 3031 946 3068 sua
978 3015 1173 3070 hausit
1201 3015 1515 3070 Iuvenalis.
1552 3012 1892 3085 Respondet

227 3104 488 3160 Dallzeus
521 3104 716 3174 primo
741 3120 753 3157 :
782 3126 810 3153 ‹‹
839 3105 1024 3160 Verba
1046 3122 1117 3161 ex
1138 3106 1356 3160 nostris
1378 3105 1753 3177 Dionysianis
1786 3103 1889 3157 de-

2005 501 2181 572 theca,
2215 510 2272 559 et
2299 504 2608 579 σοροπηγός
2639 523 2759 560 non
2791 511 2878 559 est
2910 501 3172 575 λατόμος,
3233 504 3335 575 qui
3383 503 3660 575 sepulcra

2001 592 2339 649 Iudaeorum
2371 595 2488 649 ritu
2520 611 2591 650 ex
2617 595 2801 666 petris
2841 593 3080 661 excidit,
3115 593 3218 649 sed
3248 593 3350 664 qui
3385 593 3527 652 tales
3559 611 3655 650 ar-

2004 681 2169 738 culas
2195 684 2517 756 compingit
2549 690 2605 739 et
2636 685 2892 740 conficit.
2929 685 3106 738 Vetus
3155 684 3519 742 Glossarium
3549 691 3657 738 Σο·-

2004 771 2122 844 ρός,
2152 789 2284 828 arca
2320 775 2571 841 funebris
2597 773 2788 828 Julius
2829 772 3042 828 Pollux
3074 773 3176 828 lib.
3210 790 3305 841 vn,
3359 791 3486 846 cap.
3539 777 3645 830 33:

2002 861 2331 934 Σοροποιὸς,
2385 857 2722 935 σοροπηγός,
2774 863 3132 935 σοροπήγιον,
3185 863 3364 934 σορός’
3422 860 3650 917 καλοῖτο

2003 947 2048 1003 δ’
2081 947 2140 1004 ἄν
2171 948 2304 1021 αὕτη
2337 951 2428 1005 καὶ
2459 949 2686 1020 πύελος,
2725 949 2814 1005 καὶ
2871 945 3130 1016 κιϐωτὸς,
3170 952 3260 1005 καὶ
3310 949 3500 1021 ληνός.
3550 957 3656 1010 Ar-

2002 1057 2132 1096 cam
2163 1041 2341 1112 igitur
2370 1042 2703 1107 funebrem,
2738 1045 2796 1096 et
2848 1041 3062 1096 fascias
3102 1046 3202 1096 aut
3232 1046 3422 1098 vestes
3452 1045 3649 1115 sepul-

2001 1129 2192 1184 crales
2206 1130 2780 1201 Constantinopolim
2799 1129 3218 1201 Hierosolymis
3235 1131 3653 1203 misitpatriar-

2002 1218 2112 1273 cha
2131 1219 2448 1283 Iuvenalis,
2482 1226 2796 1291 postquam
2829 1219 3153 1274 Pulcheriaa
3187 1226 3312 1275 tum
3362 1238 3434 1276 ex
3467 1222 3652 1277 tradi-

2001 1309 2184 1378 tione,
2217 1313 2342 1364 tum
2365 1326 2437 1364 ex
2469 1309 2811 1364 testimonio
2849 1309 3114 1379 Dionysii
3147 1326 3245 1365 eas
3277 1311 3350 1364 ad
3378 1312 3433 1367 S.
3474 1311 3648 1382 Virgi-

2002 1414 2138 1452 nem
2159 1399 2517 1468 pertinuisse
2539 1398 2951 1470 persuasisset.
2974 1399 3106 1453 llaac
3131 1399 3308 1470 igitur
3330 1417 3464 1455 cum
3497 1401 3650 1457 nihil

2004 1487 2252 1543 valitura
2283 1488 2646 1559 perspiceret
2674 1487 2947 1553 Dallaeus,
2993 1488 3301 1560 respondit
3347 1491 3648 1548 secundo:

2001 1577 2356 1632 «Historicos
2370 1577 2560 1632 solere
2575 1579 2843 1632 homines
2860 1594 2929 1632 ea
2946 1577 3209 1633 dicentes
3222 1580 3651 1648 inducere,non

2001 1683 2131 1737 quas
2155 1683 2288 1721 vere
2306 1683 2373 1722 ac
2386 1672 2545 1721 certo
2565 1666 2860 1732 dixerunt,
2887 1667 2988 1721 sed
3005 1685 3134 1738 quin
3157 1667 3293 1723 illos
3315 1669 3428 1740 ipsi
3451 1669 3648 1726 dicere

2000 1755 2262 1827 potuisse
2278 1760 2489 1827 putant
2508 1774 2534 1806 ι
2550 1797 2561 1810 .
2578 1757 2715 1822 Quae
2731 1755 2971 1826 quidem
2985 1758 3292 1828 responsio
3315 1759 3363 1813 si
3391 1759 3452 1814 in
3468 1761 3646 1816 rebus

1999 1845 2344 1916 hujusmodi
2361 1845 2730 1911 admittatur,
2756 1845 2984 1901 tollitur
3013 1847 3208 1901 omnis
3230 1847 3352 1903 fere
3375 1849 3525 1904 ratio
3548 1867 3647 1905 ve-

2001 1941 2192 1991 terum
2219 1935 2563 1990 testimonia
2593 1934 2966 1992 admittendi.
2991 1937 3232 2000 Quoties
3256 1937 3416 1993 enim
3437 1945 3644 1996 auctor

1999 2025 2216 2096 aliquis
2241 2025 2591 2096 scriptorem
2615 2025 2795 2080 alium
2819 2026 3047 2081 inducit
3067 2027 3312 2084 alterius
3330 2031 3552 2102 scripta
3572 2032 3650 2086 ci-

2001 2119 2243 2184 tantem,
2267 2115 2434 2170 nulla
2455 2115 2509 2170 ei
2542 2115 2686 2170 satis
2729 2121 2890 2171 certa
2911 2115 3057 2170 ﬁdes
3088 2116 3358 2172 adhiberi
3387 2121 3644 2190 poterit;

2000 2203 2139 2273 quia
2170 2219 2290 2258 non
2321 2203 2380 2257 id
2411 2219 2545 2258 eum
2569 2218 2701 2257 vere
2733 2203 2948 2258 dixisse
2981 2209 3082 2258 aut
3113 2204 3348 2273 citasse,
3382 2207 3483 2262 sed
3516 2212 3645 2262 tan-

2001 2292 2306 2348 tummodo
2332 2292 2391 2347 id
2415 2308 2485 2347 ex
2507 2292 2803 2347 sententia
2828 2293 3141 2348 referentis
3163 2311 3299 2349 eum
3321 2295 3518 2351 dicere
3541 2315 3652 2368 po-

2001 2382 2185 2438 tuisse
2217 2382 2416 2454 colligi
2448 2383 2654 2453 possit.
2689 2383 2930 2437 Interim
2953 2382 3331 2439 notissimum
3359 2391 3465 2453 est,
3489 2387 3653 2442 Nice-

1963 2473 2185 2545 ,phoro
2219 2472 2488 2528 solemne
2521 2488 2649 2527 esse
2692 2488 2811 2527 non
2852 2488 2961 2526 sua
3008 2471 3142 2527 aliis
3193 2473 3497 2547 effingere,
3549 2476 3654 2532 sed

1998 2562 2191 2618 aliena
2218 2579 2326 2617 sua
2358 2562 2573 2629 facere,
2608 2568 2665 2616 et
2697 2579 2767 2616 ex
2798 2562 3094 2618 veteribus
3142 2563 3442 2620 historicis
3483 2583 3653 2622 suam

1998 2653 2303 2706 Historiam
2333 2650 2680 2721 compilare,
2713 2651 2952 2706 illbrum
2993 2652 3172 2707 etiam
3197 2654 3388 2708 verbis
3421 2671 3516 2710 res
3547 2673 3656 2729 ge-

1999 2746 2120 2796 stas
2143 2739 2397 2807 tradere,
2419 2743 2485 2795 ut
2506 2755 2577 2794 ex
2597 2739 2670 2794 iis
2693 2739 2794 2810 qui
2825 2737 3017 2794 adhuc
3041 2746 3292 2808 exstant,
3324 2743 3481 2799 clare
3512 2761 3651 2816 per-

2001 2831 2281 2903 spicitur;
2309 2830 2466 2885 unde
2486 2847 2641 2901 saepe
2669 2831 2734 2885 fit
2757 2835 2822 2885 ut
2850 2835 3076 2886 veteres
3109 2833 3496 2891 ecclesiastici
3528 2837 3653 2892 his-

2000 2920 2170 2978 torici
2194 2937 2264 2974 ex
2286 2936 2354 2974 eo
2379 2920 2466 2974 vel
2489 2919 2882 2989 illustrentur,
2905 2920 2993 2975 vel
3016 2921 3192 2976 etiam
3216 2925 3610 2982 emendentur
3633 2944 3649 2993 ;

1945 3018 1953 3026 '
1999 3011 2279 3080 idemque
2301 3009 2470 3064 iltum
2494 3010 2553 3064 in
2577 3009 2711 3064 aliis
2729 3010 2830 3079 qui
2853 3010 3395 3081 perierunt,fecisse
3409 3032 3650 3086 prorsus

2002 3097 2284 3154 credibile
2309 3104 2398 3153 est
2445 3103 2502 3153 et
2519 3099 2669 3154 hanc
2694 3100 2884 3170 ipsam
2915 3100 3225 3157 historiam
3247 3119 3318 3158 ex
3348 3103 3651 3161 Theodoro

225 3195 450 3266 scripta
478 3195 848 3265 Nicephorus
868 3195 1102 3250 videtur
1124 3195 1248 3267 ipse
1270 3197 1465 3265 potius
1493 3195 1562 3249 de
1588 3212 1693 3249 suo
1727 3194 1888 3264 adje-
1921 3165 1963 3230 C
2002 3189 2221 3244 lectore
2237 3188 2781 3259 exscripsisseJiaac
2794 3195 2992 3244 autem
3011 3191 3058 3244 si
3074 3192 3358 3260 verasint,
3375 3195 3507 3264 quis
3529 3212 3651 3252 non

225 3285 380 3340 cisse
397 3284 472 3338 ad
487 3284 786 3338 Iuvenalis
802 3284 1203 3339 narrationem
1220 3283 1891 3354 confirmandum,quam

224 3374 581 3430 eaIuvenali
606 3374 911 3428 tribuisse.
939 3375 1061 3429 lmo
1092 3392 1227 3429 vero
1275 3376 1642 3446 Nicephorus
1690 3380 1892 3445 aperte

225 3469 508 3530 testatur,
539 3464 880 3535 Iuvepalem
904 3465 1095 3536 ipsum
1129 3465 1241 3519 hoc
1262 3465 1525 3536 Dionysii
1552 3465 1891 3520 testimonio

222 3569 406 3608 usum
436 3569 588 3616 esse,
625 3569 883 3623 eumque
936 3554 1062 3608 haec
1113 3554 1395 3609 citantem
1447 3555 1696 3610 inducit.
1757 3557 1895 3608 Post

226 3643 394 3696 enim
421 3642 736 3696 verborum
759 3643 1018 3713 Dionysii
1044 3644 1452 3699 recitationem
1469 3644 1666 3698 statim
1691 3642 1854 3697 addit
1877 3657 1892 3696 :

223 3733 416 3787 Ταῦτα
450 3726 819 3798 διεξελθόντος
867 3725 1259 3801 Ἰουϐενλλίου,
1313 3733 1363 3785 οἱ
1415 3736 1735 3800 κρατοῦντες
1792 3733 1893 3800 τήν

228 3820 389 3893 ἁγίαν
434 3818 645 3887 ἐκείνην
680 3817 892 3873 ἐδέοντο
922 3821 1156 3892 πέμπειν
1187 3821 1348 3895 σορὸν
1395 3822 1528 3893 μετᾶ
1574 3825 1681 3876 τῶν
1733 3821 1892 3894 ἰερῶν

227 3908 455 3963 ἐκείνων
489 3907 732 3983 duplum.
797 3932 824 3959 ι(
855 3912 987 3965 Haec
1037 3928 1172 3966 cum
1218 3912 1514 3967 Iuvenalis
1562 3915 1899 3982 perorasset

231 3999 544 4072 principes
566 4015 702 4053 eum
736 4007 1040 4069 rogarunt,
1073 4005 1139 4055 ut
1169 4007 1440 4056 sanctum
1473 4018 1607 4056 eum
1636 4000 1896 4056 loculum

230 4106 354 4145 una
367 4105 500 4143 cum
519 4090 704 4142 sacris
720 4089 974 4144 vestibus
985 4090 1240 4145 mitteret
1256 4092 1451 4156 ».Quse
1466 4090 1706 4161 quidem
1725 4089 1900 4145 verba

231 4179 414 4250 paulo
441 4179 781 4233 accuratius
807 4178 1175 4235 observanda
1197 4180 1522 4251 sunt,quod
1549 4181 1643 4234 hic
1659 4179 1900 4251 figmen-

234 4275 363 4325 tum
410 4271 712 4324 notaverit
759 4269 1125 4340 Albertinus,
1177 4271 1336 4342 quod
1385 4272 1564 4327 etiam
1614 4271 1900 4327 Baronius

232 4361 552 4415 confessus
568 4365 660 4414 est
682 4360 812 4431 ;qui
833 4359 1104 4416 observat
1121 4381 1151 4414 «
1175 4361 1514 4434 sepulcrum
1537 4362 1636 4416 Dei
1655 4360 1902 4415 Genitri-

236 4453 320 4505 cis
346 4452 406 4505 in
432 4457 604 4521 petra
626 4453 890 4506 excisum
917 4467 1065 4515 esse,
1100 4459 1157 4506 et
1187 4453 1376 4507 instar
1406 4452 1661 4523 sepulcri
1697 4450 1900 4505 Domi-

2000 3279 2286 3335 concedet
2307 3279 2568 3350 Dionysii
2594 3280 2815 3351 scripta
2837 3287 3044 3350 quarto
3070 3284 3286 3339 saeculo
3311 3286 3604 3341 exstitisse
3626 3287 3653 3342 ?

2023 3371 2189 3426 Certe
2210 3371 2677 3436 Erasmus,tomo
2695 3371 2791 3426 V.«
2811 3372 2888 3424 De
2903 3373 3252 3442 compendio
3268 3376 3653 3444 perveniendi

1999 3459 2073 3514 ad
2091 3476 2286 3514 veram
2312 3458 2664 3530 theologiam
2683 3466 2909 3530 »,putat
2925 3462 3271 3533 Dionysium
3290 3464 3449 3518 hunc
3470 3465 3652 3521 fuisse

2001 3558 2387 3628 S.Augustino
2411 3558 2729 3612 seniorem.
2747 3581 2772 3607 ‹‹
2791 3561 3272 3630 Tametsi,inquit,
3299 3563 3362 3616 D.
3381 3565 3653 3620 Aurelius

1999 3647 2364 3718 Augustinus
2380 3653 2649 3702 accurate
2668 3648 2844 3701 simul
2870 3654 2927 3702 et
2942 3650 3175 3719 copiose
3195 3656 3448 3720 quatuor
3462 3651 3652 3720 libris,

2003 3736 2219 3806 quibus
2255 3735 2493 3790 titulum
2526 3736 2711 3790 fecit»
2737 3738 2814 3790 De
2835 3737 3104 3794 doctrina
3125 3741 3478 3806 Christiana,
3502 3765 3528 3791 ‹‹
3552 3759 3650 3797 su-

2002 3842 2108 3896 per
2143 3826 2256 3880 hoc
2288 3826 2718 3896 propemodum
2751 3833 3099 3895 argumento
3126 3829 3381 3883 disserit.
3417 3834 3483 3884 Et
3512 3835 3650 3885 ante

2001 3914 2180 3978 hunc,
2199 3915 2432 3984 opinor,
2464 3914 2776 3984 Dionysius
2803 3915 3042 3984 quidam
3060 3917 3121 3969 in
3144 3933 3320 3987 opere
3348 3918 3506 3988 quod
3526 3918 3654 3972 ins-

2003 4003 2243 4073 cripsit-
2271 4003 2348 4056 De
2373 4002 2586 4057 divinis
2601 4003 2969 4069 nominibus;
2991 4027 3018 4054 «
3041 4022 3247 4060 rursus
3264 4005 3540 4061 inlibello
3559 4007 3656 4061 cui

2004 4090 2244 4145 titulum
2260 4090 2440 4145 fecit»
2457 4091 2535 4145 De
2551 4091 2802 4161 mystica
2828 4092 3140 4163 theologia.
3169 4095 3259 4148 An
3282 4093 3536 4149 Dallasus
3553 4111 3658 4148 no-

2003 4180 2153 4234 verit
2184 4179 2334 4233 hanc
2365 4178 2548 4234 fuisse
2582 4180 2808 4234 Erasmi
2842 4182 3223 4250 sententiam,
3258 4184 3490 4238 nescio:
3525 4200 3658 4238 eam

2007 4273 2163 4323 certe
2192 4267 2492 4323 levissima
2518 4267 2861 4338 conjectura
2893 4269 3102 4325 ductus
3124 4277 3442 4343 oppugnat,
3468 4273 3658 4344 capite

2006 4360 2094 4411 22.
2129 4358 2273 4412 Cum
2306 4357 2464 4411 enim
2500 4362 2556 4411 et
2587 4357 2901 4428 Dionysius
2952 4365 3007 4412 et
3067 4362 3121 4415 S.
3179 4362 3537 4434 Augustinus
3586 4362 3657 4416 de

2010 4448 2450 4519 susceptoribus
2482 4448 2704 4518 pariter
2735 4451 3011 4514 egissent.
3047 4457 3103 4505 et
3133 4452 3205 4506 ad
3260 4454 3658 4524 ohjectionem

236 4539 792 4610 nicinativilapidis
808 4540 1907 4596 cohaerentialocoimmobiliterinhae-
1937 4526 1981 4591 Β
2012 4537 2085 4593 de
2117 4537 2309 4593 verbis
2339 4553 2444 4607 pro
2465 4537 2689 4591 infante
2724 4538 2783 4591 in
2816 4539 3109 4609 baptismo
3132 4545 3378 4612 prolatis
3412 4561 3624 4615 respon

241 4648 396 4685 rere.
435 4630 592 4686 Unde
621 4632 882 4698 miratur,
903 4631 1198 4701 quomodo
1230 4631 1378 4686 illud
1405 4631 1904 4701 Constantinopo-

243 4720 326 4774 lin
358 4719 584 4774 dicitur
610 4719 793 4774 fuisse
826 4721 1177 4776 translatum
1203 4743 1254 4774 ».
1284 4721 1542 4791 Indeque
1563 4719 1905 4775 Albertinus

246 4810 394 4864 mire
419 4809 801 4881 triumphans
824 4809 905 4864 ait
931 4827 944 4864 :
976 4832 1004 4861 «
1025 4813 1205 4881 Eque
1227 4826 1368 4866 sane
1391 4808 1909 4875 verum,narratio-

246 4915 384 4954 nem
406 4914 592 4971 supra
607 4903 995 4953 memoratam
1012 4900 1312 4955 Iuvenalis
1326 4916 1475 4968 esse,
1500 4916 1567 4955 ac
1580 4915 1780 4954 verum
1796 4901 1904 4966 est,

250 4987 594 5060 sepulcrum
641 4987 893 5060 Virginis
925 4987 996 5044 ab
1030 4988 1130 5043 illo
1157 4988 1731 5060 Constantinopolim
1753 4988 1900 5043 mis-

248 5093 409 5131 sum»
422 5077 590 5131 .Cum
603 5076 804 5146 potius
818 5076 1408 5133 animadvertendum
1421 5077 1908 5146 esset,Baronium

247 5181 350 5220 sua
371 5182 444 5220 ex
480 5166 688 5220 Latino
722 5165 1054 5236 Nicephoro
1087 5167 1431 5238 sumpsisse,
1466 5172 1526 5221 et
1554 5168 1626 5221 de
1655 5167 1908 5235 sepulcro

247 5253 831 5326 Constantinopolim
865 5254 1048 5310 misso
1077 5255 1213 5310 inde
1237 5255 1906 5326 somniasse;Nicepho-

244 5361 372 5400 rum
405 5350 611 5400 autem
661 5344 1080 5404 tantummodo
1130 5344 1228 5412 τήν
1285 5344 1471 5417 σορὸν,
1517 5351 1576 5400 et
1619 5343 1686 5397 τὰ
1735 5339 1912 5419 ἄμφια

255 5433 392 5489 illuc
425 5435 783 5488 transmissa
816 5448 1216 5500 memorasse;
1271 5430 1448 5511 ἂμφια
1499 5439 1697 5490 autem
1731 5434 1912 5488 etiam

251 5519 464 5600 ἐντάφια
507 5520 794 5595 σπάργανα
845 5522 1174 5592 sepulcrales
1218 5526 1419 5592 fascias
1459 5523 1740 5595 appellat.
1776 5521 1912 5576 Solo

253 5617 448 5670 autem
482 5611 735 5669 nomine
763 5615 871 5680 τῆς
907 5612 1074 5685 σοροῦ
1107 5612 1167 5669 in
1199 5612 1309 5669 hac
1336 5629 1400 5670 re
1417 5612 1605 5669 utitur
1633 5611 1915 5685 Nicepho-

2017 4626 2246 4682 dissent
2271 4643 2282 4680 :
2308 4648 2335 4675 «
2361 4627 2486 4681 Non
2511 4627 2831 4692 immerito,
2866 4631 3046 4698 inquit
3085 4631 3336 4699 hallaeus,
3362 4633 3522 4688 hunc
3543 4651 3666 4688 sus-

2016 4718 2180 4788 picor
2209 4715 2560 4786 Augustino,
2589 4732 2845 4786 quocum
2876 4735 3030 4772 unus
3063 4720 3177 4774 ista
3213 4727 3444 4788 tractat,
3479 4723 3665 4778 haud-

2018 4821 2314 4877 quaquam
2333 4805 2713 4860 vetustiorem
2731 4806 2912 4861 fuisse
2935 4809 3113 4862 ».Imo
3129 4826 3262 4864 vero
3287 4811 3463 4880 plane
3486 4813 3670 4865 imme-

2015 4899 2128 4951 rito
2158 4900 2362 4951 exorta
2393 4899 2482 4951 est
2510 4896 2637 4950 haec
2668 4897 2944 4967 suspicio.
2979 4899 3175 4963 Qualis
3221 4901 3381 4955 enim
3414 4901 3540 4954 haec
3568 4917 3668 4955 ra-

2019 4984 2320 5040 tiocinatio
2355 4984 2490 5039 est?
2521 4984 2838 5055 Dionysius
2879 4993 2936 5041 et
2977 4988 3337 5058 Augustinus
3387 4989 3672 5044 vetustior

2019 5091 2149 5131 esse
2181 5091 2300 5129 non
2332 5078 2543 5144 potest.
2575 5074 2743 5128 Certe
2775 5075 2822 5128 si
2869 5076 2994 5130 haec
3042 5077 3191 5131 ratio
3235 5077 3426 5132 valeat
3463 5084 3671 5133 contra

2019 5167 2352 5228 Erasmum,
2405 5163 2620 5217 valebit
2667 5163 2845 5218 etiam
2904 5170 3110 5219 contra
3157 5165 3478 5221 Dallteum:
3532 5183 3668 5238 ergo

2020 5251 2383 5323 Augustinus
2445 5251 2720 5321 Dionysio
2769 5253 3056 5308 vetustior
3102 5272 3227 5308 esse
3279 5272 3397 5310 non
3452 5263 3666 5327 potest.

2021 5343 2166 5395 Eum
2201 5338 2360 5394 enim
2391 5338 2646 5394 Dallaeus
2700 5341 2904 5395 statuit
2958 5348 3075 5396 toto
3126 5343 3344 5398 saeculo
3389 5344 3671 5418 Dionysio

2023 5429 2424 5485 vetustiorem.
2455 5426 2684 5482 Valeret
2706 5429 2946 5498 quidem
2975 5430 3218 5500 aliquid.
3245 5433 3292 5487 si
3325 5435 3540 5505 praxis.
3577 5438 3673 5492 Ec.

2023 5522 2237 5590 clesiaa,
2270 5519 2341 5575 de
2359 5536 2476 5592 qua
2524 5519 2596 5574 ab
2617 5525 2868 5590 utroque
2915 5521 3280 5595 disputatum
3317 5533 3425 5597 est,
3458 5529 3512 5583 S.
3547 5532 3671 5585 Au-

2023 5611 2259 5683 gustino
2283 5609 2587 5682 antiquior
2604 5627 2726 5667 non
2745 5609 2989 5682 fuisset;
3017 5614 3121 5671 sed
3141 5632 3370 5674 morem
3403 5634 3539 5674 eum
3571 5617 3674 5678 diu
