3990 6136
194 272 315 338 2οτ
933 271 972 323 Γ
1044 276 1049 277 “
1239 268 1304 329 S.
1348 263 1755 330 IGNATIUS.
1799 295 1848 310 —

1961 256 2534 326 'ROLEGOMENA.
2870 232 2901 293 ί
3485 232 3601 328 2'08

187 415 326 471 ante
346 406 603 483 viguisse
624 404 853 463 certum
876 408 985 474 est,
1021 402 1204 474 idque
1240 399 1576 457 Bonifacius
1623 398 1686 455 in
1715 398 1845 471 ipsa
1871 398 1926 467 Α
1956 396 2299 467 leuciensis,
2344 396 2703 471 Hieronymo
2752 392 3146 469 synchronus,
3196 365 3463 455 oratione
3514 366 3621 468 39,.

192 504 300 560 illa
329 496 641 573 Augustini
674 495 926 569 epistola
954 496 1042 561 23,
1076 493 1171 548 his
1198 491 1392 548 verbis
1422 490 1579 546 clare
1622 488 1847 562 signifi-

190 599 286 652 cat
309 609 323 648 :
340 613 369 644 α
386 589 476 647 Ad
494 590 637 645 istas
652 602 787 659 ergo
804 584 1163 656 quaastiones
1183 586 1321 654 peto
1338 581 1594 637 breviter
1605 595 1847 652 respon-

191 684 332 741 dere
360 678 645 753 digneris,
677 676 761 731 ita
799 679 866 730 ut
917 689 1038 729 non
1084 672 1233 729 mihi
1290 670 1363 726 de
1408 668 1846 727 consuetudine

187 769 567 847 praescribas,
626 765 730 822 sed
777 764 1075 821 rationem
1114 760 1332 818 reddas
1364 781 1416 816 ».
1477 759 1622 816 Cum
1669 760 1849 832 igitur

187 866 367 920 mtate
388 856 700 932 Augustini
725 858 889 910 vetus
908 853 1090 908 fuerit
1109 853 1221 909 hac
1242 849 1632 918 consuetudo,
1654 847 1850 921 potuit

190 953 283 1009 vel
312 947 652 1022 Dionysius,
682 944 774 1000 vel
823 943 1015 1015 quivis
1063 941 1237 1009 alius,
1287 939 1614 1013 Augustino
1661 938 1848 995 multo

190 1039 513 1112 antiquior,
547 1037 621 1092 de
653 1034 864 1091 eadem
897 1049 961 1088 re
986 1031 1298 1088 disserere.
1331 1033 1626 1087 Hactenus
1668 1028 1850 1103 igitur

194 1136 355 1190 sarta
383 1133 540 1186 tecta
570 1131 662 1183 est
687 1124 919 1182 Erasmi
950 1123 1268 1181 sententia.

264 1224 382 1294 Ego
410 1234 548 1275 vero
580 1233 704 1272 non
734 1219 967 1272 tantum
999 1217 1137 1269 ante
1184 1212 1602 1286 Augustinum,
1654 1209 1760 1267 sed
1794 1214 1853 1266 et

202 1317 341 1370 ante
372 1309 797 1379 Hieronymum
827 1303 1138 1376 scripsisse
1171 1301 1521 1376 Dionysium
1573 1304 1718 1374 puto
1746 1314 1761 1356 :
1794 1304 1853 1355 et

206 1400 416 1458 eodem
448 1396 836 1453 fundamento
866 1398 1003 1449 utor
1031 1408 1137 1465 pro
1168 1391 1523 1463 antiquitate
1554 1391 1706 1463 ejus,
1735 1404 1851 1461 quo

196 1489 456 1547 Dallaaus
485 1502 592 1559 pro
621 1484 881 1541 novitate
912 1480 1382 1539 demonstranda
1399 1480 1607 1546 utitur,
1636 1494 1853 1550 nempe

193 1579 389 1637 verbis
402 1574 624 1633 Petavii
640 1591 654 1630 :
668 1573 933 1630 «Primus
955 1572 1267 1643 Dionysius
1279 1586 1491 1627 novem
1508 1569 1854 1642 angelorum

196 1669 441 1726 ordines
471 1670 529 1721 et
558 1662 775 1737 gradus
805 1662 1083 1718 distincte
1114 1676 1182 1717 ac
1213 1660 1456 1716 deﬁnite
1498 1658 1733 1732 posuit;
1764 1661 1854 1714 et:

1957 489 2198 545 eosdem
2229 504 2440 544 novem
2479 485 2741 555 ordines,
2774 492 3058 559 tanquam
3079 504 3185 544 suo
3214 493 3483 561 tempore
3505 505 3610 545 no-

1955 580 2236 649 tissimos,
2256 583 2599 636 enunieret:
2632 577 2742 640 Τάς
2769 597 2829 632 τε
2857 581 2964 632 τῶν
3014 575 3266 654 ἀγγέλων
3312 596 3602 653 χοροστα-

1961 668 2077 729 σίαις
2134 664 2535 744 παραδραμεῖν,
2592 666 2683 723 καὶ
2737 667 2865 728 τοὺς
2914 667 3092 722 αὑτῶν
3140 664 3438 744 ταξιάρχας
3487 668 3607 741 μετ’

1957 756 2136 815 αὒτῖυν
2164 763 2506 838 καταγιπεῖν,
2559 753 2957 835 ὑπεραναϐῆναι
3006 754 3062 814 δὲ
3110 759 3203 815 καὶ
3253 758 3461 834 θρόνων
3503 761 3604 829 τὴν

1957 845 2315 928 φαιδρότητα,
2344 847 2435 905 καὶ
2481 849 2580 919 τὴν
2632 845 2851 923 ἔντιμον
2901 853 3009 903 τῶν
3054 851 3395 924 κυριοτήτων
3443 847 3608 923 ὑπερ-

1957 939 2119 1014 οχήν,
2179 940 2280 1010 τήν
2324 959 2384 994 τε
2436 942 2544 994 τῶν
2591 939 2778 1014 ἀρχῶν
2834 936 3154 1012 ἡγεμονίαν,
3195 936 3285 992 καὶ
3341 939 3440 1007 τὴν
3499 942 3606 994 τῶν

1958 1014 2214 1099 ἐξουσιῶν
2264 1026 2627 1106 περιφάνειαν·
2689 1023 2767 1082 ἔτι
2817 1022 2875 1081 δὲ
2929 1026 3020 1080 καὶ
3075 1025 3137 1080 τὸ
3193 1026 3446 1101 κραταιὸν
3499 1033 3608 1083 τῶν

1959 1118 2119 1184 θείων
2151 1114 2459 1192 δυνάμεων,
2488 1117 2551 1172 τό
2592 1136 2650 1171 τε
2697 1113 3005 1191 διορατικόν
3049 1122 3149 1185 τῆς
3200 1120 3309 1171 τῶν
3355 1115 3608 1191 πολυυμ-

1963 1205 2149 1283 μᾶτων
2176 1202 2459 1283 χερουϐἲμ
2510 1204 2904 1281 καθαρότητος,
2953 1204 3044 1260 καὶ
3089 1207 3197 1260 τῶν
3236 1204 3608 1281 ἐξαπτερῦγων

1964 1297 2209 1372 σεραφίμ
2270 1296 2372 1367 τὴν
2426 1294 2561 1351 κατᾶ
2615 1299 2721 1351 πᾶν
2777 1295 2941 1369 μέρος
3014 1293 3297 1350 ἀκώλυτον
3374 1295 3610 1367 κίνησιν.

1962 1402 1992 1440 «ι
2014 1389 2234 1445 Choros
2257 1387 2604 1461 angelorum
2628 1401 2997 1459 percurram,
3018 1391 3078 1442 et
3098 1403 3304 1443 eorum
3333 1386 3612 1443 ordinum

1960 1478 2264 1552 principes
2293 1476 2671 1549 (archangelos
2699 1476 2914 1550 nempe)
2964 1475 3344 1549 relinquam;
3397 1478 3616 1533 evehar

1961 1584 2143 1641 supra
2171 1568 2524 1624 thronorum
2555 1565 2951 1639 splendorem,
2976 1567 3327 1623 honoratam
3350 1566 3614 1623 domina-

1962 1658 2196 1715 tionum
2229 1656 2667 1725 celsitudinem,
2700 1656 3143 1729 principatuum
3174 1654 3474 1727 ducatum,
3505 1674 3611 1730 po-

204 1762 333 1816 Non
356 1761 583 1811 temere
615 1750 774 1824 apud
803 1750 1206 1823 antiquiorem
1234 1748 1493 1820 aliquem
1524 1748 1614 1821 (de
1648 1747 1858 1803 saeculis
1887 1766 1934 1834 Β
1963 1752 2365 1821 testatumque
2388 1747 2716 1804 claritatem
2737 1766 2751 1815 ;
2770 1752 3059 1821 praeterea
3080 1763 3259 1819 supra
3282 1748 3613 1820 potentiam

204 1844 566 1921 querendum
594 1841 692 1914 est)
726 1839 1114 1896 novenarium
1144 1838 1304 1894 hunc
1335 1837 1612 1893 ordinum
1651 1851 1858 1891 nume-

207 1948 343 1993 rum
358 1931 790 1999 invenias,cum
810 1928 1077 1984 nondum
1095 1931 1401 1984 exstarent
1418 1926 1638 1998 scripta
1648 1925 1858 1998 Diony-

213 2024 349 2095 sii,a
367 2039 483 2094 quo
500 2020 760 2094 primum
781 2018 884 2074 ille
897 2018 1168 2090 proditus
1189 2021 1343 2073 est».
1364 2014 1630 2085 Haecille,
1653 2018 1711 2070 et
1734 2015 1859 2087 qui-

207 2114 342 2179 dem
363 2113 658 2178 verissime,
676 2107 882 2181 judice
911 2107 1145 2163 Dallteo.
1176 2105 1283 2162 Ille
1314 2110 1512 2162 autem
1543 2104 1855 2176 Dionysius

204 2222 241 2262 a
271 2221 386 2277 quo
419 2199 777 2258 novenarius
807 2197 1086 2254 ordinum
1134 2195 1520 2253 invisibilium
1569 2211 1857 2252 numerus

203 2295 463 2370 primum
484 2289 756 2364 proditus
778 2293 888 2359 est,
920 2293 1079 2343 certe
1102 2292 1238 2343 ante
1251 2287 1677 2359 Hieronymum
1689 2284 1853 2354 vixit,

203 2384 376 2440 illum
408 2382 567 2437 enim
599 2380 821 2436 scimus
852 2377 1126 2434 eumdem
1157 2393 1475 2433 numerum
1499 2376 1852 2449 prodidisse.

197 2474 446 2528 Exstant
476 2469 584 2525 sub
612 2469 741 2541 ejus
765 2468 1008 2524 nomine
1031 2467 1092 2522 in
1112 2466 1383 2523 Psalmos
1415 2466 1849 2537 commentarii,

198 2563 262 2619 in
285 2560 501 2634 quibus
517 2558 593 2615 ad
607 2559 900 2632 psalmum
918 2575 1048 2628 cxn,
1070 2557 1198 2614 haec
1228 2556 1510 2630 legimus:
1543 2576 1566 2605 α
1590 2556 1853 2612 Colloca-

193 2652 275 2708 vit
296 2652 451 2707 Deus
468 2651 644 2705 Pater
664 2647 876 2703 Filium
900 2647 963 2702 in
988 2647 1331 2704 caelestibus
1347 2647 1411 2703 in
1442 2648 1682 2703 dextera
1711 2660 1850 2713 sua;

197 2748 257 2799 et
278 2740 620 2798 dominatur
637 2755 816 2811 super
845 2737 1168 2810 principes,
1201 2737 1260 2793 id
1294 2742 1403 2807 est,
1436 2754 1613 2809 super
1642 2753 1850 2792 novem

197 2830 438 2887 ordines
450 2825 1157 2901 angelorum,secundum
1172 2826 1320 2881 illud
1336 2843 1387 2881 »:
1406 2828 1687 2899 Princeps
1699 2826 1855 2882 mili-

204 2920 415 2989 tim,vel
430 2917 1000 2991 princepsvirtutum
1016 2932 1122 2988 ego
1140 2931 1331 2970 sum.«
1344 2917 1415 2970 Et
1429 2914 1669 2987 insuper
1689 2932 1856 2971 sanc-

197 3016 288 3067 tos
303 3016 365 3067 et
379 3010 443 3065 in
460 3025 568 3065 sua
580 3006 850 3063 membra
870 3005 1177 3061 collocavit
1197 3020 1331 3059 cum
1356 3004 1500 3075 ipsis
1525 3020 1733 3060 novem
1756 3021 1850 3059 or-

196 3102 437 3159 dinibus
454 3099 799 3173 angelorum
819 3097 992 3153 ».Sed
1015 3114 1136 3152 non
1163 3101 1253 3152 est
1271 3096 1383 3152 hoc
1401 3112 1549 3168 Opus
1563 3097 1854 3170 Hierony-

195 3192 300 3259 mi,
334 3190 654 3262 inquiunt:
688 3186 1008 3259 etquidem
1032 3190 1221 3241 totum
1249 3186 1378 3257 ejus
1400 3203 1526 3242 esse
1552 3203 1670 3242 non
1685 3187 1849 3243 vide-

194 3286 322 3336 tur:
361 3275 801 3350 quamplurima
822 3281 1021 3331 tamen
1051 3274 1113 3330 in
1147 3291 1213 3331 eo
1236 3280 1517 3332 contenta
1547 3293 1679 3332 vere
1712 3277 1848 3333 Ilie-

190 3368 546 3441 ronymiana
575 3382 727 3433 esse,
750 3381 968 3439 negare
985 3380 1161 3419 nemo
1183 3369 1380 3436 potest
1404 3381 1417 3420 :
1442 3370 1502 3420 et
1517 3381 1698 3436 quare
1720 3366 1846 3422 haec

197 3459 329 3531 ipsa
357 3458 410 3513 ei
443 3455 831 3528 denegentur,
866 3454 1159 3510 rationem
1204 3453 1435 3509 nullam
1466 3454 1658 3512 video.
1702 3457 1843 3511 Nam

193 3547 355 3621 quod
382 3544 835 3603 memorabilem
866 3543 1209 3616 Hieronymi
1227 3543 1421 3599 locum
1455 3560 1526 3599 ex
1547 3560 1847 3600 commen-

187 3637 355 3694 tariis
386 3636 448 3692 in
478 3634 792 3708 epistolam
823 3632 897 3689 ad
929 3633 1216 3705 Ephesios
1263 3632 1505 3688 adducit
1549 3633 1842 3704 Petavius,

190 3726 342 3784 illud
373 3726 550 3799 plane
580 3723 754 3780 nihili
787 3728 912 3779 est:
949 3727 1089 3779 sunt
1106 3723 1265 3779 enim
1288 3723 1377 3778 illi
1403 3723 1514 3795 ipsi
1538 3740 1843 3779 commen-

192 3818 328 3874 tarii
358 3816 512 3872 nihil
542 3814 705 3872 aliud
736 3814 943 3883 ferme,
977 3830 1153 3885 quam
1188 3831 1259 3870 ex
1304 3819 1568 3870 veterum
1610 3815 1844 3887 scriptis

194 3910 490 3978 excerpta,
522 3908 589 3960 ut
634 3904 852 3960 fatetur
903 3903 1031 3975 ipse
1084 3903 1516 3975 Hieronymus:
1569 3908 1629 3959 et
1678 3903 1845 3960 locus

193 3997 321 4070 ipse
353 3996 453 4069 qui
485 3994 822 4061 adducitur,
852 3992 1087 4048 videtur
1116 4009 1243 4048 esse
1275 3993 1453 4065 plane
1475 3994 1842 4066 Origenicus.

189 4089 392 4158 Neque
422 4085 570 4142 illud
601 4100 696 4140 me
724 4087 938 4151 movet,
973 4082 1130 4153 quod
1162 4087 1389 4155 septem
1429 4083 1666 4139 ordines
1698 4101 1847 4140 enu-

188 4182 380 4232 meret
408 4176 509 4231 lib.
566 4191 630 4242 u,
690 4177 898 4229 contra
944 4172 1341 4241 Jovinianum,
1386 4189 1567 4245 quem
1609 4174 1845 4246 juvenis

189 4264 462 4335 scripsit;
489 4263 725 4319 tametsi
748 4261 890 4317 inde
917 4262 1156 4335 colligat
1174 4263 1619 4326 Petavius,satis
1637 4264 1847 4320 incon-

192 4356 537 4424 sequenter,
569 4352 826 4406 Nondum
856 4352 1187 4420 Hieronymo
1218 4354 1520 4407 constitisse
1575 4353 1642 4407 de
1691 4354 1848 4409 ordi-

190 4458 323 4499 num
351 4456 582 4496 numero
611 4447 663 4495 et
692 4440 1082 4510 appellatione.
1119 4441 1270 4496 Satis
1302 4442 1460 4497 enim
1488 4443 1844 4516 Hieronymo

1880 3148 1931 3214 C

1966 1838 2298 1895 divinarum
2329 1837 2633 1904 virtutum,
2667 1852 2847 1909 supra
2877 1836 3303 1908 perspicaciam
3344 1836 3617 1892 cherubi-

1963 1910 2180 1987 norum
2235 1927 2530 2001 puritatis,
2589 1931 2648 1984 et
2703 1926 3157 1999 seraphinorum
3234 1941 3337 1982 sex
3382 1926 3614 1983 alarum

1964 2019 2292 2076 motionem
2315 2032 2766 2090 quaquauersus
2798 2016 3153 2089 expeditam.
3186 2039 3215 2067 »

2034 2119 2331 2172 Praaterea
2380 2131 2502 2171 non
2532 2120 2764 2171 tantum
2797 2114 3148 2171 Laurentius
3183 2115 3349 2172 Valla
3386 2115 3617 2173 indicat

1961 2207 2146 2263 fuisse
2182 2222 2302 2262 sum
2334 2206 2525 2262 aetatis
2555 2206 2710 2261 viros
2750 2205 3148 2277 doctissimos,
3183 2204 3284 2278 qui
3307 2205 3619 2279 judicave-

1961 2297 2086 2353 rint
2113 2297 2224 2353 hos
2252 2295 2439 2352 libros
2465 2313 2595 2353 esse
2625 2295 3116 2368 Apollinaris,sed
3148 2296 3328 2352 etiam
3359 2312 3429 2351 ex
3458 2299 3623 2353 vete-

1961 2389 2128 2448 ribus
2149 2388 2446 2460 nonnulli,
2471 2389 2572 2462 qui
2593 2389 2956 2462 Areopagitaa
2978 2388 3163 2445 fuisse
3185 2389 3616 2463 pernegabant,

1962 2485 2066 2539 aut
2093 2478 2420 2553 Apollinari
2452 2483 2554 2535 aut
2582 2478 2832 2552 Didymo
2875 2479 3290 2547 ascribebant;
3344 2484 3405 2535 et
3448 2497 3620 2536 reve-

1961 2569 2184 2628 rendus
2205 2568 2474 2625 Usserius
2496 2567 2735 2624 eosdem
2753 2585 2872 2623 non
2897 2567 3206 2624 dubitabat
3231 2568 3490 2625 tribuere
3513 2576 3619 2627 aut

1961 2659 2315 2733 Apollinari,
2348 2664 2449 2714 aut
2479 2663 2635 2714 certe
2668 2657 3004 2730 synchrono
3040 2658 3321 2730 Dionysio
3353 2659 3615 2729 cuidam,

1963 2749 2070 2816 illi,
2103 2765 2343 2820 nempe,
2375 2747 2449 2804 ad
2482 2763 2660 2818 quem
2688 2746 3050 2819 Apollinaris
3100 2748 3359 2820 scripsit,
3392 2747 3462 2804 de
3493 2766 3613 2820 quo

1960 2838 2215 2911 legimus
2236 2840 2298 2893 in
2322 2837 2637 2893 collatione
2661 2851 2860 2893 coram
2883 2836 3131 2908 Hypatio
3148 2837 3254 2892 sub
3276 2838 3615 2894 Justiniano

1939 2928 2166 3003 ‘habita
2195 2944 2207 2983 :
2245 2930 2381 2984 Nam
2408 2934 2459 2982 et
2493 2927 2641 2982 beati
2665 2927 2806 2981 Julii
2832 2931 3099 2997 famosam
3130 2928 3286 2983 illam
3323 2930 3615 2999 epistolam

1960 3020 2250 3087 manifeste
2296 3016 2629 3087 Apollinaris
2677 3017 3008 3072 ostendimus
3048 3016 3221 3086 fuisse
3248 3019 3513 3089 scriptam
3539 3019 3617 3073 ad

1959 3108 2305 3178 Dionysium.
2338 3105 2424 3161 Ab
2456 3105 2797 3178 Apollinare
2830 3105 3072 3177 quidem
3105 3106 3323 3179 scripta
3350 3108 3615 3179 Areopa-

1960 3197 2137 3269 gitica
2160 3212 2281 3251 non
2304 3200 2468 3267 puto,
2496 3195 2668 3267 cujus
2690 3194 2878 3250 libelli
2901 3211 3062 3250 nunc
3081 3195 3426 3264 Athanasio,
3448 3213 3613 3253 nunc

1955 3286 2107 3342 Julio
2142 3301 2332 3357 papae,
2356 3300 2515 3340 nunc
2538 3284 2812 3355 Gregorio
2830 3284 3263 3358 Thaumaturgo
3286 3285 3356 3340 ab
3372 3285 3610 3341 haereti-

1956 3374 2040 3431 cis
2072 3372 2541 3442 ascribebantur,
2585 3376 2735 3428 teste
2783 3372 3024 3429 Leontio
3070 3373 3456 3446 Neapolitano
3489 3375 3613 3447 epi-

1957 3478 2135 3535 scOpo
2162 3480 2174 3530 ;
2211 3467 2337 3518 tum
2366 3461 2525 3533 quod
2555 3459 2902 3533 fragmentis
2943 3460 3072 3532 ejus
3105 3479 3236 3533 quae
3268 3470 3609 3536 supersunt,

1958 3551 2179 3608 similia
2210 3568 2329 3607 non
2362 3551 2516 3619 sint;
2551 3555 2677 3605 tum
2710 3550 2869 3621 quod
2902 3550 3273 3624 dogmatibus
3313 3553 3443 3626 ejus
3494 3553 3613 3608 mi-

1955 3638 2115 3696 nime
2146 3644 2546 3697 consentanea
2576 3640 2715 3710 sint,
2749 3639 2908 3712 quod
2939 3658 3094 3712 saepe
3126 3639 3399 3697 observat
3428 3643 3610 3698 Maxi-

1954 3748 2108 3788 mus.
2140 3732 2342 3802 Neque
2381 3746 2516 3785 vero
2547 3728 2794 3802 Didymo
2825 3730 3175 3787 ascribenda
3194 3732 3470 3802 arbitror,
3502 3732 3607 3804 qui

1956 3837 2090 3876 cum
2114 3819 2448 3893 Origenista
2474 3824 2648 3882 esset,
2684 3835 2754 3875 ea
2783 3820 3088 3892 scripsisse
3117 3820 3364 3876 minime
3386 3828 3608 3893 putan-

1955 3910 2086 3967 dus.
2115 3908 2365 3965 Tantum
2397 3907 2537 3963 inde
2568 3908 2780 3982 colligo
2809 3909 3313 3965 verisimillimum
3352 3927 3504 3981 esse,
3536 3927 3607 3966 ea

1954 4003 2129 4055 aatate
2152 4004 2455 4055 auctorem
2472 3998 2835 4070 vixisse,qua
2852 3998 3209 4070 Apollinaris
3231 4005 3290 4056 et
3320 3999 3607 4073 Didymus

1954 4088 2268 4154 ﬂorebant,
2300 4088 2413 4144 hoc
2443 4094 2533 4144 est
2562 4093 2773 4161 quarto
2809 4087 3043 4145 saeculo.

2028 4178 2177 4245 Quid
2208 4177 2366 4250 quod
2388 4177 2462 4234 ab
2485 4178 2620 4235 aliis
2641 4179 2819 4235 etiam
2843 4177 3218 4236 observatum
3251 4184 3361 4247 est,
3394 4181 3607 4252 Grego-

1953 4269 2109 4324 rium
2130 4268 2572 4337 Nazianzenum,
2604 4268 2870 4340 quiante
2921 4268 3105 4324 tinem
3162 4269 3356 4341 quarti
3406 4269 3607 4325 saeculi

1955 4364 2228 4414 mortuus
2259 4363 2368 4428 est,
2400 4357 2579 4430 hujus
2628 4358 2891 4431 Dionysii
2945 4358 3383 4431 quamplurima
3433 4376 3609 4415 usur—

1956 4447 2170 4520 passe?
2196 4447 2362 4503 Haud
2384 4464 2572 4520 pauca
2599 4465 2739 4503 sane
2762 4447 2895 4503 loca
2924 4447 3133 4503 Billius
3160 4449 3221 4504 in
3243 4448 3605 4505 observatio-

192 4528 502 4589 constabat
527 4528 602 4583 do
634 4528 955 4584 novenario
977 4529 1253 4585 ordinum
1276 4547 1526 4587 numero
1559 4539 1619 4587 et
1647 4534 1849 4604 appel-
1880 4517 1925 4582 D
1958 4517 2135 4592 nibus
2163 4553 2232 4591 ex
2253 4517 2616 4594 Nazianzeno
2637 4537 2950 4609 congessit,
2975 4543 3191 4595 etcum
3228 4539 3605 4611 Dionysianis

192 4622 440 4687 latione,
472 4635 608 4674 cum
627 4617 869 4689 scripsit
885 4618 1216 4690 apologiam
1242 4619 1523 4676 adversus
1542 4621 1847 4678 Bullinum

194 4710 545 4777 secundum,
577 4709 639 4762 in
669 4723 788 4777 qua
816 4706 1084 4779 Origenis
1113 4707 1392 4764 haeretica
1420 4710 1714 4766 rhetorice
1745 4712 1846 4766 de-

192 4801 438 4876 pingitm
452 4800 520 4855 In
534 4796 908 4853 restitutione
929 4797 1847 4874 omnium,quandoindulgentia

191 4888 544 4964 principalis
571 4887 819 4956 venerit,
843 4885 1153 4942 cherubim
1171 4892 1231 4942 et
1247 4888 1845 4961 seraphim,thronos,

190 4980 582 5053 principatus,
607 4976 1067 5047 dominationes,
1090 4977 1356 5048 virtutes,
1384 4984 1724 5051 potestates,
1756 4998 1845 5038 ar-

190 5066 1696 5142 changelos,angelos,diabolum,daemones,animas
1717 5088 1837 5127 om-

187 5161 355 5217 nium
370 5156 1305 5227 hominum,tamChristianorum
1325 5174 1500 5229 quam
1517 5160 1845 5217 Judaeorum

185 5255 247 5306 et
267 5251 585 5323 gentilium
617 5248 794 5304 unius
826 5246 1188 5302 conditionis
1220 5251 1277 5302 et
1308 5262 1601 5303 mensuras
1631 5248 1756 5304 fore
1788 5272 1839 5305 ».

186 5339 583 5397 Novenarium
615 5339 794 5411 igitur
814 5336 1092 5391 ordinum
1113 5353 1429 5392 numerum
1452 5336 1727 5394 distincte
1749 5356 1844 5395 ex-

183 5430 405 5503 pressit
444 5430 859 5499 Hieronymus,
884 5442 1061 5498 quem
1086 5426 1401 5496 Dionysius
1424 5426 1682 5497 primum
1706 5446 1838 5501 pro-

184 5519 375 5575 didit:
409 5523 537 5576 erat
568 5518 766 5588 itaque
797 5516 1117 5587 Dionysius
1140 5516 1499 5587 Hieronymo
1520 5517 1837 5589 antiquior.

184 5609 391 5681 Neque
420 5608 533 5666 hoc
564 5607 785 5665 mirum
813 5604 999 5662 videri
1030 5604 1225 5672 debet,
1259 5621 1396 5672 sum
1429 5606 1687 5663 Basilius
1730 5608 1840 5664 Se-

1958 4626 2232 4683 contulit.
2266 4625 2460 4682 Unum
2496 4626 2673 4682 etiam
2705 4626 2961 4683 Dallazus
2990 4627 3119 4701 ipse
3149 4629 3291 4685 satis
3341 4629 3609 4702 apposite

1958 4714 2322 4783 observavit;
2356 4721 2415 4771 et
2445 4731 2547 4788 ego
2579 4716 3022 4788 quamplurima
3050 4717 3205 4790 apud
3227 4735 3322 4774 me
3352 4719 3413 4773 in
3453 4735 3612 4775 eam-

1958 4803 2093 4859 dem
2117 4820 2243 4859 rem
2276 4804 2584 4861 observata
2612 4805 2823 4861 habeo.
2877 4807 2986 4862 Sed
3033 4807 3334 4878 queritur,
3390 4807 3608 4879 inquit,

1955 4898 2078 4948 uter
2106 4894 2174 4947 ab
2195 4898 2322 4948 utro
2341 4894 2415 4949 sit
2442 4900 2741 4949 mutuatus.
2774 4895 2844 4949 Et
2864 4910 2969 4966 ego
3003 4893 3243 4966 quidem
3258 4895 3608 4967 Dionysium

1956 4998 1991 5037 a
2022 4982 2299 5054 Gregorio
2331 4997 2401 5038 ea
2421 4982 2667 5038 minime
2698 4987 3035 5039 mutuatum
3068 5000 3198 5040 esse
3220 4982 3434 5050 credo;
3467 4985 3611 5057 quia

1955 5071 2210 5143 scriptor
2231 5069 2329 5126 ille
2352 5071 2424 5126 ab
2443 5070 2573 5126 aliis
2596 5071 2873 5128 omnibus
2905 5072 3322 5129 ecclesiasticis
3354 5072 3609 5145 scripto-

1952 5161 2121 5216 ribus
2141 5160 2311 5232 plane
2334 5160 2600 5216 diversus
2623 5166 2796 5229 est,et
2817 5163 2905 5216 sui
2940 5168 3169 5217 tantum
3202 5161 3435 5217 similis.
3470 5163 3607 5218 Om-

1956 5251 2058 5307 nia
2089 5251 2275 5305 ferme
2307 5249 2381 5305 ad
2414 5250 2781 5306 Neotericam
2832 5250 3291 5307 l’latonistarum
3340 5251 3609 5308 scholam

1952 5340 2360 5408 conformavit,
2395 5344 2455 5395 et
2483 5356 2518 5394 a
2547 5339 2738 5395 verbis
2762 5345 2819 5395 et
2840 5356 2873 5395 a
2896 5341 3241 5397 notionibus
3264 5345 3610 5398 sanctorum

1951 5432 2193 5486 Patrum
2224 5431 2479 5486 maxime
2509 5428 2836 5487 abhorruit.
2870 5430 3147 5501 Quisquis
3192 5435 3372 5486 totam
3408 5432 3608 5504 operis

1953 5521 2084 5591 ejus
2105 5536 2473 5593 compagem,
2498 5518 2910 5575 admirandam
2935 5520 3368 5576 sententiarum
3393 5536 3464 5575 ex
3478 5521 3612 5594 phi-

1952 5608 2224 5681 losophia
2262 5611 2581 5683 petitarum
2612 5608 3060 5677 rotunditatem,
3094 5612 3152 5666 et
3197 5609 3512 5669 verborum
3542 5611 3608 5670 in
