3990 6136
285 280 399 358 209

1057 281 1117 344 ι.
1160 277 1588 343 PEARSONII
1634 280 2005 346 VINDICIE
2046 281 2532 347 IGNATIANAZ.
2581 318 2656 332 -—
2699 284 2908 348 PARS
2951 286 3000 345 I.

3593 288 3714 349 210

293 414 493 470 eadem
514 413 738 470 incude
756 416 1154 472 formatorum
1168 420 1517 488 perpetuam
1535 417 1957 490 scaturiginem
1985 419 2040 487 Α
2075 433 2280 474 eorum
2304 419 2502 492 aliqua
2525 420 2727 488 refert,
2761 436 3016 494 semper,
3045 420 3276 492 opinor,
3303 419 3542 476 silentio
3575 437 3720 495 sup-

294 506 578 575 observat,
611 523 943 578 nunquam
973 523 1042 561 ex
1074 505 1372 578 Gregorio,
1406 511 1508 562 aut
1553 507 1668 562 alio
1697 524 1961 578 quocun-

2067 511 2290 582 primit.
2332 515 2622 582 Ingratum
2681 513 2790 568 hoc
2819 512 3106 567 silentium
3135 529 3240 584 ego
3273 529 3392 568 non
3424 513 3656 585 appello
3689 531 3703 569 :

296 613 408 668 que
437 596 777 652 Christiano
832 613 968 652 eum
1000 613 1106 653 sua
1134 595 1404 652 hausisse
1461 596 1812 652 autumabit.
1847 597 1956 662 Qui
2064 606 2284 670 utatur,
2320 620 2424 674 per
2462 621 2556 658 me
2587 603 2748 671 licet,
2781 620 2851 658 eo
2882 602 3116 658 dicendi
3147 619 3364 675 genere
3399 603 3558 674 quod
3593 604 3711 675 ipsi

299 694 494 743 autem
516 687 877 742 Nazianzeni
901 686 1200 742 orationes
1221 685 1497 742 omnibus
1521 686 1731 742 nativas
1755 687 1924 742 rheto
1939 718 1956 728 -

2060 692 2464 764 maximopere
2497 693 2782 764 placebat,
2815 709 3080 749 summus
3131 699 3346 748 orator.
3382 695 3548 748 Certe
3591 710 3714 750 non

294 778 429 832 rica;
459 777 763 833 coloribus
799 777 1088 848 depictas,
1117 782 1174 832 et
1224 776 1446 848 optimo
1472 775 1707 832 dicendi
1738 792 1954 848 genere
2061 783 2248 854 magis
2270 799 2407 856 erga
2429 783 2774 855 Dionysium
2797 801 2974 854 quam
2995 798 3132 854 erga
3161 783 3425 854 reliquos
3443 784 3710 855 ingratus

290 868 588 940 praecipue
621 867 1067 940 triumphantes
1097 867 1328 938 legerit,
1363 867 1594 937 quoties
1627 866 1700 922 ad
1734 867 1948 924 obscu-

290 958 450 1014 riora
474 957 747 1028 quaedem
772 963 833 1013 et
880 957 1073 1014 mahis
1103 956 1521 1029 philosophica
1552 956 1833 1026 deflectit,
1863 958 1950 1012 fa-

295 1051 410 1106 cile
440 1066 578 1105 cum
611 1048 857 1104 aliunde
888 1049 1164 1104 notiones
1200 1065 1298 1104 eas
1335 1047 1654 1114 derivasse,
1683 1052 1741 1103 et
1772 1064 1951 1118 quam

286 1139 480 1212 potuit
512 1139 886 1194 lucidissime
908 1137 1220 1194 tradidisse
1241 1137 1545 1193 fatebitur.
1577 1139 1646 1192 Et
1675 1137 1783 1192 has
1815 1137 1950 1208 qui-

284 1229 422 1285 dem
446 1245 892 1300 nonnunquam
914 1244 987 1284 ex
1016 1227 1277 1299 antiquis
1307 1225 1700 1299 philosophis,
1729 1227 1946 1298 saepius

281 1323 482 1374 autem
518 1333 591 1372 ex
621 1317 906 1388 Dionysio
938 1321 1230 1371 mutatum
1264 1331 1391 1371 esse
1441 1314 1760 1371 credimus.
1795 1315 1938 1370 Con-

282 1413 373 1462 tra
404 1407 660 1463 Dallaeus
677 1407 914 1462 duobus
935 1405 1322 1479 argumentis,
1351 1404 1703 1477 Dionysium
1735 1421 1806 1460 ex
1837 1405 1941 1461 Na-

281 1497 571 1552 zianzeno
597 1513 706 1553 sua
741 1501 1081 1551 mutuatum
1112 1512 1240 1550 esse
1301 1493 1643 1550 contendit:
1690 1511 1941 1565 quorum

280 1587 548 1658 primum
580 1586 904 1642 manifesta
927 1585 1202 1657 principii
1218 1585 1506 1656 petitione
1531 1583 1847 1652 laborat,et
1867 1583 1945 1640 le-

276 1676 586 1733 vissimam
609 1676 1017 1747 conjecturam
1041 1675 1112 1729 ab
1135 1675 1263 1746 ipso
1285 1673 1677 1747 excogitatam
1694 1691 1798 1745 pro
1813 1674 1943 1730 fun-

272 1766 564 1822 damento
587 1765 1429 1834 habet.«Atvero,inquit,cum
1453 1763 1629 1819 claris
1647 1764 1940 1835 certisque

269 1856 654 1928 argumentis
669 1871 851 1927 supra
870 1855 918 1910 si
929 1859 949 1910 t
960 1871 994 1910 a
1006 1853 1177 1909 nobis
1189 1853 1680 1922 demonstratum,
1691 1857 1941 1925 Areopa-

263 1951 450 2022 gitica
470 1949 719 2005 nonnisi
746 1953 882 2021 post
911 1947 1185 2019 quintum
1215 1946 1501 2003 saeculum
1541 1947 1722 2002 fuisse
1781 1945 1938 2003 edita

263 2055 330 2094 ac
364 2039 637 2110 cognita,
671 2037 918 2093 stultum
945 2043 1004 2092 et
1031 2036 1356 2093 absurdum
1379 2041 1490 2102 est,
1523 2036 1865 2108 Gregorium
1879 2053 1933 2094 a.

265 2130 448 2185 0.389
462 2134 772 2184 mortuum
792 2129 904 2184 hos
919 2127 1105 2183 libros
1126 2127 1660 2198 pervolutasse,qui
1684 2131 1927 2183 centum

263 2225 322 2274 et
341 2219 616 2290 amplius
630 2223 764 2289 post
779 2217 912 2290 ejus
930 2222 1181 2272 mortem
1203 2217 1380 2273 annis
1401 2222 1571 2273 erant
1586 2217 1932 2272 nascituri.»

264 2311 441 2366 Certe
494 2309 545 2364 si
594 2308 816 2364 Dallreo
864 2307 1183 2376 credimus,
1236 2310 1336 2362 130
1365 2307 1508 2362 anni
1541 2312 1670 2378 post
1700 2306 1928 2363 obitum

260 2400 534 2472 Gregorii
567 2398 755 2470 elapsi
787 2403 945 2466 sunt,
964 2398 1310 2469 priusquam
1358 2397 1766 2470 Areopagitica
1792 2397 1934 2452 ede-

261 2495 518 2556 rentur;
545 2489 651 2544 sed
679 2488 789 2543 hoc
816 2488 888 2543 ab
921 2505 990 2543 eo
1049 2492 1286 2542 tantum
1345 2486 1592 2555 dictum,
1625 2502 1924 2557 nusquam

263 2580 749 2634 demonstratum
801 2582 910 2633 est.
941 2577 1048 2643 Qui
1086 2577 1246 2632 enim
1274 2577 1570 2632 variarum
1601 2575 1927 2632 lectionum

264 2671 328 2726 in
357 2670 572 2726 codice
600 2669 962 2740 Dionysiano
993 2684 1312 2724 numerum
1353 2671 1525 2724 mtate
1555 2667 1792 2722 Maximi
1823 2666 1929 2729 ob-,

266 2759 592 2816 servaverit
615 2776 630 2825 ;
653 2759 754 2829 qui
785 2757 977 2814 varios
1000 2757 1369 2824 seholiastas,
1407 2774 1556 2828 quos
1581 2762 1719 2813 ante
1748 2756 1927 2812 Maxi-

262 2869 429 2908 mum
462 2852 528 2906 in
561 2849 839 2905 eumdem
861 2854 1034 2905 notas
1065 2847 1490 2920 conscripsisse
1511 2852 1788 2920 apparet;
1822 2848 1924 2918 qui

264 2943 516 2999 Joannis
533 2940 1006 3013 Scythopolitani
1038 2944 1273 2995 aitatem
1292 2944 1539 3005 certam,
1564 2944 1623 2994 et
1649 2937 1914 3009 Dionysii

260 3032 656 3089 Alexandrini
695 3032 1008 3098 incertam,
1042 3029 1318 3101 idecque,
1368 3033 1436 3084 ut
1475 3027 1759 3084 credibile
1809 3032 1920 3095 est,

260 3124 452 3179 multo
473 3121 713 3193 longius
735 3119 807 3177 ab
831 3120 936 3175 illa
954 3119 1187 3174 Maximi
1212 3124 1502 3174 remotam
1528 3134 1540 3184 ;
1561 3118 1661 3189 qui
1686 3122 1918 3173 sancto-

2059 870 2191 926 fuit.
2212 873 2358 927 Eum
2382 873 2542 928 enim
2565 890 2670 945 pro
2694 889 2858 928 more
2891 889 2996 928 suo
3021 889 3141 927 non
3173 873 3361 928 semel
3390 875 3573 928 tacito
3605 890 3712 929 no-

2056 961 2314 1029 mine,ut
2341 962 2486 1017 mihi
2516 962 2767 1031 videtur,
2801 963 3170 1035 signiﬁcavit.
3205 964 3352 1018 Tum
3373 963 3533 1020 enim
3569 980 3706 1019 ora-

2058 1048 2220 1105 tione
2252 1051 2403 1105 38in
2439 1050 2809 1121 Theophania,
2847 1057 2972 1106 tum
3023 1051 3200 1108 etiam
3260 1052 3328 1105 42
3377 1051 3439 1106 in
3494 1053 3709 1108 Pascha

2056 1135 2183 1194 hmo
2209 1139 2388 1195 verba
2413 1139 2632 1196 habet:
2665 1139 2825 1196 Οὕτω
2861 1139 2955 1212 μὶν
2982 1138 3075 1193 οὖν
3109 1139 3175 1193 τὰ
3206 1136 3334 1214 ἅγια
3362 1143 3468 1194 τῶν
3513 1139 3706 1213 ἁγίων,

2056 1223 2090 1299 ἃ
2140 1225 2230 1281 καὶ
2290 1232 2407 1288 τοῖς
2438 1228 2690 1307 Σεραφὶμ
2739 1226 3175 1303 συγκαλύπτεται
3259 1227 3350 1283 καὶ
3428 1225 3706 1298 δοξάζεται

2051 1313 2226 1390 τρισὶν
2287 1316 2578 1393 ἁγιασμοῖς
2638 1317 2713 1380 εἷς
2777 1316 2904 1392 μίαν
2963 1322 3203 1373 συνιοῦσι
3256 1317 3556 1392 κυριότητα
3609 1319 3700 1374 καὶ

2061 1406 2315 1476 θεότητα,
2347 1404 2376 1460 ὅ
2405 1405 2495 1461 καὶ
2525 1405 2684 1479 ἄλλῳ
2711 1407 2820 1462 τινὶ
2851 1412 2958 1462 τῶν
3015 1408 3120 1481 πρὸ
3177 1409 3338 1480 ἡμῶν
3398 1405 3700 1485 πεφιλοσό-

2051 1516 2218 1574 φηται
2249 1494 2521 1552 κάλλιστά
2548 1518 2607 1552 τε
2626 1497 2716 1552 καὶ
2747 1495 3221 1570 ὑψηλότατα.‹‹3ἱο
3248 1499 3533 1555 nimirum
3557 1501 3701 1556 San-

2049 1591 2142 1642 cta
2157 1593 2499 1644 sanctorum
2514 1605 2644 1658 quas
2665 1589 2843 1644 etiam
2858 1606 2892 1644 a
2913 1589 3246 1661 seraphinis
3264 1589 3620 1662 obteguntur
3631 1607 3700 1646 ac

2047 1676 2236 1732 tribus
2250 1678 2819 1734 sanctiﬁcationibus
2840 1679 3307 1748 celebrantur,in
3328 1696 3506 1736 unam
3521 1680 3700 1736 domi-

2048 1767 2352 1822 nationem
2375 1774 2433 1822 et
2455 1769 2743 1825 Deitatem
2761 1769 3627 1840 coeuntibus,quemadmodum
3640 1776 3700 1827 et

2047 1855 2202 1913 alius
2223 1857 2465 1927 quidam
2487 1864 2626 1915 ante
2648 1875 2759 1914 nos
2814 1859 3216 1931 pulcherrime
3239 1864 3298 1914 et
3346 1858 3686 1916 sublissime

2044 1947 2498 2020 philosophatus
2523 1950 2840 2005 est.»Hunc
2860 1951 3041 2006 alium
3060 1951 3350 2020 quemdam
3361 1949 3698 2022 Dionysium

2041 2036 2400 2109 signiﬁcare,
2422 2038 2510 2093 vir
2529 2038 2594 2094 in
2610 2038 2812 2110 lingua
2832 2040 3032 2096 Graaca
3047 2055 3316 2096 summus
3332 2039 3679 2096 Guillelmus

2040 2126 2288 2184 Budaeus
2309 2128 2678 2184 observavit:
2713 2130 2979 2200 quamvis
3021 2131 3076 2186 S.
3137 2131 3531 2187 Athanasium
3587 2130 3688 2186 hic

2039 2217 2404 2291 subintelligi
2435 2220 2726 2276 notaverit
2757 2221 2912 2276 Elias
2942 2221 3260 2277 Cretensis.
3311 2221 3422 2276 Sed
3454 2221 3687 2293 quomi-

2037 2323 2149 2363 nus
2179 2308 2305 2363 haec
2337 2309 2408 2364 de
2439 2309 2763 2365 Athanasio
2787 2309 3268 2382 intelligam,duo
3299 2311 3678 2384 potissimum

2033 2402 2251 2467 vetant,
2285 2403 2411 2454 tum
2443 2399 2726 2470 temporis
2757 2400 2930 2466 ratio,
2965 2405 3090 2456 tum
3112 2417 3297 2473 genus
3320 2400 3680 2472 scriptionis.

2033 2487 2200 2543 Hunc
2235 2487 2393 2543 enim
2424 2488 2616 2560 primo
2645 2489 2959 2562 Gregorius
3015 2496 3184 2546 vocat
3229 2488 3349 2543 τινὰ
3402 2492 3512 2544 τῶν
3569 2489 3676 2563 πρὸ

2031 2576 2218 2648 ἡμῶν,
2250 2577 2362 2633 hoc
2395 2583 2485 2632 est
2509 2579 2800 2648 quemdam
2827 2582 2925 2649 qui
2954 2587 3082 2636 ante
3111 2583 3290 2651 ipsum
3312 2579 3455 2635 vix-it
3485 2598 3499 2648 ;
3561 2597 3677 2651 quo

2033 2665 2315 2736 loquendi
2345 2683 2563 2739 genere
2593 2668 2678 2724 uti
2710 2667 2907 2724 solent
2935 2670 3118 2724 Graeci
3152 2671 3492 2740 scriptores,
3543 2686 3678 2725 cum

2031 2756 2337 2812 hominem
2388 2757 2733 2831 intelligunt
2762 2764 3083 2830 antequam
3115 2759 3226 2830 ipsi
3249 2759 3374 2814 nati
3404 2759 3546 2828 sint,
3579 2763 3682 2814 aut

2032 2847 2241 2905 saltem
2273 2851 2562 2906 memoria
2587 2851 2900 2924 pollerent,
2924 2857 3247 2908 mortuum.
3280 2851 3679 2908 Nazianzenus

2030 2943 2228 2995 autem
2258 2940 2580 2996 maximam
2603 2941 2732 2997 vita)
2755 2947 2983 3014 partem
3006 2958 3141 2997 cum
3164 2941 3482 2998 Athanasio
3501 2942 3682 2998 simul

2025 3029 2430 3100 consumpsit:
2463 3029 2570 3084 has
2613 3029 2772 3101 ipsas
2822 3030 3122 3086 orationes
3161 3029 3676 3102 Constantinopoli

2028 3116 2248 3172 dixisse
2305 3117 2536 3173 videtur
2591 3123 2726 3174 ante
2788 3120 3168 3192 septennium
3195 3123 3331 3192 post
3369 3119 3675 3176 Athanasii

259 3231 398 3270 rum
427 3215 674 3270 Patrum
703 3211 853 3267 sexti
882 3210 1082 3267 saeculi
1138 3209 1211 3264 de
1250 3225 1385 3265 vero
1441 3209 1824 3279 Areopagita,
1861 3212 1919 3263 et
1952 3180 1994 3248 ο
2023 3212 2314 3276 mortem;
2348 3208 2587 3280 scripsit
2611 3213 2974 3276 autem,cum
3007 3209 3077 3264 de
3111 3211 3282 3266 statis
3311 3209 3675 3265 solemnibus

262 3306 522 3361 aliorum
563 3303 635 3358 de
667 3304 873 3374 Magno
906 3307 965 3356 et
992 3300 1166 3356 beato
1199 3299 1478 3371 Dionysio
1512 3298 1910 3366 sententiam;

264 3395 368 3467 qui
400 3393 639 3464 reliqua
660 3407 786 3462 quae
809 3390 885 3446 de
916 3389 1123 3462 quinto
1147 3388 1361 3444 saeculo
1393 3386 1775 3455 adduximus;
1810 3385 1911 3458 qui

263 3486 531 3557 denique
552 3481 1152 3552 mss.codicum,quos
1174 3480 1271 3536 alii
1288 3483 1711 3547 memorant,et
1731 3494 1909 3550 quem

249 3576 401 3631 mihi
425 3575 514 3629 vir
537 3590 738 3629 carum
761 3589 985 3638 rerum,
1009 3571 1152 3626 dum
1175 3570 1413 3640 viveret,
1446 3567 1909 3625 callentissimus

244 3666 520 3736 mihique
535 3662 914 3719 charissimus
935 3677 1055 3716 non
1072 3659 1322 3715 minoris
1343 3657 1909 3729 antiquitatis,quam

243 3757 317 3812 sit
341 3753 731 3826 Septuaginta
749 3753 1148 3824 Interpretum
1170 3750 1231 3804 in
1247 3747 1610 3804 bibliotheca
1624 3747 1778 3820 regis
1799 3764 1907 3804 no-

245 3847 349 3902 stri
379 3844 594 3912 codex,
613 3859 741 3899 esse
761 3841 1038 3910 asseruit,
1065 3844 1422 3896 vetustatem
1444 3839 1676 3896 noverit
1710 3855 1906 3905 ;nun-

242 3953 423 4008 quam
444 3936 576 3990 hmc
598 3932 669 3990 de
685 3933 832 3989 sexti
862 3930 1065 3988 saeculi
1083 3930 1344 3986 editione
1368 3929 1525 3986 dicta
1544 3946 1650 4003 pro
1673 3929 1908 3985 demon-

245 4023 582 4092 stratis,sed
604 4022 1017 4080 tantummodo
1046 4039 1153 4094 pro
1175 4037 1341 4077 mera
1363 4036 1432 4076 ex
1463 4020 1807 4092 conjectura
1824 4024 1908 4075 at-

247 4135 356 4188 que
372 4113 1084 4188 praeconceptaopinione
1098 4110 1343 4184 prolatis
1356 4109 1904 4166 habebit.Nullaita—

245 4224 356 4279 que
369 4206 470 4262 hic
496 4201 931 4258 «ineluctabilis
946 4207 1281 4272 temporum
1301 4200 1487 4255 ratio»
1510 4199 1681 4255 nobis
1695 4198 1900 4254 ofﬁcit.

244 4297 518 4352 Secundo
545 4292 942 4364 inquit:«Cur
971 4291 1306 4363 Gregorius,
1337 4290 1385 4344 si
1416 4290 1528 4345 ista
1559 4305 1593 4346 a
1622 4288 1900 4362 Dionysio

249 4392 402 4442 esset
411 4385 1054 4449 mutuatus,auctorem
1075 4381 1302 4454 ingrato
1317 4379 1554 4436 silentio
1568 4375 1902 4435 dissimula-

241 4485 327 4533 ret
346 4479 375 4533 ?
389 4482 512 4535 Cur
533 4491 656 4530 non
674 4474 724 4546 ej
735 4490 804 4528 us
818 4488 1039 4528 nomen
1053 4471 1255 4527 ederet
1269 4469 1426 4544 apud
1440 4487 1642 4526 omnes
1663 4485 1770 4525 ven
1779 4485 1900 4526 era-

2025 3303 2221 3370 agant,
2249 3299 2399 3356 forte
2429 3299 2609 3356 etiam
2641 3306 2964 3372 antequam
2995 3302 3356 3359 Athanasius
3391 3301 3667 3360 decessit.

2023 3388 2131 3453 Qui
2160 3393 2361 3446 autem
2392 3390 2599 3446 eadem
2631 3396 2803 3447 astate
2833 3392 2994 3463 vixit,
3029 3392 3170 3448 licet
3197 3397 3335 3448 ante
3368 3409 3504 3448 eum
3563 3392 3664 3464 qui

2023 3478 2316 3546 scribit,et
2344 3485 2666 3552 antequam
2695 3481 3062 3553 scribat,jam
3093 3481 3407 3538 defunctus
3440 3483 3660 3551 sit,dici

2022 3568 2175 3624 solet
2200 3571 2400 3626 Graece
2426 3570 2509 3630 τῖς
2539 3570 2656 3624 καθ’
2686 3571 2857 3643 ἡμᾶς,
2882 3572 3115 3642 quidam
3146 3574 3246 3642 qui
3269 3577 3458 3628 nostra
3499 3579 3665 3628 aetate

2023 3661 2192 3728 vixit,
2221 3664 2286 3714 ut
2315 3659 2442 3730 ipse
2473 3659 2736 3731 loquitur
2783 3661 3052 3718 oratione
3109 3664 3208 3717 36:
3243 3660 3332 3721 Ὠς
3378 3664 3485 3714 τῶν
3546 3661 3664 3714 καθ’

2017 3747 2166 3818 ἡμᾶς
2196 3745 2512 3824 φιλολόγων
2537 3769 2646 3818 τις,
2681 3752 2879 3807 Graace
2923 3752 3085 3808 enim
3139 3750 3202 3805 τὸ
3259 3751 3375 3814 καθ’
3407 3747 3577 3823 ἡμᾶς,
3607 3756 3667 3808 et

2014 3838 2234 3896 ἐπὶτῶν
2260 3841 2544 3918 ἡμετὲρῶν
2573 3840 2790 3918 χρόνων
2823 3845 2984 3901 idem
3014 3849 3250 3914 sonant,
3278 3843 3339 3898 τὸ
3368 3843 3474 3918 πρὸ
3505 3845 3667 3918 ἡμῶν

2015 3928 2197 4002 igitur
2245 3931 2486 4003 proprie
2538 3930 2699 3988 idem
2757 3933 2918 4004 quod
2973 3932 3080 4006 πρὸ
3109 3929 3392 4008 ἡμετέρων
3421 3931 3664 4007 χρόνων,

2012 4026 2138 4075 ante
2161 4025 2378 4076 (etatem
2406 4027 2675 4077 nostram.
2710 4021 2798 4077 Ita
2827 4021 3138 4093 Gregorius
3167 4022 3296 4093 ipse
3355 4025 3502 4076 orat.
3551 4022 3622 4076 44
3646 4037 3662 4078 :

2014 4107 2207 4173 Καθὼς
2237 4105 2348 4180 ἤδη
2380 4109 2519 4170 τινὲς
2535 4112 2641 4164 τῶν
2665 4109 2771 4183 πρὸ
2795 4111 2956 4182 ἡμῶν
2989 4110 3051 4164 τὸ
3081 4106 3500 4183 Σολομώντειον
3526 4108 3665 4180 ἐξει-

2014 4193 2268 4273 λήφασιν.
2329 4197 2489 4254 Orat.
2539 4199 2658 4253 28:
2715 4197 2791 4253 Τὸ
2848 4192 3069 4268 ἕτοιμον
3124 4195 3199 4258 εἷς
3255 4194 3498 4251 ἑκουσίαν
3559 4197 3657 4270 ἀρ-

2010 4284 2109 4360 γὸν
2169 4283 2248 4347 εἰς
2304 4283 2618 4357 ἐπιθυμίας,
2677 4281 2752 4346 ὥς
2807 4305 2891 4347 τις
2950 4279 3053 4359 ἔφη
3097 4289 3205 4340 τῶν
3252 4286 3358 4360 πρὸ
3390 4283 3563 4356 ἡλῶν⁹
3599 4294 3657 4344 et

2011 4380 2159 4431 orat.
2193 4378 2298 4432 36:
2347 4372 2572 4431 Τούτων
2628 4369 2786 4430 οὐδὲν
2843 4395 3042 4452 φαμεν,
3083 4374 3239 4429 εἶκαὶ
3268 4396 3376 4431 τισι
3407 4377 3516 4432 τῶν
3547 4377 3654 4452 πρὸ

2009 4463 2044 4532 ἠ
2053 4467 2171 4536 μῶν
2191 4462 2268 4527 ὡς
2291 4461 2492 4540 ἰσχυρὰ
2509 4463 3042 4536 τὲθιιται.Α11ςιιιθω
3057 4467 3236 4539 igitur
3261 4467 3651 4525 Nazianzenus

242 4568 356 4624 bile
380 4573 405 4624 Ρ
427 4538 818 4637 nRespondeo
841 4562 1284 4635 primo,nomen
1307 4538 1449 4632 ejus
1480 4565 1652 4617 aetate
1684 4562 1899 4634 Grego-
1932 4538 1980 4604 Π
2009 4553 2254 4626 indicat,
2289 4538 2466 4626 quem
2496 4554 2624 4626 ipse
2654 4573 2776 4627 pra:
2799 4561 2972 4612 (etate
3001 4538 3130 4613 non
3155 4558 3354 4615 novit:
3388 4559 3548 4630 quod
3579 4559 3652 4615 de

247 4658 312 4712 rii
341 4674 465 4712 non
497 4654 648 4710 adeo
681 4651 1020 4708 venerabile
1050 4650 1272 4719 fuisse;
1297 4649 1729 4706 Nazianzenum
1760 4665 1897 4707 eum

244 4764 343 4819 pro
375 4763 515 4803 vero
540 4743 896 4816 Areopagita
923 4758 1043 4797 non
1073 4741 1376 4814 agnovisse
1401 4758 1418 4811 ;
1462 4745 1766 4797 auctorem
1825 4756 1894 4796 eo

245 4853 352 4908 quo
386 4835 629 4907 scripsit
681 4831 897 4888 saeculo
945 4847 1052 4902 pro
1096 4831 1221 4886 viro
1253 4829 1494 4902 quidem
1524 4847 1761 4904 magno,
1791 4828 1894 4886 sed

245 4943 346 4983 sua
376 4927 487 4982 sub
522 4923 717 4980 alieno
748 4921 992 4978 nomine
1051 4919 1263 4976 edente
1321 4925 1630 4993 acceptum
1686 4920 1892 4979 fuisse.

244 5015 592 5089 Respondeo
624 5011 913 5077 secundo,
962 5010 1388 5067 Nazianzenum
1438 5010 1756 5083 scriptores
1801 5027 1892 5066 ec-

240 5106 566 5164 lesiasticos
598 5103 913 5160 nominare
946 5117 1066 5156 non
1094 5099 1304 5169 solere,
1367 5101 1417 5156 si
1474 5099 1623 5156 forte
1685 5116 1890 5156 eorum

241 5196 562 5253 sententias
583 5193 858 5249 adducat.
887 5187 1101 5244 Saltem
1133 5205 1259 5262 ego,
1295 5189 1437 5244 dum
1492 5189 1653 5246 illius
1711 5205 1892 5261 opera

240 5284 620 5358 pervolutavi.
648 5281 955 5338 neminem
977 5277 1049 5334 ab
1073 5295 1142 5334 eo
1167 5294 1233 5334 ex
1265 5277 1668 5334 catholicisita
1691 5278 1888 5334 nomi-

238 5385 434 5432 natum
455 5371 897 5430 animadvertit.
924 5368 1158 5440 Orphea
1187 5367 1449 5440 quidem,
1475 5369 1795 5424 Homerum
1829 5373 1888 5424 et

241 5465 576 5533 Hesiodum,
612 5463 1031 5534 Pythagoram,
1064 5457 1449 5526 Herodotum,
1475 5457 1798 5514 Pindarum
1829 5462 1889 5514 et

241 5552 853 5624 Platonem,Aquilam
884 5549 1067 5607 etiam
1097 5553 1275 5621 atque
1323 5549 1743 5622 Symmachum
1774 5565 1885 5606 no-

2004 4647 2330 4704 Athanasio
2362 4646 2478 4704 dici
2492 4664 2614 4704 non
2644 4652 2858 4720 potest.
2894 4649 3292 4720 Secunda,illa
3318 4651 3497 4708 verba
3519 4650 3656 4724 ὑψη-

2001 4735 2203 4812 γότατα
2231 4735 2694 4816 πεφιλοσόφηται,
2731 4739 2997 4797 indicare
3044 4741 3319 4798 videntur
3367 4743 3648 4812 aliquem,

2003 4828 2104 4899 qui
2121 4828 2419 4884 locutione
2433 4827 2689 4900 quadam
2705 4829 2914 4900 grandi
2931 4833 3106 4901 atque
3121 4830 3357 4887 sublimi
3375 4847 3505 4886 eam
3530 4847 3648 4886 rem

2001 4926 2353 4992 prosecutus
2385 4921 2499 4976 sit:
2531 4920 2590 4976 id
2632 4937 2767 4976 vero
2818 4921 3142 4977 Athanasio
3210 4938 3516 4992 nunquam
3548 4923 3648 4976 tri-

2001 5009 2183 5066 buere
2212 5010 2396 5068 voluit
2413 5010 3013 5081 Nazianzenus,cujus
3036 5011 3173 5082 styli
3205 5010 3647 5082 simplicitatem

2000 5098 2125 5171 ipse
2149 5100 2369 5170 optime
2391 5100 2572 5168 novit,
2595 5100 2765 5172 cujus
2786 5099 3072 5155 orationis
3128 5099 3551 5156 sublimitatem
3584 5102 3644 5156 in

1998 5187 2351 5260 panegyrico
2383 5204 2690 5258 nunquam
2711 5187 2989 5254 laudavit,
3015 5204 3192 5258 quem
3223 5193 3456 5245 tantum
3479 5189 3642 5269 σοφὸν

1996 5276 2088 5332 τὸν
2121 5275 2304 5349 λόγον,
2335 5275 2646 5348 σοφώτερον
2685 5276 2785 5341 τήν
2842 5271 3079 5330 διάνοιαν
3137 5276 3302 5334 dixit.
3354 5279 3645 5337 Neutrum

1998 5367 2176 5442 igitur
2196 5366 2726 5437 Athanasio,ambp
2752 5367 3034 5438 Dionysio
3067 5368 3645 5443 conveniunt;quem

1995 5458 2311 5530 postremis
2324 5454 2562 5513 Eusebii
2578 5456 2946 5528 temporibus
2969 5457 3278 5530 scripsisse
3304 5469 3512 5520 nostra
3527 5465 3644 5521 fert

1995 5549 2480 5606 sententia.Certe
2511 5546 2672 5619 quod
2689 5546 2838 5604 mihi
2858 5548 3115 5607 maxime
3143 5553 3462 5613 verisimile
3482 5557 3642 5612 vide-

243 5647 466 5722 minats
497 5641 980 5734 Chtistianorum
999 5637 1361 5720 scriptorum
1378 5638 1908 5729 nominaquoties
1990 5640 2166 5725 batur
2177 5639 2386 5710 dixket
2401 5655 2534 5708 rem
2546 5643 2730 5718 totum
2741 5637 3308 5718 doctiorumjudicio
3331 5646 3635 5722 submitto.
