3990 6136
230 304 344 369 211

876 431 1107 489 CAPUT
1145 430 1242 486 XI.

233 584 640 644 Argumentum,
692 578 998 644 nega_tt'vum_
1067 578 1346 644 re/_‘ut_atur.
1436 573 1570 644 Non_
1642 571 1883 644 reficitur

335 644 435 693 ιιοά
463 635 873 706 ηεῃοίίυιιηῐεὶῑ,
905 640 998 687 sed
1023 635 1159 706 quod
1186 638 1242 706 in
1277 637 1457 706 tmere
1516 637 1623 706 vim
1682 635 1882 706 nullam

335 660 434 693 uoa
463 660 759 706 negantium
788 660 873 698 Su,
905 660 993 687 seu
1023 660 1156 704 quoa
1186 660 1242 688 zu
1277 660 1372 686 nuc
1399 660 1457 687 re
1516 660 1623 685 mm
1682 660 1881 685 uuuum

298 660 505 756 Zabcut.
564 708 939 768 Argumentum
970 717 1030 768 ia
1096 701 1416 768 testimoniis
1473 697 1881 768 .a/ﬁrptott'vunt

297 762 892 832 negativumﬂ'destruit.
955 767 1103 832 Intra
1160 778 1321 832 annos
1357 762 1564 832 circiter
1607 762 1883 832 Δἳθο-ίιιιοί

298 824 530 881 auctores
585 831 895 893 Ignutt'unts
952 827 1307 893 testimonium
1376 824 1636 893 praebent.
1720 824 1882 893 lgna-

301 897 445 943 tt‘ana
492 908 596 943 non
621 887 888 957 ’ρλβ’-ωιιῄ
924 889 1302 957 Aleandrz'nis
1366 887 1653 957 incognita.
1712 887 1884 957 Euty-

296 958 406 1007 chti
433 949 678 1023 narratio
716 955 996 1023 ementitur.
1053 953 1236 1023 Plures
1293 949 1669 1023 episcoposnt'n
1703 950 1881 1023 ’ἐξαμ-

295 1030 384 1084 pto
439 1019 600 1084 fuisse
629 1023 774 1084 _ante
809 1017 1188 1084 _D_emet1jium_
1219 1011 1491 1084 proﬁcitur.
1550 1013 1626 1084 De
1680 1011 1884 1084 Ᾰξιζιίο-

288 1075 415 1147 pice
439 1075 682 1133 Ecclesia:
738 1080 951 1147 origine
998 1081 1046 1128 et
1102 1075 1355 1147 episcopis
1400 1078 1521 1147 [use
1565 1075 1879 1147 disputatur.

236 1174 239 1179 -
288 1138 377 1194 'Art
408 1147 780 1207 argumentum
811 1138 875 1191 (te
922 1140 1225 1191 Jonenst'bus
1278 1138 1352 1207 et_
1392 1138 1885 1207 liojariis’rgspon-

296 1200 496 1269 detur}
525 1211 575 1256 et
605 1208 669 1256 de
723 1209 1041 1268 Hieronymo
1102 1208 1254 1269 atque
1306 1200 1624 1269 Epiphanio.
1700 1201 1884 1269 Ignota

290 1265 803 1334 fuisse’Tei-tultiano
838 1265 1122 1334 Igriatiqna
1160 1265 1642 1334 demonstrarijzpn
1668 1265 1838 1327 potest
1866 1275 1880 1322 ;

297 1326 352 1382 ut
378 1348 538 1396 neque
566 1334 707 1389 Caio,
765 1326 928 1394 neq'ue
958 1392 966 1396 _
991 1327 1247 1396 Clementi
1296 1326 1675 1396 Ateqandrino,
1720 1339 1885 1388 neque

297 1389 530 1459 Origenz‘,
566 1410 725 1460 neque
753 1389 899 1460 Jujio
930 1392 1147 1460 Afrino,
1185 1405 1349 1460 neque
1401 1389 1691 1460 Lactantio,
1721 1401 1886 1460 neque

301 1450 559 1523 Dionysio
592 1450 1317 1523 Alexandrino.'AArgumeiiti
1341 1453 1572 1504 collectio
1604 1450 1890 1514 respontio-

295 1536 418 1573 num
441 1521 740 1573 collectione
772 1521 1105 1583 expungitur.

309 1681 452 1735 Cum
472 1679 533 1732 in
555 1676 738 1749 priori
759 1675 1313 1745 Vindiciarumparte
1342 1673 1414 1727 de
1443 1672 1721 1727 omnibus
1754 1686 1885 1741 quin

240 1769 316 1824 ad
346 1774 658 1823 externum
688 1770 1104 1838 argumentum
1132 1780 1166 1817 a
1220 1762 1579 1817 testimoniis
1633 1760 1886 1832 petitum
1918 1793 1966 1859 Β

237 1858 561 1930 pertinent,
587 1856 888 1926 disputare
918 1853 1063 1909 mihi
1105 1853 1489 1908 constitutum
1517 1851 1613 1919 sit,
1636 1850 1884 1922 jamque

237 1946 502 2019 singulos
532 1949 714 2000 testes
745 1944 820 1999 ad
841 1943 1146 2015 Ignatiana
1165 1939 1575 1997 conﬁrmanda
1599 1938 1886 1994 adductos

236 2034 309 2091 ab
341 2034 660 2090 adversarii
691 2029 1122 2103 objectionibus
1169 2029 1547 2085 liberaverim
1580 2045 1594 2094 ;
1644 2044 1886 2084 necesse

238 2130 328 2182 est
355 2129 422 2180 ut
451 2124 655 2179 eadem
692 2138 872 2194 opera
901 2125 1317 2193 argumentum
1348 2118 1517 2187 illud,
1545 2118 1703 2189 quod
1762 2133 1887 2172 om-

238 2213 408 2269 nium
431 2211 609 2269 simul
634 2210 1112 2268 testimoniorum
1136 2209 1253 2264 vim
1290 2212 1634 2264 enervatum
1663 2207 1727 2275 it,
1760 2222 1891 2262 exa-

241 2304 488 2371 minem,
512 2309 570 2358 et
598 2301 1035 2358 formidandam
1065 2299 1170 2355 alti
1230 2315 1298 2355 ac
1341 2298 1608 2353 diuturni
1666 2296 1891 2352 silentii

239 2393 461 2449 nubem
485 2392 991 2463 dispergam.Ecce
1023 2390 1182 2445 enim
1209 2387 1456 2444 Dallaaus
1472 2390 1891 2459 argumentum

243 2482 568 2539 fabricatus
593 2484 683 2535 est
712 2485 770 2534 et
798 2478 1089 2550 exposuit,
1132 2476 1289 2549 quod
1345 2491 1531 2531 unum
1589 2474 1701 2530 sibi
1748 2473 1891 2529 satis

247 2587 377 2627 esse
408 2571 758 2635 conﬁtetur;
783 2569 930 2623 adeo
951 2572 1017 2622 ut
1034 2566 1268 2637 reliqua
1287 2566 1490 2621 omnia
1510 2565 1642 2620 ideo
1659 2568 1891 2619 tantum

248 2659 476 2726 aﬁ'erat,
509 2664 576 2714 ut
594 2659 669 2713 iis
694 2655 1037 2725 satisfaciat,
1072 2654 1175 2726 qui
1198 2655 1337 2710 huic
1366 2670 1488 2709 non
1518 2657 1892 2726 argumento,

243 2748 347 2805 sed
376 2745 827 2821 argumentandi
856 2744 1057 2815 generi
1090 2743 1525 2799 difﬁdunt.Hoc
1554 2740 1734 2813 igitur
1761 2740 1891 2795 fuse

244 2839 509 2909 quinque
538 2836 784 2908 integris
803 2834 1158 2907 capitibus,a
1188 2833 1399 2906 quinto
1432 2831 1894 2903 incipiens,pro-

241 2924 1083 3000 sequitur.«Primum,inquit,
1108 2929 1166 2978 et
1187 2922 1429 2993 quidem
1460 2922 1741 2977 adversus
1761 2918 1894 2974 uni-

238 3032 440 3071 versas
457 3015 599 3069 istas
619 3012 899 3085 epistolas
921 3027 1237 3067 commune
1260 3014 1677 3083 argumentum
1696 3024 1730 3064 a
1750 3006 1892 3063 scri-

238 3110 476 3178 ptorum
510 3102 1047 3158 ecclesiasticorum
1078 3100 1316 3155 silentio
1348 3099 1604 3168 ducitur,
1628 3096 1731 3170 qui
1751 3101 1889 3153 ante

242 3192 565 3249 Eusebium
587 3189 746 3263 apud
769 3206 881 3245 nos
910 3189 1261 3245 ﬂoruerunt.
1288 3211 1318 3240 ι»

320 3300 447 3355 Non
479 3313 637 3352 nunc
667 3296 739 3351 de
770 3296 821 3350 vi
839 3296 1171 3368 argumenti
1201 3311 1234 3350 a
1260 3293 1599 3351 testimonio
1617 3293 1894 3366 negativi,

252 3388 373 3445 sive
400 3404 434 3443 a
454 3387 689 3442 silentio
720 3386 1077 3458 scriptorum
1097 3385 1265 3457 petiti
1297 3384 1567 3456 disputo;
1592 3400 1714 3440 non
1744 3398 1894 3456 nego

252 3477 495 3548 aliquod
516 3474 856 3549 hujusmodi
870 3474 1192 3546 aliquando
1208 3474 1387 3531 etiam
1405 3473 1475 3530 de
1490 3473 1896 3546 suppositione

247 3567 507 3640 alicujus
538 3566 742 3637 scripti
772 3565 963 3620 valere
1000 3582 1013 3620 :
1051 3566 1170 3620 imo
1200 3564 1459 3621 libenter
1485 3581 1607 3620 non
1664 3568 1897 3620 tantum

251 3657 533 3725 concedo,
569 3656 673 3712 sed
699 3661 757 3711 et
786 3655 1083 3711 contendo
1142 3653 1241 3710 tali
1291 3659 1637 3728 argumento
1689 3655 1895 3709 nixum

251 3763 685 3818 nonnunquam
708 3744 1029 3800 Eusebium
1060 3744 1276 3817 ipsum,
1328 3760 1505 3815 quem
1565 3744 1895 3816 sequimur,

248 3838 581 3909 aliquorum
595 3836 883 3892 librorum
905 3835 1318 3891 auctoritatem
1339 3834 1638 3907 respuisse
1663 3851 1677 3902 ;
1703 3837 1766 3889 ut
1786 3835 1896 3888 An-

248 3929 405 3985 dreae
424 3933 483 3985 et
497 3929 739 3985 Joannis
758 3934 816 3983 et
837 3926 1087 3982 aliorum
1107 3925 1508 3998 apostolorum
1526 3928 1706 3982 Actus
1727 3936 1900 3996 repu-

249 4018 473 4087 diabat,
495 4018 571 4071 ὧν
602 4012 755 4071 οὒδὶν
797 4012 1055 4088 οὐδαμῶς
1083 4012 1138 4069 ἐι
1193 4012 1579 4090 συγγράμματι
1622 4015 1732 4071 τῶν
1762 4009 1900 4066 κατᾶ

252 4105 520 4184 διαδοχὰς
548 4106 1059 4177 Ἐκκλησιαστικῶν
1087 4124 1173 4168 τις
1201 4105 1296 4174 ἀνή
1307 4123 1337 4179 ρ
1376 4102 1453 4167 εἶς
1511 4105 1736 4175 μνήμην
1768 4099 1896 4178 ἆγαο

251 4203 365 4271 γεῖν
399 4197 617 4267 ἠξίωσε.
630 4199 819 4264 «Quos
840 4197 1043 4251 nullus
1054 4204 1321 4267 unquam
1347 4194 1445 4266 qui
1459 4193 1805 4250 continuata
1826 4192 1899 4249 ab

254 4288 539 4361 apostolis
562 4287 936 4342 successione
958 4286 1020 4339 in
1040 4285 1301 4340 Ecclesia
1329 4283 1552 4352 docuit,
1583 4283 1644 4338 in
1667 4282 1901 4353 scriptis

261 4378 386 4435 suis
420 4392 885 4432 commemorare
927 4374 1201 4447 dignatus
1215 4371 1628 4429 est.Hist.eccl.
1661 4372 1703 4426 l.
1736 4388 1811 4426 In.
1848 4387 1898 4427 c.

256 4471 342 4524 25.
379 4464 701 4521 Clementis
728 4464 908 4519 etiam
941 4462 1253 4534 epistolam
1290 4461 1613 4519 secundam
1671 4461 1902 4535 rejecit,

253 4558 410 4613 hanc
439 4555 678 4611 unicam
709 4553 1002 4609 rationem
1034 4551 1322 4609 reddens:
1348 4547 1426 4608 Οὔ
1454 4551 1561 4625 μὴν
1585 4544 1662 4615 ἔθ’
1692 4549 1903 4625 ὁμοίως
1932 4546 1980 4615 D

255 4649 325 4720 τῇ
358 4645 596 4718 προτέρᾳ
622 4641 713 4697 καὶ
741 4639 943 4712 ταύτην
967 4641 1245 4716 γνώριμον
1272 4638 1626 4715 ἐπιστάμεθα,
1652 4639 1735 4695 ὅτι
1762 4636 1903 4713 μηδὲ

252 4734 382 4797 τοὺς
403 4733 669 4809 ἀρχαίους
691 4731 827 4806 αὐτῇ
849 4730 1228 4806 κεχρημένους
1258 4729 1433 4804 ἴσμεν.
1460 4754 1487 4783 ‹‹
1511 4732 1730 4788 Verum
1749 4731 1904 4788 hanc

253 4843 378 4883 non
396 4823 643 4898 perinde
666 4828 965 4896 receptam
988 4827 1163 4894 atque
1195 4821 1579 4895 approbatam
1593 4821 1776 4878 fuisse
1796 4839 1903 4894 pro

257 4922 416 4973 certo
434 4913 1235 4987 habemus,quandoquidem
1265 4912 1615 4968 vetustiores
1636 4912 1764 4984 ejus
1794 4917 1908 4968 tes-

258 5008 511 5063 timonio
528 5021 904 5078 nequaquam
928 5020 1068 5059 usos
1101 5018 1228 5058 esse
1251 5002 1902 5074 comperimus,ol.m,c.

259 5099 346 5153 38.
383 5098 491 5154 Ubi
521 5096 838 5169 diligenter
868 5093 1298 5149 observandum
1349 5098 1458 5161 est,
1492 5093 1813 5149 discrimen
1843 5093 1907 5150 in

258 5187 353 5243 his
384 5186 527 5258 ipsis
547 5185 719 5241 libris
742 5182 1144 5255 dijudicandis
1166 5183 1238 5237 ab
1260 5182 1511 5238 Eusebio
1534 5182 1903 5252 adhibitum;

259 5277 491 5350 priores
526 5291 765 5347 prorsus
794 5279 855 5330 et
876 5274 1111 5344 penitus
1143 5272 1643 5345 condemnat,non
1674 5280 1907 5332 tantum

263 5366 337 5421 ob
368 5365 847 5421 testimoniorum
882 5361 1199 5430 defectum,
1227 5363 1328 5419 sed
1361 5370 1419 5420 et
1462 5364 1537 5420 ob
1594 5364 1909 5422 materiam

266 5454 608 5529 apostolicis
629 5454 868 5526 scriptis
896 5451 1143 5509 minime
1167 5454 1910 5527 consentaneam,etplane

264 5543 611 5601 hmreticam
636 5560 650 5611 ;
682 5541 1074 5616 posteriorem
1105 5546 1492 5617 autem,quod
1522 5545 1912 5601 vetustiorum

262 5632 977 5716 testimoniis_destitutus
1000 5640 1177 5709 esset,
1207 5651 1315 5713 pro
1345 5650 1468 5698 non
1495 5635 1644 5696 adeo
1673 5638 1913 5710 recepto
1936 5674 1951 5679 -

1268 293 1333 356 S.
1380 289 1775 355 IGNATIUS.
1819 317 1900 335 --
1938 280 2558 352 PROLEGOMENA.

1911 432 1969 495 Α
1997 428 2176 495 atque
2207 420 2514 493 eXplorato
2547 417 2963 476 tantummodo
2990 417 3189 484 habet,
3221 415 3379 474 unde
3410 417 3483 475 ab
3515 419 3654 476 aliis

1917 3170 1965 3235 ο

3520 280 3646 341 812

1987 519 2197 588 postea
2226 514 2502 583 receptus
2532 514 2640 566 est.
2686 511 2924 567 Certum
2953 512 3154 565 autem
3177 512 3269 564 est
3322 507 3645 565 Eusebium

1986 620 2099 661 nec
2128 602 2317 659 ullum
2345 600 2567 656 librum
2598 600 2753 654 inter
2773 598 3232 667 canonicos,nec
3264 598 3421 654 inter
3450 599 3646 654 eccle-

1989 694 2257 751 siasticos
2296 707 2403 763 pro
2434 689 2771 746 indubitare
2799 705 2934 745 vero
2965 689 3469 761 recepisse,quem
3502 688 3645 745 scri-

1989 789 2224 856 ptorum
2257 780 2799 837 ecclesiasticarum
2831 785 2967 835 ante
3001 794 3063 834 se
3108 777 3342 834 silentio
3372 779 3639 849 praeteri-

1989 878 2113 929 tum
2156 877 2214 927 et
2270 876 2536 926 veterum
2595 868 2954 927 testimoniis
2999 867 3238 940 penitus
3287 867 3642 923 destitutum

1990 958 2473 1025 anidmadvertit;
2498 974 2691 1028 neque
2705 972 2811 1029 pro
2826 956 3158 1011 indubitate
3178 955 3329 1010 falso
3361 956 3643 1026 rejecisse

1989 1055 2167 1120 atque
2201 1046 2773 1114 condemnasse,nisi
2795 1050 3012 1118 praeter
3039 1043 3518 1100 testimoniorum
3545 1043 3647 1098 de-

1988 1139 2213 1195 fectum
2244 1136 2472 1209 aliquid
2492 1137 2551 1191 in
2576 1135 2711 1191 libri
2736 1135 2988 1191 materia
3016 1134 3295 1191 vitiosum
3318 1133 3643 1205 deprehen-

1992 1228 2167 1298 derit,
2197 1233 2266 1283 ut
2296 1228 2357 1281 in
2378 1225 2537 1283 Petri
2578 1231 2635 1280 et
2679 1225 2923 1296 Apionis
2954 1224 3204 1297 dialogis
3235 1223 3344 1279 sub
3400 1223 3644 1279 nomine

1992 1318 2315 1374 Clementis
2340 1315 2689 1389 publicatis:
2726 1314 2821 1367 Ὧν
2853 1310 3119 1375 οὐδ’ὅλως
3150 1314 3339 1385 μνήμη
3370 1331 3454 1374 τις
3501 1309 3647 1386 παρὰ

1990 1413 2112 1470 τοῖς
2144 1405 2404 1467 παλαιοῖς
2435 1403 2672 1482 φέρεται·
2716 1399 2840 1458 οὐδὲ
2859 1400 2959 1478 γᾶρ
2990 1402 3221 1477 καθαρόν
3241 1404 3342 1472 τῆς
3373 1403 3645 1457 Ἀποστο-

1992 1497 2159 1566 λικῆς
2189 1492 2505 1571 ὀρθοδοξῖας
2535 1492 2811 1562 ἀποσώζει
2838 1493 2933 1547 τὸν
2955 1499 3203 1566 χαρακτῆ
3216 1510 3297 1566 ρα.
3329 1516 3356 1543 ‹‹
3382 1493 3643 1558 Quorum

1993 1587 2148 1661 apud
2179 1587 2456 1657 antiquos
2478 1584 2645 1640 nulla
2674 1584 2916 1639 omnino
2942 1589 3131 1639 exstat
3151 1582 3376 1639 mentio
3402 1600 3414 1638 :
3449 1598 3642 1652 neque

1995 1681 2155 1736 enim
2188 1679 2421 1735 sincera
2441 1683 2616 1732 rectm
2658 1675 2795 1730 ﬁdei
2827 1675 2899 1730 ab
2931 1676 3218 1747 apostolis
3242 1674 3471 1730 traditas
3501 1680 3645 1729 nota

1995 1770 2054 1826 in
2088 1769 2208 1824 illis
2232 1784 2508 1840 expressa
2536 1766 2850 1837 reperitur.
2887 1785 2915 1815 »
2949 1767 3377 1837 Argumentum
3410 1765 3589 1837 igitur
3612 1780 3648 1819 a

1997 1857 2341 1916 testimonio
2358 1856 2697 1926 negativum
2720 1870 2842 1909 non
2865 1853 3136 1910 absolute
3160 1853 3647 1926 subterfugimus;

1998 1949 2103 2005 sed
2134 1946 2236 2002 ubi
2257 1947 2375 2000 vim
2397 1946 2660 2017 aliquom
2691 1944 2890 2010 habet,
2940 1944 3197 2000 libenter
3249 1943 3645 2012 admittimus,

1999 2039 2119 2094 imo
2150 2041 2209 2092 et
2229 2050 2529 2108 urgemus.
2562 2036 2626 2089 In
2659 2033 2924 2106 epistolis
2953 2034 3180 2105 Ignatio
3220 2033 3513 2105 ascriptis,
3543 2032 3653 2088 sed

1998 2145 2110 2184 nec
2140 2126 2211 2181 ab
2242 2124 2518 2192 Eusebio,
2552 2141 2662 2180 nec
2693 2124 2763 2180 ab
2787 2125 3143 2196 Hieronymo
3175 2123 3520 2179 memoratis
3551 2122 3654 2177 ad-

2000 2216 2333 2281 mittimus;
2366 2218 2425 2269 et
2454 2229 2587 2269 cum
2620 2229 2798 2270 nemo
2829 2231 2936 2285 per
2961 2219 3217 2285 quatuor
3259 2211 3473 2268 saecula
3513 2217 3651 2283 post

2001 2305 2213 2380 lgnatii
2244 2308 2500 2360 mortem
2531 2320 2735 2359 earum
2784 2302 3146 2370 meminerit,
3175 2303 3417 2357 omnino
3448 2300 3648 2371 rejici-

2000 2414 2155 2455 mus.
2190 2397 2257 2451 In
2289 2394 2561 2468 epistolis
2592 2409 2837 2465 prorsus
2868 2398 3005 2448 ante
3034 2393 3148 2447 hoc
3173 2390 3451 2447 saeculum
3471 2391 3648 2446 inau-

2002 2486 2160 2552 ditis,
2194 2501 2262 2541 ac
2291 2500 2366 2539 ne
2398 2499 2562 2539 nunc
2593 2482 2833 2554 quidem
2867 2481 3256 2549 exstantibus,
3282 2480 3385 2536 sed
3418 2480 3646 2536 solum-

2001 2575 2178 2631 modo
2207 2574 2283 2631 ad
2308 2571 2671 2630 eludendum
2695 2572 2749 2628 S.
2783 2571 3091 2644 Polycarpi
3122 2571 3529 2627 testimonium
3554 2586 3653 2626 ex-

2002 2664 2270 2736 cogitatis
2318 2663 2499 2719 etiam
2548 2678 2877 2735 urgemus;
2913 2667 2970 2716 et
2990 2677 3124 2716 cum
3161 2659 3334 2716 multi
3383 2676 3649 2730 unquam

2002 2752 2217 2808 saeculo
2277 2752 2527 2825 cognitas
2582 2751 2827 2818 fuerint,
2873 2767 2979 2823 pro
3025 2748 3305 2824 ﬁgmento
3337 2749 3650 2808 habemus.

1999 2840 2163 2895 Idem
2194 2840 2453 2911 denique
2473 2854 2697 2911 negans
2726 2845 3162 2911 argumentum,
3190 2840 3239 2893 si
3270 2838 3422 2893 forte
3439 2839 3657 2894 offera-

2007 2934 2125 2997 tur,
2146 2928 2340 3001 primo
2391 2928 2747 2984 discutimus
2772 2944 2786 2995 ;
2819 2927 3235 2995 discussum,si
3256 2926 3483 2983 nullam
3505 2926 3568 2981 in
3591 2944 3654 2983 se

2000 3018 2117 3073 vim
2153 3016 2372 3073 habere
2402 3016 2576 3072 nobis
2598 3016 3176 3089 videatur,negamus
3201 3033 3215 3084 ;
3239 3020 3298 3072 et
3321 3016 3656 3089 negationis

2001 3108 2296 3163 rationem
2324 3104 2660 3162 reddimus.

2074 3227 2188 3296 Ego
2217 3222 2564 3294 vero,inquit
2583 3221 2667 3276 vir
2684 3221 3085 3291 doctissimus,
3115 3245 3142 3275 «
3161 3239 3284 3279 non
3308 3223 3653 3297 negaverint

2005 3312 2277 3386 quaedam
2297 3328 2424 3366 esse
2447 3310 2779 3384 hujusmodi
2791 3310 2871 3378 ,in
2885 3312 3102 3382 quibus
3114 3329 3424 3385 perperam
3437 3313 3548 3370 hoc
3560 3330 3651 3370 ar-

2003 3400 2267 3475 gumenti
2280 3416 2467 3473 genus
2487 3399 2821 3456 adhibeas:
2834 3400 2901 3455 Et
2916 3417 3021 3474 ego
3039 3401 3337 3457 afﬁrmare
3352 3419 3468 3458 non
3484 3401 3652 3458 dubi-

2004 3491 2273 3559 taverim,
2295 3506 2535 3546 causam
2575 3495 2841 3547 nostram
2883 3490 3173 3563 ejusmodi
3208 3508 3358 3561 esse,
3391 3497 3455 3547 ut
3486 3492 3547 3548 in
3579 3511 3650 3551 ea

2003 3582 2116 3637 rite
2146 3580 2415 3637 adhiberi
2434 3580 2681 3635 minime
2711 3579 2916 3653 possit.
2937 3580 2993 3635 Si
3018 3581 3177 3637 enim
3202 3597 3465 3653 unquam
3490 3599 3664 3658 argu-

2005 3676 2278 3728 mentum
2311 3687 2345 3726 a
2392 3669 2734 3726 testimonio
2798 3670 3132 3743 negativum
3180 3670 3333 3727 nihil
3357 3672 3571 3742 valeat,
3606 3672 3667 3729 id

2009 3767 2135 3817 tum
2174 3759 2469 3833 praecipue
2504 3761 2588 3830 ﬁt,
2622 3776 2756 3816 cum
2789 3757 2963 3816 datur
2991 3766 3407 3833 argumentum
3429 3778 3463 3817 a
3492 3763 3668 3818 testi-

2006 3850 2212 3907 monio
2245 3849 2689 3919 afﬁrmativum,
2721 3848 2881 3921 quod
2928 3848 3015 3905 illi
3066 3850 3243 3922 plane
3298 3851 3665 3907 contrarium

2008 3941 2221 3996 asserit
2233 3945 2291 3996 et
2303 3939 2766 3998 evincit.Contra
2778 3940 2936 3996 enim
2951 3939 3404 3997 afﬁrmationem
3424 3942 3664 3998 testium

2008 4030 2171 4086 omni
2205 4030 2321 4086 ﬁde
2363 4029 2700 4103 dignorum,
2733 4029 3018 4103 nullaque
3048 4029 3325 4087 falsitatis
3348 4035 3450 4087 aut
3470 4031 3663 4087 imbe-

2007 4119 2273 4175 cillitatis
2285 4118 2626 4192 suspicione
2642 4118 3218 4191 laborantium,nihil
3237 4121 3393 4177 valet
3411 4120 3665 4178 aliorum

2008 4208 2268 4282 negatio,
2302 4206 2487 4264 multo
2519 4209 2720 4264 minus
2753 4207 3080 4265 silentium.
3105 4210 3225 4266 Hoc
3256 4208 3499 4282 quidem
3523 4227 3665 4267 casu

2010 4303 2424 4371 argumentum
2446 4314 2670 4371 negans
2694 4314 2954 4370 seipsum
2968 4304 3143 4372 negat
3166 4317 3180 4368 ;
3202 4298 3486 4356 fundatur
3502 4301 3664 4357 enim

2013 4394 2074 4448 in
2104 4387 2371 4461 generali
2407 4388 2645 4443 silentio
2673 4404 2685 4444 :
2719 4393 2780 4445 at
2807 4405 2942 4445 cum
2972 4389 3063 4444 vel
3093 4387 3295 4460 plures
3334 4389 3424 4445 vel
3483 4391 3666 4448 etiam

2010 4493 2168 4533 unus
2199 4476 2767 4549 loquitur,generale
2801 4477 3102 4535 silentium
3127 4495 3248 4534 non
3280 4484 3387 4535 est.
3414 4479 3522 4546 Qui
3546 4481 3666 4537 vim

2012 4566 2143 4639 ejus
2179 4566 2436 4622 maxime
2465 4565 2816 4636 defendunt,
2846 4572 2987 4623 tunc
3016 4573 3252 4624 tantum
3279 4569 3491 4625 efﬁcax
3532 4587 3665 4627 esse

2012 4657 2295 4727 fatentur,
2322 4673 2457 4711 cum
2488 4656 2677 4712 nullus
2719 4659 2940 4713 omnino
2995 4658 3239 4729 scriptor
3292 4660 3524 4731 aqualis
3577 4661 3667 4717 vel

2012 4763 2222 4818 supper
2242 4751 2475 4818 prastat
2508 4745 2921 4811 teiti'mom'um;
2949 4746 3051 4802 ubi
3081 4753 3281 4804 autem
3320 4747 3408 4804 vel
3459 4749 3664 4821 plures

2012 4836 2101 4893 vel
2132 4837 2313 4892 etiam
2333 4851 2487 4891 unus
2517 4834 2940 4905 testatur,{dici
2962 4852 3083 4893 non
3108 4842 3305 4908 potest
3320 4838 3535 4894 nultum
3555 4856 3673 4897 om-

2013 4926 2150 4979 nino
2182 4925 2559 4979 testimontum
2571 4923 3065 4994 prestareﬁausa
3094 4923 3275 4997 igitur
3305 4931 3509 4982 nostra
3557 4927 3672 4983 hoc

2017 5019 2431 5087 argumentum
2490 5012 2738 5068 minime
2771 5010 3050 5069 admittit.
3085 5013 3214 5069 Non
3245 5016 3406 5071 enim
3436 5020 3668 5073 tantum

2015 5103 2358 5170 Eusebium,
2393 5103 2493 5175 qui
2526 5101 2683 5157 intra
2712 5101 3000 5158 ducentos
3025 5108 3163 5174 post
3206 5104 3432 5161 obitum
3456 5107 3669 5179 lgnatii

2017 5208 2209 5249 annos
2228 5192 2391 5262 vixit,
2424 5191 2645 5256 ﬂoruit,
2679 5194 2739 5245 et
2767 5190 3079 5263 presbyter
3106 5191 3239 5258 fuit,
3261 5193 3671 5267 locupletissi-

2018 5297 2183 5339 mum
2204 5287 2417 5338 testem
2457 5280 2769 5348 habemus,
2807 5278 2912 5335 sed
2960 5285 3020 5335 et
3050 5287 3188 5338 ante
3222 5299 3357 5340 eum
3385 5285 3563 5342 etiam
3595 5286 3670 5343 ab

2020 5374 2152 5445 ipsa
2183 5370 2546 5428 sanctissimi
2578 5369 2858 5442 martyris
2889 5371 3170 5441 passione
3218 5375 3580 5448 complures.
3617 5376 3674 5432 S.

2021 5462 2381 5535 Polycarpus
2406 5462 2514 5519 bas
2543 5460 2702 5533 ipsas
2723 5458 3154 5531 epistolas,non
3181 5463 3328 5520 alias
3359 5470 3461 5521 aut
3482 5465 3680 5522 diver-

2025 5565 2142 5621 sas,
2177 5553 2387 5610 eodem
2416 5568 2532 5624 quo
2558 5551 2795 5622 scriptae
2816 5554 2958 5606 sunt
2981 5566 3140 5608 anno
3171 5552 3424 5628 collegit,
3457 5555 3671 5629 edidit,

2023 5640 2359 5716 posteritati
2399 5638 2856 5714 commendavit,
2905 5644 2973 5703 ut
3022 5639 3153 5701 fuse
3202 5642 3520 5720 probatum
3559 5651 3677 5708 est.
