3990 6136
236 289 377 354 213

1047 295 1103 357 J.
1149 293 1576 355 PEARSONII
1620 293 1992 356 VINDICIE
2032 291 2512 357 IGNA'I‘IANB.
2560 325 2639 340 —-
2680 293 2884 357 PARS
2933 295 2986 355 I.

3594 299 3713 359 2M

243 431 419 488 Philo
453 437 516 486 et
562 432 956 504 Agathopus,
1014 433 1073 486 Β.
1134 429 1342 505 Ignatii
1374 446 1445 486 ex
1477 430 1642 500 Syria
1671 430 1938 500 comites,
1971 431 2024 498 Α
2054 430 2290 486 efﬁcere
2321 446 2441 484 non
2474 437 2687 501 potest,
2715 436 2780 487 ut
2811 430 2970 502 quod
3001 427 3073 485 ab
3105 429 3235 485 aliis
3265 429 3708 498 visum,lectum

254 524 316 578 in
349 522 513 577 Actis
539 523 843 593 proximo
864 538 1018 577 anno
1042 522 1236 587 editis,
1261 524 1328 576 ut
1347 519 1600 586 videtur,
1628 520 1939 591 epistolam

263 613 335 667 ad
355 615 669 668 Romanos
695 613 1528 668 commemorantﬁ-Jrenaaus
1550 627 1671 665 non
1694 611 1939 666 aliunde

269 719 442 774 quam
465 718 535 756 ex
561 702 787 757 eadem
813 702 1062 773 epistola
1082 701 1375 772 insignem
1395 700 1752 756 sententiam
1777 705 1940 756 tran-

277 791 526 861 scripsit.
562 791 621 844 S.
659 791 1050 861 Theophilus,
1091 788 1416 844 Antiochiaa
1471 789 1804 859 episcopus,
1839 793 1942 844 aut

274 885 424 935 certe
455 885 626 933 vetus
657 885 874 934 auctor
906 881 960 933 S.
997 879 1209 933 Basilio
1267 877 1482 945 dictus,
1528 876 1797 948 ejusdem
1831 895 1939 931 saa-

273 969 407 1037 culi,
439 970 624 1024 aliam
658 970 846 1024 etiam
880 969 1236 1023 sententiam
1269 983 1341 1021 ex
1372 965 1620 1037 epistola
1640 965 1716 1020 ad
1747 967 1939 1038 Ephe-

277 1062 390 1116 sios
419 1066 736 1115 mutuatus
768 1060 1086 1115 est.Tertio
1110 1059 1328 1115 saaculo
1355 1059 1636 1130 Origenes
1666 1057 1937 1112 eamdem

275 1151 766 1205 commemoravit
787 1149 1028 1220 juvenis
1059 1149 1271 1215 adhuc,
1292 1153 1352 1202 et
1379 1147 1558 1202 aliam
1586 1163 1654 1201 ex
1686 1146 1938 1217 epistola

271 1240 341 1294 ad
373 1242 678 1295 Romanos
733 1239 892 1292 idem
943 1254 1124 1292 senex
1175 1236 1490 1307 excerpsit,
1522 1252 1588 1290 ac
1618 1235 1935 1305 utrobique

265 1329 558 1401 lgnatium
593 1328 947 1382 nominavit.
982 1329 1104 1382 Non
1137 1327 1318 1397 igitur
1345 1325 1530 1380 altum
1563 1324 1622 1378 in
1653 1323 1932 1391 Ecclesia,

261 1437 384 1474 non
417 1419 778 1473 diuturnum
811 1417 1119 1472 silentium
1151 1416 1281 1470 fuit.
1315 1414 1594 1486 Epistolas
1633 1415 1688 1468 S.
1724 1414 1932 1486 Ignatii

263 1509 334 1565 ab
368 1510 503 1578 ipso
537 1524 749 1562 earum
783 1513 915 1561 ortu
974 1511 1033 1560 et
1085 1510 1238 1558 nota:
1288 1510 1345 1559 et
1376 1503 1634 1558 illustres
1668 1502 1931 1570 fuerunt,

261 1608 588 1673 postquam
650 1600 913 1673 genuino
952 1598 1230 1669 martyris
1268 1597 1436 1666 fetui,
1469 1612 1589 1649 non
1621 1594 1930 1657 Eusebius,

262 1690 360 1744 sed
416 1690 472 1744 S.
510 1688 879 1760 Polycarpus
940 1686 1354 1741 obstetricatus
1400 1691 1505 1740 est.
1543 1685 1622 1738 Ex
1655 1700 1769 1754 quo
1805 1681 1932 1752 ejus

2049 525 2105 576 et
2135 525 2489 591 usurpatum
2520 519 2652 588 fuit,
2686 521 2748 574 id
2783 521 3028 575 omnino
3063 535 3181 573 non
3211 526 3387 575 esset.
3421 520 3567 575 Cum
3599 538 3708 576 au—

2048 615 2166 665 tem
2192 611 2319 679 jam
2351 609 2576 679 liquido
2599 614 2900 680 appareat,
2926 610 3159 664 nullum
3190 609 3252 664 in
3283 610 3563 680 praesenti
3597 626 3706 665 ne-

2045 700 2202 773 gotio
2235 703 2582 770 argumento
2613 698 2852 769 neganti
2904 698 3098 753 locum
3131 714 3259 752 esse
3286 715 3299 764 ;
3333 698 3483 752 illud
3507 716 3701 769 unum,

2045 795 2112 843 ut
2140 788 2322 843 voluit
2355 787 2626 855 Dallaaus,
2660 804 2820 842 nunc
2869 793 3073 854 restat,
3106 793 3171 842 ut
3213 803 3498 860 negemus
3530 790 3700 860 lgna-

2045 877 2207 932 tiana
2235 878 2377 932 viris
2422 882 2480 931 et
2523 877 2801 932 Ecclesiis
2832 876 3236 932 celeberrimis
3266 877 3449 932 fuisse
3481 877 3698 949 ignota,

2046 971 2105 1021 et
2133 967 2493 1038 conjecturis
2551 967 2681 1037 ejus
2735 965 3227 1037 respondeamus,
3269 967 3484 1038 quibus
3512 969 3698 1024 fretus

2044 1071 2114 1110 ea
2143 1057 2416 1122 asseruit,
2450 1071 2580 1125 quae
2631 1055 2758 1125 ipse
2803 1055 3130 1111 certissime
3185 1058 3493 1128 ignoravit.
3527 1059 3596 1112 Et
3624 1059 3698 1113 ab

2041 1145 2266 1199 Irenaao
2299 1145 2538 1216 quidem
2571 1145 2822 1210 orditur,
2873 1145 2942 1199 de
2976 1162 3092 1216 quo
3125 1146 3362 1216 copiose
3396 1145 3695 1218 disputat;

2043 1235 2147 1289 sed
2179 1251 2247 1289 ea
2277 1235 2479 1289 omnia
2510 1251 2614 1289 suo
2647 1234 2776 1289 loco
2809 1233 3214 1290 refutavimus.
3237 1234 3324 1289 Ab
3356 1236 3579 1291 Irenaeo
3603 1253 3701 1290 au-

2041 1328 2161 1378 tem
2189 1324 2401 1379 transit
2429 1324 2500 1379 ad
2531 1322 2856 1379 Ecclesiam
2896 1323 3377 1379 Alexandrinam.

2114 1453 2142 1481 «
2163 1431 2273 1486 Sed
2291 1447 2486 1502 neque
2500 1431 3136 1501 Alexandrinis,inquit
3153 1432 3700 1502 capite7,notiorem

2042 1537 2219 1592 quam
2238 1521 2461 1576 Irenaeo
2483 1527 2540 1575 et
2559 1522 2791 1576 Asianis
2811 1521 2995 1576 fuisse
3017 1520 3389 1592 epistolicum
3407 1522 3700 1595 Ignatium

2041 1611 2182 1665 satis
2207 1627 2274 1665 ex
2303 1610 2558 1680 quadam
2587 1610 2871 1682 singulari
2898 1610 3057 1664 illius
3079 1609 3356 1665 Ecclesize
3381 1612 3700 1666 traditione

2040 1705 2286 1754 constat.
2307 1701 2406 1753 nEt
2428 1717 2570 1755 sane
2589 1705 2819 1754 constet
2843 1699 3136 1771 lgnatium
3160 1705 3430 1754 nostrum
3453 1700 3703 1756 Alexan-

262 1779 520 1850 epistola
553 1778 631 1832 ad
663 1777 1081 1848 Philippenses
1103 1776 1239 1829 data
1262 1776 1323 1829 in
1346 1774 1584 1846 publico
1611 1773 1764 1827 Asiae
1798 1789 1933 1826 con-

2047 1789 2227 1843 drinis
2249 1806 2367 1843 non
2391 1789 2572 1844 fuisse
2598 1790 2888 1844 notiorem
2917 1806 3093 1859 quam
3120 1791 3339 1843 Irenaeo
3364 1795 3422 1843 et
3444 1791 3699 1855 Asianis;

259 1874 436 1922 vcntu
455 1865 1160 1938 personabathnatiana
1181 1869 1492 1933 tantopere
1515 1861 1933 1917 commendata

2047 1878 2237 1933 notior
2267 1878 2425 1934 enim
2484 1879 2901 1934 Alexandrinis
2952 1884 3055 1933 aut
3083 1877 3212 1932 aliis
3247 1879 3701 1949 quibuscumque

256 1957 448 2011 latere
473 1955 650 2009 nullo
685 1954 858 2009 modo
882 1959 1220 2025 potuerunt.
1259 1953 1496 2008 Nullum
1521 1953 1700 2023 igitur
1731 1951 1826 2005 hic
1853 1951 1933 2004 si-

253 2047 513 2101 lentium
532 2044 793 2110 mullum
815 2042 1084 2114 negantis
1097 2041 1432 2114 argumenti
1449 2040 1928 2096 fundamentum.

326 2121 584 2189 Summa
635 2132 970 2205 argumenti
1021 2148 1056 2186 a
1097 2132 1220 2185 viro
1251 2130 1596 2185 doctissimo
1656 2129 1929 2200 producti

252 2225 380 2281 hac
419 2231 534 2280 est.
574 2225 634 2278 Si
667 2241 820 2277 verae
882 2227 1081 2277 essent
1137 2222 1228 2276 has
1293 2221 1496 2294 lgnatii
1529 2220 1810 2292 epistolae,
1847 2237 1930 2273 eas

246 2317 515 2370 fuissent
546 2314 690 2368 viris
723 2312 993 2376 eruditis,
1011 2312 1238 2365 Justino
1266 2310 1326 2364 in
1351 2310 1652 2381 primis,et
1682 2311 1928 2376 Irenaeo,

248 2412 303 2459 et
335 2404 640 2459 Clementi
697 2401 1122 2468 Alexandrino,
1183 2405 1241 2454 et
1289 2399 1672 2470 Tertulliano,
1709 2404 1767 2454 et
1795 2399 1930 2454 aliis

260 2497 532 2566 ejusdem
569 2509 785 2548 census
818 2497 996 2561 atque
1054 2491 1157 2544 aevi
1213 2489 1606 2561 scriptoribus
1636 2489 1931 2561 cognitis-

261 2586 447 2639 simaa.
487 2583 604 2638 Sed
629 2581 768 2636 viris
790 2581 907 2635 illis
930 2578 1352 2635 eruditissimis
1382 2578 1630 2650 cognitae
1659 2594 1778 2632 non
1803 2578 1931 2632 fue-

263 2679 423 2728 runt.
461 2675 617 2744 Ergo
650 2671 861 2742 lgnatii
911 2668 1174 2740 epistolas
1233 2685 1384 2722 verae
1442 2683 1562 2722 non
1596 2673 1752 2721 sunt.
1787 2669 1931 2722 Tum

263 2782 399 2819 vero
431 2781 542 2836 pro
571 2779 855 2817 concesso
881 2758 1362 2828 sumit,nosillud
1382 2774 1569 2813 unum
1592 2763 1932 2828 negaturos,

267 2855 502 2926 ignotas
531 2852 765 2907 scilicet
805 2850 991 2905 fuisse
1044 2848 1184 2902 viris
1233 2847 1350 2902 illis
1394 2847 1502 2902 has
1532 2847 1829 2917 epistolas.
1863 2852 1936 2900 At

268 2961 376 2998 nos
407 2944 528 2998 duo
561 2942 658 2996 hic
694 2956 1000 3012 negamus,
1035 2938 1314 3010 primum,
1369 2937 1416 2991 si
1464 2937 1731 2991 Justinus
1759 2935 1932 3004 forte,

270 3039 370 3088 aut
401 3032 700 3099 Clemens,
721 3035 823 3084 aut
839 3027 1262 3094 Tertullianus,
1289 3031 1392 3081 aut
1412 3026 1471 3080 hi
1493 3042 1702 3080 omnes
1724 3025 1934 3097 lghatii

269 3121 556 3193 epistolas
616 3120 1014 3192 ignorassent,
1065 3116 1423 3188 Polycarpus
1482 3121 1702 3183 autem,
1743 3114 1929 3182 Philo,

699 3173 1081 3279 Theophilus,
1128 3173 1410 3273 Irenaeus,
1461 3173 1761 3277 Origenes,
1812 3173 1933 3260 illis
1973 3173 2015 3239 C

267 3302 640 3371 antiquiores
669 3303 773 3353 aut
808 3312 1011 3351 eorum
1045 3295 1368 3367 synchroni
1400 3294 1735 3359 novissent;
1769 3294 1934 3349 nullo

266 3390 446 3446 modo
481 3389 775 3460 sequitur,
836 3387 941 3440 has
1000 3384 1283 3455 epistolas
1341 3383 1550 3454 Ignatii
1607 3399 1772 3438 veras
1813 3399 1935 3437 non

265 3481 453 3534 fuisse
481 3495 494 3532 :
531 3475 963 3547 consequentia
995 3473 1172 3544 igitur
1201 3477 1436 3527 tantum
1467 3477 1557 3526 est
1586 3471 1933 3543 probabilis,

267 3587 390 3624 non
449 3568 805 3622 necessaria.
873 3563 1143 3619 Secundo
1200 3563 1331 3618 loco
1390 3577 1674 3634 negamus
1705 3561 1935 3634 ignotas

268 3661 455 3715 fuisse
490 3658 606 3712 illis
633 3657 771 3710 viris
807 3656 912 3710 has
944 3653 1245 3725 epistolas,
1267 3652 1446 3722 idque
1469 3652 1542 3706 ob
1576 3651 1722 3707 duas
1751 3652 1936 3706 ratio-

273 3767 404 3817 nes,
435 3754 569 3802 tum
603 3745 762 3817 quod
794 3743 1032 3815 probari
1081 3757 1390 3812 nunquam
1429 3757 1602 3812 posse
1633 3747 1935 3812 putamus,

275 3855 377 3894 eos
411 3852 621 3892 revera
650 3836 972 3907 ignorasse,
1021 3837 1148 3886 tum
1194 3831 1353 3900 quod
1401 3830 1633 3886 meliori
1657 3831 1796 3900 jure
1828 3847 1936 3885 nos

272 3928 637 3999 colligimus,
673 3941 771 3980 eos
811 3924 1008 3995 potius
1050 3921 1275 3992 optime
1323 3920 1578 3974 novisse.
1621 3919 1744 3975 Illas
1774 3921 1936 3975 enim

273 4017 566 4089 epistolae,
601 4032 731 4086 quae
759 4013 1106 4083 Polycarpo,
1137 4009 1393 4078 Philoni,
1417 4009 1725 4082 Agathopi,
1749 4010 1934 4064 Theo-

271 4105 460 4177 philo,
495 4105 724 4157 Irenaeo
780 4107 838 4155 et
895 4098 1129 4171 Origeni
1190 4102 1345 4152 notas
1390 4097 1648 4161 fuerunt,
1680 4097 1934 4164 Justino,

273 4189 958 4253 Clementi,Tertulliano
976 4188 1230 4257 aliisque
1248 4187 1514 4258 ejusdem
1532 4203 1746 4242 census
1758 4193 1936 4258 atque

273 4285 377 4339 sevi
434 4280 830 4352 scriptoribus
870 4294 990 4332 non
1039 4277 1318 4331 videntur
1364 4275 1682 4349 incognita)
1728 4276 1933 4334 fuisse.

274 4373 387 4428 Sed
419 4371 633 4445 Iguatii
665 4367 932 4440 epistolas
959 4367 1106 4433 illis,
1139 4370 1207 4422 ut
1234 4365 1364 4420 fuse
1383 4365 1937 4434 ostendimus,notaa

273 4462 540 4518 fuerunt.
564 4461 713 4530 Ergo
748 4463 807 4512 et
835 4457 946 4512 his.
979 4455 1049 4510 Et
1071 4455 1121 4510 si
1155 4455 1218 4510 in
1249 4455 1463 4510 horum
1493 4455 1774 4526 operibus
1803 4473 1936 4527 quas

275 4567 436 4606 nunc
467 4553 726 4611 exstant,
785 4546 1008 4601 mentio
1067 4544 1283 4599 harum
1341 4543 1728 4615 epistolarum
1768 4545 1934 4600 nulla
1965 4533 2010 4598 Β

278 4641 432 4696 facta
464 4644 574 4706 est,
610 4637 740 4692 ﬁeri
801 4640 1002 4691 tamen
1057 4637 1252 4704 potest
1279 4638 1348 4689 ut
1373 4634 1435 4688 in
1466 4633 1588 4688 illis
1616 4651 1748 4704 qum
1775 4635 1934 4706 peri-

281 4735 472 4797 erunt,
482 4727 684 4798 qualia
712 4725 898 4781 fuisse
920 4723 1360 4794 quamplurima
1381 4723 1936 4795 scimus,Ignatiana

279 4821 752 4876 commemorata
772 4814 912 4881 sint,
939 4810 1441 4884 quemadmodum
1463 4812 1536 4868 ab
1560 4812 1632 4866 iis
1653 4829 1801 4883 quos
1824 4829 1934 4868 no-

278 4909 636 4963 minavimus
695 4907 1258 4959 commemorantur.
1290 4901 1458 4965 Quod
1516 4902 1562 4956 si
1623 4917 1817 4972 neque
1865 4903 1928 4958 in

278 4998 475 5060 editis,
507 5011 704 5066 neque
725 4994 788 5048 in
813 4989 1137 5062 deperditis
1163 4989 1252 5044 illi
1273 4989 1574 5061 lgnatiana
1603 5007 1934 5047 memoras-

277 5095 429 5152 sent,
451 5102 526 5141 ne
549 5085 634 5140 sic
661 5081 905 5154 quidem
927 5079 1048 5135 ullo
1070 5078 1246 5134 modo
1270 5080 1668 5150 sequitur,eos
1697 5082 1933 5151 penitus

276 5176 384 5230 illa
415 5173 778 5246 ignoravisse
837 5185 968 5239 qum
1029 5166 1130 5222 alii
1187 5173 1497 5224 noverunt.
1544 5170 1744 5239 Neque
1775 5170 1934 5224 enim

277 5279 484 5319 eorum
516 5261 780 5332 cuipiam
811 5257 873 5312 in
924 5255 1124 5310 animo
1178 5255 1310 5320 fuit,
1370 5273 1578 5311 omnes
1617 5259 1935 5330 scriptores

281 5351 717 5409 ecclesiasticos
747 5351 850 5402 aut
881 5345 1062 5400 etiam
1095 5344 1354 5399 maxime
1386 5345 1794 5416 praacellentes
1824 5365 1937 5404 no-

283 5440 600 5499 minare.Si
631 5436 891 5507 denique
921 5434 981 5488 hi
1014 5449 1114 5488 eas
1138 5432 1310 5502 forte,
1346 5440 1448 5490 aut
1475 5434 1691 5492 horum
1723 5436 1935 5508 aliquis

287 5531 597 5605 ignoravit,
630 5533 731 5582 aut
760 5541 882 5580 non
910 5523 1073 5590 vidit,
1093 5521 1274 5577 autin
1298 5538 1404 5578 sua
1424 5523 1786 5580 bibliotheca
1815 5543 1936 5585 non

289 5621 524 5708 habuit.
547 5617 712 5698 illius
742 5622 946 5686 tamen
999 5613 1092 5680 γθι
1144 5613 1326 5697 etiam
1351 5614 1615 5702 plurium
1641 5616 1969 5694 ignoratio_

2043 1985 2172 2024 esse
2224 1985 2342 2023 non
2375 1969 2583 2040 potuit,
2634 1985 2767 2024 cum
2814 1968 2934 2022 illis
2964 1968 3145 2022 fuerit
3175 1969 3542 2024 notissimus.
3586 1970 3699 2023 Pro

2041 2059 2357 2113 Athanasio
2389 2058 2652 2130 loquitur
2685 2058 2982 2113 sententia
3013 2074 3189 2128 quam
3226 2059 3516 2129 excerpsit
3545 2073 3558 2123 ;
3592 2075 3698 2129 pro

2041 2149 2277 2203 Asianis
2298 2149 2546 2220 epistola
2561 2149 2866 2220 Polycarpi
2889 2164 2996 2218 per
3016 2153 3103 2202 tot
3125 2147 3339 2203 szecula
3359 2148 3514 2218 apud
3539 2147 3698 2218 ipsos

2038 2237 2211 2292 lecta.
2238 2238 2350 2292 Sed
2378 2259 2403 2287 α
2429 2243 2516 2292 est
2541 2238 2665 2292 hmo
2689 2237 2983 2301 doctrina,
3014 2235 3221 2306 inquit,
3254 2236 3325 2291 ab
3363 2237 3582 2308 lgnatio
3612 2237 3699 2290 in-

2041 2326 2417 2393 culcata,non
2431 2327 2605 2382 aliter
2619 2343 2794 2396 quam
2815 2326 2886 2381 ab
2903 2343 3020 2379 uno
3043 2326 3318 2396 episcopo
3336 2326 3698 2397 presbyteris

2041 2416 2398 2486 praesidente
2422 2417 2541 2486 regi
2561 2432 2734 2487 posse
2752 2433 2818 2471 ac
2843 2415 3058 2470 debere
3080 2416 3342 2486 singulas
3358 2414 3571 2469 Christi
3591 2415 3699 2469 Ec-

2042 2503 2272 2559 clesias.
2298 2526 2325 2554 »
2354 2505 2432 2559 De
2450 2504 2684 2574 singulis
2708 2503 2859 2558 nihil
2879 2503 3027 2558 dixit
3049 2504 3399 2576 Ignatius,et
3420 2507 3617 2574 potest
3639 2503 3701 2556 in

2044 2610 2112 2648 ea
2143 2610 2281 2648 voce
2307 2593 2534 2664 aliquid
2568 2593 2752 2648 latere
2778 2610 2790 2658 ;
2814 2593 2918 2647 sed
2950 2593 2997 2646 si
3029 2598 3187 2647 recte
3215 2591 3605 2664 intelligatur,
3633 2607 3703 2645 ea

2043 2687 2201 2738 certe
2233 2683 2444 2743 lgnatii
2479 2682 2747 2737 doctrina
2777 2681 2909 2746 fuit,
2944 2687 3020 2746 et,
3055 2685 3120 2735 ut
3149 2682 3376 2752 opinor,
3411 2681 3704 2752 apostolo-

2041 2787 2174 2825 rum
2207 2770 2499 2842 discipulo
2556 2777 2610 2825 et
2669 2769 2944 2841 episcopo
2976 2769 3344 2840 dignissima.
3381 2771 3466 2823 An
3499 2773 3700 2822 autem

2042 2861 2169 2915 haec
2201 2859 2473 2915 doctrina
2502 2858 2919 2915 Alexandrinis
2958 2864 3085 2913 erat
3124 2858 3438 2931 incognita,
3469 2863 3536 2912 ut
3563 2857 3700 2912 inde

2045 2949 2222 3004 etiam
2254 2949 2547 3019 Ignatium
2577 2949 2649 3003 iis
2677 2947 2912 3020 penitus
2945 2948 3209 3020 ignotum
3241 2947 3428 3003 fuisse
3459 2947 3701 3019 colliga-

2045 3054 2178 3093 mus
2193 3038 2221 3092 ‘l
2240 3038 2398 3092 Nihil
2421 3038 2642 3093 minus.
2669 3039 2734 3092 In
2756 3037 2923 3092 nulla
2945 3053 3208 3108 unquam
3231 3036 3492 3092 Ecclesia
3513 3036 3698 3107 magis

2046 3132 2284 3198 recepta
2333 3133 2388 3182 et
2429 3127 2730 3183 obtervata
2789 3131 2879 3181 est
2937 3127 3060 3181 haec
3107 3126 3378 3181 doctrina
3427 3142 3601 3197 quam
3632 3125 3695 3179 in

2045 3217 2468 3272 Alexandrina.
2503 3216 2675 3271 Nulla
2705 3221 2843 3271 sunt
2882 3215 3155 3283 certiora,
3192 3221 3295 3271 aut
3323 3215 3509 3288 magis
3541 3215 3699 3286 apud

2044 3323 2250 3362 omnes
2283 3306 2345 3360 in
2376 3306 2647 3361 confesso
2685 3310 3089 3373 monumenta,
3122 3321 3301 3375 quam
3324 3321 3454 3375 quas
3488 3305 3558 3359 de
3590 3307 3698 3358 Ec-

2045 3395 2227 3451 clesia
2247 3395 2645 3452 Alexandrina
2669 3395 2904 3467 prodita
2926 3394 3255 3449 sunt.Unde
3273 3393 3360 3447 vir
3380 3393 3696 3460 maximus,

2045 3487 2207 3558 Hugo
2229 3487 2487 3552 Grotius,
2511 3487 2611 3557 qui
2635 3485 2880 3558 putavit,
2916 3485 2988 3540 ab
3011 3485 3183 3540 initio
3209 3485 3500 3540 Ecclesias
3533 3501 3698 3539 como

2046 3575 2212 3628 muni
2235 3574 2850 3645 presbyterorum,qui
2873 3572 3054 3627 iidem
3074 3589 3283 3628 omnes
3306 3578 3364 3627 et
3386 3573 3698 3643 episcopii,

2044 3669 2111 3718 ut
2138 3663 2240 3732 ait,
2263 3663 2445 3718 Paulo
2477 3663 2885 3733 Clementique
2908 3663 3208 3728 dicuntur,
3235 3661 3482 3716 consilio
3516 3661 3698 3715 fuisse

2045 3751 2422 3823 gubernatas,
2457 3752 2520 3805 in
2555 3768 2624 3806 ea
2654 3751 2952 3806 sententia
2990 3751 3120 3816 fuit,
3153 3749 3308 3820 quod
3341 3766 3546 3804 exsors
3578 3749 3701 3820 epi-

2047 3857 2361 3911 s00porum
2394 3840 2716 3896 auctoritas
2754 3839 3032 3894 Ecclesiaa
3091 3838 3541 3907 consuetudine,
3569 3843 3705 3910 post

2045 3930 2222 3985 Marci
2255 3936 2509 3985 mortem
2539 3929 3120 4000 Alexandﬁm,atque
3154 3945 3222 3983 eo
3254 3929 3526 4000 exemplo
3558 3928 3700 3984 alibi

2046 4018 2339 4074 introduci
2374 4019 2637 4090 cmperit,
2696 4025 2761 4073 ut
2811 4019 2937 4090 ipse
2994 4023 3244 4073 testatur
3293 4018 3542 4089 epistola
3575 4019 3697 4073 162.

2044 4111 2211 4164 Certe
2254 4109 2310 4163 S.
2343 4110 2601 4163 Marcum
2655 4107 3027 4162 Alexandria:
3077 4107 3456 4162 constituisse
3499 4106 3700 4162 Eccle-

2047 4197 2195 4252 siam
2226 4213 2434 4252 omnes
2492 4195 2783 4260 scribunt,
2843 4195 3246 4267 episcopatum
3292 4196 3375 4250 ibi
3419 4195 3696 4251 habuisse

2045 4287 2438 4357 Hieronymus
2471 4285 2816 4356 praafatione
2848 4285 2911 4339 in
2961 4285 3298 4341 Matthaaum
3327 4303 3339 4352 ;
3389 4285 3696 4342 ordinasse

2048 4376 2389 4448 episcopum
2421 4375 2664 4430 nomine
2695 4375 2991 4430 Anianum
3020 4375 3111 4431 vel
3139 4375 3453 4443 Ananiam,
3488 4375 3698 4432 eodem

2046 4479 2342 4517 consensu
2373 4461 2653 4517 tradunt:
2690 4461 3038 4532 adjunxisse
3061 4463 3293 4518 Aniano
3326 4468 3392 4518 ut
3421 4463 3698 4534 episcopo

2039 4555 2268 4606 certum
2299 4551 2785 4624 presbyterorum
2845 4558 2903 4605 et
2960 4551 3348 4608 diaconorum
3379 4568 3698 4609 numerum

2039 4640 2267 4711 pariter
2294 4639 2719 4712 referunt.lpse
2742 4640 3064 4711 Eutychius
3088 4641 3425 4711 patriarcha
3451 4641 3699 4698 Alexan-

2037 4728 2446 4799 drinus,cujus
2463 4729 2795 4800 originibus
2818 4728 3099 4784 adversus
3117 4731 3410 4800 lgnatium
3429 4736 3701 4795 utuntur,

2039 4835 2163 4872 non
2185 4818 2358 4873 aliter
2377 4823 2616 4884 narrat;
2640 4839 2670 4869 α
2690 4816 2956 4872 Credidit
2975 4818 3047 4873 ab
3067 4835 3135 4872 eo
3153 4824 3418 4888 tempore
3440 4818 3701 4873 Ananias

2043 4907 2104 4961 in
2127 4907 2614 4976 Christum,unde
2631 4906 2947 4978 baptizavit
2963 4923 3097 4961 eum
3123 4908 3436 4971 Marcus,et
3453 4905 3704 4962 Alexan-

2045 4996 2189 5050 driae
2212 4997 2613 5066 patriarcham
2636 4996 2968 5051 constituit.
2985 4995 3232 5064 Fuitque
3263 4995 3315 5048 is
3343 4994 3704 5065 patriarcha-

2039 5102 2172 5140 rum
2189 5087 2289 5156 qui
2309 5086 2684 5141 Alexandrim
2699 5085 2962 5157 prmfecti
2982 5089 3121 5139 sunt
3130 5085 3702 5155 primus.Constituit

2039 5180 2238 5230 autem
2259 5176 2619 5246 evangelista
2641 5177 2868 5229 Marcus
2889 5189 3010 5228 una
3029 5190 3164 5228 cum
3190 5173 3418 5228 Anania
3447 5176 3700 5246 patriar-

2037 5265 2142 5320 cha
2155 5262 2467 5318 duodecim
2483 5263 2987 5334 presbyteros,qui
3002 5279 3215 5334 nempe
3227 5280 3353 5318 cum
3367 5267 3705 5336 patriarcha

2039 5355 2554 5409 manerent.Vetus
2587 5355 2764 5407 Marci
2795 5352 3064 5406 Historiae
3094 5358 3305 5421 auctor,
3328 5355 3536 5412 beatus
3558 5361 3702 5415 Mar-

2041 5460 2146 5498 cus
2176 5442 2500 5498 Anizanum
2527 5441 2749 5497 ibidem
2773 5439 3070 5496 ordinavit
3091 5442 3460 5514 episcopum,
3487 5452 3544 5501 et
3576 5455 3696 5506 tres

2042 5533 2442 5604 presbyteros,
2461 5537 2520 5587 et
2540 5536 2766 5602 septem
2785 5530 3085 5585 diaconos.
3111 5551 3141 5580 ››
3163 5533 3309 5588 Ecce
3330 5535 3692 5606 ipsissimam

2040 5620 2261 5689 faciem
2288 5620 2565 5688 Ecclesiae
2616 5618 2976 5694 lgnatianael
3033 5621 3291 5681 Ananias
3345 5625 3504 5682 enim
3533 5624 3694 5683 idem
