3990 6136
199 261 319 322 215

1244 264 1312 327 8.
1359 257 1770 327 IGNATIUS.
1816 287 1893 301 -
1934 251 2549 317 PROLEGOMENA.

3526 259 3658 321 216

207 358 717 450 Alexandriaa‘fuit
734 393 893 466 quod
911 396 1172 468 lgnatius
1194 395 1541 468 Antiochiae,
1564 392 1723 466 quod
1741 393 1855 448 Po-
1882 390 1939 459 Α
1965 388 2108 444 teris
2140 389 2200 444 et
2227 386 2494 445 diaconis
2522 385 2585 443 in
2617 402 2787 445 sacra
2815 387 3118 465 Scriptura
3143 359 3282 450 data
3304 408 3447 451 esse
3473 411 3490 452 :
3527 398 3652 450 Mu-

200 481 440 556 lycarpu
450 500 475 537 s
492 484 1140 557 Smyrnm.Potestatem
1155 485 1216 542 in
1230 485 1607 560 presbyteros
1620 481 1858 539 habuis-

1966 477 2079 556 ρῐαι
2110 471 2166 530 δὲ
2198 475 2319 530 ὅσαι
2351 474 2627 546 ὑποθῆκαι
2689 476 2766 539 εἷς
2814 475 3082 553 πρόσωπα
3141 479 3376 537 ἐκλεκτὰ
3431 479 3650 539 διατεί-

204 588 266 628 se
286 573 488 646 negari
508 590 627 629 non
647 579 1004 648 potest,cum
1028 576 1118 631 vel
1137 577 1352 648 ipsum,
1374 574 1466 632 vel
1482 589 1854 631 successores

2006 585 2149 622 sunt
2209 562 2596 644 ἐγγεγράφατςιι
2650 570 2769 629 ταῖς
2822 562 3042 642 βίϐλοις
3112 574 3231 633 ταῖς
3293 570 3519 645 ἁγίαις·
3593 571 3658 627 αἱ

207 662 337 734 ejus
360 664 540 721 etiam
563 666 605 720 ii
626 663 725 738 qui
745 683 847 722 eos
868 667 1073 723 volunt
1092 686 1126 725 a
1147 669 1506 742 presbyteris
1528 666 1854 736 ordinatos,

205 770 341 810 cum
359 771 423 811 ea
447 756 797 812 auctoritate
816 756 1176 815 describant.
1192 759 1382 815 Etiam
1402 759 1857 830 S.Hieronymus

210 842 463 916 epistola
492 845 567 901 ad
596 847 946 921 Evagrium:
979 868 1005 901 α
1039 851 1183 906 Nam
1234 854 1293 905 et
1338 848 1735 906 Alexandriaa.
1767 848 1856 902 in-

208 936 350 1005 quit,
374 950 409 990 a
428 937 619 993 Marco
642 938 1003 1010 evangelista
1018 956 1208 1012 usque
1230 940 1304 998 ad
1321 939 1631 997 Heraclam
1655 942 1711 994 et
1733 936 1861 993 Dio-

207 1023 447 1095 nysium
493 1025 802 1100 episcopos
841 1028 1171 1103 presbyteri
1201 1046 1437 1102 semper
1464 1045 1653 1086 unum
1684 1044 1755 1084 ex
1796 1043 1858 1084 se

209 1112 465 1169 electum
489 1114 550 1170 in
584 1115 890 1172 excelsiori
911 1118 1097 1191 gradu
1134 1119 1488 1177 collocatum
1513 1118 1863 1193 episcopum

207 1204 617 1277 nominabant,
632 1208 928 1279 quomodo
951 1208 999 1267 si
1019 1210 1315 1268 exercitus
1330 1210 1755 1283 imperatorem
1774 1208 1863 1265 fa-

209 1296 376 1352 ciat.»
399 1296 644 1354 Ananiae
657 1298 856 1372 itaque
871 1301 1600 1376 successores,singulares
1618 1300 1867 1358 Alexan-

212 1386 357 1441 driaa
391 1386 675 1460 episcoPi,
706 1405 895 1461 usque
926 1392 1001 1449 ad
1032 1392 1343 1449 Heraclam
1371 1393 1468 1450 vel
1496 1391 1863 1450 Demetrium

211 1474 276 1530 in
308 1475 616 1533 excelsiori
647 1479 851 1552 gradu,
876 1498 1054 1552 quam
1086 1482 1417 1555 presbyteri
1448 1483 1561 1551 sui,
1583 1482 1860 1538 fuerunt:

213 1570 274 1620 et
304 1565 545 1637 quidem
578 1584 713 1624 cum
735 1572 1083 1628 auctoritate
1116 1577 1175 1628 et
1197 1577 1488 1645 potestate
1519 1573 1579 1627 in
1610 1570 1864 1645 presby-

211 1660 390 1725 teros,
424 1661 492 1713 ut
520 1656 844 1730 imperator
872 1661 935 1716 in
968 1662 1210 1719 milites.
1232 1664 1319 1719 Ita
1340 1662 1577 1736 agnovit
1595 1662 1657 1717 in
1677 1662 1867 1716 Theo-

213 1746 375 1818 philo
405 1746 809 1806 Alexandrino
855 1751 1132 1825 episcopo
1184 1752 1286 1822 τὴν
1345 1750 1622 1816 αὖθεντίαν
1649 1756 1750 1820 τῆς
1781 1747 1866 1804 εὖ·
1896 1775 1946 1843 Β

215 1833 509 1911 αγγελικῇς
541 1832 814 1911 διαδοχῆς
846 1841 1126 1913 Synesius
1155 1843 1282 1916 ipse
1313 1844 1649 1917 episcopus,
1680 1841 1742 1898 id
1782 1845 1870 1897 est

208 1942 476 1982 summam
496 1931 885 1986 auctoritatem
898 1938 950 1986 et
971 1940 1388 2003 exsortem,non
1401 1951 1471 1990 ea
1487 1938 1658 1989 aetate
1670 1931 1868 2004 acqui-

211 2016 407 2083 sitam,
443 2016 546 2073 sed
568 2017 639 2074 ab
670 2019 799 2092 ipsa
826 2022 1158 2080 successione
1179 2026 1356 2081 Marci
1377 2024 1724 2095 evangelista
1763 2021 1867 2078 de-

209 2106 482 2174 rivatam,
517 2107 689 2180 epist.
722 2112 829 2179 66;
879 2110 1132 2185 ideoque
1182 2130 1318 2170 eum
1373 2114 1459 2171 ita
1508 2112 1862 2185 alloquitur:

211 2194 356 2269 Ἐγὼ
379 2191 437 2249 δὲ
471 2194 768 2272 βούλομαί,
791 2199 882 2254 καὶ
911 2200 1119 2279 ἀνάγκη
1147 2223 1240 2276 μοι
1265 2202 1403 2273 θεία,
1424 2200 1593 2277 νόμον
1617 2203 1865 2276 ἡγεῖσθαι

211 2289 313 2339 πᾶν
331 2283 422 2340 ὅτι
437 2282 498 2340 ἂν
513 2284 715 2350 ἐκεῖνος
735 2290 762 2344 ὁ
781 2288 970 2365 θρόνος
989 2291 1271 2367 assuto-pm
1285 2296 1402 2366 Ego
1415 2299 1614 2350 autem
1634 2292 1791 2361 volo,
1810 2294 1871 2346 et

213 2378 539 2433 necessitas
571 2379 717 2435 mihi
746 2380 943 2438 divina
971 2382 1283 2453 incumbit,
1306 2383 1496 2457 legem
1529 2383 1867 2440 existimare

221 2467 348 2522 mihi
364 2468 770 2540 praescriptam
785 2471 1074 2543 quidquid
1087 2472 1160 2528 ab
1174 2472 1278 2529 illa
1290 2473 1571 2529 cathedra
1583 2478 1866 2545 tanquam

217 2555 499 2613 divinitus
517 2557 846 2615 indicatum
869 2560 1066 2631 fuerit,
1084 2584 1113 2613 »
1128 2563 1297 2634 epist.
1319 2564 1407 2618 67.
1432 2562 1675 2629 Quando
1694 2562 1872 2634 igitur

219 2646 481 2719 Ignatius
510 2647 790 2719 epistolas
821 2650 1078 2723 scripsit,
1103 2651 1311 2708 eadem
1341 2651 1535 2708 forma
1564 2651 1870 2725 regiminis

221 2734 608 2792 ecclesiastici
622 2738 994 2795 Alexandriaa
1012 2741 1280 2813 fuit,quaa
1304 2748 1431 2798 erat
1449 2742 1799 2812 Antiochia,
1814 2747 1875 2798 et

224 2841 403 2898 quam
421 2825 483 2882 in
501 2826 635 2883 aliis
673 2829 1008 2885 civitatibus
1050 2831 1235 2887 fuisse
1272 2837 1568 2889 testantur
1588 2831 1869 2905 epistolae.

293 2916 417 2972 Imo
448 2933 585 2973 vero
644 2924 781 2975 ante
840 2920 1170 2989 Heraclam,
1205 2921 1412 2979 eadem
1444 2922 1716 2978 doctrina
1742 2939 1872 2993 quas

224 3005 297 3062 ab
329 3006 553 3080 Ignatio
584 3009 817 3080 prodita
838 3016 929 3065 est
949 3010 1010 3065 in
1031 3010 1290 3067 Ecclesia
1312 3011 1713 3069 Alexandrina
1742 3017 1876 3067 tan-

227 3113 407 3167 quam
433 3097 505 3153 ab
528 3098 698 3155 initio
721 3099 937 3156 tradita
958 3102 1434 3159 conservabatur.
1459 3104 1579 3159 Hoc
1601 3108 1691 3160 est
1714 3101 1875 3157 illius

1969 656 2064 732 μὶν
2094 649 2503 731 πρεσϐυτέροις,
2552 656 2604 711 αἱ
2661 654 2718 713 δὲ
2775 657 3115 739 ἐπισκόποις,
3150 661 3205 715 αἱ
3235 658 3291 716 δὲ
3324 657 3655 737 διακόνοις,

1966 745 2136 803 ἄλλαι
2170 748 2391 823 χήραις.
2420 771 2448 800 α
2473 749 2922 823 Quamplurima
2944 757 3142 809 autem
3164 760 3480 827 praecepta
3512 772 3655 827 quas

1968 838 2042 895 ad
2061 837 2277 895 electas
2296 856 2582 912 personas
2604 841 2929 913 pertinent,
2959 842 3020 900 in
3049 845 3270 901 sanctis
3292 844 3480 902 libris
3498 846 3651 902 scri-

1968 933 2071 1002 pta
2093 933 2264 985 sunt:
2290 928 2417 985 haec
2441 929 2683 1002 quidem
2704 930 3215 1004 presbyteris,alia
3237 950 3381 991 vero
3406 935 3657 1008 episco-

1970 1017 2206 1090 pis,alia
2226 1017 2634 1090 diaconis,alia
2656 1027 2856 1077 autem
2882 1022 3091 1094 viduis,
3112 1044 3140 1074 ››
3165 1024 3488 1099 Pmdagog.
3514 1024 3652 1095 1.111,

1971 1109 2407 1181 c.12.Agnoscit
2426 1108 2605 1183 igitur
2624 1110 2920 1184 Clemens,
2935 1135 2963 1163 «
2984 1111 3405 1171 Alexandrinae
3434 1115 3654 1174 Eccle-

1972 1198 2074 1255 siae
2092 1198 2689 1272 presbyter,Panta:ni
2706 1201 2843 1259 audi
2852 1206 3066 1276 tor,qui
3082 1209 3217 1277 post
3229 1205 3363 1278 ejus
3377 1210 3655 1262 mortem

1970 1290 2344 1347 Alexandriae
2368 1291 2833 1350 ecclesiasticam
2857 1295 3119 1352 scholam
3140 1297 3356 1367 tenuit,
3375 1317 3404 1352 ι
3433 1303 3496 1354 et
3525 1316 3659 1353 κατ-

1971 1379 2235 1458 ηχήσεων
2267 1383 2530 1452 magister
2556 1384 2691 1455 fuit,
2727 1388 2876 1441 teste
2936 1385 3320 1459 Hieronymo,
3353 1404 3487 1444 non
3518 1392 3660 1444 tan-

1971 1475 2101 1527 tum
2131 1476 2251 1528 tres
2272 1470 2511 1543 gradus,
2537 1472 2657 1528 sive
2684 1471 2968 1547 προκοπάς
3002 1475 3449 1549 episcoporum,
3486 1494 3662 1550 pres-

1972 1562 2318 1635 byterorum
2359 1564 2416 1616 et
2465 1560 2853 1620 diaconorum
2898 1563 2960 1620 in
3004 1564 3262 1623 Ecclesia
3294 1583 3370 1623 ex
3400 1584 3527 1624 usu
3559 1584 3661 1624 re-

1979 1656 2201 1724 ceptos,
2219 1651 2321 1708 sed
2349 1656 2407 1707 et
2426 1668 2601 1709 usum
2623 1653 2795 1710 illum
2822 1671 2891 1710 ex
2908 1656 3235 1727 apostolica
3254 1656 3656 1717 institutione

1977 1741 2328 1798 derivatum.
2362 1743 2624 1808 Quatuor
2667 1745 2831 1801 enim
2875 1762 3094 1819 genera
3137 1764 3547 1819 personarum
3589 1750 3657 1806 in

1974 1831 2294 1905 Scripturis
2323 1830 2511 1889 electa
2540 1835 2842 1907 agnoscit;
2901 1852 3023 1892 non
3077 1837 3278 1894 minus
3321 1839 3659 1911 distinguit

1972 1928 2270 1995 praecepta
2299 1940 2431 1995 quas
2462 1922 2681 1981 dantur
2711 1926 3028 2000 episcopis,
3055 1927 3128 1984 ab
3159 1928 3233 1984 iis
3263 1946 3403 2000 qua:
3435 1929 3657 2003 injun-

1974 2017 2193 2085 guntur
2220 2013 2603 2085 presbyteris,
2640 2031 2819 2087 quam
2850 2032 2920 2073 ea
2965 2034 3095 2089 quas
3123 2017 3420 2087 diaconis,
3464 2019 3542 2076 ab
3576 2020 3656 2076 iis

1977 2117 2108 2172 quae
2140 2100 2330 2156 viduis
2359 2101 2810 2175 praecipiuntur.
2860 2107 2935 2160 At
2982 2105 3279 2163 distinctas
3309 2113 3461 2165 sunt
3513 2125 3660 2181 per-

1977 2207 2161 2259 sonae,
2189 2196 2291 2248 aut
2312 2190 2527 2262 ofﬁcia,
2554 2193 2770 2265 quibus
2802 2195 3035 2252 diversa
3063 2201 3364 2270 prmcepta
3395 2199 3655 2255 deman-

1979 2282 2215 2340 dantur.
2247 2284 2499 2357 Agnovit
2528 2285 2706 2358 igitur
2738 2287 3012 2344 Clemens
3040 2288 3489 2347 Alexandrinus
3523 2306 3663 2349 eam

1981 2391 2286 2432 sacrorum
2326 2375 2606 2431 ordinum
2669 2376 3174 2450 distributionem,
3232 2381 3408 2453 cujus
3471 2398 3660 2439 usum

1981 2466 2250 2539 agnoscit
2282 2465 2641 2540 Blondellus,
2676 2468 2961 2526 divinitus
2991 2487 3097 2543 per
3128 2471 3431 2544 apostolos
3463 2473 3660 2529 fuisse

1982 2557 2341 2615 institutam.
2375 2558 2510 2613 Haec
2549 2558 2830 2616 Clemens
2887 2576 2958 2615 ex
3013 2562 3281 2617 Pantaani
3313 2562 3547 2632 schola,
3584 2578 3658 2618 ex

1983 2646 2305 2719 Clementis
2356 2646 2564 2703 eadem
2622 2648 2926 2721 Origenes.
2960 2649 3054 2705 Sic
3085 2650 3250 2706 enim
3282 2650 3380 2707 ille
3406 2650 3660 2723 juvenis

1983 2737 2179 2794 adhuc
2203 2734 2409 2791 homil.
2437 2737 2504 2791 13
2524 2737 2586 2792 in
2610 2737 2665 2795 S.
2686 2737 2904 2796 Lucam
2926 2755 2986 2793 :«
3010 2739 3068 2795 Si
3098 2739 3380 2797 audacter
3405 2740 3662 2813 expedit

1983 2823 2149 2896 loqui
2171 2824 2606 2896 Scripturarum
2638 2840 2882 2880 sensum
2913 2829 3206 2896 sequenti,
3239 2844 3347 2899 per
3375 2828 3657 2901 singulas

1984 2912 2276 2970 Ecclesias
2304 2912 2431 2968 bini
2461 2918 2599 2969 sunt
2629 2913 3071 2986 episcopi,alius
3098 2915 3537 2985 visibilis,alius
3564 2919 3660 2973 in-

1984 3001 2361 3069 visibilis,ille
2378 3001 2527 3058 visui
2541 3002 2862 3073 carnis,hic
2884 3003 3085 3059 sensui
3103 3006 3406 3075 patens.Et
3425 3021 3652 3062 rursus:

1990 3095 2106 3166 Ego
2136 3096 2279 3165 puto
2310 3091 2563 3147 inveniri
2587 3090 2762 3147 simul
2781 3108 2955 3165 posse
2977 3096 3037 3149 et
3056 3092 3334 3166 angelum
3369 3098 3429 3150 et
3458 3094 3659 3151 homi-

232 3145 407 3167 Ὶη-
434 3145 500 3153 ..η
725 3145 937 3156 -.........
960 3145 1159 3157 wn--.
1182 3145 1434 3159 ...κωκυ
1459 3145 1579 3159 ..νυ
1601 3145 1691 3160 νυ..
1714 3145 1874 3157 ..-η-
1991 3145 2098 3166 -ον
2136 3145 2167 3165 ς
2187 3145 2268 3148 μη
2547 3145 2562 3147 κ
2589 3145 2604 3146 νκ
2781 3145 2807 3165 ι
2832 3145 2914 3148 ---
2934 3145 2948 3147 -
2987 3145 3032 3149 η
3060 3145 3334 3166 πο---η-
3375 3145 3426 3150 --
3460 3145 3631 3151 πν--

227 3185 508 3257 martyris
532 3187 960 3257 eﬂatum,unde
986 3189 1215 3261 reliqua
1236 3190 1537 3263 pendent:
1571 3190 1636 3248 Οἱ
1667 3186 1880 3244 ἐπίσκο-
1915 3145 1960 3214 C
1992 3199 2133 3240 nem
2179 3181 2367 3238 bonos
2396 3179 2671 3238 Ecclesiae
2702 3181 3033 3255 episcopos,
3089 3188 3149 3240 et
3203 3184 3656 3255 quodammodo

228 3292 324 3326 ποι
355 3273 407 3327 οἱ
454 3274 591 3328 κατὰ
636 3274 703 3329 τὰ
750 3277 955 3351 πέρατα
1005 3278 1305 3354 ὁρισθέντες
1339 3277 1390 3334 ἐν
1424 3279 1604 3350 Ἰησοῦ
1638 3280 1886 3353 Χριστοῦ

231 3362 428 3438 γνώμῃ
458 3361 942 3439 εἷσίν.ιΕρίεοορὶ
966 3386 1072 3441 per
1102 3375 1393 3426 terrarum
1420 3386 1553 3426 oras
1578 3368 1888 3426 constituti

236 3470 305 3509 ex
328 3453 543 3510 Christi
564 3462 707 3512 sunt
728 3460 1081 3527 sententia,»
1106 3459 1167 3515 id
1190 3466 1279 3517 est
1302 3477 1373 3515 ex
1397 3459 1698 3515 voluntate
1722 3458 1887 3514 Chri-

236 3543 312 3599 sti
342 3545 626 3616 apostolis
683 3548 917 3621 cognita
974 3555 1031 3604 et
1087 3549 1158 3605 ab
1212 3549 1286 3604 iis
1344 3548 1560 3606 tradita
1606 3547 1886 3605 ordinati.

236 3633 457 3700 Quibus
491 3635 641 3691 nihil
672 3636 837 3692 aliud
867 3637 1120 3710 intelligi
1142 3643 1338 3710 potest
1367 3654 1545 3710 quam
1577 3638 1889 3710 episcopa-

235 3728 364 3779 tum
394 3724 575 3783 fuisse
602 3726 675 3783 ab
706 3728 992 3800 apostolis
1023 3745 1094 3783 ex
1133 3728 1431 3784 voluntate
1471 3728 1687 3784 Christi
1718 3728 1886 3784 insti-

236 3816 523 3872 tutum.Id
545 3822 745 3874 autem
769 3818 1040 3875 Clemens
1072 3817 1527 3888 Alexandrinus,
1552 3835 1586 3874 a
1605 3820 1888 3875 Pantmno

238 3906 366 3963 sine
399 3909 803 3963 controversia
826 3906 1418 3979 edoctus,p0pulares
1450 3923 1587 3964 suos
1618 3907 1720 3964 diu
1749 3915 1888 3966 ante

240 3996 497 4054 Heracles
547 3997 955 4070 episcopatum
986 3996 1226 4052 docuit:
1279 3996 1426 4050 Ἐπεὶ
1458 3994 1548 4050 καὶ
1580 3996 1636 4051 αἱ
1666 3994 1892 4052 ἐνταῦθα

237 4088 374 4140 κατά
400 4086 501 4155 τὴν
553 4084 877 4156 Ἐκκλησίαν
935 4084 1209 4158 προκοπαὶ
1268 4081 1604 4156 ἔπισκόπων,
1660 4081 1892 4163 πρεσϐυ-

237 4173 427 4252 τέρων,
476 4172 760 4242 διακόνων,
813 4175 1133 4247 μιμήματα,
1167 4173 1342 4247 οἶμαι,
1378 4173 1672 4252 ἀγγελικῆς
1704 4173 1890 4248 δόξης,

240 4265 488 4335 κακείνης
510 4270 608 4334 τῆς
633 4262 948 4335 οἰκονομίας
968 4263 1326 4339 τυγχάνουσι.
1350 4289 1378 4316 ‹‹
1404 4267 1695 4332 Quoniam
1718 4273 1778 4325 et,
1795 4268 1893 4324 hic

240 4353 303 4411 in
324 4354 587 4411 Ecclesia
608 4354 1054 4426 progressiones
1072 4354 1506 4426 episcoporum,
1526 4357 1894 4429 presbytero-

241 4462 375 4502 rum
411 4450 470 4500 et
498 4442 908 4512 diaconorum,
936 4443 1321 4513 imitationes,
1354 4451 1421 4502 ut
1447 4446 1726 4516 arbitror,
1756 4453 1896 4504 sunt

1992 3272 2170 3331 unius
2191 3271 2386 3344 operis
2406 3286 2536 3327 esse
2557 3270 2894 3343 participes.
2921 3270 3088 3339 Quod
3104 3290 3239 3330 cum
3262 3272 3344 3330 ita
3365 3274 3463 3342 sit,
3488 3280 3661 3347 peta-

1999 3379 2132 3420 mus
2147 3360 2619 3433 omnipotentem
2640 3361 2851 3431 Deum,
2872 3366 2940 3418 ut
2962 3363 3157 3435 angeli
3177 3369 3236 3419 et
3253 3364 3533 3422 homines
3555 3368 3661 3423 Ec-

1993 3451 2310 3509 clesiarum
2328 3450 2589 3524 episcopi
2607 3450 2958 3523 adjumento
2977 3453 3098 3509 sint
3112 3453 3372 3523 nobis,et
3388 3456 3657 3515 sciamus

1996 3543 2278 3617 quoniam
2312 3540 2551 3613 utrique
2581 3558 2688 3613 pro
2719 3541 2894 3598 nobis
2924 3559 2960 3599 a
2996 3543 3249 3600 Domino
3272 3544 3653 3618 judicentur.

2066 3637 2205 3702 Qum
2246 3639 2405 3690 certe
2436 3650 2585 3705 pura
2614 3638 2759 3706 puta
2788 3640 2929 3691 sunt
2956 3635 3288 3709 Origenica,
3320 3643 3386 3694 ut
3414 3638 3490 3695 de
3517 3655 3659 3696 auc-

1992 3730 2119 3785 tore
2150 3726 2364 3782 harum
2393 3724 2781 3783 homiliarum
2832 3725 3090 3784 dubitari
3121 3745 3242 3785 non
3272 3730 3480 3802 possit.
3516 3732 3657 3787 Hmc

1996 3819 2194 3873 autem
2225 3831 2294 3870 ex
2348 3829 2509 3870 sensu
2565 3815 2982 3886 Scripturan
3013 3816 3221 3874 habuit
3250 3819 3555 3892 Origenes,
3589 3824 3659 3877 ut

1996 3907 2122 3978 ipse
2143 3903 2452 3977 proﬁtetur
2476 3921 2489 3960 :
2513 3921 2585 3961 ex
2614 3904 2852 3962 illarum
2882 3906 3063 3979 igitur
3080 3907 3354 3966 doctrina
3380 3911 3657 3982 agnoscit

1996 3995 2061 4050 in
2080 3994 2331 4068 singulis
2355 3995 2621 4052 ecclesiis
2642 4013 2829 4054 unum
2853 3998 3162 4055 hominem
3191 4000 3493 4057 visibilem
3534 4001 3658 4073 epi-

1996 4084 2433 4158 scopum.Idem
2446 4085 2690 4143 homilia
2704 4087 2769 4142 17
2789 4103 2802 4142 :
2824 4109 2851 4139 «
2866 4088 3200 4145 Sicutenim
3213 4089 3287 4145 ab
3300 4090 3660 4147 ecclesiasti-

1998 4175 2082 4233 cis
2099 4174 2485 4249 dignitatibus
2507 4192 2629 4232 non
2642 4176 2838 4233 solum
2853 4177 3189 4248 fornicatio,
3212 4179 3315 4235 sed
3345 4185 3405 4236 et
3426 4180 3655 4253 nuptias

1996 4264 2326 4337 repellunt;
2343 4282 2540 4338 neque
2556 4267 2716 4323 enim
2739 4267 3191 4340 episcopus,nec
3210 4268 3658 4342 presbyter,nec

1998 4354 2423 4424 diaconus,nec
2445 4354 2622 4412 vidua
2659 4362 2911 4428 possunt
2944 4373 3075 4413 esse
3097 4356 3318 4429 digami
3342 4374 3357 4425 ;
3381 4358 3467 4416 sic
3487 4359 3659 4416 forsi-

1998 4449 2101 4502 tan
2147 4450 2207 4501 et
2235 4444 2310 4501 de
2341 4450 2495 4501 ccetu
2524 4446 2965 4519 primitivorum
3008 4446 3654 4522 immaculatorumque

238 4535 441 4609 gloriae
463 4533 745 4607 angelicas
777 4539 834 4589 et
861 4533 1025 4589 illius
1049 4534 1529 4607 dispensationis,
1551 4557 1576 4590 ι
1611 4536 1889 4594 Stromat.
1920 4519 1969 4585 D
1999 4534 2298 4605 Ecclesiae,
2313 4552 2445 4607 quas
2457 4552 2579 4592 non
2592 4535 3077 4592 habetmaculam
3098 4552 3293 4608 neque
3312 4519 3655 4611 rugam,eji-

242 4626 289 4684 Ι.
330 4641 404 4681 v1.
431 4626 517 4681 Ea:
544 4640 666 4691 usu,
700 4624 897 4694 inquit
946 4624 1290 4682 Blondellus
1317 4633 1509 4682 natam
1537 4626 1890 4684 distributio-

240 4732 366 4772 nem
380 4712 1127 4785 admittebat.Accipiamus
1149 4715 1308 4787 quod
1327 4714 1431 4772 dat
1451 4730 1466 4771 :
1494 4732 1567 4771 ex
1591 4731 1704 4772 usu
1719 4722 1893 4774 erant

243 4805 306 4860 hi
336 4810 455 4861 tres
484 4803 701 4878 gradus
746 4803 867 4859 sive
911 4805 1356 4877 progressiones
1395 4821 1699 4863 sacrorum
1730 4805 1893 4862 ordi-

243 4912 389 4952 num
417 4895 482 4951 in
508 4893 767 4951 Ecclesia
790 4893 912 4963 illa,
933 4894 1162 4951 scilicet
1189 4895 1251 4951 in
1281 4910 1400 4966 qua
1422 4895 1696 4952 Clemens
1742 4897 1891 4953 scri-

242 4988 363 5060 psit
391 4990 450 5042 et
469 4985 780 5058 presbyter
806 4984 937 5041 fuit.
964 4984 1229 5042 Fuerunt
1250 4985 1431 5057 igitur
1458 4986 1521 5041 in
1547 4987 1790 5059 Egypto
1821 5004 1894 5045 ex

242 5092 355 5134 usu
410 5075 692 5149 episcopi,
748 5075 1096 5148 presbyteri,
1156 5075 1411 5145 diaconi,
1445 5092 1581 5131 cum
1620 5076 1892 5135 Clemens

240 5168 497 5241 scripsit,
529 5166 687 5239 quod
736 5165 937 5221 Dallaci
982 5170 1397 5237 argumentum
1428 5182 1670 5236 prorsus
1700 5168 1890 5239 elidit,

241 5266 307 5315 ut
336 5264 542 5331 postea
571 5256 975 5313 ostendemus.
1026 5255 1134 5310 Sed
1175 5255 1417 5311 eamdem
1462 5263 1663 5323 tamen,
1698 5258 1895 5329 inquit

243 5350 607 5413 Blondellus,
626 5348 907 5404 divinitus
937 5362 1043 5417 per
1061 5347 1368 5416 apostolum
1391 5348 1704 5406 institutam
1728 5351 1893 5421 pleno

245 5458 338 5498 ore
368 5440 625 5509 negabat.
659 5439 778 5493 Hoc
810 5454 914 5507 ego
963 5438 1208 5492 effatum
1238 5442 1359 5493 tam
1388 5436 1604 5495 falsum
1636 5455 1765 5496 esse
1795 5440 1891 5496 af-

245 5532 418 5587 firmo
444 5546 621 5603 quam
653 5527 812 5599 quod
839 5525 1230 5585 falsissimum
1255 5531 1364 5585 est.
1405 5529 1551 5585 Nam
1597 5529 1724 5602 ipse
1752 5528 1893 5586 alibi

246 5620 477 5689 diserte.
495 5617 723 5692 scribit,
754 5616 984 5679 diversa
1000 5621 1301 5692 praecepta
1316 5617 1633 5694 episcopis,
1646 5619 1896 5696 presby-

1999 4626 2189 4682 cietur
2208 4625 2479 4698 digamus
2494 4641 2507 4693 ;
2523 4642 2642 4682 non
2656 4641 2775 4697 quo
2788 4625 2853 4680 in
2864 4629 3155 4682 aeternum
3164 4625 3436 4683 mittatur
3451 4628 3654 4684 incen-

2000 4716 2186 4786 dium,
2209 4716 2316 4774 sed
2344 4733 2464 4789 quo
2492 4720 2724 4788 partem
2755 4732 2877 4771 non
2905 4714 3122 4772 habeat
3149 4715 3214 4772 in
3241 4733 3424 4790 regno
3456 4719 3583 4776 Dei.
3616 4740 3646 4772 »

2000 4807 2142 4872 Quis
2160 4811 2360 4863 autem
2380 4822 2504 4861 non
2533 4805 2736 4861 statim
2765 4802 2923 4861 videt
2969 4804 3097 4861 hmc
3144 4805 3326 4863 etiam
3357 4824 3487 4865 esse
3514 4824 3651 4866 vero

2001 4895 2355 4969 Origenica?
2386 4894 2486 4950 His
2515 4901 2717 4950 autem
2740 4893 3046 4967 Origenes,
3077 4896 3236 4968 quod
3263 4896 3340 4954 ad
3370 4899 3653 4957 ecclesia-

1999 4986 2177 5042 sticas
2208 4983 2523 5057 dignitates
2566 4984 2801 5054 attinet,
2831 4983 3198 5043 Clementem
3227 4995 3650 5062 prmceptorem

2003 5093 2178 5133 suum
2205 5075 2497 5147 sequitur,
2527 5080 2585 5129 et
2612 5081 2899 5147 tanquam
2930 5084 3188 5150 quatuor
3214 5078 3481 5137 diversas
3508 5095 3651 5137 enu-

2002 5172 2193 5223 merat
2221 5165 2327 5222 uni
2357 5164 2599 5238 quidem
2631 5167 2694 5221 in
2725 5167 2836 5222 hac
2886 5183 2951 5223 re
2981 5175 3274 5242 praecepto
3305 5171 3651 5243 apostolico,

2002 5256 2105 5313 sed
2135 5256 2455 5329 separatim
2484 5256 2725 5326 tradito,
2756 5256 3075 5329 subjectus.
3130 5260 3215 5315 Ita
3245 5260 3371 5332 ipse
3403 5260 3464 5317 in
3494 5276 3650 5317 com-

2001 5346 2313 5404 mentariis
2345 5347 2419 5402 ad
2467 5347 2807 5402 Matthaaum
2865 5348 3224 5404 difﬁcultum
3255 5352 3489 5420 quaesiti
3519 5347 3651 5405 κατὰ

1998 5440 2101 5507 τὴν
2137 5441 2237 5494 τοῦ
2279 5433 2623 5493 Ἀποστὸλου
2670 5436 2797 5511 περὶ
2842 5441 2952 5492 τῶν
2987 5434 3454 5515 ἑκκλησιαπιιῶν
3486 5459 3649 5517 πραγ-

2004 5529 2189 5603 μάτων
2214 5525 2539 5603 νομοθεσίαν
2568 5528 2797 5586 solvere
2841 5530 3303 5596 conatur.Quam
3341 5532 3453 5590 hoc
3472 5531 3646 5591 modo

1997 5619 2319 5697 proponit:
2350 5614 2557 5682 Οὐδένα
2585 5617 2695 5699 γὰρ
2720 5619 2831 5675 τῶν
2861 5616 2969 5676 ἅπὸ
2996 5622 3098 5693 τῆς
3124 5615 3463 5697 ’Βκκλησιας
3491 5620 3663 5703 ὑπερ*
