3990 6136
243 285 354 352 221

1013 286 1072 348 J.
1115 285 1549 350 PEARSONII
1592 287 1965 351 VINDIGLE
2008 289 2486 356 IGNATIANE.
2535 326 2614 345 --
2655 295 2864 358 PARS
2906 295 2956 357 Ι.

253 424 336 481 ἰπὶ
367 423 430 480 τὸ
461 422 683 480 νίπτειν
726 424 868 486 τοὺς
901 420 1067 486 πόδας
1121 427 1222 480 τοῦ
1276 423 1625 486 πιστεύοντος
1683 421 1912 495 δούλου,

2033 429 2311 486 cerdotali
2334 431 2543 487 ordine
2559 429 3230 506 gloriantur,secundum
3244 428 3503 486 ordinem
3523 447 3693 486 suum

257 515 348 572 καί
402 513 541 575 τοὺς
603 521 799 590 γονεῖς
851 517 948 570 τοῦ
986 517 1126 570 υἷοῦ.
1189 514 1322 588 ὅπερ
1351 510 1472 577 ἔθος
1509 516 1597 583 ἦν,
1633 513 1694 570 οὗ
1723 515 1923 588 γίνεται

262 604 316 661 δὲ
351 608 464 674 νῦν,
529 611 559 673 ἦ
596 603 677 667 εἷς
730 599 1050 680 ὑπερϐολὴν
1107 605 1476 674 σπανιώτατα,
1508 605 1597 660 καὶ
1627 605 1776 680 παρὰ
1810 609 1928 666 τοῖς

262 696 393 749 πάνυ
428 691 838 768 ἁπλουστέροις
862 692 948 748 καὶ
974 692 1388 768 ἀγροικοτέροις
1405 692 1666 770 γίνεται.‹‹
1692 697 1807 751 Nec
1821 694 1927 750 mi-

263 787 407 843 reris
432 786 480 840 si
497 785 607 840 tibi
635 785 1059 857 exponendum
1081 785 1152 840 sil
1176 786 1494 859 anagogico
1518 803 1694 841 sensu
1713 787 1822 841 hoc
1837 786 1924 840 di-

261 883 482 940 ctum,»
499 877 557 930 Si
581 880 931 931 sanctorum
959 875 1140 947 pedes
1161 875 1356 944 lavit,c
1376 876 1475 932 ubi
1493 877 1782 949 jubentur
1810 875 1924 931 illae

262 983 390 1037 qua:
412 966 786 1037 presbyteris
821 966 1084 1038 analogas
1107 971 1246 1020 sunt
1268 966 1638 1037 presbytides
1680 967 1928 1022 honesta

263 1055 496 1110 docere.
525 1055 671 1109 Vide
692 1072 834 1110 vero
859 1071 1044 1110 annon
1069 1056 1245 1110 etiam
1267 1055 1630 1110 laboriosum
1647 1056 1712 1110 ﬁt
1752 1055 1928 1110 cuili-

263 1145 359 1199 bet
383 1144 682 1216 discipulo
704 1145 943 1212 Christi,
965 1143 1181 1199 volenti
1205 1143 1452 1216 implere
1467 1144 1812 1200 mandatum
1835 1144 1927 1200 di-

264 1252 401 1290 cens
427 1253 482 1288 :n
508 1236 581 1288 Et
609 1250 711 1288 vos
734 1234 966 1290 debetis
988 1233 1087 1289 alii
1115 1233 1368 1290 aliorum
1399 1235 1595 1290 lavare
1627 1235 1862 1307 pedes,«
1875 1235 1922 1289 si

257 1325 396 1379 velit
429 1325 778 1396 corporales
810 1340 878 1379 ae
901 1324 1213 1379 sensibiles
1233 1324 1485 1380 fratrum
1509 1325 1688 1396 pedes
1707 1325 1922 1391 lavare,

262 1421 325 1469 ut
348 1414 566 1469 ﬁdeles
599 1415 660 1469 in
694 1415 901 1485 quovis
932 1414 1062 1468 vitm
1083 1431 1300 1487 genere
1321 1415 1642 1470 existentes
1679 1417 1788 1470 hoc
1837 1415 1924 1471 fa-

261 1505 442 1570 ciant,
480 1505 600 1557 sive
635 1504 738 1574 qui
767 1503 1046 1559 videntur
1067 1520 1197 1558 esse
1230 1504 1291 1558 in
1334 1504 1698 1559 sublimitate
1731 1503 1922 1560 eccle-

262 1595 506 1650 siastica
538 1595 803 1665 episcopi
837 1600 895 1649 et
922 1594 1273 1666 presbyteri.
1309 1594 1426 1649 sive
1476 1595 1535 1649 in
1570 1595 1926 1666 quibusdam

266 1684 398 1740 aliis
435 1683 761 1738 mundanis
794 1684 1209 1755 dignitatigus:
1233 1685 1380 1738 adeo
1402 1689 1466 1737 ut
1489 1685 1638 1740 hanc
1671 1685 1742 1739 ob
1797 1702 1926 1740 cau-

2033 518 2320 575 incedunt
2341 525 2590 593 etagunt
2603 522 2800 577 omnia
2817 537 2947 592 quae
2969 520 3073 575 illo
3085 520 3287 577 ordine
3302 519 3477 592 digna
3487 521 3686 575 sunt?»

2033 609 2161 678 (sed
2183 611 2324 665 utin
2349 617 2728 678 ms.nostro,«
2761 628 2892 682 qua)
2915 611 2974 664 in
3005 610 3110 664 illo
3140 609 3410 665 ordinem
3443 609 3687 682 dignum

2035 705 2126 754 est
2146 699 2194 769 ἰν)
2225 701 2510 756 Similiter
2531 707 2728 756 autem
2771 706 2830 756 et
2859 700 3090 756 diaconi
3145 707 3320 772 putas
3355 699 3685 755 secundum

2034 789 2305 845 ordinem
2331 791 2645 846 ministerii
2670 791 2759 845 sui
2791 791 3078 846 incedunt
3102 790 3130 845 ?
3148 792 3218 844 Et
3237 791 3394 845 unde
3419 796 3506 845 est
3526 789 3684 860 quod

2034 898 2190 953 saepe
2213 882 2486 937 audimus
2508 882 2917 953 blasphemare
2931 881 3193 937 homines
3207 881 3489 937 etdicere.
3505 883 3682 936 nEcce

2035 973 2227 1042 qualis
2250 974 2584 1045 episcopus,
2618 979 2717 1028 aut
2749 972 2939 1044 qualis
2989 972 3317 1044 presbyter,
3351 972 3439 1027 vel
3491 971 3682 1042 qualis

2033 1058 2319 1114 diaconus
2341 1058 2602 1113 luNonne
2626 1058 2751 1113 haec
2773 1057 3176 1124 dicuntur,ubi
3197 1057 3284 1112 vel
3310 1057 3584 1113 sacerdos
3596 1054 3684 1110 vel

2033 1147 2311 1201 minister
2338 1146 2440 1202 Dei
2473 1147 2630 1200 visus
2660 1146 2919 1200 fueritin
2951 1145 3149 1216 aliquo
3181 1151 3389 1201 contra
3411 1144 3684 1199 ordinem

2034 1252 2208 1290 suum
2229 1237 2453 1297 venire,
2484 1235 2778 1306 etaliquid
2798 1241 3001 1290 contra
3023 1235 3450 1291 sacerdotalem
3465 1235 3556 1290 vel
3581 1236 3688 1289 Le-

2031 1326 2080 1378 vi
2091 1325 2272 1379 ticum
2287 1325 2551 1380 ordinem
2565 1325 2831 1395 gerere?»
2842 1327 3053 1379 Verum
3068 1325 3218 1379 enim
3231 1341 3366 1380 vero
3381 1325 3683 1397 Origenes,

2039 1415 2086 1468 si
2122 1414 2428 1470 Blondello
2460 1414 2823 1469 credendum
2847 1415 2943 1482 sit,
2970 1420 3099 1468 utut
3127 1414 3241 1469 tria
3271 1416 3328 1468 in
3358 1415 3500 1470 clero
3527 1417 3685 1485 capi-

2035 1511 2148 1558 tum
2178 1520 2400 1573 genera,
2433 1504 2817 1558 consuetudini
2862 1505 3207 1558 ecclesiarum
3232 1508 3442 1573 favens,
3475 1505 3681 1558 admit-

2036 1601 2147 1648 tere
2169 1593 2378 1664 passim
2425 1596 2710 1657 viceatur;
2765 1594 2859 1648 hic
2910 1599 3128 1662 tamen,
3163 1594 3317 1649 binos
3343 1601 3553 1649 tantum
3589 1612 3682 1649 sa-

2034 1683 2341 1738 cerdotum
2377 1689 2435 1738 et
2463 1683 2871 1750 diaconorum,
2904 1683 3161 1752 magistri
3185 1684 3473 1738 Clementis
3500 1701 3682 1739 exem-

264 1790 388 1827 sam
415 1773 709 1828 Dominus
733 1789 969 1844 quoque
991 1773 1186 1827 veniat
1206 1772 1276 1827 ad
1302 1773 1583 1827 lavandos
1607 1774 1785 1844 pedes
1809 1791 1926 1828 ser-
1957 1794 2003 1858 B
2028 1776 2146 1844 p10,
2179 1775 2384 1842 gradus
2414 1774 2679 1842 agnoscit.
2714 1775 2828 1844 Ego
2859 1789 3016 1841 vero,
3045 1779 3102 1828 et.
3132 1773 3288 1844 apud
3317 1774 3683 1828 Clementem

259 1865 310 1916 vi
349 1862 676 1929 credentis,
713 1867 1068 1932 etparentes
1099 1861 1203 1915 filii
1234 1879 1244 1914 :
1280 1862 1437 1932 quod
1461 1867 1523 1916 in
1569 1879 1735 1917 more
1766 1865 1924 1934 posi-

259 1960 387 2007 tum
413 1958 585 2019 erat;
619 1951 722 2006 sed
746 1969 905 2006 nunc
937 1967 1056 2006 non
1089 1952 1153 2005 fit
1176 1951 1260 2005 vel
1284 1968 1460 2022 supra
1491 1952 1731 2006 modum
1757 1954 1928 2007 raris-

257 2045 408 2098 sime
429 2048 492 2098 et
512 2042 673 2114 apud
692 2041 1010 2096 admodum
1028 2041 1330 2111 simplices
1352 2058 1420 2096 ac
1436 2043 1779 2097 rusticiores
1802 2043 1921 2098 ﬁt.»

257 2135 324 2187 Et
355 2149 426 2187 ea
460 2132 643 2187 etiam
668 2147 800 2202 qum
821 2137 978 2185 tomo
995 2147 1050 2185 χι
1077 2131 1135 2184 in
1160 2131 1496 2185 Matthzeum
1516 2132 1735 2202 scripta
1753 2137 1922 2189 sunt:

255 2222 330 2279 Τὸ
351 2219 400 2274 δ’
435 2220 637 2293 ὅμοιον
681 2219 821 2294 ἐρεῖς
856 2219 948 2274 καὶ
978 2218 1066 2273 ἐπὶ
1097 2224 1192 2274 τοῦ
1244 2219 1577 2293 ὀρεγομένου
1618 2219 1921 2290 ἐπισκοπῆς

258 2309 352 2365 διὰ
383 2312 492 2378 τήν
525 2309 674 2382 παρὰ
705 2309 1014 2383 ἀνθρώποις
1046 2305 1220 2378 δόξαν,
1263 2309 1297 2377 ἤ
1354 2309 1454 2377 τήδ
1488 2310 1593 2362 ἀπο
1625 2309 1920 2382 ἀνθρώπων

258 2399 588 2468 κολακείαν,
619 2395 654 2466 ἤ
688 2398 781 2453 τὸν
813 2399 921 2453 ἀπὸ
946 2403 1054 2452 τῶν
1085 2399 1421 2473 προσιόντων
1455 2396 1611 2474 λόγῳ
1649 2399 1922 2476 πορισμὸν

261 2487 526 2544 διδόννων
562 2487 828 2564 προφάσει
872 2495 972 2556 τῆς
1031 2483 1321 2550 εὐσεϐείας.
1380 2489 1439 2545 Ὁ
1482 2494 1614 2563 γοῦν
1671 2494 1922 2555 τοιοῦτος

263 2577 570 2638 ἐπίσκοπος
604 2579 667 2632 οὐ
695 2577 868 2632 κσλοῦ
908 2575 1071 2652 ἔργου
1101 2577 1350 2650 ἐπιονμεῖ
1381 2576 1504 2632 οὐδὲ
1536 2576 1754 2634 δύναται
1787 2581 1922 2636 εἶναι

273 2665 680 2737 ἀνεπίληπτος,
713 2663 840 2720 οὐδὲ
897 2665 1190 2739 νηφάλιος,
1227 2663 1355 2720 οὑδὶ
1413 2667 1663 2744 σώφρων,
1705 2669 1918 2742 μεθύων

268 2757 370 2810 ὑπὸ
403 2753 594 2828 δόξης,
626 2756 718 2810 καὶ
748 2753 1072 2818 ἀκαλάστως
1091 2755 1264 2826 αὐτῆς
1302 2755 1736 2834 ἐμφορούμενος·
1768 2758 1831 2813 τὸ
1864 2755 1922 2812 δὲ

263 2846 393 2899 αὐτὸ
425 2846 518 2900 καὶ
561 2846 684 2918 περὶ
717 2839 1104 2920 πρασϐυτέρων
1133 2846 1224 2900 καὶ
1257 2843 1521 2900 διακόνων
1551 2846 1924 2924 ἐρεῖς.‹‹8ἱῐηὶ-

262 2937 399 2992 liter
422 2943 624 2993 autem
649 2936 810 2993 dices
833 2937 905 2992 de
939 2955 1007 2994 eo
1033 2938 1134 3009 qui
1166 2939 1570 3011 episcopatum
1599 2939 1920 3008 desiderat,

257 3033 322 3082 ut
343 3028 595 3099 gloriam
611 3027 769 3100 apud
789 3028 1062 3083 homines
1076 3034 1496 3099 consequatur,
1509 3029 1593 3083 vel
1609 3029 1921 3084 hominum

265 3119 735 3172 assentationem
760 3121 975 3188 captet,
1008 3117 1099 3171 vel
1118 3123 1409 3188 quaestum
1429 3117 1500 3172 ab
1526 3117 1611 3172 eis
1651 3118 1920 3190 accipiat,
1955 3172 1982 3190 ,

262 3207 360 3277 qui
375 3223 706 3262 sermonem
723 3172 859 3262 ﬁdei
875 3172 1300 3278 amiplectentes
1317 3207 1555 3278 pietatis
1569 3223 1746 3263 causa
1759 3172 1920 3262 dant:
1952 3172 2002 3239 υ

264 3297 418 3351 Talis
439 3297 624 3369 igitur
645 3297 961 3368 episcopus
980 3319 1010 3348 »
1041 3297 1264 3352 bonum
1287 3313 1437 3368 opus
1456 3314 1567 3352 non
1596 3296 1918 3364 desiderat,

264 3403 442 3456 neque
465 3392 649 3456 potest
677 3403 786 3441 esse
816 3385 1380 3458 irreprehensibilis,
1431 3403 1608 3457 neque
1664 3385 1918 3454 sobrius,

271 3494 445 3547 neque
474 3476 740 3548 prudens
759 3475 827 3544 ¹⁷,
863 3499 890 3526 ‹‹
918 3481 1120 3548 utpote
1144 3476 1244 3547 qui
1267 3477 1455 3546 gloria
1479 3476 1677 3532 ebrius
1708 3477 1804 3544 sit,
1864 3481 1924 3532 et

268 3568 744 3638 intemperanter
766 3583 834 3622 ea
851 3567 1032 3622 fuerit
1053 3567 1466 3638 ingurgitatus.
1499 3565 1660 3621 Idem
1684 3583 1919 3638 quoque

263 3656 332 3710 de
349 3656 714 3728 presbyteris
736 3662 794 3711 et
816 3656 1076 3711 diaconis
1099 3656 1258 3711 dices
1287 3676 1312 3708 ι
1337 3658 1470 3711 Haec
1489 3656 1579 3711 vel
1600 3672 1667 3710 ex
1681 3656 1917 3726 Graecis,

259 3746 350 3800 vel
384 3746 459 3800 ab
487 3745 850 3818 Hieronymo
886 3746 1028 3801 satis
1059 3746 1318 3801 ﬁdeliter
1344 3745 1528 3801 versis
1576 3745 1868 3817 producta
1903 3762 1917 3801 :

261 3836 480 3908 quibus
512 3841 570 3890 et
599 3835 705 3891 illa
735 3853 867 3907 quae
888 3836 1161 3892 Rufflnus
1184 3836 1608 3907 interpretatus
1628 3841 1718 3891 est
1739 3837 1919 3892 etiam

261 3931 668 3981 consentanea
697 3932 854 3982 sunt.
915 3927 985 3981 Ut
1012 3943 1084 3982 ex
1141 3925 1389 3982 homilia
1419 3927 1481 3981 in
1513 3928 1800 3982 Numeros
1823 3943 1920 3982 se-

260 4014 478 4082 cunda,
515 4030 693 4084 quam
728 4014 969 4069 tandem
1002 4031 1036 4070 a
1056 4014 1289 4070 Rufﬁno
1320 4031 1550 4070 versam
1582 4031 1710 4070 esse
1743 4031 1917 4070 cons-

261 4110 364 4173 tat,
399 4121 471 4159 ex
504 4103 748 4177 prologo
781 4104 841 4159 in
870 4104 1127 4159 Emerici
1154 4105 1363 4176 Bigotii
1387 4104 1592 4160 codice
1607 4110 1842 4176 reperto
1862 4109 1920 4158 et

263 4195 333 4250 ab
367 4196 624 4250 Henrico
659 4194 892 4250 Valesio
923 4194 996 4250 ad
1027 4195 1346 4250 Eusebium
1391 4195 1572 4263 edito,
1605 4195 1704 4266 qui
1739 4194 1919 4251 etiam

263 4285 324 4339 in
356 4285 729 4340 Bibliotheca
759 4284 991 4356 collegii
1023 4285 1215 4340 nostri
1249 4285 1343 4339 SS.
1377 4284 1680 4340 Trinitatis
1729 4289 1920 4340 exstat

265 4390 356 4430 ms.
393 4377 464 4428 Et
485 4374 696 4430 titulus
719 4374 961 4445 quidem
987 4375 1070 4430 ita
1088 4391 1151 4429 se
1169 4374 1350 4430 habet
1373 4391 1386 4430 :
1409 4377 1614 4446 Incipit
1627 4374 1912 4446 prologus.

265 4507 282 4525 .
326 4506 339 4518 .
385 4507 397 4520 .
447 4506 462 4520 .
510 4505 523 4517 .
566 4467 933 4521 Numerorum
961 4465 1036 4521 ad
1072 4466 1373 4521 Ursacium.

2038 1865 2406 1935 magistrum,
2443 1863 2527 1918 sic
2553 1863 2732 1917 etiam
2765 1863 2920 1933 apud
2969 1863 3281 1935 Origenem
3328 1862 3684 1934 discipulum

2038 1958 2155 2007 tres
2186 1952 2401 2024 gradus
2414 1953 2865 2021 invenio,unum
2882 1952 3196 2008 diaconum
3212 1953 3274 2008 in
3290 1953 3495 2008 ordine
3511 1954 3683 2007 mini-

2036 2043 2222 2109 sterii,
2258 2042 2426 2111 duos,
2460 2043 2720 2114 episcopi
2749 2042 2995 2111 scilicet,
3017 2048 3076 2097 et
3103 2043 3458 2114 presbyteri,
3494 2044 3554 2097 in
3582 2061 3680 2096 or-

2035 2132 2170 2186 dine
2203 2131 2610 2196 sacerdotii,ut
2639 2136 2693 2184 et
2726 2130 2850 2200 ipse
2886 2147 2947 2184 se
2979 2132 3253 2201 explicat,
3285 2131 3591 2202 etplenius
3616 2132 3676 2186 Β.

2033 2222 2286 2293 Cyrillus
2310 2221 2724 2277 Alexandrinae
2743 2220 3018 2275 Ecclesia:
3046 2221 3384 2291 patriarcha
3415 2220 3517 2274 lib.
3570 2237 3674 2274 xm

2031 2313 2107 2366 De
2137 2313 2462 2366 adoratione
2493 2315 2550 2365 in
2580 2312 2781 2380 spiritu
2812 2316 2865 2363 et
2893 2311 3130 2372 veritate
3150 2327 3170 2363 :
3201 2309 3264 2364 Ei
3297 2306 3353 2362 δὲ
3383 2329 3463 2370 τις
3493 2303 3678 2361 ἕλοιτο

2031 2400 2121 2454 καὶ
2150 2407 2250 2468 τῆς
2279 2399 2610 2470 Ἐκκλησίας
2640 2399 2740 2466 τήν
2772 2397 2920 2466 τάξιν
2963 2399 3464 2474 πολυκραγμονεῖν,
3493 2400 3593 2466 τὴν
3627 2397 3678 2451 ἐν

2031 2491 2187 2562 νόμῳ
2216 2489 2670 2565 προανατύπωσιν
2703 2489 3164 2561 καταθαυμάσειεν
3182 2489 3240 2544 ἄν
3277 2489 3499 2550 εἰκότως
3528 2491 3684 2544 Ἐπι-

2033 2581 2258 2640 σκόποις
2295 2580 2390 2652 μὶν
2420 2579 2545 2654 γὰρ,
2581 2579 2672 2634 ἅτε
2704 2576 2770 2648 δὴ
2813 2579 2936 2634 τότε
2967 2580 3326 2653 καθηγεῖσθαι
3389 2579 3678 2654 λαχοῦσιν,

2030 2667 2120 2723 καὶ
2156 2668 2250 2740 μέν
2281 2675 2397 2730 τοῖς
2439 2667 2526 2722 ἐπὶ
2556 2670 2656 2736 τήν
2690 2668 2826 2740 μείω
2859 2666 3106 2722 διέπουσι
3155 2669 3324 2740 τάξιν,
3385 2663 3682 2738 πρεσϐυτέ-

2034 2778 2148 2834 ροις
2181 2755 2238 2812 δὲ
2277 2779 2444 2834 φημι,
2471 2757 2817 2812 πεπίστευται
2839 2757 2901 2812 τὸ
2935 2758 3284 2832 θυσιαστήριον
3338 2756 3521 2812 καὶτὰ
3573 2750 3678 2810 ἔσω

2029 2851 2126 2903 τοῦ
2191 2847 2690 2920 καταπετάσματος,
2746 2849 2829 2908 οἷς
2881 2846 2941 2900 ἄν
2999 2846 3199 2922 πρέποι
3245 2845 3335 2901 καὶ
3404 2845 3678 2922 λέγεσθαι,

2033 2939 2138 2994 Καὶ
2195 2936 2490 3015 φυλάξουσι
2547 2939 2648 3007 τήν
2707 2937 2975 3012 ἱερατείαν
3034 2937 3232 2991 αὐτῶν·
3294 2933 3568 2997 διακόνοις
3618 2955 3682 3010 γε

2037 3028 2128 3100 μὲν
2161 3027 2245 3098 τὸ,
2278 3025 2589 3096 Φυλάξουσι
2633 3025 2729 3087 τὰς
2788 3023 3033 3104 φυλακὰς
3062 3032 3158 3095 νῆς
3193 3029 3414 3100 σκηνῇς,
3451 3048 3479 3077 ‹‹
3516 3025 3682 3092 Quod

2035 3118 2231 3190 siquis
2256 3117 2397 3174 velit
2427 3117 2602 3172 etiam
2651 3116 2924 3173 Ecclesia:
2976 3118 3248 3172 ordinem
3310 3117 3680 3189 perquirere,

2035 3209 2199 3264 illam
2223 3225 2354 3278 quae
2376 3209 2437 3262 in
2467 3207 2595 3278 lege
2627 3212 2718 3262 est
2750 3207 3289 3279 prmﬁgurationem
3317 3206 3453 3277 jure
3483 3205 3681 3261 admi-

2033 3300 2279 3355 rabitur.
2311 3299 2614 3370 EpiscOpis
2645 3299 2824 3364 enim,
2859 3314 2926 3353 ac
2975 3299 3024 3352 si
3083 3303 3224 3353 tunc
3281 3298 3680 3368 principatum

2033 3390 2224 3444 sortiti
2245 3393 2642 3458 essent,atque
2657 3389 2838 3442 etiam
2853 3387 2926 3441 iis
2949 3387 3049 3457 qui
3071 3387 3414 3442 inferiorem
3433 3387 3681 3458 gradum

2033 3477 2636 3552 gerunt,presbyteris
2667 3475 3350 3547 inquam,concreditum
3382 3480 3471 3530 est
3493 3476 3680 3531 altare

2031 3575 2090 3623 et
2102 3585 2232 3640 quas
2246 3573 2385 3623 sunt
2400 3568 2556 3622 intra
2575 3565 3002 3637 velum,quibus
3015 3565 3132 3620 etia
3144 3583 3192 3620 ω
3210 3565 3326 3620 dici
3348 3566 3641 3620 convenit:
3653 3587 3682 3615 »

2030 3660 2099 3712 Et
2141 3657 2480 3714 custodient
2538 3654 2935 3711 sacerdotium
2989 3671 3201 3720 suum;
3253 3655 3499 3709 diaconis
3556 3671 3680 3708 vero

2031 3748 2215 3802 illud:
2241 3747 2587 3802 Custodient
2617 3745 2918 3801 custodias
2961 3743 3440 3799 tabernaculiEx
3458 3743 3678 3799 Rufﬁni

2031 3839 2209 3894 etiam
2239 3837 2504 3892 versione
2557 3835 2823 3907 Origenis
2878 3835 3298 3890 Commentarii
3331 3835 3391 3888 in
3438 3834 3680 3888 Cantica

2031 3927 2398 3984 canticorum
2430 3925 2746 3981 habentur.
2780 3926 2846 3979 In
2877 3925 3125 3979 homilia
3147 3929 3365 3990 autem,
3399 3928 3466 3977 ut
3521 3940 3680 3978 nunc

2028 4022 2289 4084 vocatur,
2323 4015 2584 4072 secunda
2605 4015 2719 4070 ista
2751 4014 2999 4086 legimus
3031 4032 3044 4068 :
3078 4013 3229 4069 Vidit
3259 4019 3309 4068 et
3337 4014 3514 4067 sedem
3539 4029 3678 4080 pue—

2027 4124 2216 4164 rorum
2255 4111 2394 4176 ejus,
2429 4105 2524 4177 (de
2553 4105 2758 4175 regina
2786 4103 2936 4158 Saba
2967 4107 3025 4158 et
3055 4102 3368 4158 Salomone
3397 4101 3678 4172 loquitur)

2029 4220 2056 4247 ‹‹
2079 4194 2743 4264 ecclesiasticum,puto,
2769 4191 3040 4247 ordinem
3071 4190 3341 4262 dicit,qui
3367 4191 3428 4245 in
3456 4190 3686 4262 episco-

2025 4290 2200 4358 patus
2218 4284 2311 4339 vel
2340 4281 2694 4356 presbyterii
2720 4281 2960 4337 sedibus
2982 4280 3426 4337 habetur.Vidit
3447 4286 3506 4336 et
3521 4280 3684 4336 ordi-

2025 4374 2300 4431 nationes
2312 4373 2405 4427 vel
2419 4372 2704 4428 stationes
2718 4371 3116 4428 ministrorum
3129 4371 3684 4442 ejus,diaconorum,

2029 4470 2094 4518 ut
2113 4463 2260 4518 mihi
2282 4459 2808 4530 videtur,ordinem
2830 4466 3123 4516 memorat
3142 4461 3465 4516 astantium
3485 4460 3680 4515 divino

336 4555 590 4626 Reliqua
624 4555 785 4609 enim
809 4555 1122 4610 manifeste
1175 4561 1314 4611 sunt
1336 4571 1526 4622 erasa,
1560 4555 1634 4610 ob
1694 4554 1916 4610 Rufﬁni
1947 4547 1994 4613 D
2025 4552 2379 4608 ministerio.
2413 4572 2441 4602 »
2476 4553 2545 4604 Et
2571 4550 2749 4622 paulo
2770 4555 2937 4622 post:
2969 4571 2990 4598 α
3025 4552 3159 4606 Ηωο
3190 4567 3324 4623 ergo
3353 4551 3553 4606 omnia
3581 4551 3682 4607 ubi

266 4649 578 4712 nomen,ut
601 4644 1062 4700 videtur.Prima
1084 4645 1350 4717 epistola)
1377 4645 1694 4712 sententia,
1729 4666 1757 4694 ‹‹
1789 4649 1926 4700 utar

267 4734 454 4788 verbis
479 4734 610 4801 tibi,
644 4734 848 4804 frater,
882 4733 1041 4790 beati
1072 4735 1372 4806 martyris,
1423 4735 1574 4790 bene
1610 4734 1921 4804 admones,

269 4823 492 4879 Donate
509 4823 920 4892 charissima,»
945 4824 1000 4878 S.
1036 4824 1394 4896 Cyprianum
1434 4829 1594 4880 certe
1618 4823 1921 4896 intelligit;

269 4915 436 4985 cujus
469 4912 572 4968 illa
602 4912 777 4968 verba
808 4918 947 4968 sunt
975 4913 1036 4968 in
1068 4913 1239 4969 initio
1278 4915 1554 4970 secunda;
1606 4913 1874 4985 epistolas
1907 4929 1922 4968 :

273 5004 414 5057 Bene
446 5003 724 5068 admones,
755 5004 964 5057 Donate
1012 5003 1351 5059 charissime.
1385 5002 1632 5074 Reliqua
1691 5003 1753 5056 in
1810 5018 1919 5057 ms.

274 5100 476 5147 nostro
516 5109 650 5148 cum
711 5091 1030 5165 Bigotianis
1087 5110 1330 5165 prorsus
1381 5092 1764 5160 conveniunt,
1805 5091 1924 5146 nisi

270 5183 425 5253 quod
455 5200 563 5254 pro
613 5184 769 5238 breve
795 5182 979 5238 saltim
1010 5181 1241 5255 legatur
1293 5183 1442 5238 brevi
1472 5183 1637 5249 saltu,
1701 5186 1759 5236 et
1815 5198 1922 5253 pro

271 5273 385 5330 haec
400 5280 764 5344 perurgente,
789 5272 978 5329 multo
1009 5274 1250 5341 rectius,
1287 5274 1398 5328 hac
1453 5278 1780 5344 perurgente
1825 5278 1874 5326 te
1907 5287 1921 5338 ;

272 5362 579 5418 Ursaciutn
611 5362 774 5418 enim
796 5361 1136 5432 alloquitur,
1161 5367 1228 5416 ut
1255 5361 1408 5417 bene
1430 5360 1760 5417 observavit
1781 5361 1928 5416 Hue-

273 5452 406 5508 tius.
431 5453 515 5508 Ex
545 5452 814 5507 versione
837 5451 1019 5524 igitur
1071 5451 1292 5507 Rufﬂni
1325 5451 1440 5506 hhc
1497 5449 1764 5523 Origenis
1820 5449 1925 5504 ha-

270 5541 522 5600 bentur!
557 5542 852 5598 «Putasne
876 5541 980 5613 qui
1002 5540 1717 5614 sacerdotiofungatur,et
1734 5539 1798 5594 in
1830 5554 1926 5596 sa-

342 5659 392 5740 ¹ί¹
419 5660 445 5723 Ι
476 5659 625 5720 Tim.
646 5661 810 5734 111,2.

2031 4642 2177 4697 vidit
2204 4642 2268 4696 in
2291 4641 2466 4696 domo
2494 4640 2649 4712 regis
2680 4640 2934 4711 paciﬁci,
2963 4640 3082 4694 imo
3115 4640 3351 4695 Christi.
3387 4663 3409 4692 ι
3449 4641 3532 4696 ita
3561 4646 3682 4695 tres

2033 4727 2275 4783 ordines
2306 4727 2368 4781 in
2397 4726 2664 4782 Ecclesia
2687 4725 2899 4780 Christi
2941 4726 3049 4780 sub
3083 4727 3276 4780 Veteri
3307 4727 3682 4780 Testamento

2031 4816 2442 4889 praeﬁguratos
2467 4814 2656 4870 docet.
2690 4815 2843 4870 Duos
2877 4819 3109 4869 tantum
3143 4813 3487 4868 Blondellus
3517 4813 3680 4874 vidit.

2035 4904 2194 4976 quod
2224 4905 2397 4960 sedes
2414 4910 2538 4959 tum
2556 4902 2919 4975 presbyteris
2949 4907 3072 4957 tum
3099 4901 3390 4972 episcopis
3413 4901 3686 4956 tribuan-

2035 4999 2150 5050 tur.
2183 4997 2263 5050 De
2285 5011 2405 5066 qua
2433 5011 2498 5049 re
2528 4992 2959 5062 alibi.‘;lnterim
2990 4992 3257 5063 Origenis
3290 4989 3586 5045 sententia
3612 4991 3683 5044 de

2035 5083 2263 5138 diverso
2297 5083 2482 5154 gradu
2514 5081 2849 5153 eorum,qui
2871 5081 2933 5134 in
2956 5080 3255 5136 cathedris
3275 5079 3496 5151 populo
3535 5097 3682 5151 prea-

2038 5172 2483 5240 sidebant,satis
2515 5176 2721 5242 aperta
2752 5177 2840 5225 est
2869 5187 2939 5225 ex
2970 5172 3043 5226 iis
3075 5188 3205 5242 qum
3238 5169 3487 5225 homilia
3516 5187 3568 5224 vx
3625 5173 3683 5224 in

2036 5262 2333 5318 Jeremiam
2363 5260 2604 5332 protuli,
2636 5259 2734 5314 ubi
2761 5261 3022 5331 seipsum
3049 5265 3326 5316 numerat
3348 5261 3504 5316 inter
3525 5269 3685 5323 καθε-

2039 5350 2299 5422 ζομένους
2339 5346 2392 5404 ἐν
2423 5343 2909 5421 πρεσϐυτερείῳ,θί;
2946 5355 3145 5404 tamen
3176 5351 3443 5422 agnoscit
3463 5350 3553 5406 τὸν
3581 5349 3680 5417 τήν

2035 5439 2249 5495 πάντων
2278 5440 2440 5510 ἡμῶν
2465 5435 2935 5512 ἐγκεχειρισμένον
2968 5437 3440 5512 dpxiﬁwalibique
3472 5440 3686 5497 distin-

2037 5530 2163 5603 guit
2190 5529 2349 5587 inter
2379 5526 2734 5585 ἰπισκοπικὸν
2765 5526 2956 5601 θρόνον
2990 5533 3050 5586 et
3077 5524 3497 5606 πρεσϐττερείου
3519 5531 3689 5606 τιμήν
