3990 6136
314 326 434 390 223

1374 324 1439 388 5.
1481 318 1882 387 IGNATIUS.
1915 349 1991 362 —
2034 317 2643 380 PROLEGOMENA.

3603 332 3720 394 324

387 458 498 513 Sed
526 457 979 513 Salmasusidin
1001 459 1248 530 Origene
1272 457 1602 530 vidit,quod
1622 456 1818 512 videre
1840 469 1960 511 non
1993 452 2046 520 Α
2076 450 2205 523 ipso
2236 451 2501 524 apostolo
2533 451 2831 510 derivasse
2863 467 2878 522 ;
2911 454 3222 527 Origenem
3253 457 3534 514 Demetrii
3582 476 3715 534 syu-‘

323 549 516 621 potuit
545 548 910 614 Blondellus,
945 565 1060 619 quo
1091 549 1301 620 probet
1330 566 1516 604 unum
1549 553 1780 604 tantum
1837 546 1961 616 epi-

312 640 475 710 scopi
509 644 565 693 et
597 639 925 710 presbyteri
957 639 1203 711 gradum
1247 640 1318 694 ab
1351 640 1474 707 illo,
1535 645 1601 694 ut
1659 657 1717 693 et
1774 655 1808 693 a
1845 636 1964 690 Cle-

312 734 532 796 mente,
566 729 915 799 proditum:
973 731 1145 784 Unum
1203 729 1384 798 enim,
1435 729 1650 800 inquit,
1711 727 1962 798 σόςτημα

316 840 343 869 ‹‹
373 819 779 890 agnoscit,hoc
809 819 1239 890 est,collegium
1259 820 1570 875 hominum
1593 819 1708 874 vita
1729 823 1962 890 specta-

314 913 510 962 torum
533 914 591 962 et
612 907 940 975 doctrina,a
962 925 1078 979 quo
1103 909 1348 982 singulze
1371 909 1637 964 ecclesias
1677 908 1964 980 guberna-

312 997 663 1055 bantur.»Ut
679 999 1035 1055 sententiam
1052 1000 1316 1072 Origenis
1335 999 1406 1055 de
1428 1001 1538 1055 hoc
1551 1016 1670 1055 uno
1685 1004 1962 1070 systema-

314 1094 371 1144 te
392 1088 812 1162 gubernatorio
859 1090 1152 1159 ostendat,
1185 1090 1383 1147 locum
1413 1091 1572 1147 hunc
1625 1107 1696 1146 ex
1727 1089 1832 1156 lib,
1860 1105 1960 1144 vm

314 1179 521 1235 Contra
550 1179 760 1234 Celsum
786 1179 1194 1237 infelicissime
1213 1180 1489 1236 adducit:
1539 1179 1734 1252 Ἡμεῖς
1792 1174 1850 1231 8‘s
1905 1175 1956 1230 ἐν

313 1265 507 1340 ἑκάστῃ
538 1265 696 1322 πόλει
731 1266 874 1323 ἄλλο
908 1269 1160 1341 σύστημα
1204 1267 1489 1342 πατρίδος,
1535 1269 1746 1331 κτισθὲν
1802 1263 1959 1341 λόγῳ

311 1360 444 1412 Θεοῦ
475 1355 849 1432 ἐπιστάμενοι,
878 1357 1004 1421 τοὺς
1036 1356 1293 1421 δυνατοὺς
1329 1359 1478 1435 λόγῳ
1509 1359 1599 1412 καὶ
1652 1357 1760 1432 βίῳ
1819 1356 1958 1431 ὑγιεῖ

311 1448 641 1522 χρωμένους
668 1445 856 1522 ἂρχειν
881 1448 967 1502 ἐπὶ
984 1449 1046 1503 τὸ
1069 1446 1265 1526 ἄρχειν
1282 1447 1593 1518 ὶκκλησιῶν
1617 1443 1961 1522 παρακαλοῦ-

313 1559 428 1611 μεν.
461 1542 644 1605 Quem
677 1541 758 1595 ita
775 1539 850 1595 ad
873 1557 1045 1596 suum
1065 1543 1431 1612 propositum
1456 1541 1646 1613 primo
1669 1541 1958 1611 interpre-

308 1633 502 1686 tatur:
539 1632 705 1685 «Nos
749 1630 963 1685 veroin
996 1631 1241 1704 singulis
1263 1631 1597 1687 civitatibus
1629 1631 1789 1686 aliud
1828 1647 1960 1685 cor-

311 1719 570 1790 pus,sive
595 1718 908 1792 collegium
931 1720 1136 1790 patria)
1160 1719 1334 1774 verbo
1363 1720 1464 1774 Dei
1487 1719 1626 1775 insti
1639 1725 1834 1776 turum
1849 1736 1955 1774 no-

305 1809 495 1863 vimus
519 1807 790 1864 doctrina
819 1815 878 1864 et
903 1809 1022 1864 vita
1043 1825 1184 1865 sana
1205 1811 1502 1866 utentium
1524 1814 1700 1882 atque
1747 1809 1822 1866 ad
1864 1826 1959 1864 re-

304 1895 569 1953 hendum
593 1897 1121 1970 idoneorum,quos
1140 1900 1457 1956 invitamus
1471 1899 1544 1956 ad
1560 1901 1958 1972 praefecturam

310 1983 696 2040 ecclesiarum
728 1986 1362 2057 capessendam.»Dein
1387 1986 1958 2058 observat,perillud

312 2073 562 2146 σύστημα
581 2075 635 2128 ἒν
671 2073 868 2146 ὲκάστᾳ
887 2073 1046 2129 πόλει
1073 2076 1285 2130 κτισθὲν
1309 2074 1462 2151 Λόγῳ
1493 2079 1626 2131 Θεοῦ
1656 2079 1854 2148 palam
1877 2096 1958 2134 es-

309 2179 370 2219 se
403 2179 539 2218 eum
571 2164 904 2236 intelligere
932 2165 1369 2236 presbyterium
1420 2166 1708 2237 cujusque
1757 2167 1955 2222 civita-

306 2254 382 2310 tis
413 2271 447 2310 a
479 2255 594 2309 Deo
618 2271 724 2326 per
754 2255 1051 2326 spostolos
1072 2255 1433 2312 institutum.
1457 2257 1580 2312 Imo
1613 2257 1956 2328 veropalam

305 2349 393 2400 est
421 2345 546 2400 haec
577 2345 779 2401 omnia
803 2361 929 2400 esse
954 2350 1316 2410 contorta,et
1337 2346 1552 2401 misere
1575 2352 1777 2403 coacta
1801 2365 1814 2404 :
1834 2364 1954 2403 non

303 2435 465 2489 enim
496 2434 849 2506 simpliciter
879 2433 1131 2506 σύστημα
1158 2435 1305 2490 dixit
1332 2437 1761 2508 Origenes,non
1783 2460 1810 2488 «
1835 2438 1954 2494 col-

301 2523 518 2596 legium
550 2526 861 2581 hominum
891 2526 1011 2581 vita
1041 2531 1438 2598 spectatorum
1471 2532 1531 2582 et
1587 2527 1858 2584 doctrina
1921 2546 1955 2585 a

303 2632 418 2686 quo
446 2615 693 2687 singulae
727 2616 991 2672 ecclesia:
1021 2617 1633 2689 gubernabantur,»ut
1653 2618 1790 2675 inde
1822 2637 1954 2692 pre-

306 2705 631 2776 sbyterium
664 2711 906 2762 eruatur
929 2722 942 2773 ;
965 2706 1071 2762 sed
1093 2705 1343 2780 σύστημα
1373 2703 1654 2779 πατρίδος,
1707 2714 1765 2764 et
1819 2710 1954 2781 qui-

303 2794 436 2851 dem
469 2792 634 2863 ἄλλο,
668 2797 728 2851 id
758 2802 848 2852 est
877 2797 1182 2869 συστήμχτι
1214 2794 1477 2869 πατρίδος
1509 2799 1666 2870 apud
1696 2801 1952 2872 gentiles

298 2884 363 2938 in
394 2886 603 2942 eadem
635 2886 866 2942 civitate
926 2887 1284 2958 oppositum.
1337 2886 1636 2961 Προτρέπει
1693 2884 1741 2942 δ’
1805 2890 1952 2960 ἡμᾶς

299 2971 501 3035 Κέλσος
531 2973 622 3028 καὶ
653 2973 740 3028 ἐπὶ
772 2975 835 3029 τὸ
867 2972 1056 3049 ἄρχειν
1089 2981 1189 3044 τῆς
1220 2972 1526 3049 πατρίδις.‹‹
1553 2978 1703 3043 Quin
1724 2978 1797 3033 ad
1825 2995 1950 3034 ma-

296 3065 575 3136 gistratus
598 3066 660 3120 in
690 3067 881 3137 patria
910 3065 1201 3137 gerendos
1225 3067 1494 3123 hortatur
1514 3084 1625 3123 nos
1648 3068 1849 3123 Celsus
1883 3085 1942 3124 :»

300 3154 624 3225 respondet
699 3156 995 3228 Origenes,
1085 3155 1451 3212 Christianos
1503 3157 1663 3212 aliud
1717 3165 1944 3226 systema

292 3248 505 3315 patria:
534 3262 873 3318 agnoscere,
907 3253 964 3302 et
993 3246 1055 3302 in
1085 3247 1186 3302 illo
1217 3254 1534 3320 systemate
1566 3249 1942 3318 magistratus

299 3350 499 3390 creare
534 3353 547 3402 ;
581 3335 754 3406 plane
785 3341 850 3390 ut
874 3335 1017 3392 alibi
1045 3336 1309 3408 loquitur
1350 3337 1422 3392 de
1481 3337 1760 3392 Ecclesiis
1817 3337 1938 3407 Dei,

291 3429 351 3479 et
382 3425 646 3480 ecclesiis
678 3425 882 3496 populi
913 3425 976 3481 in
1021 3425 1231 3481 eadem
1289 3426 1543 3496 civitate,
1597 3425 1666 3480 de
1721 3442 1837 3496 qua
1876 3444 1938 3482 re

293 3530 491 3585 supra.
528 3514 850 3571 Salmasius
881 3514 1109 3571 nullam
1138 3516 1506 3570 mentionem
1535 3514 1678 3569 facit
1707 3515 1936 3586 patriae,

290 3603 395 3658 sed
425 3605 793 3661 convertitin
825 3610 1083 3676 systema
1103 3604 1364 3659 virorum
1389 3604 1508 3659 vita
1537 3608 1936 3675 spectatorum

287 3699 346 3748 et
376 3694 665 3762 doctrina,
697 3695 873 3766 plane
905 3699 1113 3750 contra
1143 3698 1404 3748 mentem
1427 3692 1778 3763 0rigenis,et
1807 3710 1939 3749 ver-

285 3783 500 3842 borum
531 3785 1059 3841 constructionem.
1093 3785 1176 3840 Tu
1215 3784 1299 3839 ita
1328 3793 1518 3838 vertas
1550 3798 1616 3837 :«
1652 3785 1766 3839 Nos
1794 3801 1929 3840 vero

288 3876 352 3931 in
372 3893 728 3948 unaquaque
746 3876 977 3932 civitate
999 3875 1161 3932 aliud
1182 3879 1441 3946 systema
1462 3873 1581 3930 sive
1603 3880 1818 3931 coetum
1839 3894 1937 3948 pa-

288 3967 622 4037 trieeyerbo
654 3967 756 4022 Dei
806 3965 1146 4022 institutum
1183 3968 1628 4036 cognoscentes,
1660 3971 1933 4036 potentes

288 4074 563 4114 sermone
584 4063 641 4112 et
671 4057 788 4113 vita
819 4073 964 4112 sana
992 4059 1228 4110 utentes
1258 4055 1332 4109 ad
1389 4055 1803 4126 przefecturam
1835 4073 1930 4112 ec-

286 4149 602 4205 clesiarum
629 4148 1034 4204 adhortamur.
1061 4167 1090 4196 »
1122 4146 1292 4200 Prius
1315 4145 1556 4216 quidem
1578 4142 1767 4219 ἄρχειν
1795 4164 1931 4204 cum

286 4240 597 4294 manifeste
629 4234 914 4311 παρέλκοι,
965 4236 1029 4291 in
1081 4235 1571 4306 interpretatione
1604 4237 1801 4292 omisi.
1836 4238 1930 4293 Sic

285 4334 482 4383 autem
515 4326 715 4381 omnia
741 4325 900 4382 clara
931 4330 1155 4394 sunt,et
1178 4342 1284 4397 per
1313 4325 1462 4381 illud
1487 4322 1631 4379 ἄλλο
1672 4323 1926 4398 σύστημα

283 4413 543 4488 πατρίδος
576 4415 722 4470 nihil
751 4415 914 4472 aliud
944 4415 1194 4488 intelligi
1225 4420 1440 4487 potest,
1501 4432 1681 4487 quam
1737 4422 1921 4473 castus

283 4506 559 4563 Ecclesiae
603 4505 913 4579 gentilium
962 4506 1209 4562 coetibus
1264 4505 1590 4577 oppositus.
1644 4506 1810 4570 Quod
1865 4511 1924 4562 et

2069 541 2380 611 chronum,
2414 543 2691 599 eumdem
2717 543 2989 601 ordinem
3015 563 3083 600 ex
3112 546 3266 618 typis
3296 547 3600 618 legalibus,
3633 569 3704 608 ex

2069 631 2240 688 dictis
2293 632 2635 705 Salvatoris,
2693 651 2767 689 ex
2814 637 3126 708 praeceptis
3156 637 3496 708 apostolicis
3527 641 3709 697 dedu-

2065 723 2242 794 xisse,
2276 740 2386 779 nec
2415 741 2678 796 unquam
2702 743 2836 782 cum
2879 727 3291 798 presbyteratu
3348 730 3709 800 confudisse,

2069 813 2174 868 sed
2201 813 2530 886 episc0pos,
2579 816 2979 887 presbyteros,
2999 817 3276 872 diaconos
3309 835 3545 892 semper
3575 839 3707 879 cum

2067 903 2290 973 Ignatio
2327 921 2694 960 numerasse.
2731 906 2802 960 Ut
2828 910 3034 976 postea
3068 906 3333 962 Isidorus
3392 909 3706 980 Pelusiota,

2070 992 2382 1064 presbyter
2426 995 2746 1066 A‘Igyptius,
2811 995 3155 1067 episcopum
3210 995 3379 1051 τύπον
3433 1002 3530 1052 τοῦ
3579 1002 3706 1074 Χρι-

2067 1083 2194 1134 στοῦ
2227 1083 2484 1154 appellat
2512 1083 2616 1139 lib.
2651 1101 2691 1153 ι,
2741 1085 2912 1156 epist.
2971 1088 3092 1157 136,
3149 1087 3556 1160 episcopatum
3611 1091 3709 1160 τὴν

2063 1174 2160 1226 τοῦ
2191 1172 2456 1228 τοσούτου
2487 1171 2656 1249 ὕψους
2684 1169 2962 1247 ἀνάϐασιν,
2993 1177 3096 1235 lib.
3133 1196 3172 1247 Ι,
3234 1180 3408 1252 epist.
3455 1182 3555 1236 104
3588 1199 3602 1249 ;
3659 1187 3717 1239 et

2063 1262 2126 1317 τὸ
2183 1269 2285 1332 τῆς
2341 1262 2646 1334 ἐπισκοπῆς
2691 1265 2779 1321 καὶ
2836 1265 3012 1340 ὄνομα
3067 1267 3158 1323 καὶ
3205 1273 3433 1345 πρᾶγμα
3485 1272 3628 1326 Θεῖον
3661 1272 3716 1327 ὅν

2064 1353 2155 1406 καὶ
2210 1359 2452 1428 κρεῖττον
2508 1354 2686 1426 πάσης
2744 1353 3027 1420 πολιτείας
3075 1379 3134 1413 τε
3192 1360 3282 1414 καὶ
3311 1361 3486 1433 ἀξίας,
3518 1364 3621 1418 lib.
3654 1382 3710 1431 ιι,

2067 1443 2239 1515 epist.
2277 1449 2395 1516 125,
2429 1451 2489 1502 et
2521 1464 2740 1504 nomen
2773 1452 2830 1503 et
2857 1466 2984 1504 rem
3008 1449 3197 1521 ipsam
3237 1451 3501 1509 divinam
3531 1471 3712 1527 agno-

2067 1534 2196 1602 scit,
2220 1540 2397 1606 prout
2427 1553 2462 1592 a
2491 1537 2903 1609 presbyteratu
2928 1539 3315 1613 distinguitur
3347 1560 3359 1598 :
3407 1543 3527 1615 agit
3556 1545 3714 1600 enim

2065 1623 2138 1680 de
2170 1626 2535 1697 episcopatu,
2571 1643 2748 1698 quem
2789 1629 3003 1685 Hierax
3035 1631 3346 1703 presbyter
3402 1635 3714 1690 recusavit.

2067 1713 2199 1768 llaec
2232 1714 2408 1786 igitur
2437 1714 2706 1772 doctrina
2735 1717 2806 1772 de
2837 1718 3212 1775 institutione
3236 1722 3570 1791 apostolica
3600 1724 3720 1794 epi-

2066 1820 2380 1876 scoporum
2403 1822 2473 1861 ex
2487 1812 2686 1862 mente
2703 1807 3016 1875 Christi,de
3037 1809 3221 1881 gradu
3242 1826 3278 1866 a
3298 1813 3717 1884 presbyteratu

2066 1893 2366 1962 distincto,
2397 1895 2615 1967 illoque
2670 1897 3084 1966 eminentiore,
3135 1899 3326 1971 deque
3377 1901 3722 1959 obedientia

2063 1983 2208 2054 ipsis
2267 1989 2552 2056 tanquam
2615 1987 2890 2044 Patribus
2920 2005 2955 2044 a
3001 1989 3233 2044 Christo
3265 1993 3612 2048 constitutis
3645 1993 3717 2048 ab

2063 2075 2338 2131 omnibus
2368 2077 2720 2148 praestanda,
2745 2095 2779 2134 a
2819 2080 2876 2134 S.
2929 2079 3150 2152 Ignatio
3180 2082 3254 2137 ad
3309 2085 3713 2154 quorumdam

2063 2164 2373 2220 hominum
2399 2169 2690 2234 fastidium
2719 2185 2886 2240 usque
2914 2173 3156 2240 repetita
3201 2177 3254 2226 et
3307 2173 3616 2240 inculcata,
3653 2175 3714 2230 in

2061 2253 2462 2310 Alexandrina
2490 2257 2751 2313 Ecclesia
2776 2258 2887 2313 fuit
2927 2260 3360 2332 receptissima,
3396 2263 3461 2318 in
3508 2264 3716 2320 schola

2061 2344 2421 2401 catechetica
2451 2347 2665 2402 eximia
2697 2348 2940 2418 quidem
2971 2349 3075 2404 illa
3096 2355 3154 2405 et
3181 2352 3448 2408 maxime
3481 2370 3716 2409 memo«

2059 2433 2232 2490 rabili
2260 2434 2332 2489 ab
2363 2435 2532 2491 initio
2563 2437 2885 2508 proposita,
2920 2455 2955 2494 a
3001 2439 3302 2496 Clemente
3333 2443 3599 2513 parcius,
3633 2443 3705 2499 ab

2059 2523 2309 2595 Origene
2332 2525 2406 2580 ad
2429 2525 2772 2581 eorumdem
2795 2527 3106 2583 hominum
3129 2529 3376 2587 fortasse
3395 2532 3708 2588 fastidium

2057 2615 2310 2686 repetita
2349 2621 2406 2670 et
2433 2615 2732 2672 inculcata
2764 2631 2779 2685 ;
2811 2618 3004 2674 forma
3041 2619 3217 2676 etiam
3269 2621 3586 2692 regiminis
3639 2621 3712 2678 ab

2057 2704 2280 2776 Ignatio
2310 2704 2373 2760 in
2422 2706 2695 2762 Asiaticis
2755 2707 3023 2764 ecclesiis
3055 2709 3227 2766 toties
3260 2710 3573 2768 dtcantata
3603 2713 3720 2768 fuit

2057 2795 2332 2851 omnibus
2362 2797 2628 2851 numeris
2666 2797 3036 2853 Alexandria
3093 2806 3550 2870 repraesentata.
3586 2803 3714 2856 Imo

2055 2900 2176 2939 non
2206 2890 2437 2940 tantum
2471 2885 2774 2958 lgnatiana
2803 2887 3079 2942 Ecclesiae
3105 2888 3297 2944 forma
3325 2889 3397 2944 ab
3430 2891 3716 2963 Origene,

2055 2973 2446 3029 celeberrimo
2503 2974 3039 3032 Alexandrinorum
3096 2978 3399 3048 magistro,
3475 2980 3710 3051 ubique

2054 3067 2338 3132 tanquam
2360 3063 2760 3119 vetustissima
2777 3069 2835 3119 et
2854 3081 2888 3120 a
2910 3065 3140 3136 proavis
3163 3064 3417 3122 deducta
3437 3067 3721 3124 celebra-

2059 3157 2193 3218 tur;
2227 3150 2332 3207 sed
2362 3156 2419 3206 et
2447 3153 2658 3223 Ignatii
2690 3152 2956 3224 epistolae
2986 3154 3058 3208 ab
3089 3154 3216 3225 ipso
3242 3172 3523 3227 expresse
3565 3165 3718 3214 sunt

2059 3243 2273 3309 citatas,
2305 3249 2369 3298 ut
2397 3242 2511 3299 late
2542 3245 3092 3303 ostendimus.Fieri
3119 3247 3316 3318 itaque
3340 3264 3461 3304 non
3483 3256 3717 3320 potest,

2054 3337 2120 3386 ut
2148 3340 2565 3405 argumentum
2595 3333 2834 3405 aliquod
2861 3335 3171 3406 formetur,
3195 3338 3354 3408 quod
3397 3340 3708 3411 Ignatium

2053 3422 2428 3493 epistolicum
2451 3423 2864 3480 Alexandrinis
2893 3426 3264 3498 incognitum
3292 3427 3476 3484 fuisse
3509 3447 3713 3503 usque

2051 3512 2126 3568 ad
2156 3512 2394 3568 Eusebii
2417 3519 2684 3586 tempora
2709 3514 3095 3572 demonstret.

2124 3601 2235 3657 Sed
2267 3604 2326 3658 id
2353 3606 2484 3659 satis
2515 3610 2747 3674 constat,
2780 3605 2973 3677 inquit
3002 3606 3090 3660 vir
3113 3606 3523 3680 doctissimus,
3560 3633 3590 3662 «
3640 3627 3716 3668 ex

2050 3690 2307 3763 quadam
2339 3692 2623 3766 singulari
2655 3694 2816 3749 illius
2843 3695 3121 3751 Ecclesiae
3149 3696 3471 3753 traditione
3532 3700 3720 3772 plane

2047 3783 2402 3855 penilusque
2413 3784 2762 3841 adversante
2777 3803 2792 3853 ;
2807 3803 3092 3858 neamque
3105 3788 3486 3846 traditionem
3497 3798 3722 3863 postea

2046 3889 2222 3929 usum
2251 3879 2438 3929 vocat.
2470 3875 2679 3930 Mirum
2734 3877 2976 3947 quidem
2999 3877 3048 3932 si
3091 3877 3306 3949 aliquis
3327 3895 3493 3948 usus,
3530 3881 3713 3953 isque

2045 3962 2385 4035 peculiaris,
2419 3963 2858 4022 demonstraret
2887 3967 3088 4022 omnia
3138 3985 3270 4039 quae
3335 3969 3409 4024 ab
3469 3971 3712 4043 Ignatio

2043 4052 2263 4124 scripta
2291 4054 2699 4124 perhibentur,
2731 4055 2913 4111 fuisse
2945 4056 3066 4112 illis
3109 4057 3388 4113 omnibus
3447 4076 3710 4130 prorsus

2042 4140 2364 4214 incognita,
2395 4144 2552 4216 apud
2584 4161 2732 4215 quos
2750 4162 2893 4201 usus
2924 4145 3026 4200 ille
3058 4145 3209 4201 forte
3241 4146 3520 4202 obtinuit.
3551 4151 3709 4214 Quid

2040 4231 2184 4287 mihi
2210 4236 2427 4302 profers
2448 4236 2612 4290 unius
2643 4236 2796 4290 urbis
2827 4237 3278 4292 consuetudinem
3297 4236 3532 4294 ?aiebat
3555 4240 3709 4295 olim

2041 4321 2434 4393 Hieronymus
2466 4340 2479 4379 :
2509 4325 2840 4396 praesertim
2877 4326 2926 4380 si
2955 4326 3281 4398 cogitemus
3310 4329 3715 4385 consuetudi-

2039 4427 2197 4481 nem,
2231 4412 2350 4469 sive
2380 4429 2554 4469 usum
2586 4413 2756 4470 illum
2787 4431 2858 4470 ex
2878 4431 3084 4471 eorum
3103 4416 3402 4470 sententia
3423 4417 3529 4487 qui
3558 4435 3707 4476 eum

2038 4501 2430 4569 tradiderunt,
2464 4502 2565 4558 diu
2598 4509 2733 4560 ante
2787 4505 3100 4576 Ignatium,
3147 4505 3220 4559 ab
3270 4505 3402 4576 ipsa
3432 4505 3738 4565 Alexan-.

282 4597 459 4652 verba
487 4575 631 4668 qua;
648 4613 785 4651 mox
815 4602 1146 4668 sequuntur
1167 4575 1478 4651 manifeste
1515 4595 1803 4666 probant:
1828 4597 1926 4650 Καὶ
1960 4575 2005 4640 D
2033 4589 2221 4646 drinaa
2251 4591 2526 4648 Ecclesiae
2556 4575 2904 4650 fundatione
2952 4575 3327 4665 usurpatum,
3380 4611 3568 4665 quam
3627 4599 3711 4654 ad

283 4685 326 4740 εἰ
360 4683 624 4759 ἄρχουσιν
654 4685 706 4740 οἱ
736 4681 921 4746 καλῶς
949 4682 1214 4760 ἄρχοντες
1246 4681 1300 4737 ἐν
1339 4686 1408 4756 τῇ
1464 4683 1763 4755 Ἐκκλησίᾳ
1821 4684 1926 4739 ὑπὸ

2072 4681 2455 4754 vangelistam
2485 4682 2964 4751 celeberrimum,
2997 4686 3054 4737 et
3084 4683 3139 4737 S.
3171 4682 3332 4737 Petri
3393 4686 3697 4744 comitem

279 4780 380 4843 τῆς
415 4771 554 4828 λατὰ
596 4773 727 4829 Θεὸν
783 4770 1066 4848 πατρίδος,
1113 4770 1261 4848 λέγω
1312 4769 1388 4842 δὲ,
1440 4778 1540 4842 τῆς
1594 4771 1926 4844 Ἐκκλησίας

282 4863 658 4942 ἐκλεγόμενοι·
693 4863 926 4940 ἄρχουσι
956 4865 1094 4919 κατὰ
1121 4864 1202 4936 ξτά
1257 4863 1358 4918 ὑπὸ
1417 4865 1512 4918 τοῦ
1565 4867 1700 4918 Θεοῦ
1737 4884 1930 4940 προτε-

280 4953 538 5030 ταγμένα.
575 4980 602 5007 ‹‹
637 4957 718 5012 Ac
751 4956 820 5021 si,
845 4955 946 5026 qui
976 4955 1128 5010 bene
1160 4958 1424 5026 praesunt
1442 4953 1740 5024 Ecclesiae,
1766 4973 1800 5012 a
1825 4974 1926 5028 pa-

280 5050 396 5104 tria
421 5047 749 5105 secundum
781 5048 984 5113 Deum,
1019 5045 1132 5100 hoc
1164 5050 1253 5100 est
1282 5043 1565 5114 Ecclesia,
1590 5045 1761 5101 electi
1784 5063 1930 5117 przec

279 5140 587 5212 sint,juxta
610 5137 954 5211 praescripta
984 5136 1085 5191 Dei
1113 5139 1339 5206 regunt.
1364 5157 1394 5186 ››
1421 5134 1699 5205 Idemque
1730 5138 1925 5192 maxi-

281 5244 374 5284 me
403 5229 762 5283 confirmant
783 5242 914 5296 quae
938 5241 1006 5280 ex
1025 5223 1227 5279 eodem
1259 5224 1447 5294 Opere
1481 5223 1684 5278 Contra
1716 5226 1928 5280 Celsum

279 5316 350 5372 de
377 5317 636 5372 Ecclesia
665 5317 787 5385 Dei,
823 5320 882 5370 et
911 5313 1164 5370 ecclesia
1191 5311 1391 5384 pOpuli
1421 5312 1484 5368 in
1535 5312 1742 5368 eadem
1788 5316 1929 5370 civi-

281 5414 398 5463 tate
430 5415 565 5462 ante
599 5407 973 5463 adduximus.

351 5499 431 5552 Ex
456 5497 547 5551 his
569 5497 948 5568 perspicuum
970 5499 1058 5550 est
1077 5493 1443 5550 Clementem
1463 5493 1927 5552 Alexandrinum

283 5603 354 5642 ex
384 5584 599 5644 Schola
618 5585 904 5652 Pantmni,
937 5589 1077 5642 ante
1134 5583 1500 5642 Demetrium
1559 5585 1926 5659 episcopum,

279 5675 660 5752 episcopatus
691 5673 942 5750 gradum
981 5672 1396 5748 presbyteratu
1443 5673 1814 5749 superiorem
1853 5675 1925 5732 ab

2035 4769 2393 4828 referebant.
2417 4773 2698 4828 Poterant
2730 4788 2871 4827 sane
2919 4771 3303 4827 Alexandrini
3357 4777 3414 4827 et
3468 4774 3703 4846 Ignatii

2038 4859 2256 4932 scripta
2284 4860 2634 4932 recipere,et
2654 4860 3017 4932 peculiarem
3039 4861 3302 4932 aliquem
3334 4879 3510 4918 usum
3532 4869 3709 4938 apud

2037 4950 2196 5022 ipsos
2223 4950 2295 5005 ab
2323 4949 2492 5006 initio
2534 4950 2926 5019 obtinentem,
2960 4950 3101 5007 licet
3129 4951 3250 5008 illis
3269 4952 3424 5008 forte
3481 4955 3706 5014 adver-

2039 5039 2763 5111 santem,retinere.ldque
2791 5039 2985 5096 facere
3017 5057 3118 5097 eos
3147 5042 3405 5099 voluisse
3435 5044 3531 5098 vel
3555 5047 3706 5104 inde

2038 5127 2321 5184 credibile
2346 5134 2455 5197 est,
2492 5129 2650 5200 quod
2707 5146 2853 5186 usus
2917 5131 3021 5187 ille
3071 5133 3388 5203 peculiaris
3445 5133 3703 5204 dicitur,

2037 5219 2302 5290 adeoque
2315 5218 2565 5275 aliarum
2579 5221 2844 5276 omnium
2860 5222 3246 5278 ecclesiarum
3265 5225 3699 5283 consuetudini

2037 5309 2374 5366 adversans.
2409 5310 2599 5375 Quare
2639 5311 2799 5366 enim
2856 5327 2924 5366 ex
2957 5312 3086 5367 sola
3140 5312 3347 5383 Ignatii
3389 5317 3701 5373 sententia

2040 5398 2151 5454 sibi
2182 5399 2496 5470 patefacta,
2531 5417 2667 5456 eum
2699 5401 3131 5472 relinquerent,
3165 5417 3340 5471 quem
3402 5403 3705 5462 adversus

2037 5487 2412 5545 traditionem
2473 5491 2742 5546 omnium
2798 5490 3182 5546 ecclesiarum
3213 5492 3499 5547 hactenus
3543 5497 3704 5550 reti-

2035 5582 2332 5638 nuerant?
2352 5584 2472 5638 Aut
2489 5583 2540 5638 si
2560 5583 2646 5638 vis
2661 5587 2826 5638 tanta
2853 5581 3190 5638 auctoritati
3239 5583 3566 5656 lgnatiante
3591 5588 3706 5643 tri-

2035 5669 2274 5736 buenda
2302 5687 2433 5735 esse
2465 5671 2756 5751 videatur,
2770 5672 2958 5742 multo
2990 5672 3318 5764 rectius-ex
3336 5689 3450 5740 usu
3469 5672 3612 5750 tali,
3643 5677 3702 5737 si
