3990 6136
223 285 337 350 225

960 277 1021 342 J.
1065 270 1487 340 PEABSONII
1530 273 1907 341 VINDIOIE
1946 272 2424 341 IGNATIANJE.
2467 309 2547 327 -
2586 280 2797 343 PARS
2836 277 2888 345 Ῑ.

3532 284 3653 347 226

231 422 363 497 quis
388 414 674 494 unquam
694 416 831 487 fuit,
852 414 1123 475 concludi
1143 406 1380 488 'poterit.
1402 413 1696 487 Ignatium
1725 412 1893 470 illum
1923 411 1979 481 Α
2008 412 2334 484 Dionysium
2360 416 2422 472 in
2451 428 2597 472 mare
2626 416 2726 473 illo‘
2755 417 3143 490 comprehendi
3172 418 3349 477 voluit
3374 419 3652 493 Hierony-

234 511 613 587 epistolicum
636 506 1057 565 Alexandrinis
1074 505 1259 563 fuisse
1281 504 1757 577 cognitum,quia
1770 519 1890 558 non

235 606 334 663 diu
362 607 693 676 postquam
716 598 981 672 epistolae
1007 597 1081 652 iis
1108 595 1384 652 videntur
1412 596 1717 667 evulgatus,
1742 610 1893 651 usus

236 695 337 752 ille
366 691 597 760 eviluit,
640 690 764 745 imo
794 688 1064 755 evanuit;
1099 702 1260 752 nam,
1309 690 1461 741 teste
1509 685 1891 757 Hieronymo,

238 782 470 841 duravit
499 776 919 836 tantummodo
949 775 1027 833 ad
1054 774 1383 843 Heraclam,
1414 773 1537 846 qui,
1591 773 1721 829 vivo
1771 774 1893 829 Ori-

238 890 383 948 gene
412 877 471 929 et
499 869 827 933 scribente,
857 867 1051 940 primo
1081 864 1239 939 apud
1266 864 1700 921 Alexandrinos
1727 865 1894 937 Igna-

239 964 539 1020 tianorum
573 966 745 1030 teste,
784 958 978 1014 factus
1029 961 1118 1013 est
1175 955 1509 1028 episcopus,
1555 958 1615 1010 et
1660 953 1887 1026 Diony-

239 1056 419 1119 sium,
453 1052 555 1125 qui
587 1049 827 1123 Origeni
856 1049 1112 1105 maxime
1140 1046 1392 1104 favebat.

307 1153 423 1210 Sed
440 1151 749 1207 videamus
768 1147 1006 1204 tandem
1022 1145 1326 1219 qualisille
1349 1160 1494 1201 usus
1515 1144 1714 1213 fuerit,
1746 1160 1894 1218 quo-

237 1244 416 1302 modo
443 1241 672 1315 lgnatio
696 1238 1052 1304 adversans;
1076 1235 1235 1309 quali
1268 1235 1695 1307 consequentia
1722 1236 1893 1308 Igna-

239 1336 544 1392 tiauorum
574 1330 866 1405 ignoratio
899 1327 1039 1384 inde
1071 1331 1373 1399 sequatur,
1421 1330 1481 1381 et
1507 1323 1653 1397 quid
1686 1324 1791 1381 illa
1819 1324 1895 1381 ad

235 1424 517 1500 generale
533 1422 837 1479 silentium
846 1416 1297 1477 anteEusebium
1307 1416 1605 1484 faciat,cui
1618 1416 1899 1473 innititur

237 1532 465 1589 negans
486 1515 927 1586 argumentum.
948 1511 1098 1565 Usus
1118 1508 1218 1564 ille
1236 1506 1554 1579 peculiaris
1567 1506 1896 1563 secundum

238 1607 674 1676 Hieronymum
721 1599 894 1673 epist.
936 1601 1026 1667 85,
1076 1597 1176 1653 ubi
1220 1601 1429 1652 contra
1469 1613 1569 1652 eos
1611 1595 1895 1668 disputat,

239 1695 342 1767 qui
383 1694 672 1751 diaconos
717 1689 1081 1764 presbyteris
1127 1686 1559 1756 anteferebant,
1610 1686 1708 1742 hic
1761 1692 1893 1742 est:

2000 518 2139 570 mns,
2170 503 2365 576 inquit
2418 506 2564 573 ille;
2609 507 2854 563 ultimus
2907 509 3087 580 igitur
3134 510 3464 567 secundum
3517 528 3656 571 eum

2002 608 2231 648 morem
2254 596 2444 652 factus
2465 602 2554 653 est
2575 598 2887 670 episcopus
2909 599 3263 668 Demetrius,
3297 617 3452 658 anno
3484 602 3658 659 Com-

2003 685 2162 740 modi
2196 686 2283 754 10,
2334 688 2569 744 Domini
2630 692 2750 744 190.
2811 690 3100 754 Quocirca
3147 691 3540 763 Hieronymus
3598 698 3659 750 et

2001 775 2324 847 Eutychius
2353 793 2475 833 non
2506 777 2714 833 leviter
2742 778 2815 835 de
2854 784 3123 852 tempore
3175 781 3515 855 discrepare
3564 784 3653 840 di-

2004 862 2176 919 cendi
2204 868 2361 920 sunt.
2381 866 2587 937 Itaque
2616 872 2682 921 ut
2710 866 2866 924 hanc
2895 867 3148 925 duorum
3187 870 3431 927 testium
3462 872 3657 930 disso-

2002 952 2267 1009 nentiam
2297 954 2549 1021 tolleret,
2581 956 2796 1011 miram
2827 956 3271 1015 distinctionem
3301 964 3654 1034 excogitavit

2003 1041 2310 1109 Seldenus,
2343 1050 2402 1099 et
2434 1061 2568 1101 cum
2599 1050 2851 1118 uterque
2899 1048 2971 1103 de
3021 1048 3197 1120 facto,
3248 1051 3367 1107 sive
3418 1052 3489 1108 de
3544 1070 3658 1110 usu

2002 1133 2416 1189 tantummodo
2448 1134 2747 1207 loquatur,
2772 1142 2830 1192 et
2858 1136 3137 1193 historice
3168 1155 3295 1195 rem
3326 1141 3485 1197 nude
3516 1160 3655 1199 nar-

2003 1227 2115 1293 rat,
2149 1244 2175 1277 α
2194 1224 2385 1281 Aliter
2403 1225 2476 1281 de
2497 1226 2675 1295 facto,
2700 1228 2903 1297 inquit,
2926 1227 3194 1299 loquitur
3222 1230 3400 1287 simul
3430 1249 3500 1288 ac
3516 1233 3657 1305 jure

2003 1311 2119 1368 loci
2145 1314 2425 1386 simplici,
2456 1320 2776 1386 antequam
2798 1316 2922 1372 ulla
2943 1318 3189 1374 omnino
3214 1335 3358 1376 usus
3380 1326 3484 1376 aut
3514 1322 3652 1379 facti

2003 1403 2252 1459 mutatio
2274 1403 2357 1458 ibi
2381 1404 2889 1475 introduceretur;
2916 1407 3149 1464 alterde
3166 1407 3303 1480 jure
3326 1410 3582 1486 simplici
3597 1418 3657 1469 et

2003 1492 2261 1550 instituti
2282 1494 2611 1552 mutatione
2634 1516 2684 1554 ι.
2707 1497 2750 1552 0
2783 1497 3131 1568 praeclaram
3161 1505 3341 1571 atque
3372 1501 3654 1559 subtilem

2005 1592 2473 1661 distinctionem,
2500 1598 2558 1650 et
2588 1594 2825 1666 qualem
2880 1598 3129 1654 fortasse
3182 1599 3430 1658 diversis
3477 1605 3659 1660 Justi-

2004 1682 2375 1755 nianeijuris
2399 1684 2698 1756 periochis
2728 1686 3008 1758 adaptare
3040 1690 3298 1763 poteris:
3332 1692 3427 1747 his
3457 1698 3655 1751 autem

240 1786 432 1839 aNam
455 1788 518 1838 et
536 1778 912 1837 Alexandriae
935 1795 969 1834 a
989 1779 1179 1833 Marco
1202 1775 1580 1849 evangelista,
1609 1790 1800 1846 usque
1822 1774 1897 1830 ad
1925 1787 1974 1863 Β
2004 1772 2304 1830 historicis
2334 1774 2800 1831 narratiunculis
2815 1793 3125 1850 nunquam
3148 1780 3439 1851 quadrare
3462 1788 3659 1840 osten-

236 1872 548 1931 Heraclam
564 1876 624 1926 et
638 1864 1649 1943 Dionysiumepiscopos,presbyteri
1664 1880 1898 1937 semper

233 1980 424 2021 unum
448 1980 521 2019 ex
544 1978 608 2018 se
630 1960 887 2017 electum
908 1958 972 2015 in
992 1957 1302 2015 excelsiori
1332 1955 1518 2030 gradu
1539 1954 1895 2012 collocatum

233 2056 586 2128 episcopum
600 2049 1015 2116 nominabant;
1031 2047 1328 2120 quomodo
1344 2047 1392 2103 si
1406 2045 1897 2117 exercitusimpe-

231 2150 498 2203 ratorem
515 2143 826 2209 faciat,aut
842 2139 1076 2195 diaconi
1099 2138 1321 2209 eligant
1339 2136 1411 2193 de
1428 2152 1697 2208 se,quem
1716 2135 1896 2192 indu-

233 2236 450 2293 strium
465 2232 828 2299 noverint,et
843 2228 1329 2287 archidiaconum
1344 2231 1571 2283 vocent.
1585 2226 1893 2283 Secundum

231 2333 421 2383 autem
441 2324 779 2395 Eutychium
801 2320 1124 2392 hujusmodi
1141 2325 1219 2376 est
1236 2336 1255 2375 :
1285 2318 1603 2375 Constituit
1646 2333 1895 2390 evange-

231 2415 374 2471 lista
395 2414 631 2469 Marcus
647 2426 769 2468 una
796 2426 932 2466 cum
963 2408 1195 2464 Anania
1215 2407 1553 2479 patriarcha
1580 2405 1894 2463 duodecim

233 2504 642 2578 presbyteros,
666 2499 770 2571 qui
790 2515 1005 2571 nempe
1034 2514 1169 2554 cum
1191 2496 1530 2570 patriarcha
1557 2500 1891 2565 manerent,

236 2595 385 2651 adeo
407 2598 476 2649 ut
494 2609 631 2649 cum
652 2596 886 2647 vocaret
896 2587 1352 2662 patriarchatus,
1375 2603 1564 2643 unum
1596 2603 1626 2642 e
1657 2589 1723 2641 12
1752 2603 1891 2659 pre-

239 2683 497 2755 sbyteris
512 2682 820 2756 eligerent,
845 2680 1017 2753 cujus
1037 2677 1216 2751 capiti
1237 2676 1453 2748 reliqui
1474 2676 1750 2733 undecim
1769 2691 1894 2732 ma-

242 2790 352 2829 nus
395 2773 777 2845 imponentes
812 2770 927 2843 ipsi
944 2767 1387 2838 benedicerent,
1408 2771 1468 2822 et
1496 2766 1895 2839 patriarcham

245 2859 762 2931 crearent,deinde
778 2860 969 2915 virum
985 2857 1251 2931 aliquem
1272 2856 1563 2929 insignem
1586 2856 1896 2929 eligerent,

247 2970 423 3025 quem
463 2968 667 3007 secum
697 2948 1111 3023 presbyterum
1134 2947 1582 3014 constituerent,
1616 2945 1745 3002 loco
1768 2945 1898 3020 ejus

245 3042 344 3115 qui
374 3042 571 3098 factus
603 3045 695 3096 est
714 3039 1080 3112 patriarcha,
1112 3042 1178 3094 ut
1206 3037 1289 3093 ita
1319 3053 1557 3109 semper
1599 3041 1900 3093 exstarent

246 3131 586 3188 duodecim.
606 3131 807 3202 Neque
829 3128 1007 3184 desiit
1025 3125 1397 3183 Alexandriae
1427 3126 1763 3182 institutum
1785 3127 1898 3184 hoc

248 3222 319 3278 de
350 3220 743 3295 presbyteris,
768 3224 834 3274 ut
863 3218 1092 3274 scilicet
1120 3216 1484 3289 patriarchas
1514 3223 1789 3273 crearent
1827 3234 1898 3273 ex

247 3311 615 3385 presbyteris
638 3313 922 3380 l2,usque
940 3308 1015 3364 ad
1034 3313 1300 3380 tempora
1318 3306 1639 3363 Alexandri
1658 3305 1900 3378 patriar-

250 3402 376 3458 cbm
396 3398 808 3465 Alexandrini,
841 3398 941 3470 qui
960 3397 1070 3453 fuit
1090 3412 1159 3452 ex
1180 3412 1430 3453 numero
1453 3395 1556 3451 illo
1576 3416 1601 3448 ι
1636 3413 1896 3453 cccxvm.

248 3492 366 3548 Hos
386 3490 484 3547 vul
506 3489 760 3546 Dallzeus
778 3489 840 3543 in
858 3503 1091 3543 summa
1111 3486 1197 3541 rei
1220 3485 1658 3554 consentire,de
1680 3490 1901 3557 tempo-

245 3600 310 3639 re
336 3581 547 3637 leviter
566 3579 924 3651 discrepare.
960 3578 1113 3645 Quod
1140 3580 1286 3633 enim
1315 3577 1648 3645 institutum,
1683 3577 1897 3648 inquit,

246 3675 609 3743 Hieronymus
635 3670 710 3726 ad
737 3671 1083 3740 Dionysium,
1115 3668 1153 3724 i.
1180 3684 1232 3725 e.
1257 3668 1331 3725 ad
1360 3685 1413 3725 a.
1439 3669 1505 3724 D.
1527 3670 1651 3740 264,
1675 3665 1899 3725 durllsse

249 3764 410 3831 dicit,
457 3763 519 3817 id
562 3760 865 3832 Eutychius
911 3759 985 3814 ad
1028 3758 1434 3827 Alexandrum,
1482 3758 1522 3815 i.
1559 3774 1607 3814 e.
1643 3758 1716 3815 ad
1746 3773 1799 3814 a.
1828 3759 1893 3814 D.

249 3853 492 3911 circiter
520 3851 646 3919 308,
669 3864 1042 3921 perseverasse
1070 3849 1206 3904 vult.

325 3953 543 4006 Verum
588 3948 735 4005 mihi
766 3964 888 4004 non
936 3947 1082 4003 adeo
1121 3945 1264 4002 levis
1293 3945 1691 4019 discrepantia
1736 3947 1898 4003 vide-

244 4046 381 4098 tur:
416 4055 556 4096 cum
586 4038 747 4094 enim
770 4038 1165 4109 Hieronymus
1186 4052 1415 4092 morem
1446 4053 1583 4094 eum
1614 4053 1802 4109 usque
1823 4035 1897 4094 ad

245 4130 555 4187 Heraclam
607 4133 666 4184 et
714 4127 1061 4199 Dionysium
1092 4125 1337 4182 durasse
1368 4126 1530 4195 dicit,
1562 4131 1664 4182 aut
1709 4125 1896 4183 dura-

243 4221 473 4277 tionem
506 4225 793 4290 tanquam
822 4217 1108 4273 incertam
1134 4215 1335 4284 tradit,
1360 4221 1461 4272 aut
1484 4221 1643 4273 certe
1672 4216 1896 4273 indicat

242 4310 554 4367 Heraclam
584 4308 771 4365 fuisse
814 4305 1096 4362 ultimum
1142 4306 1242 4376 qui
1290 4305 1495 4376 priori,
1546 4304 1896 4379 Dionysium

244 4406 443 4455 autem
478 4399 740 4471 primum
764 4396 866 4468 qui
898 4396 1014 4453 alio
1037 4412 1203 4453 more
1232 4393 1421 4451 factus
1440 4399 1530 4450 est
1560 4395 1894 4467 episcopus.

244 4486 883 4559 Heraclas,secundum
897 4484 1560 4551 Eusebium,undecimo
1577 4484 1895 4543 Alexandri

2000 1865 2201 1921 deris!
2235 1866 2501 1922 Priorem
2532 1872 2763 1940 partem
2795 1868 3153 1943 Hieronymo
3184 1872 3483 1946 assignat;
3517 1893 3653 1933 eum

2002 1955 2124 2011 vult
2152 1961 2278 2012 tum
2309 1956 2380 2012 de
2410 1957 2586 2025 facto,
2621 1963 2747 2014 tum
2778 1958 2849 2015 de
2874 1961 3012 2032 jure
3045 1961 3157 2017 loci
3190 1962 3443 2036 simplici
3468 1965 3651 2022 disse-

2002 2063 2155 2109 rere,
2189 2063 2323 2102 cum
2356 2047 2478 2117 ille,
2508 2048 2673 2105 nulla
2703 2050 2948 2105 omnino
2994 2051 3065 2107 de
3102 2052 3239 2124 jure
3288 2053 3443 2111 facta
3492 2072 3657 2115 meu-

2002 2137 2186 2202 tione,
2216 2136 2286 2192 de
2307 2136 2460 2193 facto
2485 2139 2896 2196 tantummodo
2918 2140 3217 2212 loquatur,
3243 2142 3507 2216 illudque
3530 2151 3651 2202 tam

2001 2225 2261 2282 breviter
2289 2229 2532 2299 tamque
2566 2229 2815 2284 obscure
2856 2230 3068 2296 tradat,
3120 2235 3184 2286 ut
3228 2231 3322 2287 vix
3366 2234 3508 2305 quid
3554 2254 3656 2293 vo-

2002 2315 2184 2372 luerit
2240 2317 2555 2391 intelligas.
2615 2319 2933 2391 Presbyteri
2982 2337 3154 2376 unum
3210 2339 3280 2377 ea:
3330 2323 3558 2379 electum
3598 2324 3660 2381 in

2002 2409 2289 2465 excelsiori
2316 2411 2503 2479 gradu
2535 2412 2857 2467 collocatum
2897 2414 3208 2484 episcopum
3255 2417 3659 2482 nominabant;

2003 2515 2120 2569 quo
2134 2497 2293 2570 jure,
2315 2515 2501 2570 quave
2523 2498 2744 2571 injuria
2768 2500 2880 2556 hoc
2898 2500 3119 2557 factum
3144 2502 3238 2558 sit.
3264 2503 3657 2577 Hieronymus

2002 2603 2124 2643 non
2153 2587 2334 2655 dicit;
2368 2588 2486 2643 imo
2533 2588 2676 2659 quid
2729 2589 2891 2645 aiiud
2937 2590 3208 2658 fecerint,
3260 2609 3438 2664 quam
3496 2594 3656 2665 quod

2003 2676 2347 2748 episcopum
2378 2677 2767 2744 nominarint,
2817 2694 2939 2734 non
2989 2678 3183 2736 docet.
3240 2681 3377 2736 Vult
3413 2682 3655 2753 quidem

2004 2765 2288 2821 Seldenus
2321 2783 2390 2821 ex
2418 2766 2610 2822 verbis
2658 2767 3001 2841 Hieronymi
3050 2768 3245 2841 colligi
3296 2770 3511 2827 debere
3542 2788 3654 2845 pa-

2003 2855 2323 2911 triarcham
2341 2871 2376 2910 a
2389 2856 2755 2928 presbyteris
2775 2856 3029 2912 electum
3050 2861 3108 2911 et
3121 2857 3459 2915 ordinatum
3473 2858 3657 2917 fuisse

2004 2964 2141 3004 cum
2173 2947 2568 3021 Hieronymus
2616 2952 2898 3004 neutrum
2950 2948 3179 3006 doceat.
3233 2950 3385 3007 Dicit
3415 2951 3659 3023 quidem

2008 3038 2352 3110 episcopum
2386 3054 2455 3093 ex
2486 3038 2849 3111 presbyteris
2905 3038 3179 3108 electum,
3213 3056 3247 3094 a
3271 3040 3654 3113 presbyteris,

2008 3145 2129 3184 non
2161 3127 2369 3194 docet;
2400 3128 2593 3200 potuit
2638 3133 2836 3184 autem
2883 3147 2953 3185 ex
3002 3128 3362 3202 presbyteris
3406 3130 3478 3186 ab
3523 3131 3654 3188 aliis

1928 3182 1970 3250 C
2008 3217 2167 3290 eligi,
2198 3217 2284 3272 vel
2316 3233 2350 3272 a
2378 3217 2621 3290 populo,
2652 3217 2742 3273 vel
2773 3218 2845 3273 ab
2878 3219 3173 3291 episcopis
3203 3220 3375 3288 aliis;
3420 3225 3480 3275 et
3507 3236 3651 3278 sane

2000 3306 2274 3362 videntur
2299 3306 2372 3361 ab
2384 3306 2815 3378 antiquissimis
2841 3307 3209 3379 temporibus
3226 3324 3259 3363 a
3281 3308 3499 3381 papulo
3516 3309 3651 3382 eligi

1999 3394 2376 3450 Alexandriae
2409 3394 2689 3467 episcopi.
2725 3394 2907 3466 quue
2939 3411 3009 3451 ex
3038 3396 3286 3467 antiqua
3331 3403 3651 3452 consuetu-

2001 3485 2139 3541 dine
2172 3485 2243 3541 ab
2273 3485 2603 3558 Epiphanio
2648 3485 2958 3542 observata
2988 3486 3184 3557 colligi
3243 3486 3492 3543 meliore
3514 3488 3652 3559 jure

2000 3588 2196 3656 potest
2220 3601 2232 3651 ;
2265 3585 2436 3657 cujus
2466 3584 2591 3640 haec
2620 3584 2795 3641 verba
2825 3590 2964 3641 sunt
2983 3585 3494 3649 hmresi69z'Eeoc
3518 3584 3575 3640 δὲ
3598 3584 3651 3641 ἐν

2002 3668 2381 3748 Ἀλεξανδρείᾳ
2434 3674 2509 3747 μὴ
2544 3671 2817 3749 χρονίζειν
2863 3674 2998 3747 μετὰ
3042 3672 3299 3743 τελευτὴν
3349 3673 3648 3730 ἐπισκόπου

1998 3762 2125 3824 τοὺς
2163 3760 2608 3835 καθισταμένους,
2652 3760 2783 3817 ἀλλ’
2813 3763 2926 3835 ἅμα
2955 3761 3191 3839 γίνεσθαι
3216 3763 3437 3841 εἰρήνης
3470 3760 3647 3835 ἕνεκα,

1997 3854 2095 3906 τοῦ
2142 3853 2216 3925 μὴ
2264 3846 2602 3927 παρατριϐὰς
2644 3852 2883 3928 γίνεσθαι
2931 3850 2982 3906 ἐν
3015 3857 3131 3914 τοῖς
3178 3851 3359 3924 λαοῖς,
3388 3856 3495 3908 τῶν
3550 3854 3646 3928 μὲν

1997 3936 2153 3995 τόνδε
2172 3939 2572 4008 θελόντων,τῶν
2599 3936 2656 3995 δὲ
2670 3937 2880 3996 τόνδε.‹‹
2903 3942 3272 3998 Alexandriae
3292 3949 3491 4000 autem
3510 3960 3654 4000 con-

1999 4031 2246 4087 suetudo
2279 4035 2456 4101 est,ut
2486 4038 2617 4104 post
2639 4033 2896 4104 episcopi
2919 4038 3169 4088 mortem
3201 4050 3512 4090 successor
3532 4051 3655 4091 non

1998 4121 2220 4177 diutius
2238 4121 2675 4190 dilleratur,sed
2699 4122 2971 4192 subinde,
3004 4123 3167 4196 pacis
3191 4123 3425 4180 tuendae
3444 4124 3654 4197 gratia,

1998 4214 2369 4285 subrogetur,
2392 4230 2467 4267 ne
2490 4212 2625 4268 aliis
2648 4214 2975 4282 hunc,aliis
2998 4214 3170 4270 illum
3193 4215 3653 4288 postulantibus,

1997 4302 2060 4357 in
2098 4306 2317 4374 poputo
2354 4302 2552 4376 jurgia
2586 4307 2646 4357 et
2684 4304 3096 4360 contentiones
3138 4305 3574 4362 exsisterent».

2070 4392 2204 4446 Haec
2234 4396 2434 4447 autem
2467 4392 2834 4449 consuetudo
2867 4395 3149 4467 supponit
3204 4396 3494 4468 populum
3527 4396 3659 4453 Ale-

1995 4481 2279 4549 vandriae,
2304 4485 2369 4535 ut
2393 4482 2457 4536 in
2483 4481 2617 4537 aliis
2649 4482 2937 4549 ecclesiis,
2971 4500 3107 4540 suas
3136 4484 3198 4540 in
3224 4485 3497 4558 eligendo
3533 4486 3659 4558 epi-

245 4595 405 4647 anno
436 4555 676 4635 creatus
699 4581 789 4631 est
806 4576 1077 4648 episcous
1098 4573 1678 4643 Alexandrinus,hoc
1710 4577 1891 4642 est,A.
1924 4555 1972 4623 D
2004 4586 2181 4642 scopo
2213 4570 2539 4640 antiquitus
2571 4575 2768 4642 partes
2794 4572 3091 4628 habuisse.
3122 4574 3289 4629 Certe
3311 4555 3657 4645 liusebiahi,

247 4670 313 4724 ι).
348 4672 475 4725 232.
524 4670 599 4724 At
653 4666 977 4740 Eutychius
1032 4663 1436 4721 Alexandrum
1498 4663 1898 4737 patriarcham

245 4758 500 4814 vetuisse
525 4756 723 4825 tradit,
744 4772 821 4812 ne
850 4754 1131 4827 deinceps
1150 4753 1549 4827 patriarcham
1568 4753 1899 4827 presbyteri

248 4852 559 4915 crearent;
594 4846 825 4919 primus
856 4844 1037 4919 igitur
1065 4844 1164 4916 qui
1198 4843 1315 4900 alio
1355 4859 1520 4900 more
1570 4843 1761 4899 factus
1810 4847 1902 4898 est

245 4935 621 4993 Alexandria)
659 4934 995 5007 episcopus,
1027 4932 1352 4989 secundum
1381 4932 1756 5003 Eutychium,
1789 4932 1902 4987 fuit

248 5023 562 5083 Alexandri
586 5040 899 5080 successor
913 5022 1292 5090 Athanasius,
1310 5022 1409 5094 qui
1428 5023 1495 5077 A.
1517 5022 1580 5077 D.
1614 5023 1738 5090 326,
1767 5027 1901 5094 post

248 5117 566 5173 concilium
588 5116 896 5172 Nicaanum
926 5120 1160 5171 creatus
1192 5116 1299 5170 est.
1344 5117 1501 5168 Inter
1530 5112 1707 5186 igitur
1737 5129 1903 5169 crea-

248 5207 468 5263 tionem
504 5206 786 5275 Heraclae,
821 5204 922 5276 qui
976 5204 1225 5260 ultimus
1255 5220 1290 5259 a
1318 5202 1681 5276 presbyteris
1712 5203 1900 5257 factus

247 5302 600 5363 est,auctore
613 5293 1582 5366 Hieronymo,etconsecrationem
1598 5292 1904 5348 Athanasii

248 5388 345 5459 qui
375 5388 607 5460 primus
637 5385 713 5443 ab
745 5384 1042 5457 episcopis
1074 5389 1452 5439 consecratus
1505 5385 1612 5451 est,
1659 5388 1899 5438 auctore

244 5476 549 5549 Eutychio,
586 5476 733 5532 anni
763 5474 952 5531 ferme
997 5478 1239 5531 centum
1272 5478 1421 5528 sunt.
1454 5473 1576 5527 lmo
1610 5472 1899 5544 majorem

245 5565 711 5640 discrepantiam
731 5564 830 5620 hic
851 5563 1120 5638 agnoscit
1140 5562 1450 5634 Seldenus,
1469 5562 1700 5637 primus
1718 5561 1900 5633 hujus

243 5655 576 5731 argumenti
636 5654 1048 5712 architectus:
1105 5652 1211 5710 Nec
1267 5651 1417 5710 enim
1463 5651 1755 5708 Heraclam
1802 5667 1900 5708 nec

2010 4662 2108 4732 qui
2137 4661 2500 4717 creationem
2533 4660 2586 4715 S.
2630 4662 2938 4717 Athanasii
2987 4663 3270 4737 abrogare
3320 4665 3657 4734 voluerunt,

2010 4752 2306 4809 defectum
2337 4753 2643 4826 popularis
2672 4753 2981 4810 electionis
3012 4755 3391 4827 objiciebant,
3427 4761 3484 4812 et
3532 4757 3656 4829 epi-

2010 4842 2173 4915 scopi
2203 4843 2452 4915 JEgypti,
2496 4843 2557 4897 in
2606 4843 2833 4915 synodo
2884 4843 3243 4917 congregati,
3291 4845 3541 4916 epistola
3584 4844 3658 4901 ad

2009 4949 2217 4989 omnes
2251 4931 2521 4988 Ecclesia:
2553 4933 2860 4989 catholicae
2901 4933 3207 5005 episcopos
3249 4934 3469 5006 scripta
3516 4952 3657 4991 con-

2009 5014 2257 5078 trarium
2289 5038 2503 5095 magna
2533 5022 2717 5078 animi
2751 5021 3130 5078 contentione
3169 5025 3554 5077 asseruerunt
3600 5024 3661 5077 et

2009 5113 2206 5167 testati
2240 5118 2401 5178 sunt,
2434 5108 2520 5165 ὅτι
2552 5107 2609 5165 δὲ
2640 5115 2742 5165 πᾶν
2770 5112 2833 5166 τὸ
2855 5107 3071 5181 πλῆθος
3101 5110 3191 5164 καὶ
3223 5114 3325 5172 πᾶς
3349 5109 3376 5165 ὁ
3401 5106 3534 5170 λαὸς
3554 5114 3656 5178 τῆς

2006 5198 2307 5267 καθολικῆς
2365 5196 2715 5267 Ἐκκλησίας,
2769 5199 2951 5275 ὥσπερ
3019 5198 3078 5255 ἐκ
3137 5201 3262 5273 μιᾶς
3321 5200 3507 5275 ψυχῆς
3564 5197 3655 5252 καὶ

2010 5292 2265 5364 σώματος
2299 5287 2728 5359 συνεληλυθότες
2768 5286 3029 5359 ἀνεϐόων,
3082 5285 3327 5367 ἔκραζον,
3383 5291 3656 5354 αἱτοῦντες

2008 5380 2321 5445 Ἀθανάτων
2355 5376 2652 5433 ἐπίσκοπον
2681 5381 2753 5452 τῇ
2813 5380 3133 5453 Ἐκκλησίᾳ.
3196 5404 3217 5434 ι
3255 5381 3419 5449 Quod
3465 5382 3658 5440 omnis

2010 5467 2345 5539 multitudo,
2378 5467 2690 5538 omnisque
2721 5469 2977 5542 populus
3007 5470 3315 5525 catholicas
3359 5470 3656 5541 Ecclesite,

2009 5566 2295 5631 tanquam
2315 5574 2383 5614 ex
2413 5573 2532 5613 una
2561 5557 2762 5614 anima
2793 5561 2851 5614 et
2878 5573 3126 5632 corpore
3156 5560 3500 5634 congregati
3538 5558 3657 5616 cla-

2010 5648 2275 5709 moribus
2303 5647 2947 5722 vocil‘erationibusque
2984 5646 3359 5722 postularunt
3404 5649 3660 5708 Athana-
