3990 6136
278 291 401 355 927

1316 292 1381 354 S.
1428 286 1826 354 lGNA'l‘lUS.
1872 313 1950 331 --
1990 281 2607 346 PROLEGOMENA.

3577 297 3699 359 328

277 431 433 490 sium
452 427 731 487 Ecclesiae
753 428 1096 502 episcOpum
1117 428 1246 485 dari
1269 450 1298 480 »
1317 445 1331 496 ;
1348 427 1506 500 quod
1526 434 1721 497 neque
1738 423 1799 478 hi
1816 437 1920 476 ne-
1949 423 2004 491 Α
2038 417 2406 483 Heracleani,
2432 422 2519 474 tot
2532 434 2783 477 numero
2795 419 3054 480 instituti
3069 428 3229 495 sunt,
3247 426 3376 485 sine
3395 398 3697 504 episcopis

279 539 392 594 que
422 522 511 579 illi
541 522 839 587 fecissent,
875 522 924 575 si
964 520 1166 591 populi
1218 519 1501 592 sulfragia
1550 517 1610 571 in
1656 512 1924 586 eligendo

276 613 551 684 episcopo
581 611 910 682 antiquitus
932 610 1128 666 locum
1158 609 1391 664 nullum
1421 602 1923 663 habuissent.lmo

275 702 587 775 Gregorius
615 701 1011 756 Nazianzenus
1061 705 1208 755 orat.
1254 702 1317 752 21
1371 699 1525 753 hanc
1574 694 1923 751 electionem

274 807 395 847 non
417 789 735 862 prioribus,
769 790 871 845 sed
902 787 1330 860 posterioribus
1373 786 1637 858 opponit,
1670 796 1922 851 eamque

275 879 664 951 apostolicam
693 879 969 951 appellat.
1005 876 1162 934 Οὕτω
1196 875 1294 948 μὶν
1324 874 1415 930 οὗν
1448 872 1540 928 καὶ
1595 869 1685 926 διὰ
1728 872 1918 935 ταῦτα,

273 970 445 1048 ψήφῳ
473 972 570 1023 τοῦ
601 966 737 1023 λαοῦ
784 966 1005 1038 παντὸς,
1055 966 1120 1021 οὐ
1166 965 1305 1021 κατᾶ
1355 963 1443 1019 τὸν
1495 961 1714 1036 ὕστερον
1762 961 1919 1029 νική-

272 1079 440 1113 σαντα
480 1057 764 1131 πονηρὸν⁸,
825 1053 949 1111 οὐδὲ
1007 1059 1245 1130 φονικῶς
1302 1074 1360 1108 τι
1413 1053 1504 1109 καὶ
1558 1054 1915 1125 τυραννικῶς,

267 1145 394 1202 ἀλλ’
428 1143 810 1208 ἀποστολικῶς
836 1165 896 1200 τε
924 1143 1016 1199 καὶ
1055 1147 1436 1215 πνευματικῶς
1486 1139 1574 1196 ἐπὶ
1620 1140 1711 1195 τὸν
1762 1139 1914 1210 Μάρ-

265 1255 365 1291 κου
397 1234 580 1311 Θρόνον
614 1234 885 1309 ἁνάγετακ
921 1256 949 1284 ‹‹
982 1234 1076 1291 Sic
1106 1234 1304 1306 igitur,
1337 1238 1513 1303 atque
1545 1230 1618 1286 ob
1650 1246 1749 1286 eas
1771 1245 1917 1285 cau-

268 1344 384 1396 sas,
410 1327 587 1382 totius
608 1326 811 1399 populi
845 1324 1160 1397 suffragiis,
1185 1341 1306 1379 non
1335 1328 1535 1378 autem
1583 1319 1913 1376 secundum

260 1433 507 1489 pravum
530 1415 869 1487 exemplum
895 1412 1053 1484 quod
1071 1417 1276 1485 postea
1293 1411 1558 1477 inolevit,
1586 1424 1781 1480 neque
1808 1424 1914 1479 per

259 1506 376 1560 vim
390 1520 459 1561 ac
479 1505 724 1573 caedem,
754 1503 858 1560 sed
879 1503 1204 1576 apostolico
1227 1506 1285 1558 et
1306 1499 1599 1573 spirituali
1631 1496 1806 1554 modo
1837 1495 1913 1551 ad

258 1594 436 1649 Marci
454 1595 735 1652 thronum
757 1593 1024 1648 evehitur
1043 1593 1246 1647 ».Cum
1270 1591 1448 1663 igitur
1478 1594 1635 1643 totus
1657 1584 1911 1659 populus

260 1684 537 1740 electioni
571 1682 831 1756 episcOpi
862 1699 924 1738 se
954 1682 1268 1746 insereret,
1302 1684 1364 1734 et
1414 1679 1618 1734 civitas
1665 1674 1908 1747 amplis-

262 1773 415 1830 sima
469 1779 644 1844 esset,
695 1778 754 1828 et
812 1771 1068 1827 maximo
1128 1769 1602 1825 Christianorum
1658 1779 1909 1820 numero

260 1862 610 1930 abundaret,
643 1866 703 1917 et
728 1866 1019 1932 prmterea
1046 1857 1376 1933 presbyteri
1411 1872 1549 1912 suos
1590 1854 1668 1908 ibi
1702 1852 1910 1907 distin-

250 1950 384 2007 ctos
426 1956 608 2008 cmtus
666 1952 785 2006 sive
841 1950 1131 2006 Ecclesias
1191 1947 1479 2005 haberent
1537 1944 1909 2016 (observante

254 2040 606 2113 Epiphanio,
636 2040 781 2094 haer.
813 2043 879 2094 69
908 2057 921 2095 :
953 2040 1114 2094 ’Ὁσαι
1143 2037 1245 2111 γὰρ
1277 2033 1569 2104 ἐκκλησίαι
1622 2037 1725 2101 τῆς
1773 2030 1907 2085 καθ-

253 2127 451 2199 ολικῆς
513 2126 840 2197 Ἐκκλησίας
898 2125 950 2181 ἒν
1005 2122 1382 2199 Ἀλεξανδρείᾳ
1427 2122 1529 2177 ὑπὸ
1576 2117 1667 2175 ἕνα
1739 2119 1909 2194 ἀρχι-

253 2217 546 2274 επίσκοπον
591 2218 765 2287 οὖσαι,
792 2217 881 2271 καὶ
912 2218 1029 2271 κατ’
1061 2213 1196 2271 ἰδίαν
1220 2213 1441 2275 ταύταις
1489 2210 1903 2287 ἐπιτεταγμένοι

253 2308 384 2364 εἰσίν
406 2302 784 2383 πρεσϐύτεροι,
809 2303 898 2362 διὰ
926 2308 1022 2363 τὰς
1054 2301 1506 2374 ἐκκλησιαπικᾶς
1555 2299 1745 2376 χρείας
1792 2302 1903 2353 τῶν

254 2394 583 2470 οἰκητόρων.
627 2419 655 2447 α
689 2397 924 2452 Etenim
953 2400 1246 2467 quotquot
1266 2390 1637 2449 Alexandriaa
1660 2389 1906 2446 catholi-

255 2503 338 2542 cm
361 2485 799 2542 communionis
822 2484 1098 2540 Ecclesiaa
1126 2489 1285 2552 sunt,
1319 2482 1423 2539 uni
1455 2480 1902 2552 archiepiscopo

254 2575 707 2648 subjectae,suus
725 2575 938 2645 cuique
961 2574 1313 2647 praepositus
1338 2577 1427 2628 est
1442 2570 1906 2644 presbyter,pro-

249 2670 381 2738 pter
401 2664 830 2720 ecclesiasticas
853 2664 1249 2720 habitantium
1288 2663 1673 2719 necessitates
1691 2682 1718 2712 υ
1743 2677 1758 2727 ;
1792 2675 1901 2714 no-

250 2759 411 2809 tante
437 2753 615 2809 etiam
634 2755 979 2821 Sozomeno,
1012 2753 1114 2809 lib.
1147 2770 1187 2823 ι,
1213 2769 1339 2824 cap.
1377 2753 1481 2807 15:
1521 2751 1681 2807 Εἶναι
1712 2746 1816 2822 γὰρ
1850 2744 1902 2801 ἐν

250 2840 631 2917 Ἀλεξανδρείᾳ
661 2838 805 2912 ἔθος,
850 2843 1087 2917 καθάπερ
1133 2843 1226 2897 καὶ
1272 2846 1387 2911 νῦν,
1434 2840 1547 2903 ἐνὸς
1598 2840 1753 2901 ’ὄντος
1802 2837 1900 2893 τοῦ

248 2932 385 2987 κατὰ
430 2931 646 2986 πάντων
708 2931 1028 3001 ἐπισκόπου,
1078 2926 1473 3007 πρεσϐυτέρους
1523 2927 1634 3000 ἰδίᾳ
1678 2927 1771 2990 τὰς
1820 2928 1902 2982 ἐκ·

248 3018 482 3090 κλησὶας
511 3020 782 3098 κατέχειν,
835 3020 923 3075 καὶ
971 3021 1062 3075 τὸν
1113 3021 1165 3075 ἐν
1212 3019 1398 3081 αὐταῖς
1447 3017 1576 3075 λαὸν
1632 3016 1894 3092 συνάγειν.

249 3113 415 3168 Hunc
439 3113 598 3167 enim
622 3128 849 3166 morem
871 3127 1002 3166 esse
1032 3110 1423 3180 Alexandria),
1448 3109 1549 3180 qui
1569 3108 1895 3164 etiamnum

246 3205 701 3267 manet,ut,cum
719 3217 875 3255 unus
898 3201 1211 3271 episcopus
1232 3199 1508 3254 omnibus
1523 3197 1740 3269 prwsit,
1757 3213 1894 3266 pre-

245 3288 465 3360 sbyteri
486 3290 801 3359 separatim
820 3289 1101 3344 ecclesias
1122 3289 1514 3355 obtineant,et
1527 3285 1807 3357 populum
1822 3284 1895 3340 ad

243 3377 375 3433 illas
395 3377 709 3433 convenire
732 3377 973 3433 solitum
988 3378 1290 3449 colligant)
1307 3377 1614 3446 »;ideoque
1633 3374 1783 3445 apud
1800 3391 1894 3445 po-

243 3467 452 3538 pulum
484 3483 658 3522 suum
689 3483 963 3539 magnam
996 3467 1246 3537 quisque
1295 3466 1707 3521 auctoritatem
1740 3463 1892 3518 obti-

243 3563 435 3625 neret,
477 3556 801 3611 electiones
833 3557 1027 3611 subito
1059 3557 1243 3611 factas
1275 3570 1404 3610 esse
1436 3552 1765 3625 putandum
1784 3556 1893 3618 est,

241 3662 315 3701 ne
347 3662 513 3701 mora
573 3645 928 3700 tumultibus
985 3644 1462 3714 {actionibusque
1521 3641 1894 3697 occasionem

244 3735 554 3807 praeberet.
591 3734 850 3805 Indeque
880 3739 1085 3790 natum
1107 3749 1331 3789 morem
1359 3732 1532 3786 illum
1558 3729 1896 3785 Alexandri-

242 3824 337 3879 nis
368 3829 526 3879 certe
556 3824 920 3895 peculiarem
950 3840 1058 3895 par
1097 3829 1188 3878 est
1225 3821 1489 3886 credere,
1540 3836 1718 3890 quem
1768 3835 1893 3873 me-

241 3917 437 3968 morat
462 3912 766 3968 Liberatus
782 3913 844 3967 in
868 3911 1159 3966 Breviario
1185 3927 1243 3965 :«
1257 3908 1633 3965 Consuetudo
1652 3907 1893 3978 quidem

240 4006 332 4056 est
353 4000 746 4069 Alexandriae,
781 4000 947 4056 illum
984 4000 1083 4071 qui
1107 4000 1386 4054 defuncto
1407 3996 1692 4062 succedit,
1715 4013 1894 4052 excu-

235 4088 365 4145 bias
387 4106 564 4161 super
585 4090 846 4145 defuncti
870 4106 1085 4160 corpus
1103 4103 1667 4161 agere,manumque
1689 4085 1892 4142 dexte-

230 4196 361 4235 ram
384 4178 515 4251 ejus
547 4178 725 4249 capiti
760 4195 867 4234 suo
897 4179 1228 4250 imponere,
1264 4182 1321 4232 et
1348 4176 1580 4249 sepulto
1612 4175 1889 4232 manibus

233 4268 359 4322 suis
389 4267 657 4338 accipere
689 4267 840 4321 collo
873 4284 977 4322 suo
1008 4273 1071 4322 B.
1120 4266 1297 4323 Marci
1344 4266 1616 4339 pallium,
1654 4270 1711 4320 et
1743 4269 1886 4319 tunc

234 4356 499 4428 legitime
523 4356 728 4411 sedere
752 4379 803 4413 ».
829 4359 967 4413 Erat
986 4359 1165 4431 igitur
1188 4356 1558 4413 Alexandriae
1583 4371 1797 4428 magna
1828 4355 1888 4411 in

237 4444 502 4517 eligendo
540 4445 840 4517 episcopo,
872 4448 1035 4518 pacis
1072 4447 1279 4519 gratia,
1302 4446 1624 4507 festinatio.
1654 4451 1713 4500 et
1739 4445 1889 4501 inso-

2033 506 2249 562 factam
2268 524 2398 561 esse
2412 509 2815 579 »,conjectura
2825 511 3001 582 plane
3015 517 3280 572 estomni
3292 519 3695 577 verisimilitu-

2035 595 2173 651 dine
2195 595 2498 652 destituta.
2521 600 2687 663 Nam,
2714 601 2945 657 etiamsi
2966 604 3405 663 ordinationem
3437 610 3690 680 patriar-

2033 686 2286 754 chalem,
2303 704 2438 744 cum
2456 689 2518 744 in
2537 692 2781 763 Egypto
2798 693 3001 764 plures
3017 697 3280 769 episcopi
3306 705 3528 767 essent,
3561 701 3689 757 sine

2033 784 2329 859 episcopis
2349 788 2567 845 factam
2581 808 2711 846 esse
2733 792 2936 849 credet
2955 798 3295 868 nemo,quis
3316 802 3516 854 tamen
3534 817 3656 873 prae
3669 832 3689 846 -

2033 875 2598 950 stabit,Hieronymo
2620 885 2830 936 notum
2852 883 3058 950 fuisse,
3075 891 3212 941 ante
3225 888 3510 944 Demetrii
3534 894 3688 945 tem-

2027 982 2174 1036 pora
2196 967 2429 1023 nullum
2447 969 2511 1024 in
2541 971 2783 1041 Egypto
2814 977 3031 1043 praster
3057 975 3306 1031 unicum
3334 976 3687 1034 Alexandri-

2027 1071 2172 1111 num
2195 1058 2487 1113 exstitisse
2509 1060 2898 1131 episcopum?
2918 1064 3241 1135 Eutychius
3264 1067 3534 1124 omnium
3561 1068 3687 1140 pri-

2027 1162 2159 1202 mus
2190 1147 2302 1202 hoc
2332 1149 2667 1220 prodidisse
2696 1151 3187 1222 deprehenditur,
3216 1173 3253 1211 a
3302 1174 3420 1228 quo
3470 1158 3682 1215 Hiero-

2023 1251 2242 1307 nymus
2272 1236 2431 1292 idem
2464 1238 2693 1293 discere
2725 1256 2847 1295 non
2876 1243 3091 1312 potuit.
3119 1243 3243 1300 lmo
3293 1247 3428 1316 quis
3476 1248 3682 1304 credet

2022 1324 2464 1396 Hieronymum,
2493 1329 2541 1382 si
2564 1328 3063 1398 hocnovisset,vel
3087 1333 3136 1388 si
3157 1333 3336 1389 fando
3359 1335 3680 1406 aliquando

2022 1428 2369 1492 audivisset,
2401 1428 2462 1483 id
2493 1429 2565 1484 ab
2616 1430 2858 1501 Evagrio
2905 1432 3102 1488 celare
3147 1435 3402 1491 voluisse
3452 1437 3517 1491 in
3570 1439 3684 1494 hoc

2022 1518 2560 1588 argumento,quod
2586 1519 2775 1591 magis
2796 1520 2870 1575 ad
2892 1523 3296 1578 exornandam
3322 1525 3683 1597 presbyterii

2022 1604 2372 1676 dignitatem
2406 1607 2595 1663 multo
2627 1608 2920 1665 fecisset?
2948 1612 3143 1682 quue
3177 1613 3357 1684 igitur
3386 1614 3682 1688 Hierony-

2020 1710 2153 1749 mus
2175 1695 2248 1750 de
2272 1696 2358 1752 rei
2381 1697 2519 1768 jure
2541 1698 2867 1769 quidquam
2902 1702 3160 1772 scripsit,
3196 1719 3392 1775 neque
3419 1705 3491 1760 de
3521 1705 3677 1762 facto

1941 1801 1989 1866 Β
2019 1789 2256 1857 tempus
2284 1791 2403 1841 tam
2432 1788 2780 1859 scrupulose
2812 1788 3106 1859 limitavit,
3131 1793 3235 1848 sed
3263 1795 3679 1882 tantummodo

2015 1889 2272 1939 veterem
2295 1886 2617 1956 quamdam
2635 1887 3042 1958 traditionem,
3070 1904 3249 1959 quam
3277 1908 3311 1947 a
3330 1893 3533 1948 nescio
3561 1911 3681 1965 quo

2013 1975 2493 2045 acceperat,satis
2524 1975 2777 2031 obscure
2808 1977 3212 2050 descripsit,et
3243 1980 3316 2035 ad
3347 1982 3679 2039 retunden-

2012 2062 2151 2119 dam
2208 2062 2594 2120 diaconorum
2642 2067 3037 2137 quorumdam
3068 2070 3349 2125 Romanae
3394 2073 3671 2128 Ecclesiae

2011 2152 2394 2208 insolentiam
2423 2155 2751 2225 usurpavit.

2080 2258 2282 2328 Neque
2314 2259 2500 2331 magis
2531 2261 2911 2332 Eutychianas
2942 2264 3269 2319 narrationi
3300 2264 3552 2320 alterum
3583 2266 3665 2321 di-

2011 2346 2346 2402 stinctionis
2376 2348 2709 2404 membrum
2757 2352 3115 2424 respondet;
3157 2354 3477 2425 Eutychius
3512 2354 3662 2410 enim

2009 2450 2130 2489 non
2150 2434 2219 2489 de
2237 2434 2373 2506 jure
2392 2436 2674 2509 disputat,
2700 2438 2806 2493 sed
2827 2439 2899 2495 de
2919 2440 3095 2509 facto,
3129 2441 3201 2497 de
3218 2458 3381 2497 more
3406 2443 3656 2510 scilicet,

2008 2531 2187 2596 atque
2218 2526 2529 2582 duratione
2559 2533 2618 2583 et
2659 2530 3025 2600 expiratione
3067 2532 3217 2604 ejus,
3274 2550 3451 2606 quam
3503 2536 3669 2591 attri-

2007 2613 2137 2669 buit
2156 2614 2347 2670 edicto
2371 2614 2689 2672 Alexandri
2713 2619 3119 2689 patriarcham
3137 2623 3338 2694 Neque
3359 2624 3558 2690 desiit,
3583 2627 3666 2680 in-

2006 2716 2128 2783 quit
2147 2713 2373 2769 mosille
2386 2714 2862 2788 presbyterorum
2874 2718 3245 2775 Alexandriae
3260 2720 3666 2779 constituendi

2004 2802 2405 2877 patriarcham
2430 2819 2498 2859 ex
2525 2804 2597 2860 iis
2629 2805 2942 2863 duodecim
2971 2808 3332 2880 presbyteris
3362 2827 3553 2882 usque
3585 2812 3662 2867 ad

2004 2898 2235 2966 tempus
2246 2892 2566 2948 Alexandri
2584 2894 2785 2949 ».Male
2798 2900 2989 2950 autem
3004 2895 3177 2952 docet
3193 2898 3476 2955 Seldenus
3489 2902 3663 2974 Euty-

2004 2981 2204 3037 chium
2224 2981 2529 3037 decretum
2550 2981 2883 3037 Alexandro
2901 2983 3394 3056 tribuere,quoda
3420 2986 3658 3046 Nicmno

2003 3071 2251 3127 concilio
2283 3069 2501 3125 factum
2562 3076 2668 3133 est,
2732 3087 2958 3127 canone
3029 3081 3286 3144 quarto;
3332 3078 3657 3150 Eutychius

1935 3162 1979 3228 ο
2008 3161 2166 3214 enim
2199 3158 2380 3213 tradit
2409 3157 2830 3226 Alexandrum,
2874 3177 2995 3216 non
3044 3168 3276 3219 tantum
3326 3165 3656 3223 instituisse

2006 3248 2367 3304 creationem
2397 3249 2748 3320 patriarchae
2779 3266 2886 3322 per
2930 3252 3259 3324 episcopos,
3320 3254 3424 3310 sed
3474 3256 3657 3313 etiam

2006 3338 2357 3392 electionem
2381 3354 2445 3392 ex
2471 3338 2601 3393 aliis
2625 3355 2803 3409 quam
2822 3340 3237 3398 Alexandrinis
3268 3344 3653 3417 presbyteris,

2006 3427 2077 3482 de
2110 3443 2227 3497 qua
2255 3444 2318 3482 re
2356 3427 2505 3482 nihil
2538 3428 2717 3483 habet
2737 3446 2928 3485 canon
2964 3431 3064 3486 ille
3115 3433 3387 3490 Nica'nus
3414 3453 3427 3504 ;
3462 3452 3656 3507 neque

2003 3531 2163 3580 recte
2195 3526 2454 3597 conjicit,
2484 3543 2771 3584 canonem
2804 3529 2975 3585 illum
3017 3546 3087 3586 ex
3132 3537 3263 3588 voto
3312 3534 3655 3601 Alexandri,

2003 3620 2107 3669 aut
2128 3631 2289 3670 more
2309 3615 2408 3671 illo
2430 3617 2826 3674 Alexandrino
2850 3625 3045 3676 ortum
3069 3620 3384 3692 habuisse;
3411 3624 3656 3679 minime

2004 3704 2163 3759 enim
2194 3703 2589 3761 dubitandum
2622 3713 2710 3763 est
2741 3709 2883 3780 quin
2916 3710 3143 3782 primus
3164 3729 3376 3784 canon,
3397 3714 3497 3785 qui
3517 3713 3660 3769 dici-

2004 3799 2101 3849 tur
2130 3795 2512 3866 opostolicus,
2546 3795 2647 3851 diu
2672 3803 2808 3853 ante
2840 3798 3007 3854 illum
3032 3817 3323 3857 canonem
3347 3803 3654 3859 Nicaznum

2002 3883 2276 3940 conditus
2308 3884 2419 3940 sit:
2452 3882 2784 3950 Ἐπίσκοπος
2814 3889 3235 3962 χειροτονείσθω
3273 3890 3375 3945 ὑπὸ
3419 3889 3652 3946 ἐπισκό-

1999 3992 2116 4028 πων
2150 3968 2249 4026 δύο
2280 3970 2316 4041 ἤ
2346 3977 2532 4049 τριῶν.
2564 3976 2747 4032 Nemo
2771 3977 2954 4046 enim,
2977 3983 3294 4051 postquam
3310 3981 3654 4038 NicaeniPa-

2002 4067 2121 4118 tres
2153 4067 2270 4119 tres
2299 4065 2607 4138 episcopos
2636 4066 2711 4121 ad
2740 4066 3179 4125 ordinationem
3227 4071 3650 4143 postulassent.

2001 4152 2150 4208 duos
2189 4153 2460 4210 sufﬁcere
2491 4154 2755 4211 dixisset.
2790 4156 2942 4223 Quid
2972 4158 3131 4230 quod
3162 4176 3298 4232 pars
3332 4160 3552 4217 decreti
3576 4164 3651 4219 ab

1998 4251 2334 4309 Alexandro
2364 4253 2523 4320 facti,
2551 4271 2660 4311 nec
2710 4255 2785 4313 ad
2834 4275 3127 4316 canonem
3176 4261 3480 4316 Nicmnum
3527 4260 3648 4318 ullo

1996 4342 2174 4397 modo
2204 4344 2793 4415 pertinens,maxime
2816 4350 3079 4405 notanda
3096 4350 3357 4421 sit,quod
3379 4350 3655 4408 videatur

1995 4433 2354 4506 restringere
2372 4450 2600 4490 morem
2614 4436 2927 4508 antiquum
2941 4438 3012 4493 de
3028 4438 3297 4511 eligendo
3313 4440 3654 4511 patriarcha

235 4534 342 4588 lita
372 4550 493 4605 pra;
524 4533 751 4589 honore
793 4536 846 4591 S:
882 4536 1080 4604 Marci,
1111 4536 1173 4591 in
1204 4535 1460 4591 creando
1503 4534 1878 4591 cmremonia.

2011 4539 2112 4577 mn
2125 4523 2199 4578 ad
2218 4523 2620 4580 electionema
2644 4525 3027 4597 presbyteris,
3063 4527 3165 4583 sed
3188 4544 3259 4583 ex
3284 4529 3651 4601 presbyteris

237 4622 348 4678 Sed
369 4623 762 4693 Hieronymus
793 4641 987 4696 neque
1021 4624 1264 4680 modum
1294 4624 1355 4679 in
1383 4624 1695 4689 electione,
1727 4623 1887 4696 quod

232 4717 305 4774 ad
329 4718 609 4789 suffragia
629 4719 863 4783 attinet,
886 4736 1080 4791 neque
1103 4719 1564 4775 cmremoniasin
1585 4719 1885 4774 creatione

229 4806 548 4874 adhibitas,
582 4824 777 4879 neque
802 4809 902 4879 jus
921 4809 1107 4864 ullum
1128 4827 1249 4882 pra;
1271 4809 1500 4865 caeteris
1513 4808 1883 4882 presbyterio

230 4897 435 4953 datum
467 4903 569 4954 aut
600 4915 948 4955 concessum
981 4906 1428 4966 commemorat,
1480 4899 1593 4954 nisi
1626 4900 1783 4971 quod
1814 4915 1884 4955 ex

230 4987 377 5058 ipsis
406 4986 477 5043 de
508 4987 663 5043 facto
691 5005 880 5061 usque
914 4989 988 5045 ad
1021 4990 1328 5045 Heraclam
1356 4988 1669 5061 episcopus
1701 4988 1883 5062 elige-

230 5082 415 5145 retur,
448 5081 507 5132 et
539 5077 613 5132 ab
643 5078 788 5150 ipsis
815 5078 1312 5151 promulgaretur.

299 5176 448 5231 Nam
476 5176 634 5247 quod
654 5174 944 5231 Seldenus
963 5174 1436 5232 comminiscitur
1458 5174 1883 5247 Hieronymum

226 5278 478 5319 securum
508 5264 574 5319 de
608 5271 846 5335 tempore
875 5266 1167 5320 Hei-actam
1185 5270 1572 5331 antevertente,
1601 5266 1883 5336 quoniam

227 5353 504 5422 cognovit
532 5351 763 5408 nullum
795 5353 857 5407 in
886 5355 1128 5425 Egypto
1172 5359 1312 5408 ante
1357 5357 1625 5425 tempora
1671 5355 1879 5410 Deme-

225 5438 324 5492 trii
352 5439 698 5510 episcopum
722 5441 926 5510 fuisse,
956 5463 984 5491 «
1003 5440 1077 5497 ad
1095 5441 1371 5496 citeriora
1397 5441 1755 5497 descendere
1776 5460 1881 5498 no-

225 5525 411 5584 luisse
436 5532 738 5599 tempora:
765 5529 906 5601 quia
920 5530 1014 5584 vix
1032 5531 1236 5586 forsan
1253 5530 1409 5585 credi
1428 5531 1717 5601 potuisset
1729 5531 1882 5587 ordi-

225 5613 534 5676 nationem
554 5616 1033 5690 patriarchalem,
1047 5624 1362 5691 postquam
1378 5621 1881 5694 episcopi,saltem

1994 4612 2310 4676 factam,de
2330 4629 2447 4684 qua
2473 4612 2548 4667 ad
2581 4613 2757 4669 verba
2787 4614 3127 4687 Hieronymi
3161 4615 3440 4672 diximus.
3473 4620 3652 4674 Anti-

1994 4719 2177 4775 quum
2207 4703 2366 4759 enim
2384 4718 2613 4759 morem
2643 4702 2893 4759 desiisse
2917 4704 3191 4775 tradit,eo
3206 4705 3365 4776 quod
3385 4707 3646 4764 Alexan-

1994 4793 2103 4849 der
2125 4813 2146 4840 ι
2168 4792 2425 4849 decrevit
2446 4799 2532 4861 ut,
2550 4798 2793 4849 vacante
2819 4794 3243 4866 patriarcham,
3264 4795 3553 4869 eligerent
3579 4816 3653 4857 ex

1993 4907 2345 4964 quacunque
2380 4890 2619 4946 tandem
2647 4893 2908 4964 regione,
2942 4891 3060 4948 sive
3092 4909 3162 4949 ex
3182 4893 3497 4952 duodecim
3527 4897 3650 4955 illis

1990 4981 2502 5056 presbyteris,sive
2523 4980 2657 5036 aliis
2670 4981 2859 5037 virum
2878 4980 3138 5054 aliquem
3158 4983 3465 5054 eximium,
3490 5003 3654 5059 pers-

1990 5079 2177 5147 pectas
2212 5070 2546 5144 probitatis,
2580 5087 2839 5143 eumque
2864 5073 3265 5145 patriarcham
3297 5082 3648 5134 crearent».

1995 5161 2213 5218 Eleclio
2228 5159 2406 5230 igitur
2417 5159 2520 5215 viri
2538 5161 2629 5233 cuj
2640 5162 2870 5233 uspiam
2884 5162 3437 5237 eximii,perspectm
3452 5166 3652 5237 prohi-

1991 5251 2131 5309 tatis
2161 5251 2475 5321 antiquum
2508 5266 2735 5306 morem
2758 5254 3080 5320 evacuavit;
3101 5270 3216 5326 quo
3241 5261 3539 5325 spectasse
3566 5255 3651 5310 vi-

1992 5353 2210 5409 dentur
2227 5351 2329 5406 illa
2358 5350 2916 5424 pseudo-Ambrosii
2937 5353 2999 5408 in
3022 5370 3149 5426 cap.
3175 5357 3208 5408 4
3231 5354 3305 5410 ad
3323 5355 3650 5427 Ephesios:

1991 5444 2237 5512 Denique
2291 5440 2438 5511 apud
2482 5443 2783 5513 Egyptum
2832 5444 3145 5514 presbyteri
3195 5446 3543 5517 consignant,
3602 5450 3654 5504 si

1986 5550 2092 5604 pra
2109 5546 2224 5587 ssns
2252 5545 2364 5585 non
2385 5529 2459 5585 sit
2488 5530 2790 5602 episcopus.
2815 5532 2929 5589 Sed
2957 5535 3088 5604 quia
3110 5541 3389 5605 caperunt
3416 5552 3651 5607 sequen-

1991 5628 2067 5679 tes
2104 5619 2420 5692 presbyteri
2448 5619 2667 5691 indigni
2721 5620 2966 5679 inveniri
3010 5622 3086 5680 ad
3122 5625 3399 5696 primatus
3454 5632 3652 5685 tenen-
