3990 6136
205 324 312 386 233

942 324 1000 388 J.
1046 320 1479 387 PEARSONII
1520 321 1909 387 VINDICM!
1946 319 2431 383 IGNATIANAZ.
2475 353 2557 368 -—
2598 318 2807 381 PARS
2857 322 2908 381 Ι.

3522 326 3639 386 234

210 460 364 517 etiam
389 460 456 515 ad
480 458 869 530 antiquitates
898 459 1162 516 Ecclesiae
1205 474 1321 514 sua
1366 457 1650 514 eruendas
1697 464 1864 528 atque
1893 458 1949 524 Α
1978 470 2214 527 scopum
2262 455 2608 523 Rohensem,
2654 454 3002 511 Thaddtsum
3058 455 3390 527 episcopum
3438 458 3641 515 Massi-

214 550 575 621 explicandas
608 549 795 605 multo
824 548 1151 620 imparatior
1206 552 1263 604 et
1308 547 1557 619 ineptior
1603 550 1742 603 erat.
1792 546 1872 601 De

213 640 451 697 archivis
508 646 703 695 autem
752 639 1135 707 Alexandriae,
1192 637 1397 709 quibus
1477 636 1732 693 Annales
1792 641 1872 691 tot

213 729 414 786 debere
444 733 636 800 putat,
667 743 902 799 prorsus
932 726 1269 783 incredibile
1299 734 1403 784 est.
1460 725 1616 782 Libri
1665 740 1868 782 omnes

219 818 580 875 bibliothecae
612 818 1036 888 Alexandrinae,
1085 824 1249 886 capta
1277 834 1309 871 a
1340 815 1652 872 Meslemiis
1709 814 1868 883 urbe,

215 909 411 965 statim
443 908 758 978 perierunt.
807 907 982 962 Iussit
1027 907 1227 961 Amrus
1275 905 1465 961 Ebno’l
1511 905 1580 960 As
1629 904 1873 975 dispergi

214 1015 297 1055 eos
326 1014 430 1069 per
458 998 661 1053 balnea
689 995 1044 1051 Alexandria:
1075 1004 1234 1068 atque
1275 994 1401 1051 illis
1444 993 1868 1068 calefaciendis,

212 1089 500 1144 comburi:
534 1089 611 1142 ita
640 1087 824 1158 spatio
854 1088 1106 1142 semestri
1133 1086 1443 1157 consumpti
1470 1094 1618 1152 sunt,
1664 1092 1725 1140 ut
1756 1091 1872 1139 tra-

214 1179 291 1233 dit
316 1178 629 1247 Gregorius
660 1176 1035 1232 Abuliaraius.
1070 1175 1213 1232 Audi
1258 1176 1392 1249 quid
1418 1177 1630 1245 factum
1680 1176 1871 1243 fuerit,

209 1267 395 1338 inquit
434 1265 553 1336 ille,
585 1275 637 1321 et
660 1266 885 1321 mirare.
919 1266 1039 1322 Imo
1070 1266 1250 1335 magis
1308 1266 1504 1321 mirari
1561 1270 1867 1333 oporteret,

210 1357 252 1412 si
293 1360 433 1427 post
484 1372 671 1411 annos
724 1356 903 1411 ferme
954 1356 1060 1410 200
1110 1370 1419 1426 paucorum
1470 1353 1868 1410 Melehitarum

207 1446 516 1517 episcopus
547 1444 794 1516 origines
822 1443 1089 1501 Ecclesia
1136 1443 1543 1500 Alexandrinae
1586 1442 1665 1499 ibi
1714 1443 1867 1498 inve-

203 1536 368 1592 niret.
403 1539 569 1590 Certe
596 1542 708 1590 tam
743 1534 1094 1604 negligenter
1137 1532 1543 1589 Alexandrinae
1602 1531 1866 1589 Ecclesia

207 1626 513 1681 historiam
548 1623 849 1693 pertexuit,
881 1627 943 1678 ut
972 1639 1088 1680 non
1119 1622 1299 1694 magis
1342 1622 1512 1693 hujus
1560 1637 1732 1693 quam
1778 1620 1864 1676 al-

204 1719 383 1772 terius
445 1713 767 1784 cujuspiam
825 1720 1193 1770 monumenta
1248 1713 1365 1784 ipsi
1413 1711 1639 1783 cognita
1683 1711 1867 1767 fuisse

1980 561 2217 603 nensem
2267 552 2322 601 et
2380 545 2798 602 Theodoretum
2846 546 3173 615 episcopum
3216 551 3643 621 Ancyrensem,

1981 650 2123 706 quos
2169 650 2365 692 coram
2420 634 2764 704 imperatore
2815 640 2984 703 atque
3031 635 3355 705 patriarcha
3413 647 3639 709 com’pa-

1982 732 2163 781 rutsse
2193 726 2395 792 docet;
2437 740 2537 795 per
2588 722 2933 779 Thaddasum
2980 726 3392 782 Massinensem
3441 728 3636 785 Theo-

1980 816 2182 873 dorum
2214 813 2674 884 Mopsuestennm
2706 813 3058 883 intelligens,
3106 822 3160 871 et
3206 816 3633 875 Theodoretum

1980 920 2082 976 pro
2123 903 2357 976 Cyrensi
2410 904 2799 974 Aucyrensem
2857 904 3174 977 appellans.
3233 908 3426 963 Solum
3481 908 3638 964 enim

1981 993 2137 1049 Ibam
2165 998 2321 1050 recte
2343 993 2597 1049 nominat
2621 992 2969 1063 Rohensem,
2993 994 3103 1051 hoc
3143 1002 3229 1051 est
3259 996 3630 1055 Edessenum.

1981 1082 2143 1139 Roha
2174 1083 2327 1139 enim
2361 1089 2417 1138 et
2445 1077 2676 1137 Ἔδεσσα
2724 1084 2919 1140 eadem
2974 1084 3197 1140 civitas.
3247 1086 3408 1143 Unde
3460 1088 3636 1144 Abul-

1978 1171 2216 1242 pharaio
2245 1172 2433 1242 Abgar
2462 1188 2563 1227 rex
2591 1173 2777 1238 Hahae,
2811 1173 2906 1243 qui
2956 1175 3103 1244 apud
3149 1174 3457 1232 Eusebium
3487 1178 3635 1235 dici-

1981 1269 2069 1317 tur
2091 1254 2370 1335 ’Ἄϐγαρος
2402 1259 2691 1335 τοπάρχης
2722 1257 2999 1331 Ἐδέσσης.
3034 1262 3167 1319 Erat
3214 1272 3403 1321 autem
3452 1267 3631 1338 Abga-

1978 1367 2094 1421 rus,
2128 1352 2248 1407 sive
2278 1351 2536 1423 Abgarus
2566 1366 2874 1407 commune
2926 1368 3141 1410 nomen
3190 1354 3497 1412 Osdroenae
3550 1374 3635 1414 re-

1977 1441 2264 1513 gulorum,
2328 1456 2570 1512 quorum
2612 1442 2765 1513 regia
2815 1443 3043 1498 Edessas
3099 1443 3226 1513 fuit,
3288 1453 3345 1500 ut
3403 1453 3634 1504 testatur

1974 1530 2300 1601 Praecpius.
2353 1532 2511 1586 Idem
2545 1530 2710 1586 tradit
2741 1533 3050 1589 Antonium
3109 1533 3259 1591 inter
3302 1535 3522 1592 Roham
3579 1546 3633 1592 et

1975 1619 2263 1675 Haranum
2299 1619 2553 1677 occisum
2585 1636 2726 1689 esse,
2761 1628 2820 1675 ut
2849 1620 2909 1677 in
2953 1622 3177 1677 Eusebii
3217 1622 3504 1681 Chronico
3551 1626 3633 1681 le-

1976 1710 2198 1780 gimus:
2231 1710 2502 1765 Antonius
2528 1709 2870 1780 interﬁcitur
2905 1712 3050 1767 inter
3076 1712 3341 1768 Edessam
3385 1721 3437 1770 et
3486 1716 3623 1771 Car-

202 1811 496 1875 appareat.
532 1803 790 1859 Marcum
822 1802 1231 1873 evangelistam
1264 1802 1433 1858 tradit
1452 1817 1606 1857 nono
1648 1801 1867 1857 Claudii
1896 1822 1943 1886 Β
1974 1816 2088 1856 ras.
2119 1805 2201 1855 Ita
2233 1799 2429 1865 Bonae,
2464 1799 2567 1856 hoc
2610 1806 2693 1855 est
2741 1799 2962 1857 Edessa
3013 1800 3412 1858 Constantium
3462 1805 3631 1860 Hele-

202 1911 355 1950 anno
386 1893 800 1950 Alexandriam
828 1893 1071 1955 venisse,
1128 1892 1310 1963 primo
1362 1892 1604 1949 Neronis
1648 1891 1863 1947 ibidem

201 1984 487 2056 martyrio
524 1991 858 2038 coronatum
905 1997 1064 2049 esse;
1115 1988 1169 2037 et
1224 1987 1415 2037 tamen
1471 1980 1623 2037 idem
1672 1980 1860 2049 refert,

202 2081 466 2143 tempore
527 2071 771 2128 Neronis
845 2071 1071 2127 Petrum
1128 2070 1425 2141 scripsisse
1488 2069 1861 2141 Evangelium

200 2161 407 2225 Marci,
443 2160 701 2216 dictante
732 2160 944 2229 Marco,
978 2162 1038 2217 in
1070 2159 1205 2216 urbe
1236 2162 1434 2216 Roma.
1485 2159 1616 2216 Haec
1648 2175 1766 2216 non
1795 2175 1861 2215 ex

206 2250 580 2307 Alexandria
611 2250 878 2316 archivis,
908 2250 1006 2306 sed
1036 2250 1273 2306 diversis
1318 2249 1708 2321 scriptoribus,
1765 2249 1861 2320 qui

198 2339 492 2396 contraria
540 2338 914 2409 tradiderunt,
961 2339 1085 2394 sine
1130 2339 1346 2409 judicio
1395 2338 1599 2394 hausit.
1650 2340 1859 2396 Conci-

198 2431 339 2485 liare
372 2429 504 2485 haec
534 2428 764 2499 quidem
794 2428 972 2485 voluit
1004 2427 1303 2496 Seldsnus,
1337 2429 1435 2484 sed
1465 2427 1693 2484 frustra.
1742 2430 1860 2484 Non

194 2518 384 2574 solum
418 2526 612 2573 autem
659 2524 912 2587 tempore
958 2516 1222 2584 Neronis,
1264 2517 1359 2572 sed
1414 2532 1559 2573 anno
1613 2518 1860 2589 ejusdem

194 2612 402 2679 primo,
436 2622 656 2662 necesse
682 2614 762 2662 est
807 2611 865 2661 ut
911 2607 1075 2662 vellet
1122 2616 1305 2663 noster
1349 2607 1708 2675 Evangelium
1758 2608 1861 2663 hoc

193 2699 498 2767 scriptum,
533 2697 675 2767 quod
698 2697 891 2768 palam
921 2703 999 2751 est
1029 2712 1103 2751 ea:
1134 2697 1207 2751 iis
1232 2710 1358 2767 quae
1396 2697 1551 2767 infra
1582 2696 1743 2752 habet
1792 2698 1861 2753 de

200 2786 359 2843 exitu
392 2794 516 2840 tum
546 2786 702 2840 Petri
729 2788 848 2840 tum
875 2784 1061 2840 Marci
1088 2785 1270 2841 eodem
1305 2787 1359 2841 in
1390 2801 1557 2841 anno.
1600 2785 1657 2840 Si
1704 2787 1859 2841 enim

205 2884 562 2947 supponatur
591 2876 963 2946 Evangelium
996 2874 1170 2931 Marci
1198 2876 1473 2946 scriptum
1520 2874 1696 2931 fuisse
1744 2876 1861 2945 pri-

202 2980 294 3020 mo
356 2965 605 3021 Neronis
656 2980 831 3033 anno,
883 2964 1101 3034 reliqua
1152 2970 1340 3020 tamen
1383 2964 1694 3020 consistere
1744 2979 1861 3019 non

203 3062 466 3124 possunt.
504 3054 581 3110 Eo
630 3054 784 3111 enim
832 3069 985 3109 anno
1027 3068 1137 3124 quo
1186 3060 1444 3109 mortuus
1500 3058 1586 3110 est
1636 3053 1861 3109 Marcus

204 3144 568 3199 Alexandriae
598 3159 715 3199 non
745 3143 928 3212 potuit
957 3143 1144 3199 Romae
1192 3142 1404 3199 dictare
1443 3142 1815 3213 Evangelium
1843 3167 1858 3212 ;

202 3248 393 3304 neque
429 3232 587 3289 enim
618 3232 953 3304 Eutychius,
1000 3248 1187 3303 neque
1233 3232 1530 3303 quisquam
1578 3235 1725 3289 alius
1755 3235 1858 3290 do-

194 3332 287 3379 cet
318 3322 580 3377 Marcum
637 3322 879 3393 Aigypto
925 3322 996 3377 ad
1043 3321 1268 3377 Petrum
1315 3321 1718 3393 commigrasse
1749 3323 1861 3378 Ro-

196 3426 394 3466 mam:
446 3426 630 3481 neque
678 3411 732 3466 id
788 3411 997 3467 factum
1054 3411 1256 3467 docere
1313 3411 1495 3482 potuit
1547 3411 1860 3481 Eutychius

194 3502 389 3571 primo
422 3500 665 3557 Neronis
696 3516 874 3568 anno,
906 3515 1036 3556 cum
1090 3501 1210 3570 ipse
1253 3500 1438 3555 tradat
1489 3500 1717 3556 Petrum
1762 3516 1857 3557 oc-

193 3592 387 3645 cisum
419 3605 544 3645 esse
572 3605 723 3646 anno
751 3589 844 3659 22,
905 3595 1035 3659 post
1082 3589 1410 3659 passionem
1456 3589 1701 3656 Domini,
1755 3591 1861 3660 hoc

190 3689 300 3746 est,
354 3689 491 3735 ante
542 3680 845 3749 imperium
906 3679 1167 3736 Neronis.
1229 3680 1359 3736 Haec
1417 3689 1607 3737 autem
1664 3682 1862 3738 omnia

188 3778 327 3825 sunt
392 3765 681 3821 ἀσύστατα.
732 3768 1193 3825 Patriarcharum
1251 3769 1510 3839 nomina,
1608 3777 1661 3826 et
1717 3770 1861 3826 mira

190 3861 431 3932 quidem
461 3876 629 3931 sepe,
664 3861 847 3930 prodit
889 3859 1236 3930 Eutychius:
1270 3875 1454 3916 annos
1502 3861 1671 3918 etiam
1718 3878 1861 3918 enu-

192 3956 403 4017 merat,
436 3966 528 4006 res
581 3954 768 4021 gestas
823 3949 1063 4006 minime
1111 3957 1542 4007 commemorat.
1595 3953 1733 4005 Cum
1789 3951 1857 4007 ad

191 4039 554 4095 Demetrium
589 4039 871 4109 pervenit,
930 4039 1077 4109 quod
1135 4047 1267 4095 ante
1323 4040 1564 4108 dixerat,
1620 4041 1857 4111 repetit:

189 4132 430 4184 Primus
462 4128 563 4182 ille
590 4128 1042 4199 patriarcharum
1091 4129 1365 4198 episcopos
1414 4131 1475 4182 in
1520 4130 1743 4199 zEgypti
1771 4130 1859 4185 di-

188 4218 345 4272 tione
373 4216 706 4279 ordinavit;
760 4223 820 4271 ut
877 4225 928 4273 et
976 4217 1045 4271 de
1084 4216 1368 4273 Heracla:
1419 4217 1555 4287 Ejus
1618 4225 1862 4289 tempore

188 4306 514 4377 appellatus
545 4311 625 4361 est
652 4307 975 4375 patriarcha
1002 4304 1417 4361 Alexandrinus
1446 4306 1618 4374 Baba,
1678 4306 1735 4361 id
1782 4311 1861 4362 est

186 4413 347 4451 avus.
382 4395 531 4462 Quid
564 4403 755 4450 autem
788 4394 848 4449 in
883 4394 1133 4450 Ecclesia
1169 4403 1308 4450 tunc
1337 4396 1607 4465 temporis
1646 4395 1859 4453 factum

194 4488 307 4549 est,
345 4485 636 4554 quomodo
670 4483 944 4553 Origenes
1000 4482 1121 4538 illic
1162 4483 1428 4554 agitatus,
1470 4499 1585 4539 non
1625 4485 1860 4539 omnino

1975 1905 2107 1947 nam
2140 1889 2429 1945 invenisse
2459 1889 2625 1946 refert
2662 1889 2991 1961 Eutycbius.
3043 1892 3203 1954 Quod
3236 1892 3288 1948 si
3331 1892 3625 1949 observas«

1974 1988 2056 2037 set
2086 1980 2392 2048 Seldenus,
2424 1996 2721 2051 nunquam
2753 1980 2817 2037 in
2865 1981 3242 2054 Eutychianis
3294 1984 3411 2040 suis
3456 1984 3633 2041 dixis-

1974 2078 2057 2129 set
2084 2088 2096 2128 :
2136 2073 2373 2129 Ubinam
2407 2071 2519 2127 haec
2549 2071 2728 2140 Rhea,
2754 2087 2848 2143 ego
2879 2088 2968 2128 me
2996 2076 3206 2130 nescire
3228 2076 3426 2146 fateor,
3477 2091 3630 2132 nun-

1971 2177 2140 2233 quam
2205 2162 2277 2217 ad
2336 2158 2553 2239 Ῥαφίαν
2614 2161 2921 2218 Phoeniciis
2999 2161 3197 2219 urbem
3256 2164 3626 2234 confugisset,

1970 2265 2274 2322 nunquam
2301 2250 2435 2307 inde
2465 2249 2793 2320 Drepanum
2852 2251 2913 2306 in
2963 2250 3232 2322 Bithynia
3283 2252 3626 2325 deduxisset,

1970 2354 2265 2409 nunquam
2295 2337 2467 2394 verba
2494 2338 2736 2394 Cedreni
2765 2336 2889 2411 περὶ
2918 2337 3017 2406 τὴν
3044 2340 3143 2403 τῆς
3166 2336 3360 2400 Δακίας
3377 2338 3539 2395 πόλιν
3564 2341 3625 2398 in

1968 2428 2092 2503 περὶ
2122 2429 2222 2496 τήν
2253 2434 2355 2497 τῆς
2381 2426 2604 2502 Ῥαφίας
2650 2423 2815 2481 πόλιν
2856 2434 3284 2501 commutasset,
3336 2434 3627 2505 totamque

1968 2520 2196 2577 Helenae
2230 2519 2523 2576 historiam
2550 2535 2648 2589 per
2678 2535 2738 2575 se
2788 2520 2927 2576 satis
2973 2519 3253 2578 incertam
3312 2529 3392 2578 tot
3439 2525 3627 2595 conje-

1968 2611 2147 2668 cturis
2192 2609 2804 2680 emendationibusque
2850 2609 3214 2667 incertiorem
3263 2613 3621 2671 reddidisset.

1970 2703 2220 2768 Quatuor
2252 2700 2438 2769 itaque
2492 2699 2644 2754 viros
2692 2698 2754 2753 in
2803 2698 3038 2755 historia
3089 2700 3471 2758 ecclesiastica
3518 2720 3625 2758 no-

1970 2790 2221 2845 tissimos
2259 2804 2455 2844 coram
2484 2786 2812 2843 Iustiniano
2867 2788 3255 2858 comparuisse
3294 2792 3465 2846 tradit
3512 2792 3623 2847 Eu-

1974 2876 2218 2947 tycbius,
2252 2877 2349 2947 qui
2378 2891 2577 2932 omnes
2606 2876 2702 2931 diu
2743 2882 2874 2931 ante
2934 2877 3143 2933 mortui
3189 2878 3450 2935 fuerant:
3484 2895 3620 2951 quo-

1973 2982 2099 3022 rum
2129 2965 2386 3021 omnium
2416 2964 2850 3036 antiquissimus
2878 2972 2993 3022 erat
3021 2966 3319 3038 Origenes,
3350 2984 3468 3024 non
3499 2970 3623 3040 epi-

1970 3069 2175 3124 scopus
2236 3053 2657 3124 Manbagensis,
2711 3054 2808 3110 sed
2866 3054 3157 3126 presbyter
3213 3063 3267 3113 et
3316 3058 3622 3114 catechista

1972 3143 2415 3209 Alexandrinus,
2465 3143 2588 3214 ipse
2638 3144 3039 3215 Adamantius,
3090 3160 3261 3216 quem
3304 3145 3622 3203 Demetrius

1968 3232 2205 3302 IEgypto
2236 3230 2467 3302 fugavit,
2525 3230 2695 3301 idque
2744 3247 2851 3301 ope
2909 3232 3081 3288 trium
3139 3234 3620 3306 Eutychianorum

1967 3320 2392 3392 episcOporum,
2444 3327 2504 3375 ut
2547 3320 2827 3377 Seldenus
2887 3321 3215 3379 hariolatur.
3269 3325 3377 3380 Sed
3437 3324 3619 3397 qualis

1966 3409 2051 3465 illi
2081 3410 2152 3466 de
2175 3408 2460 3466 Demetrio
2488 3408 2626 3466 ﬁdes
2654 3410 2981 3467 adhibenda
3010 3414 3117 3480 est,
3166 3412 3262 3483 qui
3315 3414 3617 3485 Origenem

1970 3499 2215 3556 nescivit
2236 3499 2386 3556 ?Hic
2428 3505 2615 3555 autem
2646 3499 2969 3556 Demetrius
3000 3508 3059 3556 ut
3091 3506 3205 3558 tres
3231 3502 3528 3573 episcopos
3556 3505 3617 3560 in

1965 3587 2186 3658 Egypti
2218 3588 2436 3645 ditione
2464 3588 2770 3655 ordinavit,
2810 3590 2889 3645 ita
2916 3591 2986 3645 ad
3019 3596 3129 3647 tres
3174 3590 3471 3661 episcopos
3517 3610 3617 3649 ex-

1970 3686 2053 3733 tra
2083 3678 2387 3749 Egyptum
2426 3678 2673 3747 scripsit.
2722 3679 2795 3734 Eo
2827 3686 3086 3751 tempore,
3140 3679 3349 3751 inquit,
3394 3682 3617 3753 scripsit

1973 3767 2277 3825 Demetrius
2309 3768 2638 3839 patriarcha
2664 3769 3077 3826 Alexandrinus
3107 3770 3176 3826 ad
3214 3771 3454 3827 Gabium
3503 3771 3615 3842 epi-

1965 3874 2181 3930 scopum
2231 3856 2828 3929 Hierosolymitanum,
2870 3858 3172 3913 Maximum
3229 3846 3615 3930 patriarcham

1966 3948 2363 4003 Antiochenum
2418 3952 2471 4002 et
2533 3949 2797 4004 Victorem
2852 3948 3231 4020 patriarcham
3286 3951 3615 4019 Romanum,

1964 4038 2029 4093 de
2058 4040 2276 4093 ratione
2302 4038 2556 4109 computi
2583 4036 2873 4093 Paschalis
2919 4043 2972 4093 et
3020 4037 3224 4108 ieiunii
3277 4038 3615 4095 Christiano-

1967 4144 2112 4191 rum,
2144 4132 2197 4183 et
2227 4128 2494 4197 quomodo
2541 4143 2575 4181 a
2612 4128 2882 4182 Paschate
2921 4125 3239 4183 Iudaeorum
3286 4128 3613 4184 deducatur.

1967 4218 2032 4272 At
2062 4216 2300 4271 Gabium
2349 4216 2470 4285 ipse
2521 4216 2688 4270 tradit
2736 4216 2801 4270 17
2847 4216 3053 4271 Aurelii
3098 4232 3251 4273 anno
3292 4216 3617 4289 Hierosoly-

1966 4306 2075 4360 mis
2106 4306 2436 4376 episcopum
2470 4310 2725 4360 creatum
2758 4311 2870 4361 tres
2901 4312 3121 4362 tantum
3152 4322 3337 4362 annos
3368 4308 3617 4365 sedisse:

1965 4401 2059 4452 aut
2090 4395 2267 4466 igitur
2296 4393 2403 4450 sub
2437 4394 2550 4450 fine
2593 4392 2825 4465 imperii
2869 4394 3107 4460 Aurelii,
3161 4404 3257 4452 aut
3304 4396 3409 4453 sub
3458 4398 3621 4454 initio

1971 4486 2161 4540 statim
2220 4483 2513 4539 Commodi
2574 4484 2783 4553 scripta
2840 4488 2928 4540 est
2985 4484 3106 4541 hac
3182 4484 3441 4556 epistola.
3502 4489 3622 4554 Quo

189 4574 397 4627 docet:
435 4579 493 4627 ut
528 4572 787 4627 videatur
816 4571 1220 4627 Adamantium
1270 4571 1434 4627 illum
1473 4574 1644 4644 plane
1690 4574 1851 4643 lgno-
1886 4560 1930 4625 Ι)
1963 4582 2238 4645 tempore,
2289 4588 2397 4629 nec
2454 4572 2774 4628 Demetrius
2818 4573 3179 4630 Alexandriae
3230 4576 3475 4646 praefuit,
3525 4578 3625 4632 sed

191 4678 370 4718 rasse.
396 4661 597 4733 Neque
626 4662 747 4717 haec
779 4662 1110 4732 conjectura
1144 4676 1297 4717 mera
1352 4668 1478 4730 est;
1528 4662 1650 4731 ipse
1701 4663 1857 4719 enim

192 4754 266 4804 de
299 4751 501 4821 quinto
532 4750 781 4806 concilio
807 4766 1002 4821 agens,
1056 4750 1176 4806 haec
1220 4750 1416 4806 scribit
1449 4766 1461 4805 :
1512 4751 1639 4807 Fuit
1689 4752 1859 4808 etiam

193 4847 444 4914 tempore
471 4844 786 4899 Iustiniani
816 4842 1086 4911 Origenes
1133 4841 1411 4914 episcOpus
1457 4843 1856 4912 Manbagensis,

198 4934 303 5001 qui
329 4932 824 5003 metempsychosin
846 4932 1100 4998 asseruit,
1131 4931 1598 4988 resurrectionem
1626 4948 1855 5004 negans.

200 5028 271 5076 At
306 5022 397 5077 hic
428 5022 569 5092 ipse,
600 5036 766 5092 quem
821 5036 1154 5092 episcOpum
1197 5020 1637 5092 Manbagensem
1668 5026 1836 5077 vocat

198 5111 351 5165 alius
384 5127 498 5166 non
525 5117 641 5166 erat
666 5126 835 5180 quam
879 5110 1152 5179 Origenes
1193 5110 1580 5181 Adamantius,
1632 5112 1859 5166 notissic

199 5216 329 5255 mus
361 5201 459 5257 ille
499 5200 710 5256 scholae
741 5199 1138 5256 Alexandrinae
1170 5199 1464 5269 praefectus
1490 5209 1542 5254 et
1596 5200 1860 5256 Demetrii

200 5288 588 5356 synchronus.
623 5287 768 5342 Eum
814 5293 1023 5354 tamen,
1081 5286 1127 5341 si
1177 5286 1451 5357 Eutycbio
1502 5286 1632 5343 huic
1676 5290 1857 5345 credi-

196 5393 347 5440 mus,
391 5376 755 5432 Justinianus
811 5376 1118 5445 imperator
1165 5376 1716 5447 Constantinopolim
1765 5394 1859 5435 ac-

200 5466 447 5532 cersivit,
482 5472 537 5520 et
589 5464 901 5536 Eutychius
957 5466 1280 5535 patriarcha
1327 5466 1861 5539 Constantinopoli-

191 5558 361 5610 tanus
394 5554 942 5612 excommunicavit.
984 5554 1209 5610 Addidit
1255 5563 1442 5611 autem
1496 5555 1585 5613 illi
1634 5559 1748 5612 tres
1797 5557 1861 5615 in

190 5642 395 5701 itinere
441 5652 497 5702 et
562 5643 1155 5701 excommunicatione
1209 5645 1469 5715 comites,
1522 5644 1679 5700 Ibam
1735 5645 1858 5717 epi-

511 5766 793 5827 PATitUL.
841 5761 952 5826 αι.
998 5761 1070 5824 γ.

1966 4663 2247 4731 Julianus,
2274 4677 2379 4718 nec
2410 4662 2603 4718 Victor
2635 4662 2854 4729 Romae,
2899 4663 2996 4718 sed
3051 4661 3411 4721 Eleutherus.
3462 4665 3626 4722 Certe

1968 4767 2097 4807 cum
2128 4751 2382 4824 epistolae
2414 4766 2481 4808 ex
2514 4750 2733 4808 oriente
2763 4752 2834 4807 ad
2868 4750 3150 4808 Victorem
3181 4753 3250 4808 de
3280 4754 3625 4810 celebrando

1969 4841 2240 4898 Paschate
2286 4841 2472 4897 missae
2531 4847 2686 4910 sunt,
2741 4839 3039 4898 Narcissus
3100 4841 3624 4913 Hierosolymorum

1968 4930 2267 5000 episcopus
2297 4929 2442 4998 fuit;
2491 4928 2644 4985 inter
2700 4929 2980 4985 Gaianum
3036 4937 3249 4998 autem,
3302 4946 3471 5002 quem
3522 4931 3625 4987 Ga-

1968 5018 2126 5075 bium
2157 5017 2400 5089 appellat
2430 5017 2767 5087 Eulyehius,
2799 5024 2852 5073 et
2885 5018 3237 5083 Narcissum,
3281 5035 3486 5075 novem
3522 5037 3625 5089 pa-

1970 5110 2229 5168 triarchas
2276 5107 2685 5177 Hierosolymis
2741 5107 3028 5163 sederunt.
3080 5107 3274 5179 Neque
3322 5124 3450 5165 vero
3509 5109 3626 5166 ulla

1967 5206 2147 5256 exstat
2204 5197 2476 5252 memoria
2529 5196 2753 5267 scriptae
2806 5196 2873 5251 ad
2934 5197 3216 5254 Victorem
3257 5214 3290 5252 a
3344 5201 3626 5256 Demetrio

1967 5286 2254 5359 epistoias;
2288 5284 2544 5353 episcopi
2577 5288 2796 5339 tantum
2853 5284 3153 5341 Palestina:
3206 5286 3464 5343 indicant
3490 5288 3625 5345 Ale—

1966 5377 2280 5432 xandrinos
2310 5387 2503 5427 secum
2538 5372 2597 5427 in
2627 5374 2719 5428 die
2764 5372 3052 5429 Paschalis
3101 5374 3459 5433 observando
3487 5395 3629 5436 con-

1968 5466 2199 5529 sentire,
2232 5463 2403 5532 idque
2435 5464 2628 5532 patere
2658 5478 2727 5518 ex
2756 5462 2961 5519 litteris
2985 5464 3051 5519 ad
3105 5480 3169 5520 se
3208 5466 3455 5524 invicem
3490 5470 3627 5526 mis-

1968 5556 2069 5620 sis,
2102 5553 2258 5609 nulla
2290 5549 2561 5607 Demetrii
2592 5551 2882 5608 mentione
2932 5552 3098 5608 facta.
3153 5555 3284 5621 Quae
3326 5555 3469 5611 dixit
3518 5558 3623 5628 igi-

1971 5652 2057 5702 tur
2087 5645 2157 5699 de
2214 5641 2500 5698 Demetrio
2558 5640 2894 5712 Eutychide,
2949 5659 3017 5700 ex
3070 5643 3315 5702 archivis
3366 5645 3626 5702 Ecclesiae

3350 5763 3389 5821 8
