3990 6136
386 317 502 380 233

1425 311 1490 373 S.
1537 309 1932 372 IGNATIUS.
1978 339 2057 353 —
2098 307 2714 372 PROLEGOMENA.

3676 319 3792 377 236

387 452 786 510 Alexandrinas
820 465 935 506 non
966 449 1200 518 habuit;
1239 448 1534 505 videamus
1576 462 1649 502 an
1694 445 1935 502 certiora
1965 447 2034 502 de
2066 446 2117 514 Α
2149 445 2262 518 ipse
2317 445 2416 502 ille
2488 447 2814 518 patriarcha
2867 449 3116 507 Adriano
3174 451 3358 508 dictus
3413 452 3483 509 de
3536 453 3792 528 episcopo

387 543 731 610 Alexandro,
780 545 885 596 sub
935 555 1045 611 quo
1093 546 1337 595 veterem
1396 537 1871 594 consuetudinem
1938 537 2038 592 de-

389 635 550 690 siisse
577 634 677 697 ait,
711 632 919 688 tradat:
944 629 1277 694 Alexander,
1301 629 1504 698 inquit,
1532 627 1800 682 Achillam
1830 629 2042 681 socium

387 740 571 788 suum,
604 722 702 793 qui
731 724 859 776 ante
895 723 1074 791 ipsum
1115 717 1446 790 patriarcha
1499 719 1704 787 fuerat,
1753 715 1819 771 de
1863 716 2042 787 gradu

386 811 756 885 patriarchali
783 809 995 879 deiecit,
1027 808 1182 879 quia,
1216 808 1355 862 Ario
1375 813 1603 876 recepto,
1651 808 1842 862 contra
1886 805 2043 861 Petri

387 904 758 960 Alexandrini
819 899 1146 956 mandatum
1193 903 1420 969 fecerat.
1483 898 1624 953 Cum
1689 897 1811 967 ipse
1874 904 2040 952 antea

385 996 694 1060 narrasset,
728 989 1036 1058 Achillam,
1088 996 1381 1059 postquam
1427 1004 1522 1043 sex
1567 1002 1750 1043 annos
1797 989 2036 1055 sederat,

387 1089 674 1137 mortuum
707 1081 899 1135 fuisse.
933 1077 1225 1143 Quomodo
1257 1078 1426 1147 igitur
1464 1077 1532 1131 ad
1583 1076 1756 1131 finem
1807 1075 2037 1131 concilii

387 1170 628 1237 Nicaeni,
655 1171 977 1226 Alexander
1003 1183 1130 1223 eum
1154 1168 1222 1222 de
1270 1167 1444 1238 gradu
1488 1165 1856 1237 patriarchali
1899 1165 2038 1235 deji-

385 1277 513 1316 cere
539 1260 768 1331 potuit?
804 1258 1035 1329 Decepit
1064 1273 1217 1323 eum,
1249 1264 1309 1311 ut
1341 1258 1565 1326 opinor,
1589 1256 1841 1311 nominis
1873 1255 2036 1310 simi-

377 1351 587 1406 litudo.
624 1351 753 1404 Erat
792 1349 944 1404 enim
976 1346 1226 1402 Achillas
1256 1347 1485 1416 quidam
1531 1344 1845 1416 presbyter,
1900 1345 2034 1400 Ario

383 1439 768 1508 consentiens,
802 1453 971 1508 quem
1005 1436 1173 1491 simul
1206 1451 1335 1491 cum
1384 1435 1517 1490 Ario
1567 1436 2030 1490 excommunica-

376 1531 460 1586 vit
491 1529 823 1584 Alexander.
861 1526 985 1584 Non
1013 1531 1096 1580 est
1125 1524 1300 1595 igitur
1327 1525 1470 1578 adeo
1501 1523 1612 1578 fide
1662 1521 1870 1594 dignus
1922 1522 2028 1577 Eu-

376 1618 625 1688 tychius,
657 1624 716 1671 ut
749 1616 799 1670 ei
858 1622 954 1670 aut
1003 1613 1132 1683 soli,
1177 1620 1272 1667 aut
1320 1612 1502 1682 primo
1561 1612 1729 1682 hujus
1780 1611 2030 1667 historiae

375 1706 657 1764 conditori
689 1705 1004 1760 credamus.

2146 535 2532 592 Alexandrino
2561 536 2806 608 intelligi
2861 539 3068 596 debere
3125 540 3287 596 nullo
3336 543 3502 598 modo
3556 545 3788 600 videtur"

2146 623 2271 680 Non
2299 632 2515 680 tantum
2537 625 2668 694 quia
2702 626 2898 682 titulus
2925 628 3024 684 ille
3055 630 3199 685 nulli
3238 631 3503 702 episcopo
3551 647 3614 688 ea
3661 642 3789 690 aeta-

2149 717 2223 781 te,
2255 717 2353 768 aut
2384 715 2642 785 sequenti
2671 717 2878 772 seculo
2910 717 3157 774 tributus
3188 735 3312 775 esse
3359 729 3621 792 appareat
3649 741 3662 790 ;
3695 725 3790 780 sed

2147 805 2374 875 etquod
2406 821 2472 862 ea
2510 822 2636 878 quae
2669 809 2737 864 de
2766 809 3083 878 patriarcha
3107 818 3300 866 narrat
3345 813 3645 884 Adrianus,
3677 815 3793 886 epi-

2147 910 2322 965 scopo
2355 895 2748 953 Alexandrino
2806 899 3052 954 minime
3108 901 3475 956 conseniant.
3527 902 3674 970 Cum,
3705 904 3788 961 in-

2146 984 2271 1054 quit
2320 985 2618 1056 Egyptum
2670 989 2920 1049 venerit;
2965 987 3209 1058 lequitur
3265 989 3432 1060 igitur
3478 991 3545 1046 de
3586 1008 3649 1048 eo
3700 993 3790 1063 qui

2143 1073 2498 1129 Alexandriae
2563 1075 2822 1134 habitare
2877 1092 2993 1132 non
3052 1077 3288 1148 solebat,
3346 1079 3440 1134 sed
3498 1079 3789 1150 aliquando

2142 1165 2364 1217 tantum
2402 1165 2702 1234 Egyptum
2733 1166 2914 1234 adire,
2974 1174 3166 1238 utpote
3219 1167 3315 1238 qui
3355 1168 3414 1224 in
3459 1168 3567 1224 alia
3609 1170 3789 1240 aliqua

2141 1251 2370 1320 regione
2401 1254 2634 1310 viveret.
2667 1254 2807 1310 Cum
2862 1256 3002 1312 forte
3043 1258 3342 1327 Egyptum
3391 1266 3619 1328 peteret,
3655 1275 3780 1317 coa-

2147 1347 2274 1396 ctus
2304 1348 2384 1396 est
2416 1357 2533 1397 non
2565 1347 2786 1400 tantum
2833 1346 3187 1416 Serapidem,
3236 1347 3336 1402 sed
3395 1350 3454 1404 et
3510 1349 3787 1404 Christum

2143 1428 2453 1497 oolere;ah
2477 1434 2773 1504 utriusque
2821 1436 2992 1505 igitur
3037 1437 3194 1490 cultu
3248 1443 3365 1492 erat
3426 1437 3664 1494 alienus.
3696 1437 3791 1494 Mi-

2142 1535 2236 1576 ror
2283 1522 2472 1591 itaque
2529 1523 2793 1594 cuiquam
2848 1525 2907 1580 in
2967 1534 3216 1582 mentem
3274 1527 3472 1583 venire
3528 1529 3786 1598 potuisse»

2140 1609 2260 1666 haec
2293 1611 2361 1666 de
2403 1611 2669 1682 episcopo
2726 1615 3118 1671 Alexandrino
3161 1616 3311 1672 dicta
3369 1616 3592 1685 fuisse;
3633 1620 3785 1688 quasi

2137 1698 2234 1756 ille
2267 1703 2571 1772 Egyptum
2603 1701 2910 1772 aliquando
2943 1711 3158 1759 tantum
3195 1711 3434 1774 peteret,
3469 1714 3519 1761 et
3551 1722 3676 1762 cum
3707 1707 3784 1762 ibi

447 1795 778 1863 Respondeo
811 1793 996 1859 tertio,
1031 1792 1197 1861 plane
1228 1789 1568 1845 incredibile
1593 1804 1736 1856 csso,
1791 1795 1853 1844 ut
1895 1789 2028 1844 nul-
2055 1815 2103 1881 Β
2137 1795 2305 1858 esset,
2337 1788 2626 1846 Christum
2673 1791 2859 1847 colere
2906 1801 3199 1861 cogeretur
3233 1818 3246 1861 ;
3297 1795 3608 1865 prazsertim
3659 1811 3780 1852 cum

383 1884 471 1939 lus
503 1884 666 1939 fuerit.
703 1884 764 1938 in
797 1889 908 1937 tota
951 1881 1189 1951 {Egypto
1246 1881 1546 1951 episcopus
1595 1887 1800 1950 praeter
1839 1879 2021 1934 solum

375 1973 844 2039 Alexandrinum,
911 1979 1042 2026 ante
1099 1970 1372 2026 Demetrii
1431 1969 1914 2039 patriarchatum;
1971 1975 2025 2024 et

373 2063 742 2118 assertionem
785 2062 1125 2117 contrariam
1159 2076 1228 2114 ex
1258 2059 1490 2129 optimis
1523 2058 1768 2115 historiis
1817 2074 2024 2113 monu-

371 2153 583 2207 mentis
612 2150 988 2207 demonstrari
1019 2166 1207 2220 posse.
1269 2149 1490 2219 Scripta
1540 2155 1624 2216 est
1670 2147 1905 2217 epistola
1952 2147 2023 2202 ab

371 2244 629 2300 Adriano
659 2242 1002 2312 imperatore
1040 2241 1108 2294 ad
1151 2239 1486 2295 Servianum
1531 2237 1823 2294 consulem
1871 2237 2022 2293 circa

371 2349 402 2387 a
434 2335 496 2386 D.
531 2331 636 2386 432
675 2331 966 2400 sexaginta
1022 2329 1199 2383 ferme
1259 2328 1428 2383 annis
1483 2335 1788 2398 antequam
1842 2326 2022 2381 factus

371 2425 457 2477 est
488 2419 810 2492 patriarcha
838 2417 1196 2474 Demetrius:
1229 2432 1345 2473 non
1379 2417 1531 2472 enim
1574 2417 1672 2472 ille
1721 2416 2020 2485 episcOpus

371 2510 551 2564 factus
581 2515 657 2563 est
692 2525 722 2561 a
754 2513 818 2562 Ι).
857 2507 978 2575 175,
1035 2513 1096 2561 ut
1141 2504 1380 2560 immani
1435 2503 1865 2575 prochronismo
1915 2505 2016 2559 do-

367 2605 452 2654 cet
484 2596 798 2652 Salmasius
827 2595 885 2650 in
918 2597 1239 2666 Apparatu;
1274 2595 1371 2649 sed
1403 2608 1555 2649 anno
1585 2593 1885 2649 Commodi
1916 2593 2016 2648 de-

363 2686 536 2749 cimo,
571 2692 627 2739 ut
672 2684 834 2739 reri-rt
897 2682 1167 2738 Eusebius
1225 2682 1284 2737 in
1333 2681 1624 2747 Chronico,
1665 2682 1818 2737 circa
1862 2698 1913 2736 a.
1950 2682 2012 2737 D.

364 2775 486 2828 190.
522 2773 681 2829 Hanc
723 2773 921 2828 Latine
970 2771 1236 2842 scriptam
1295 2771 1549 2842 Phlegon
1612 2770 1846 2826 libertus
1893 2771 2017 2840 ejus

359 2862 732 2931 conservavit,
782 2865 840 2917 et
913 2861 1138 2915 Flavius
1194 2859 1470 2930 V0piscus
1519 2874 1585 2914 ex
1633 2875 1699 2915 eo
1743 2859 2014 2914 transcri-

358 2953 495 3024 psit,
530 2958 588 3006 ut
617 2951 737 3020 ipse
768 2951 939 3005 refert
968 2949 1028 3004 in
1066 2950 1198 3004 Vita
1229 2948 1542 3003 Saturnini.
1580 2948 1759 3017 Hujus
1809 2947 2016 3017 episto-

357 3042 426 3097 la:
468 3041 636 3096 verba
691 3043 864 3094 sunt:
925 3038 1239 3109 ﬂgyptum,
1300 3054 1465 3107 quam
1522 3035 1666 3092 mihi
1723 3035 2009 3105 laudabas,

353 3129 629 3188 Serviano
658 3129 999 3194 charissime,
1032 3135 1204 3182 totam
1232 3126 1407 3181 didici
1449 3127 1638 3193 levem,
1686 3125 2002 3196 pendulam,

2133 1885 2438 1948 utrumque
2468 1880 2790 1936 Judeeorum
2850 1883 3184 1950 patriarchae
3243 1899 3306 1938 ea
3355 1892 3518 1940 aetate
3559 1886 3783 1941 notissi-

2131 1973 2367 2022 motam
2401 1967 2576 2038 probe
2635 1971 2959 2025 conveniat.
3024 1972 3350 2027 Judaeorum
3409 1974 3780 2044 patriarcham

2129 2053 2415 2124 intelligo,
2441 2057 2536 2126 qui
2562 2056 2622 2112 in
2644 2056 2946 2113 PalmSIina
2986 2060 3228 2125 vivebat,
3261 2077 3376 2116 non
3413 2063 3513 2132 qui
3542 2063 3782 2118 Alexan-

2130 2142 2269 2199 driae
2297 2145 2640 2201 constitutus
2672 2146 2798 2212 fuit,
2833 2154 2891 2202 ut
2935 2148 3205 2218 putabant
3261 2152 3480 2206 Petitus
3509 2159 3560 2206 et
3596 2153 3784 2206 Petrus

2129 2248 2161 2287 a
2193 2231 2402 2289 Marce.
2436 2233 2516 2288 De
2547 2250 2658 2304 quo
2684 2235 2939 2306 loquitur
2968 2237 3241 2306 Origenes
3299 2239 3436 2311 Περὶ
3489 2238 3699 2314 ἀρχῶν,
3733 2240 3774 2297 l.

2129 2337 2206 2388 ιν,
2240 2337 2291 2378 c.
2326 2322 2348 2377 l
2383 2339 2395 2376 :
2429 2322 2632 2379 Dicunt
2661 2339 2982 2394 permanere
3030 2326 3209 2382 adhuc
3246 2327 3564 2401 principem
3603 2345 3670 2385 ea:
3697 2345 3783 2400 ge-

2124 2424 2257 2465 nere
2285 2409 2465 2478 Iudae,
2521 2413 2712 2479 istum,
2762 2413 3041 2483 uidelicet,
3088 2417 3189 2486 qui
3235 2424 3315 2472 est
3361 2418 3544 2488 gentis
3595 2435 3777 2474 eorum

2123 2501 2400 2570 princeps,
2431 2516 2594 2572 quem
2624 2503 2915 2557 nominant
2961 2505 3362 2575 patriarcham.
3413 2508 3683 2579 Loquitur
3711 2509 3778 2565 de

2125 2604 2184 2645 re
2209 2589 2340 2659 ipsi,
2372 2605 2504 2646 cum
2541 2590 2959 2648 Alexandrinus
2988 2602 3155 2666 esset,
3204 2611 3318 2652 non
3377 2598 3728 2668 incomperta
3759 2613 3772 2664 ;

2123 2684 2178 2733 et
2209 2679 2592 2748 patriarcham
2624 2695 2742 2736 non
2776 2681 2908 2738 huic
2957 2691 3056 2738 aut
3108 2684 3193 2740 illi
3243 2685 3461 2756 regioni
3503 2687 3773 2757 praeposi-

2123 2775 2266 2834 tum,
2295 2770 2392 2825 sed
2426 2770 2596 2826 totius
2620 2772 2808 2842 gentis
2845 2774 3161 2845 principem
3209 2775 3500 2832 describit.
3535 2779 3637 2833 Hic
3666 2775 3776 2847 igi-

2123 2866 2214 2912 tur
2253 2860 2303 2914 si
2362 2860 2505 2916 l'orte
2562 2863 2862 2932 £gyptum
2923 2865 3163 2929 veniret,
3223 2873 3276 2921 et
3332 2867 3664 2937 Serapidem
3721 2874 3771 2922 et

2120 2947 2404 3004 Christum
2428 2947 2614 3005 colere
2634 2950 2962 3020 cogebatur,
2999 2953 3512 3025 Patriarchaigitur
3541 2957 3772 3012 Adriani

2118 3052 2248 3092 cum
2287 3037 2756 3109 archisynagogis
2818 3039 3148 3096 Judteorum
3199 3042 3394 3110 procul
3453 3044 3630 3100 dubio
3664 3060 3771 3100 nu-

2117 3126 2426 3180 merandus
2454 3133 2558 3182 est.
2619 3126 2825 3182 Christi
2866 3135 3054 3183 autem
3103 3129 3374 3200 episcOpi,
3408 3137 3462 3186 et
3504 3130 3772 3188 Christia-

355 3185 491 3274 etad
515 3219 701 3271 omnia
721 3218 890 3287 fama?
909 3185 1184 3270 momenta
1225 3214 1565 3270 volitantem.
1601 3185 1695 3268 Illi
1719 3212 1817 3284 qui
1845 3185 2004 3267 Sera;
2034 3185 2077 3252 θ
2117 3229 2319 3270 norum
2363 3215 2673 3286 presbyteri
2705 3216 2778 3270 ad
2819 3185 3153 3273 Ecclesiam.
3176 3185 3562 3290 Egyptiacam
3599 3185 3769 3290 perli-

353 3312 450 3382 pin
482 3309 685 3378 colunt,
719 3308 1030 3363 Christiani
1057 3314 1224 3361 sunt:
1255 3310 1304 3361 et
1332 3305 1512 3360 devoti
1538 3311 1666 3359 sunt
1694 3303 1889 3373 Serapi
1907 3307 2002 3373 qui
2109 3301 2341 3358 nebant.
2376 3305 2441 3358 Et
2474 3312 2624 3360 recte
2654 3305 2802 3360 inter
2850 3322 3075 3374 sparsos
3107 3308 3175 3362 ad
3205 3309 3298 3377 jus
3350 3309 3770 3366 Iustinianeum

352 3413 410 3453 se
431 3397 639 3452 Christi
652 3398 928 3466 episcopos
968 3395 1183 3450 dicunt.
1235 3394 1400 3448 Nemo
1443 3393 1563 3446 illic
1608 3393 1998 3462 archisynago-
2110 3392 2276 3447 ﬂores
2302 3392 2561 3447 observat
2604 3396 2765 3462 Hugo
2819 3394 3090 3450 Grotius:
3138 3395 3439 3469 Episcopo:
3492 3399 3766 3455 Christia—

353 3503 452 3557 gus
471 3485 808 3549 Iudaeorum,
830 3499 986 3539 nemo
1008 3483 1318 3537 Samarztis.
1369 3496 1527 3536 nemo
1559 3480 1999 3537 Christianorum
2106 3497 2204 3537 nos
2231 3498 2268 3536 a
2298 3481 2633 3553 presbyteris
2663 3482 2964 3553 distinguit
3011 3484 3292 3541 Adrianus
3339 3488 3658 3557 imperator,
3711 3488 3769 3543 in

347 3578 765 3647 presbyter,non
784 3571 1226 3635 mathematicus,
1249 3585 1756 3640 nonaruspex,non
1779 3571 1996 3640 aliptes.
2107 3569 2345 3640 epistola
2403 3585 2530 3641 quae
2590 3579 2674 3626 est
2742 3572 2893 3644 apud
2952 3573 3241 3644 Vopiscum
3297 3573 3621 3631 Saturnino.
3683 3579 3762 3632 An

349 3669 468 3735 Ipse
494 3667 590 3720 ille
611 3662 946 3736 patriarcha
966 3677 1092 3715 cum
1116 3665 1404 3730 Egyptum
1429 3658 1741 3728 uenerit,ab
1761 3660 1894 3716 aliis
1910 3660 1998 3715 Se-
2105 3661 2258 3717 enim
2292 3662 2360 3716 de
2389 3662 2506 3717 illis
2538 3664 2614 3716 ita
2645 3661 2972 3732 loqueretur
2999 3663 3301 3732 Adrianus,
3349 3666 3397 3721 si
3447 3666 3760 3736 presbyteri

347 3757 592 3826 rapidem
617 3752 948 3818 adorare,ab
971 3751 1102 3805 aliis
1131 3752 1345 3820 cogitur
1375 3749 1672 3805 Christum.
1707 3749 1995 3806 Habemus
2103 3750 2208 3806 soli
2263 3750 2323 3806 in
2381 3751 2617 3821 Egypto
2670 3759 2804 3807 tunc
2851 3751 3127 3822 temporis
3183 3753 3446 3823 fuissent,
3508 3755 3754 3825 episcopi

348 3846 440 3900 hic
473 3843 872 3914 patriarcham,
924 3840 1125 3896 Christi
1173 3839 1488 3908 episcopos,
1539 3847 1593 3895 et
1641 3839 1994 3896 Christiano-
2103 3841 2288 3896 nulli?
2315 3841 2517 3897 Mirum
2546 3841 2960 3913 subterfugium
2995 3851 3076 3899 est
3100 3860 3209 3915 quo
3231 3847 3406 3902 utitur
3438 3847 3752 3904 Seldenus:

344 3950 468 3990 rum
503 3932 874 4004 presbyteros.
907 3931 974 3985 Et
1005 3928 1383 3999 patriarcham
1416 3928 1642 3998 quidem
1696 3945 1812 3984 non
1863 3936 1988 3986 tan-
2098 3932 2216 3986 Non
2251 3935 2365 3986 tam
2394 3931 2462 3986 de
2492 3932 2776 4003 episcopis,
2818 3949 2986 4004 quam
3023 3935 3087 3988 de
3125 3933 3204 3990 eis
3249 3937 3344 4006 qui
3377 3952 3437 3991 se
3485 3936 3754 4007 episcopos

344 4031 466 4079 tum
509 4021 892 4084 Casaubonus,
947 4019 1041 4072 sed
1099 4025 1153 4072 et
1207 4016 1518 4071 Salmasius
1570 4033 1670 4087 pro
1727 4017 1991 4089 episcOpo
2100 4021 2178 4075 ibi
2209 4021 2422 4091 dixere,
2458 4022 2709 4092 loquitur
2736 4022 3059 4084 Adrianus;
3102 4025 3260 4095 quasi
3292 4025 3391 4096 qui
3437 4043 3498 4083 se
3541 4026 3753 4097 episco-

343 4112 729 4170 Alexandrino
763 4109 949 4164 habet.
981 4109 1062 4162 En
1091 4108 1429 4178 episcopum,
1462 4107 1649 4177 inquit
1700 4107 1816 4176 ille,
1866 4109 1986 4164 Ale-
2098 4125 2202 4182 pos
2242 4110 2452 4178 dixere,
2485 4109 2738 4180 episcopi
2778 4127 2892 4166 non
2925 4118 3136 4166 essent.
3185 4113 3312 4168 Non
3361 4129 3458 4170 eos
3510 4123 3756 4182 accusat,

341 4202 687 4259 xandrinum
720 4195 957 4252 Adriani
984 4197 1318 4268 temporibus
1339 4196 1712 4265 patriarcham
1742 4196 1947 4252 dictum
1968 4201 1993 4250 .9
2096 4199 2244 4269 quod
2280 4214 2490 4255 nomen
2529 4197 2889 4266 simularent,
2920 4204 3018 4254 aut
3048 4200 3244 4256 ﬁctum
3280 4201 3388 4257 sibi
3430 4210 3753 4263 sumerent;

340 4293 458 4346 Non.
491 4288 663 4359 igitur
691 4295 801 4341 tam
832 4301 1017 4340 recens
1053 4291 1129 4340 est
1163 4283 1500 4357 patriarchae
1543 4301 1742 4340 nomen
1786 4287 1846 4340 in
1891 4287 1988 4341 Ec-
2094 4289 2188 4344 sed
2227 4289 2376 4358 quod
2409 4287 2739 4358 religionem
2775 4289 3098 4358 proderent,
3133 4291 3279 4360 quod
3333 4291 3572 4362 Sarapin
3607 4291 3754 4347 cole-

341 4379 505 4434 clesia
536 4377 872 4442 Christiana,
905 4392 1069 4446 quam
1119 4374 1345 4447 quidam
1386 4374 1564 4429 videri
1609 4375 1822 4441 volunt,
1872 4377 1990 4445 qui-
2095 4381 2242 4442 rent,
2274 4377 2372 4447 qui
2409 4392 2467 4433 se
2498 4393 2612 4432 non
2646 4377 2985 4448 simpliciter
3029 4379 3345 4450 episcopos,
3395 4384 3493 4437 sed
3547 4378 3751 4437 Christi

343 4468 438 4522 bus
464 4468 638 4538 placet
668 4481 766 4520 nec
792 4463 1006 4522 Nicwni
1030 4462 1204 4536 primi
1231 4463 1458 4518 concilii
1486 4471 1643 4531 etas,
1677 4468 1828 4519 tanto
1866 4468 1986 4534 post
2092 4467 2390 4537 episcOpos
2433 4468 2709 4531 dicerent,
2770 4469 3021 4536 adeoque
3077 4467 3420 4524 Christianas
3461 4469 3748 4541 religionis

339 4556 646 4611 Adrianum
677 4554 998 4624 intervallo,
1030 4555 1302 4608 usitatum
1332 4552 1475 4607 illud
1522 4553 1668 4608 inter
1715 4552 1986 4608 Christia-
2019 4551 2065 4615 D
2097 4571 2292 4611 curam
2325 4555 2431 4610 sibi
2465 4555 2648 4624 primo
2680 4556 2804 4611 loco
2837 4555 3227 4625 vindicarent;
3262 4561 3410 4626 quod
3457 4575 3588 4614 cum
3619 4557 3750 4613 alia-

333 4661 431 4700 nos
461 4647 632 4715 fuisse
659 4661 755 4715 pro
777 4660 836 4698 eo
865 4645 964 4715 qui
992 4645 1096 4697 toti
1123 4641 1343 4697 diacesi
1373 4651 1633 4712 priter-at,
1679 4649 1734 4696 et
1780 4644 1981 4699 diace-
2091 4660 2216 4700 rum
2261 4644 2644 4700 Ecclesiarum
2704 4644 2963 4714 episc0pi
3021 4646 3089 4700 ad
3149 4647 3595 4703 sacriﬁcandum
3645 4645 3748 4699 diis

332 4751 450 4790 seos
479 4735 750 4788 exarchus
773 4734 1074 4786 dicebatur.
1110 4731 1251 4798 Quas
1280 4730 1420 4785 alibi
1448 4731 1701 4802 refellam
1717 4747 1739 4791 ,°
1786 4739 1836 4786 et
1887 4748 1980 4786 sa-
2089 4733 2384 4804 gentilium
2417 4735 2542 4802 cogi
2575 4734 2734 4790 nullo
2767 4736 2934 4788 modo
2968 4743 3225 4805 possent,
3257 4735 3341 4790 illi
3387 4736 3460 4791 ob
3518 4737 3742 4791 insitam

330 4828 400 4881 tis
431 4825 523 4881 hic
557 4825 705 4880 locus
761 4827 1032 4892 con/utut.
1085 4824 1379 4885 Quomodo
1431 4822 1744 4890 praestiterit
1793 4829 1983 4891 postea
2090 4824 2245 4893 genti
2299 4824 2586 4878 levitatem
2644 4823 2900 4893 Serapim
2953 4825 3277 4880 adorarent.
3337 4825 3417 4880 De
3469 4825 3749 4896 epiSCOpis

332 4917 386 4970 id
419 4915 565 4985 quod
599 4914 709 4970 hoc
740 4912 866 4967 loco
916 4910 1222 4980 promittit,
1270 4909 1396 4964 aliis
1434 4910 1860 4978 disquirendum
1895 4926 1981 4966 re-
2089 4911 2261 4979 igitur
2294 4912 2539 4981 loquitur
2568 4912 2893 4967 Adrianus:
2921 4912 3102 4984 Neque
3137 4920 3322 4968 autem
3368 4913 3502 4970 hinc
3555 4914 3743 4984 sequi-

330 5009 545 5076 linquo.
579 5006 739 5060 Certe
793 5003 934 5057 libro
985 5001 1054 5054 De
1106 5000 1360 5069 primatu
1407 5017 1582 5070 papae,
1633 5017 1759 5070 cap.
1791 5002 1844 5065 4,
1879 5017 1978 5057 no-
2089 5008 2203 5065 tur,
2235 5001 2545 5070 episcopum
2581 5000 2659 5054 ibi
2703 5002 2878 5070 fuisse
2926 5011 3058 5057 tunc
3105 5002 3347 5073 aliquem
3398 5013 3611 5074 praeter
3654 5017 3747 5072 pa-

329 5111 462 5150 men
497 5093 830 5164 patriarchas
861 5091 1048 5144 adhuc
1097 5091 1318 5157 retinet,
1373 5091 1442 5143 de
1490 5089 1734 5144 exarcho
1772 5091 1982 5146 dioece-
2087 5088 2387 5143 triarcham
2419 5089 2616 5154 alium,
2668 5105 2776 5159 qua
2825 5093 3067 5161 episcopi
3112 5107 3311 5146 nomen
3355 5098 3453 5147 aut
3500 5093 3743 5163 dignitas

327 5201 450 5240 seos
479 5185 664 5253 aliter,
701 5185 924 5251 opinor,
979 5178 1170 5233 sentit.
1219 5178 1278 5232 Si
1328 5180 1452 5249 quis
1504 5179 1823 5248 patriarcha
1862 5184 1980 5234 tum
2087 5176 2400 5249 presbyteri
2428 5175 2650 5232 nomine
2676 5179 2931 5250 superius
2961 5179 3233 5247 habitum,
3259 5185 3354 5236 aut
3377 5181 3442 5236 ab
3465 5197 3525 5235 eo
3555 5180 3740 5234 diver-

324 5283 542 5329 voeatus
595 5276 693 5336 est,
753 5278 816 5325 ut
869 5269 935 5323 de
986 5269 1234 5338 episcopo
1291 5268 1684 5323 Alexandrino
1749 5274 1977 5337 constat,
2086 5283 2229 5335 sum,
2257 5266 2439 5336 inquit
2470 5264 2586 5320 ille.
2620 5265 2788 5328 Quasi
2819 5283 2945 5323 vero
2974 5269 3259 5325 Adrianus
3317 5269 3639 5337 cognoverit
3677 5267 3741 5322 il-

322 5378 476 5432 quem
509 5360 744 5416 Adriani
789 5359 1138 5429 imperatoris
1181 5371 1300 5412 aevo
1350 5356 1430 5410 sic
1476 5357 1808 5425 appellatum
1863 5361 1978 5428 epi-
2087 5356 2186 5412 lud
2227 5371 2522 5422 arcanum,
2577 5356 2726 5425 quod
2779 5357 2875 5414 isti
2933 5365 3224 5428 tantopere
3270 5360 3583 5422 venditant,
3633 5357 3736 5412 ali-

319 5450 459 5505 stola
490 5451 606 5514 eius
637 5447 870 5504 ostendit
893 5449 952 5502 in
976 5445 1278 5500 Saturnini
1324 5445 1722 5501 VttaaFtavio
1749 5448 1978 5517 Vopisco
2089 5446 2315 5518 quando
2376 5444 2592 5500 eisdem
2633 5447 2821 5501 vocari
2879 5447 3175 5516 episcOpos
3230 5457 3284 5503 et
3342 5448 3736 5519 presbyteros:

318 5540 519 5611 posita,
554 5553 663 5593 non
684 5554 804 5593 eam
831 5553 930 5608 per
961 5534 1101 5589 illud
1132 5539 1340 5605 tempus
1386 5535 1646 5590 habuisse
1691 5537 1977 5606 signiﬁca-
2088 5535 2251 5607 quasi
2281 5535 2379 5590 ille
2417 5535 2803 5604 apostolornm
2865 5537 3341 5593 consuetudinem
3385 5545 3733 5607 sequeretur,

320 5628 528 5684 tionem
556 5630 766 5682 certum
798 5633 896 5694 est,
928 5640 1094 5696 quam
1137 5623 1340 5680 habuit
1389 5633 1597 5696 postea.
1647 5623 1790 5680 Mihi
1821 5641 1975 5696 vero,
2088 5634 2140 5684 et
2171 5625 2332 5681 aliter
2361 5639 2456 5680 eas
2488 5639 2649 5681 voces
2677 5625 2956 5696 acceperit
2987 5640 3056 5681 ac
3084 5625 3254 5697 vulgo
3302 5626 3570 5683 homines
3619 5634 3735 5680 tum
