3990 6136
203 293 304 358 237

963 294 1022 358 J.
1065 292 1499 362 PEARSONII
1543 294 1913 357 VINDIGIE
1956 296 2431 361 IGNATlAN/E.
2477 334 2557 354 -—
2589 303 2806 367 PARS
2849 305 2898 367 Ι.

3506 315 3626 378 238

206 435 364 493 locuti
397 443 554 491 sunt.
589 436 761 493 Certe
780 435 1065 492 Adrianus
1108 435 1404 506 episcopos
1448 451 1480 489 a
1511 433 1860 506 presbyteris
1890 439 1940 504 Α
1971 437 2134 508 solet,
2168 437 2289 494 haec
2320 439 2465 495 mire
2490 440 2560 496 ad
2591 458 2712 498 rem
2747 443 2924 500 suam
2973 449 3445 506 accommodavit.
3481 452 3628 512 Nam

206 531 382 597 aperte
411 526 751 596 distinguit,
789 526 1130 596 eosdemque
1160 526 1481 595 superiores
1537 524 1692 580 facit.
1749 524 1869 580 Pri-

205 632 286 672 mo
311 615 438 672 loco
463 614 684 671 Christi
737 616 1038 686 episcOpos
1088 615 1373 682 nominat,
1433 617 1660 670 etcum
1703 613 1868 669 Chri.

207 706 429 772 stianos,
453 712 574 759 tum
623 705 802 760 etiam
826 704 976 772 illos,
1024 704 1206 774 quasi,
1239 703 1480 773 scilicet,
1513 703 1867 760 Christiano-

203 812 321 851 rum
376 796 697 866 principes,
762 795 956 866 Serapi
985 795 1218 852 devotos
1270 810 1394 850 esse
1447 793 1622 850 dicit:
1657 800 1858 864 postea

207 885 560 956 presbyteros
581 886 874 952 nominat,
902 899 1110 956 eosque
1165 884 1327 955 quasi
1385 883 1701 948 inferiores,
1761 889 1860 938 aut

207 977 343 1031 inter
365 976 666 1046 aruspices
695 982 752 1032 et
774 975 977 1046 aliptes
1009 981 1291 1044 numerat,
1321 980 1416 1030 aut
1459 973 1751 1044 aruspices
1809 979 1866 1029 et

211 1065 409 1135 aliptas
467 1065 640 1133 facit;
698 1081 825 1137 qua
880 1065 1074 1121 omnia
1126 1063 1552 1121 distinctionem
1619 1062 1858 1119 manife-

217 1162 352 1210 stam
406 1161 462 1210 et
519 1155 904 1225 imparitatem
953 1163 1182 1219 sonant,
1233 1153 1598 1224 episcopique
1648 1167 1862 1208 nomen

214 1259 322 1299 non
355 1250 582 1298 tantum
612 1259 646 1297 a
675 1243 909 1298 nomine
938 1241 1248 1313 presbyteri
1279 1240 1633 1309 distinctum,
1665 1241 1763 1295 sed
1808 1245 1862 1294 et

209 1333 466 1402 superius
494 1331 751 1387 habitum
789 1331 1118 1388 ostendunt.

268 1439 330 1495 Ut
352 1438 623 1494 omittam
655 1455 720 1494 ea
745 1454 872 1510 qua
901 1438 970 1494 de
998 1439 1328 1508 episcopatu
1364 1437 1716 1508 Egyptiaco,
1749 1452 1860 1508 quo

202 1537 324 1585 ante
350 1528 661 1599 epistolam
678 1528 909 1584 Adriani
937 1527 1143 1584 excidit
1165 1526 1524 1596 Valentinus,
1576 1533 1633 1582 et
1675 1542 1862 1596 parm-

201 1620 318 1688 ciis,
345 1619 569 1689 quibus
608 1617 912 1688 praefectus
967 1616 1207 1673 Eusebio
1263 1615 1470 1672 dicitur
1512 1615 1857 1685 Demetrius,

201 1707 569 1765 tradiderunt
591 1706 984 1763 Hammoudus
1013 1710 1071 1761 et
1096 1706 1498 1774 Thorndicius,
1530 1712 1745 1760 certum
1777 1714 1861 1761 est

204 1813 388 1866 neque
413 1797 635 1853 Graecis
659 1811 841 1865 neque
873 1795 1084 1852 Latinis
1114 1803 1308 1852 notam
1363 1795 1540 1851 fuisse
1605 1795 1856 1851 traditio-
1888 1811 1936 1877 Β

201 1901 330 1940 nem
363 1885 532 1941 illam
567 1885 639 1940 de
670 1885 950 1954 episcopis
981 1885 1041 1940 in
1071 1885 1306 1957 Egypto
1334 1901 1369 1940 a
1422 1884 1710 1941 Demetrio
1742 1885 1855 1955 pri-

200 1990 352 2029 mum
418 1975 610 2031 factis.
669 1975 860 2029 Exstat
921 1973 1156 2029 Evaristi
1211 1974 1446 2030 nomine
1495 1973 1734 2044 epistola
1787 1974 1858 2028 ad

197 2079 400 2119 omnes
433 2079 537 2133 per
590 2067 888 2134 Egyptum
945 2062 1168 2133 fratres,
1221 2063 1329 2119 hoc
1383 2069 1468 2119 est
1525 2062 1854 2133 episcopos;

200 2153 480 2223 largimur
513 2152 925 2222 quidem,hanc
953 2151 1250 2222 epistolam
1283 2151 1519 2208 Evaristi
1549 2165 1666 2209 non
1686 2168 1808 2208 esse
1841 2171 1855 2221 ;

193 2243 284 2298 sed
321 2249 382 2297 ut
424 2249 485 2296 et
514 2241 827 2300 adversarii
867 2241 1177 2311 largiantur
1223 2255 1460 2297 necesse
1505 2249 1611 2308 est,
1663 2247 1858 2298 aucto-

201 2348 316 2388 rem
363 2331 626 2402 epistole
685 2331 877 2400 plures
930 2328 1226 2400 episcopos
1283 2331 1520 2386 Evaristi
1578 2338 1742 2387 aetate
1799 2331 1860 2386 in

201 2422 450 2492 .‘ﬁgypto
485 2421 660 2476 fuisse
689 2420 983 2490 Opinatum
1042 2436 1188 2488 esse,
1222 2421 1544 2486 Leonidam,
1599 2421 1862 2489 Origenis

205 2511 429 2566 Patrem
465 2509 574 2565 sub
598 2509 764 2565 initio
789 2509 1052 2564 Demetrii
1100 2509 1272 2565 fuisse
1306 2509 1672 2565 crediderunt
1713 2525 1859 2565 non-

201 2599 370 2654 nulli.
404 2598 492 2654 Ita
524 2605 677 2654 certe
711 2598 911 2653 Suidas
962 2613 1030 2654 ex
1075 2604 1325 2654 veterum
1375 2598 1602 2669 aliquo:
1662 2598 1864 2671 Ὠριγέ-

202 2708 295 2755 νης
333 2682 618 2753 Λεωνίδην
656 2684 773 2759 εἶχε
829 2683 1034 2758 πατέρα
1091 2683 1384 2740 ἐπίσκοπον
1443 2685 1532 2740 καὶ
1594 2687 1858 2760 μάρτυρα.

212 2781 368 2834 Idem
401 2778 579 2834 etiam
604 2781 841 2832 testatur
855 2778 1336 2849 Chrouographus
1364 2777 1511 2845 Joel,
1543 2781 1612 2834 de
1653 2779 1864 2834 Severo

209 2871 552 2940 imperatore
585 2885 796 2940 agens:
851 2867 967 2945 Ἐφ’
1025 2865 1086 2921 οὗ
1144 2865 1424 2938 Λεωνίδης
1483 2869 1512 2922 ὁ
1569 2867 1862 2927 ἐπίσκοπος

210 2958 296 3011 καὶ
327 2958 522 3030 πατὴρ
549 2957 861 3032 Ὠριγένους
911 2956 1274 3030 ἐμαρτύρησε.
1321 2959 1475 3014 Licet
1520 2960 1676 3014 enim
1723 2960 1864 3014 Leo-

214 3049 413 3104 nidem
464 3062 762 3118 nunquam
811 3047 1144 3120 episcOpum
1191 3047 1368 3103 fuisse
1401 3048 1762 3116 crediderim,
1815 3047 1864 3103 is

211 3145 403 3193 tamen
452 3144 632 3201 certe,
663 3137 918 3207 quisquis
957 3136 1080 3202 fuit,
1117 3137 1212 3207 qui
1256 3137 1500 3207 primum
1549 3136 1712 3193 illum
1753 3139 1868 3207 epi-

1976 517 2037 582 in
2067 526 2360 582 Addendis
2386 529 2454 584 ad
2488 545 2613 599 pag.
2663 530 2788 602 499,
2848 533 2887 591 Ι.
2946 550 3042 589 un
3100 537 3394 608 Apologia
3453 557 3622 600 sum:

1973 613 2215 680 Ascribe,
2276 615 2482 686 inquit,
2533 617 2820 689 Origenem
2883 623 3324 694 presbyterorum
3408 628 3625 688 decreto

1971 704 2191 774 pulsum
2205 706 2384 774 refert
2411 705 2641 762 Pbotius
2665 707 2781 764 cod.
2807 709 2933 764 297.
2960 713 3064 767 Tot
3113 715 3341 784 quidem
3395 720 3627 777 codices

1974 793 2205 848 Pbotius
2252 809 2368 850 non
2425 793 2631 864 habet;
2693 797 2790 853 sed
2842 799 2984 869 haec,
3031 801 3159 859 sine
3215 810 3621 880 controversia,

1972 882 2142 937 verba
2170 883 2417 953 respexit
2446 899 2568 955 quas
2609 901 2737 956 pag.
2765 887 2871 943 297
2902 888 3221 950 habentur:
3257 893 3318 948 Ἦ
3353 891 3409 949 δὲ
3458 897 3617 968 [Σύν-

1972 967 2123 1044 οδος]
2155 971 2471 1046 ψηφίζεται,
2504 977 2744 1048 synodus
2770 979 3048 1035 decrelum
3077 981 3239 1053 facit,
3272 967 3473 1056 inquiti
3505 989 3616 1046 Eu-

1973 1061 2162 1117 sebius
2218 1064 2366 1133 apud
2423 1063 2711 1134 Pbotium,
2763 1069 3012 1137 synodus
3049 1071 3466 1144 episcoporum,
3525 1080 3617 1135 cui

1971 1150 2350 1208 interfuerunt
2380 1153 2594 1224 aliquot
2631 1155 2959 1228 presbyteri.
3006 1159 3125 1216 Hoc
3175 1170 3364 1220 autem
3421 1167 3614 1225 decre-

1972 1245 2088 1296 tum
2124 1241 2350 1310 synodi,
2384 1243 2475 1298 cui
2522 1244 2858 1314 praesidebat
2917 1251 3255 1320 Demetrius,
3283 1257 3340 1310 et
3396 1255 3457 1312 in
3509 1274 3621 1328 qua

1969 1336 2046 1386 tot
2063 1330 2342 1387 sedebant
2373 1331 2644 1402 episcopi,
2678 1334 3010 1405 simpliciier
3051 1339 3340 1398 decretum
3394 1346 3621 1416 presby-

1969 1425 2216 1475 terorum
2249 1419 2362 1477 dici
2411 1421 2538 1491 quis
2595 1423 2778 1478 ferat?
2825 1425 2883 1480 Si
2941 1433 3050 1482 tres
3091 1430 3344 1502 episcopi
3403 1441 3621 1493 tantum

1969 1524 2099 1565 cum
2138 1509 2418 1565 Demetrio
2447 1512 2973 1584 convenissent,aut
2995 1516 3296 1589 Eusebius,
3321 1532 3418 1578 aut
3449 1524 3619 1581 Pam-

1967 1597 2157 1667 philus
2190 1599 2471 1669 synodum
2526 1601 2865 1670 appellasset
2919 1605 3321 1679 episcoporum
3351 1611 3379 1666 ?
3426 1629 3617 1672 nonne

1965 1685 2178 1756 aliquid
2213 1702 2280 1743 ex
2307 1703 2372 1742 ea
2414 1690 2701 1759 paucitate
2748 1692 3150 1764 episcoporum
3201 1699 3270 1754 ad
3329 1700 3614 1759 defensio-

1970 1791 2101 1831 nem
2129 1775 2394 1847 Origenis
2418 1778 2684 1834 traxisset
2701 1781 2977 1837 Eusebius
3002 1787 3024 1838 ?
3049 1785 3190 1840 Cum
3245 1791 3612 1857 posteriorem

1970 1864 2278 1935 quemdam
2309 1875 2651 1923 conventum
2691 1870 2980 1938 describit,
3015 1874 3110 1943 qui
3149 1878 3460 1936 sacerdotio
3481 1879 3612 1936 Ori-

1967 1969 2171 2025 genem
2207 1955 2464 2025 privavit,
2487 1959 2636 2027 quod
2668 1958 2825 2029 prius
2872 1959 2931 2016 in
2962 1964 3179 2031 synodo
3236 1966 3450 2025 factum
3495 1986 3614 2027 non

1967 2049 2052 2098 est
2083 2059 2098 2098 :
2135 2040 2286 2098 Ἀλλ’
2317 2043 2410 2118 ὅγε
2438 2046 2754 2120 Δημήτριος
2785 2047 2899 2119 ἃμα
2927 2050 3064 2104 τισὶν
3115 2051 3434 2118 ἐπισκόποις
3503 2058 3613 2112 At-

1965 2132 2216 2208 γυπτίοις
2293 2133 2383 2187 καὶ
2457 2141 2558 2203 τῆς
2617 2135 2915 2209 ἱερωσύνης
2961 2140 3334 2215 . ἀπεκήρυξε.ν,
3395 2147 3615 2218 inquit;

1969 2237 2163 2278 nonne
2194 2225 2477 2281 minorem
2509 2241 2812 2282 numerum
2833 2229 3229 2300 episcoporum
3274 2234 3332 2288 in
3391 2236 3617 2307 deposi-

1971 2311 2186 2368 tionem
2228 2313 2350 2382 ejus
2373 2315 2732 2370 consensisse
2771 2315 3016 2371 innuit?
3043 2323 3102 2374 et
3155 2337 3232 2376 an
3281 2325 3616 2394 pauciorum

1971 2416 2138 2471 quam
2162 2403 2332 2457 trium
2364 2402 2763 2473 episcoporum
2814 2405 3262 2478 subscriptiones
3308 2414 3622 2484 accepisset

1973 2491 2290 2546 Demetrius
2307 2493 2332 2543 ?
2351 2491 2410 2546 Si
2433 2499 2547 2546 tam
2581 2494 2746 2561 pauci
2768 2493 2828 2548 in
2858 2494 3160 2565 Origenem
3177 2503 3620 2577 consensissent,

1969 2577 2124 2647 iique
2151 2596 2184 2634 a
2215 2580 2500 2635 Demetrio
2519 2588 2785 2650 tanquam
2801 2583 3086 2640 auxiliarii
3112 2589 3330 2645 noviter
3350 2590 3616 2661 instituti,

1971 2668 2095 2722 sine
2125 2667 2296 2722 dubio
2335 2669 2606 2737 Origenes
2637 2670 2757 2739 ipse
2813 2672 2882 2726 de
2936 2672 3200 2745 abrogata
3257 2681 3426 2734 veteri
3477 2696 3617 2737 con-

1972 2756 2295 2825 suetudine,
2326 2757 2396 2812 de
2422 2758 2757 2814 auctoritate
2805 2776 3118 2828 paucorum
3165 2767 3619 2839 novitiorumque

1972 2847 2365 2916 episcOporum
2402 2846 2785 2915 disputasset:
2820 2849 2915 2904 ille
2945 2859 3134 2907 autem
3179 2856 3249 2910 de
3290 2858 3450 2912 novis
3500 2876 3616 2917 non

1973 2934 2275 3004 episcopis,
2307 2935 2403 2990 sed
2437 2935 2656 3001 litteris,
2676 2938 2744 2992 de
2769 2939 3158 3008 multitudine,
3208 2961 3320 3001 non
3356 2950 3424 3002 de
3480 2965 3618 3017 pan-

1973 3023 2138 3080 citate
2167 3038 2383 3090 eorum,
2417 3024 2512 3094 qui
2570 3040 2701 3080 cum
2739 3029 3015 3084 Demetrio
3060 3032 3115 3086 in
3150 3050 3209 3087 se
3267 3038 3620 3106 conspirave-

1975 3120 2122 3177 rant,
2153 3121 2492 3182 conquestus
2523 3118 2606 3170 est
2631 3132 2649 3168 :
2683 3116 2792 3170 Τοῦ
2839 3114 3040 3190 ἐχθροῦ
3097 3122 3398 3194 πικρότατα
3457 3128 3617 3198 ἡμῶν

209 3242 446 3296 scepum
483 3183 741 3291 tradidit,
761 3183 1004 3281 ciedidit
1025 3183 1322 3296 9131;30sz
1374 3226 1548 3282 fuisse
1579 3226 1638 3281 in
1694 3183 1862 3298 1Eeg-

1978 3199 2582 3274 καταστρατευσαμένου
2641 3199 2727 3256 διὰ
2778 3208 2884 3257 τῶν
2939 3211 3139 3262 καινῶν
3203 3217 3366 3267 αὑτοῦ
3443 3183 3624 3289 γραμ-

202 3321 304 3385 pto
326 3324 465 3370 ante
506 3315 926 3370 triumviratum
985 3314 1422 3383 Dionysianum.
1487 3315 1652 3372 Notat
1709 3316 1863 3371 enim

205 3404 492 3460 Seldenus
543 3404 908 3473 Demetrium,
960 3419 1250 3458 summum
1307 3404 1566 3474 Origenis
1610 3406 1866 3460 adversa-

207 3491 386 3557 rium,
422 3499 536 3546 tres
566 3490 695 3557 sibi,
726 3491 923 3561 procul
953 3491 1124 3547 dubio
1171 3493 1320 3547 velut
1369 3492 1693 3548 auxiliarios
1739 3493 1866 3562 epi-

207 3597 419 3650 scopos
439 3580 755 3636 instituisse
781 3603 796 3645 ;
826 3579 946 3635 haec
973 3579 1147 3649 igitur
1175 3580 1456 3636 institutio
1481 3582 1548 3635 ad
1583 3589 1866 3651 postrema

211 3669 486 3726 Demetrii
531 3667 938 3738 pertinet;diu
987 3669 1142 3724 enim
1201 3669 1432 3739 Origeni
1485 3669 1866 3726 amicissimus

206 3760 338 3825 fuit,
360 3762 506 3814 teste
542 3757 782 3814 Eusebio
811 3756 913 3812 lib.
935 3774 1014 3817 vr.
1039 3773 1090 3814 c.
1125 3758 1179 3811 8.
1205 3759 1347 3815 Tres
1376 3757 1566 3830 itaque
1622 3759 1866 3815 instituit

205 3847 542 3904 Demetrius
570 3847 868 3917 episcopos
901 3847 1250 3915 auxiliarios,
1303 3855 1360 3902 ut
1407 3864 1602 3904 eorum
1650 3849 1866 3905 scilicet

204 3953 314 4008 cpe
343 3937 607 4007 adjutus,
627 3936 837 4006 majore
857 3936 1208 3992 auctoritatis
1264 3938 1512 4008 pondere
1563 3937 1864 4008 Origenem

206 4028 268 4082 in
299 4026 533 4098 synodo
564 4025 942 4096 opprimeret:
994 4041 1176 4096 neque
1213 4026 1368 4082 enim
1418 4027 1714 4098 quisquam
1771 4045 1866 4100 sy-

209 4119 437 4172 nodum
469 4115 818 4170 nationalem
874 4131 1123 4185 unquam
1171 4115 1386 4172 audivit
1437 4125 1682 4172 coactam
1745 4119 1869 4173 sine

205 4206 595 4277 episeopis.At
647 4204 692 4260 si
723 4205 1044 4261 Demetrius
1084 4205 1263 4261 tribus
1299 4209 1518 4262 tantum
1553 4208 1869 4265 auxiliariis

209 4295 531 4366 episcopis,
563 4294 744 4364 iisque
764 4303 962 4350 contra
990 4294 1442 4365 antiquissimam
1475 4297 1870 4353 Alexandrinae

207 4385 514 4450 Ecclesia,
548 4383 667 4439 imo
698 4384 868 4438 totius
897 4384 1237 4454 Egyptiacaa
1278 4387 1747 4441 consuetudinem
1781 4403 1876 4442 or-

212 4475 455 4541 dinatis,
503 4473 746 4542 stipatus
791 4479 956 4543 atque
1007 4474 1394 4528 communitus
1441 4475 1709 4530 adversus
1747 4476 1875 4532 Ori—

1977 3290 2189 3361 μάτων,
2245 3289 2336 3344 καὶ
2396 3289 2618 3359 ἀληθῶς
2679 3291 2888 3366 ἐχθρῶν
2960 3301 3038 3367 sq:
3109 3299 3455 3374 Εὐαγγελὶῳ,
3532 3306 3622 3359 καὶ

1970 3379 2170 3439 πάντας
2201 3378 2330 3439 τοὺς
2370 3375 2423 3432 ἐν
2472 3377 2736 3452 Αἷγόπτῳ
2791 3380 3020 3453 ἀνέμους
3082 3387 3204 3438 παῦ’
3262 3389 3421 3459 ἡμῶν
3477 3389 3617 3465 ἐγει-

1971 3488 2184 3538 ραντος.
2217 3471 2449 3525 Inimico
2481 3471 2738 3526 adversus
2767 3489 2863 3527 nos
2916 3475 3267 3532 acerbissime
3317 3489 3616 3550 pugnante,

1970 3576 2070 3630 per
2098 3575 2226 3614 suas
2265 3575 2432 3615 novas
2468 3561 2682 3615 litteras
2723 3577 2920 3616 revera
2981 3567 3278 3636 Evangelia
3335 3568 3614 3639 inimicas,

1969 3663 2262 3718 omnesque
2291 3649 2514 3719 zEgypti
2545 3657 2727 3705 ventos
2748 3650 3002 3707 adversus
3037 3670 3136 3708 nos
3189 3659 3520 3726 concicante,
3557 3667 3616 3714 ut

1969 3737 2091 3808 ipse
2123 3738 2194 3791 de
2222 3736 2505 3792 Demetrio
2530 3738 2796 3808 loquitur,
2828 3740 2886 3794 in
2919 3743 3246 3810 praefatione
3277 3745 3413 3800 tomi
3469 3747 3615 3802 sexti

1971 3829 2032 3883 in
2061 3828 2348 3882 Joannem.
2401 3825 2460 3880 Si
2508 3826 2754 3897 denique
2802 3835 2914 3884 tres
2972 3837 3189 3886 tantum
3257 3835 3508 3905 episcopi
3548 3838 3609 3892 in

1972 3917 2206 3985 Egypto
2237 3914 2516 3971 Demetrio
2537 3915 2794 3972 auxiliati
2860 3923 3072 3990 essent,
3129 3937 3202 3976 an
3263 3925 3609 3994 synodorum

1973 4005 2199 4060 illarum
2229 4003 2472 4060 decretis
2518 4005 2903 4063 consensisset
2957 4009 3255 4066 universus
3283 4014 3457 4079 orbis,
3514 4031 3613 4070 ex-

1975 4102 2136 4164 cepta
2164 4093 2482 4163 Palaestina,
2516 4094 2745 4161 Arabia,
2779 4097 3066 4155 thnicia
3098 4108 3152 4156 et
3198 4102 3434 4169 Achaia,
3467 4107 3616 4174 quod

1975 4188 2210 4240 testatur
2241 4186 2297 4238 S.
2352 4183 2777 4251 Hieronymus?
2835 4185 2961 4241 Non
3011 4193 3094 4242 est
3143 4189 3312 4259 igitur
3357 4192 3616 4259 dubium,

1977 4272 2114 4342 quin
2147 4271 2441 4342 episcopos
2469 4286 2536 4324 ex
2570 4275 2802 4342 [Egypto
2861 4273 3136 4342 plurimos
3193 4278 3252 4335 in
3314 4280 3619 4352 Origenem

1979 4359 2345 4416 concitaverit
2403 4359 2768 4428 Demetrius;
2833 4377 3000 4431 quem
3056 4364 3274 4423 idcirco
3322 4368 3465 4426 falso
3511 4377 3624 4428 tres

1980 4458 2199 4507 tantum
2242 4449 2608 4506 constituisse
2667 4451 2854 4519 tradit,
2916 4452 3076 4509 nullo
3133 4464 3380 4528 auctore,
3450 4461 3622 4534 Euly-

215 4539 794 4632 genem'synodicam
853 4539 1194 4617 sententiam
1253 4562 1578 4633 protulisset
1611 4581 1623 4621 :
1685 4581 1758 4621 an
1816 4567 1872 4623 id
1903 4551 1951 4616 Π
1983 4540 2148 4633 ςδὶιιε
2179 4557 2192 4606 ἶ
2229 4554 2436 4633 eos“?
2463 4539 2523 4594 in
2558 4539 2920 4633 hunciPsum
2947 4543 3117 4600 ﬁnem
3175 4549 3510 4606 ⁰⁰⁰⁸¹ίί⁰ί⁰δ
3566 4557 3628 4606 ut

219 4651 504 4721 Origenes
532 4648 784 4720 ipse,'an
815 4649 1114 4718 Eusebius,
1146 4651 1454 4707 acerrimus
1492 4651 1614 4722 ejus
1671 4653 1875 4724 hyper-

218 4739 734 4810 aspista,tacuisset
762 4739 790 4794 ?
808 4739 1130 4795 Demetrius
1150 4741 1369 4812 synodo
1405 4751 1599 4797 coacta
1653 4743 1876 4800 decreto

218 4829 490 4896 sancivit,
526 4828 836 4897 Origenem
866 4827 1198 4884 Alexandria
1226 4829 1557 4900 pellendum
1617 4847 1757 4901 esse,
1821 4839 1879 4890 ut

223 4920 287 4974 in
321 4918 602 4989 Ap010gia
633 4917 863 4974 Eusebii
895 4918 1178 4988 proditum
1209 4934 1312 4983 est.
1345 4919 1426 4974 Ex
1457 4919 1555 4974 illa
1609 4919 1698 4978 his
1752 4939 1880 4980 ver-

228 5009 318 5064 bis
343 5024 462 5064 rem
497 5014 691 5064 narrat
722 5007 954 5063 Pbotius
983 5007 1110 5063 cod.
1141 5009 1277 5063 118:
1341 5004 1578 5068 Σύνοδος
1635 5007 1880 5084 ἀθροίζε.

226 5117 316 5151 ται
369 5091 684 5151 ἐπισκόπων
741 5096 832 5151 καὶ
886 5117 1047 5151 τινων
1101 5091 1478 5171 πρισϐυτὲρων
1538 5101 1672 5154 κατὰ
1732 5101 1882 5176 Ὠρι-

227 5188 440 5260 γὲνους,
487 5203 613 5259 qute
668 5187 863 5244 minus
919 5195 1070 5244 recte
1124 5189 1196 5243 ab
1245 5188 1444 5244 Huetio
1495 5191 1880 5250 exhibentur:

229 5277 487 5346 Synodus
511 5276 674 5348 prior
715 5275 980 5348 episwpis
1015 5277 1227 5347 aliquot
1269 5283 1323 5332 et
1377 5278 1712 5349 presbyteris
1755 5297 1886 5338 con-

231 5367 376 5431 ﬂata
405 5385 420 5433 ;
455 5382 573 5421 non
605 5365 760 5422 enim
796 5364 903 5421 hoc
932 5366 1124 5420 Greca
1153 5364 1368 5432 volunt,
1403 5367 1497 5421 sed
1533 5383 1547 5420 :
1601 5367 1889 5439 Synodum

232 5455 638 5526 episcoporum,
671 5458 723 5510 et
753 5453 963 5524 aliquot
991 5454 1161 5509 etiam
1182 5455 1630 5526 presbyteron
1651 5458 1886 5530 indicat,

231 5545 376 5614 quod
413 5545 572 5601 aliud
605 5551 737 5613 est;
779 5543 1094 5614 episcopos,
1153 5542 1394 5611 scilicet,
1442 5544 1618 5603 fuisse
1673 5547 1887 5618 plures,

230 5632 452 5706 aliquos
481 5644 681 5693 autem
711 5640 769 5690 et
817 5632 1193 5704 presbyteros.
1240 5632 1572 5693 Blondellus
1629 5653 1784 5710 vero,
1829 5645 1892 5696 ut

1987 4631 2288 4700 Origenem
2316 4629 2617 4701 pellerent,
2647 4629 2808 4687 nulla
2837 4647 2968 4688 cum
2992 4634 3216 4692 ratione
3263 4639 3454 4695 statuit
3505 4639 3626 4696 Sel-

1985 4721 2188 4778 denus.

2063 4827 2337 4882 Praeterea
2363 4833 2584 4882 constat
2613 4843 2681 4883 ex
2730 4829 2972 4898 epistola
3027 4831 3332 4889 Alexandri
3389 4833 3632 4890 Alexan-

1988 4918 2126 4975 driae
2159 4916 2430 4986 episcopi,
2457 4924 2589 4972 ante
2617 4917 2924 4973 concilium
2957 4919 3252 4976 Nicasnum
3305 4938 3448 4991 pene
3499 4938 3635 4978 cen-

1992 5019 2113 5068 tum
2143 5005 2439 5077 episcOpos
2467 5005 2686 5075 Egypti
2728 5008 3084 5064 consensisse
3115 5009 3174 5064 in
3206 5010 3640 5068 condemnatio-

1991 5114 2126 5156 nem
2158 5096 2274 5152 Arii
2304 5101 2359 5151 et
2387 5096 2706 5166 aliquorum
2731 5096 2898 5152 etiam
2943 5098 3357 5169 episcoporum.
3409 5099 3644 5156 Constat

1995 5189 2192 5251 etiam,
2217 5199 2510 5254 nunquam
2544 5185 2666 5240 ﬁeri
2691 5185 3042 5242 mentionem
3087 5187 3420 5256 pauciorum
3449 5189 3510 5246 in
3541 5190 3645 5247 illa

1995 5273 2226 5333 dioecesi
2257 5272 2655 5342 episc0porum
2688 5273 2973 5342 prioribus
3003 5275 3375 5345 temporibus.
3432 5276 3646 5334 Verisi-

1997 5363 2306 5422 millimum
2367 5359 2538 5429 igitur
2594 5367 2700 5430 est,
2761 5377 2878 5428 non
2936 5363 3116 5419 multo
3164 5364 3462 5434 pauciores
3507 5368 3645 5425 olim

2000 5453 2196 5509 fuisse.
2243 5450 2310 5506 Ut
2337 5449 2406 5504 ad
2439 5464 2506 5505 ea
2539 5455 2792 5520 tempora
2835 5451 3071 5521 pr0pius
3114 5453 3474 5525 accedamus,
3525 5473 3651 5528 qum

1999 5537 2958 5611 EutychiusindigitatzDionysius
2983 5541 3078 5613 qui
3133 5543 3380 5600 Heraclea
3425 5561 3652 5603 succos.

1999 5632 2074 5688 sit
2103 5629 2300 5702 quinto
2330 5627 2688 5700 imperatoris
2718 5629 2987 5703 Philippi,
3023 5647 3122 5689 sex
3167 5634 3337 5692 annis
3365 5641 3496 5694 ante
3526 5634 3654 5692 Ori-
