3990 6136
262 310 382 376 239
415 371 420 375 .

1303 301 1369 360 S.
1416 295 1816 361 IGNATIUS.
1863 321 1942 339 --
1983 290 2599 354 PROLEGOMENA.

3567 299 3686 361 240

265 447 428 520 genis
458 440 845 511 mortem,'cui
875 446 928 496 et
955 436 1198 494 maxime
1227 435 1384 506 lavit,
1418 433 1565 491 nihil
1611 432 1682 488 de
1712 431 1919 520 Deme-
1949 428 2006 496 Α
2037 429 2272 520 temproi
2309 444 2366 483 se
2402 428 2716 502 episcopum
2771 429 3128 488 Alexandriae
3179 430 3367 488 Anian
3381 447 3476 488 um
3520 449 3534 489 :
3569 433 3700 489 aliis

268 517 363 600 trii
387 544 480 593 aut
506 532 759 590 Heraclea
785 527 1097 586 auxiliariis
1117 526 1258 582 dixit
1285 543 1299 593 ;
1347 525 1416 581 de
1435 523 1609 580 variis
1648 519 1934 593 episcopis
2006 533 2218 589 quoque
2245 517 2510 574 Ecclesiis
2539 520 2701 590 longe
2737 520 2962 592 lateque
2980 520 3284 592 episcopos,
3312 523 3692 595 presbyteros,

267 627 539 698 loquitur,
573 638 691 679 non
739 627 1007 690 tanquam
1056 617 1238 681 novis,
1288 615 1385 670 sed
1437 621 1497 669 ut
1531 613 1630 669 alii
1686 612 1756 667 de
1804 609 1924 666 suis

267 716 452 774 solent
475 715 536 770 in
567 711 814 784 propriis
848 705 1210 764 dioecesibus.
1242 703 1483 774 Scripsit
1530 703 1602 758 ad
1633 702 1924 758 Cononem

267 803 799 872 Hermopolitunum
859 798 1218 869 episcopum,
1247 795 1320 850 ad
1372 793 1666 850 Hieracem
1696 790 1924 863 episco-

269 911 411 967 pum
443 887 933 962 IEgyptlacum,ad
966 892 1309 942 Ammonem
1341 882 1645 939 Berenices
1701 879 1921 951 episco-

265 1000 428 1056 pum,
461 983 532 1037 ad
557 979 862 1036 Basilidem
905 975 1398 1044 Pentapolitanum
1457 972 1813 1042 episcopum,
1840 1054 1846 1056 _
1871 973 1925 1024 et

269 1054 432 1128 alios.
465 1070 579 1126 Sub
609 1067 767 1124 illius
789 1065 1123 1136 pontiﬁcatu
1165 1059 1216 1116 ἐν
1271 1058 1601 1116 Πενταπόλει
1657 1063 1759 1127 τῆς
1811 1054 1925 1112 ἅνω

276 1156 486 1229 Λιϐύης
546 1155 844 1227 τηνικαῦτά
899 1173 1038 1215 τινες
1092 1155 1200 1206 τῶν
1255 1149 1564 1206 ἐπισκόπων
1625 1147 1922 1224 ἐφρόνησαν

276 1253 343 1305 τὰ
376 1245 713 1318 Σαϐελλίου,
772 1247 1005 1316 quidam
1065 1244 1463 1315 episcOporum
1511 1241 1575 1296 in
1628 1237 1926 1308 Pentapoli

273 1341 509 1399 Sabellii
533 1338 874 1396 sententiam
921 1333 1428 1405 amplectebantur,
1459 1330 1692 1402 quidam
1739 1337 1926 1384 autem

284 1429 590 1488 orthodoxi
622 1444 754 1486 eum
811 1441 1001 1483 coram
1058 1422 1329 1495 Dionysio
1385 1421 1642 1476 Romano
1696 1433 1932 1475 accusa-

282 1520 456 1576 bant:
492 1525 651 1575 erant
681 1517 852 1587 igitur
883 1522 1019 1570 tunc
1075 1511 1346 1581 temporis
1377 1511 1438 1566 in
1478 1506 1772 1578 Pentapoli
1805 1503 1927 1577 epi-

279 1609 410 1680 copi
450 1607 792 1677 complures,
850 1618 1034 1674 neque
1092 1600 1406 1672 pauciores,
1461 1599 1687 1667 opinor,
1759 1609 1932 1667 quam

275 1698 492 1754 ibidem
551 1695 704 1752 circa
751 1691 1060 1749 Alexandri
1109 1688 1347 1759 tempori
1381 1687 1740 1744 exstiterunt.
1791 1683 1934 1739 Nam

282 1802 414 1844 cum
441 1791 634 1855 postea
663 1782 979 1839 Palssbisca
1020 1783 1078 1836 et
1130 1778 1375 1848 Hydrax,
1417 1776 1527 1833 vici
1586 1773 1932 1844 Pentapolis,

2031 606 2291 664 diaconos
2318 607 2562 664 dederat.
2586 610 2652 664 In
2673 609 2986 679 Synuario
3015 609 3214 667 erco
3245 611 3300 666 S.
3333 614 3554 669 Marcus
3601 614 3696 669 de-

2035 696 2307 753 scribitur
2335 699 2617 771 πανταχοῦ
2647 697 3097 773 θαυματουργῶν,
3149 697 3240 754 καὶ
3298 700 3394 760 τὰς
3450 701 3686 774 Χριστοῦ

2035 782 2330 854 ἐκκλησίας
2361 791 2720 858 κατακοσμῶν
2743 785 3109 862 χειροτονίαις
3139 785 3451 843 ἐπισκόπων
3479 790 3689 845 καὶτῶν

2035 873 2246 930 λοιπῶν
2267 872 2576 948 κληρικῶν.
2611 876 2967 948 Nicephorus
2995 878 3263 934 Callistus
3295 878 3465 946 lleI,
3489 896 3540 936 c.
3574 883 3641 936 43
3675 897 3689 938 :

2034 967 2124 1024 Ἐν
2155 969 2373 1043 Κυρήνῃ
2406 989 2465 1024 τε
2489 969 2579 1023 καὶ
2612 967 2947 1025 Πενταπόλει
2976 967 3164 1025 πολλά
3193 971 3283 1026 καὶ
3306 969 3501 1046 ἄπειρα
3530 971 3690 1048 ἐργα-

2036 1058 2293 1131 σάμενος,
2327 1058 2419 1113 καὶ
2469 1057 2764 1129 ἐκκλησίας
2811 1057 3278 1133 ἀνοικοδομήσας,
3332 1061 3577 1136 κλήρους
3635 1083 3698 1118 τε

2035 1147 2125 1203 καὶ
2158 1147 2487 1211 ἐπισκόπους
2511 1151 2598 1204 καὶ
2647 1147 2830 1205 τᾶλλα
2885 1151 3278 1224 προσηκόντως
3336 1149 3700 1229 διενεργήσας

2037 1239 2114 1301 εἷς
2143 1240 2244 1308 τήν
2279 1237 2683 1315 Ἀλεξένδρειαν
2715 1241 2880 1296 πάΑιν
2935 1239 3226 1296 ἐπάνεισιν.
3285 1248 3422 1301 Haec
3495 1245 3696 1301 Graeci.

2038 1331 2161 1388 Vita
2207 1332 2266 1388 S.
2331 1333 2507 1389 Marci
2554 1349 2622 1388 ex
2679 1333 3078 1404 antiquissimo
3153 1333 3352 1390 codice
3398 1336 3543 1390 'ante
3595 1334 3698 1389 100

2037 1437 2222 1477 annos
2244 1421 2562 1492 descripta:
2595 1425 2799 1478 Beatus
2847 1427 3034 1479 autem
3091 1426 3318 1479 Marcus
3369 1425 3700 1479 Anieanum

2040 1512 2400 1568 Alexandriae
2428 1511 2706 1568 ordinavit
2735 1514 3067 1584 episcOpum,
3104 1523 3156 1568 et
3175 1521 3283 1570 tres
3328 1515 3692 1586 presbyteros,

2042 1599 2099 1654 id
2128 1604 2206 1655 est
2223 1601 2472 1667 Metium,
2504 1601 2772 1656 Sabinum
2793 1605 2844 1658 et
2875 1601 3196 1671 Cerdonem,
3229 1607 3279 1658 et
3306 1613 3516 1673 septem
3569 1605 3692 1660 dia-

2042 1696 2282 1759 conos,et
2302 1690 2443 1746 alios
2471 1689 2727 1746 undecim
2753 1690 2826 1746 ad
2852 1691 3294 1746 Ecclesiasticum
3317 1691 3700 1747 ministerium

2041 1780 2394 1850 pertinentes.
2422 1779 2487 1835 Et
2517 1779 2866 1850 Pentapolim
2893 1781 3071 1850 pergit
3095 1821 3109 1835 .
3146 1820 3160 1834 .
3189 1821 3202 1835 .
3238 1819 3254 1834 .
3293 1821 3306 1835 .
3339 1788 3390 1836 et
3434 1780 3698 1836 ordinans

286 1876 401 1932 Bibl
434 1875 690 1946 Ρτοίπίοε
719 1872 1022 1944 episcopi”
1047 1869 1170 1926 ﬁeri
1215 1872 1533 1932 ουταεδθηῑ,
1564 1864 1637 1920 ab
1668 1863 1939 1920 omnibus
1973 1873 2022 1938 B
2051 1869 2324 1940 episc0pos
2351 1884 2450 1940 per
2477 1871 2729 1939 regiones
2754 1869 2882 1924 illas
2901 1875 2955 1925 et
2973 1869 3219 1938 clericos,
3235 1873 3438 1925 iterum
3459 1871 3705 1926 Alexan-

303 1964 542 2035 Synesio
599 1961 984 2019 renuntiatum
1043 1966 1127 2016 est
1181 1957 1410 2027 πάτριον
1485 1951 1755 2009 εἶναικαὶ
1806 1951 1942 2005 ἀπο-

303 2051 558 2107 στολικὸν
619 2045 995 2123 Ἐρυθρίτιδας
1046 2043 1302 2101 εἶναικαὶ
1357 2041 1555 2105 ταύτας
1605 2043 1704 2103 τὰς
1733 2037 1943 2110 ἀκκλη-

305 2143 448 2213 σίας,
487 2159 562 2198 ex
615 2142 802 2214 patria
857 2143 910 2195 et
957 2136 1250 2209 apostolica
1294 2134 1651 2190 ordinatione
1705 2131 1945 2203 Erythro

300 2234 644 2290 contributas
664 2246 778 2287 esse
809 2229 906 2284 has
934 2227 1222 2293 Ecclesias,
1272 2224 1542 2295 Erythraei
1593 2223 1765 2293 igitur
1820 2220 1941 2291 epi-

301 2325 463 2395 scopi
515 2319 975 2394 jurisdictionem
1036 2317 1350 2374 secundum
1408 2330 1624 2372 morem
1678 2312 1944 2370 Ecclesia

301 2412 640 2483 Egyptiacas
686 2411 758 2465 ad
813 2407 1124 2479 apostolica
1171 2413 1428 2475 tempore
1479 2403 1815 2461 referebant.
1877 2403 1946 2458 Et

301 2503 554 2560 Siderius
585 2500 905 2556 Palasbisce
954 2499 1277 2568 episcopus,
1334 2495 1552 2551 nemini
1610 2495 1942 2558 succedens,

297 2594 422 2650 sine
451 2605 776 2648 successore
809 2596 1063 2644 mortuus
1091 2590 1178 2641 est
1205 2602 1220 2652 ;
1244 2601 1373 2639 nam
1396 2585 1621 2640 decreto
1641 2582 1944 2653 Theophili

296 2681 548 2752 epiSOOpi
607 2676 1010 2734 Alexandrini:
1072 2666 1411 2729 Παλαίϐισκα
1466 2670 1557 2724 καὶ
1615 2666 1808 2742 ’Ύδραξ
1867 2669 1942 2730 εἰς

292 2770 394 2836 τὴν
427 2766 660 2843 ἀρχαίαν
691 2765 839 2837 τάξιν
869 2761 1196 2842 ἐτάχθησαν,
1229 2763 1319 2815 καὶ
1351 2761 1511 2835 ¹πρὸς
1569 2760 1631 2814 τὸ
1687 2759 1942 2833 Ἐρυθρὸν

296 2859 702 2934 evanescens,
735 2856 1041 2912 Palaebisca
1070 2861 1123 2908 et
1158 2854 1386 2926 Hydram
1415 2852 1477 2906 in
1513 2853 1802 2922 antiquum
1853 2866 1944 2905 or-

295 2950 480 3005 dinem
515 2947 768 3013 redactae,
807 2951 862 3000 et
909 2943 1152 3016 Erythro
1185 2943 1530 2998 contributas.
1565 2943 1720 2996 Idem
1776 2940 1944 2995 etiam

295 3038 598 3106 Dionysius
657 3042 871 3100 narrat,
928 3035 1352 3089 Cbaeremonem
1410 3032 1737 3101 episcopum
1809 3028 1945 3098 Nili,

299 3127 629 3200 ὐπεργήρων
695 3129 942 3180 extrema
997 3127 1296 3186 senectute,
1356 3130 1507 3176 mota
1552 3119 1947 3190 persecutione

2054 1957 2238 2013 driam
2270 1957 2438 2014 venit.
2485 1958 2748 2014 Babanus
2795 1959 3025 2015 Maurus
3081 1961 3279 2016 eadem
3337 1975 3469 2016 cum
3527 1961 3705 2017 Meta-

2054 2048 2282 2118 phraste
2309 2049 2496 2115 tradit,
2532 2055 2591 2103 ut
2620 2055 2674 2104 et
2711 2047 3015 2118 Notkerus,
3047 2055 3102 2104 et
3152 2049 3397 2106 Alfrious
3453 2049 3698 2106 Cantua-

2055 2137 2260 2193 riensis
2288 2137 2610 2208 episcopus,
2641 2144 2696 2192 et
2716 2137 3022 2194 Ordericus
3060 2138 3277 2194 Vitalis.
3311 2139 3466 2196 Inter
3495 2139 3706 2198 Arabas

2053 2225 2527 2296 Martyrologium
2568 2226 2964 2283 Melchitarum
2999 2242 3012 2283 :
3060 2227 3400 2298 Atiquandiu
3453 2234 3702 2285 moratus

2053 2323 2132 2372 est
2187 2315 2394 2371 Marcus
2432 2318 2494 2370 in
2542 2316 2677 2371 urbe
2733 2319 2949 2387 Cyrene
3015 2317 3430 2388 Cyrenaeorum,
3468 2317 3702 2389 indeque

2052 2403 2457 2460 Alexandriam
2503 2421 2623 2476 quae
2650 2405 2797 2475 apud
2817 2405 3066 2461 Pharum
3111 2412 3208 2474 est,
3231 2407 3481 2477 perrexit
3513 2423 3527 2463 :
3565 2407 3699 2462 dein

2054 2496 2115 2550 in
2145 2497 2376 2549 Baream
2393 2495 2666 2565 profectus
2706 2499 2802 2562 est,
2858 2497 3137 2567 multaque
3185 2497 3361 2554 edidit
3406 2499 3705 2565 miracula,

2054 2587 2105 2638 et
2128 2581 2332 2637 Christt
2353 2582 2611 2638 ecclesias
2640 2583 2954 2653 exornavit,
2980 2585 3320 2642 constituens
3371 2589 3449 2642 eis
3491 2586 3708 2658 episco-

2051 2675 2354 2744 pos,atque
2383 2672 2469 2728 his
2499 2672 2794 2742 inferiores
2838 2674 3161 2731 sacerdotes.
3218 2676 3285 2731 Et
3337 2681 3577 2731 Severus
3635 2677 3714 2730 De

2065 2761 2208 2821 Vitis
2260 2763 2714 2836 patriarcharum
2775 2765 3283 2821 Alexandrinorum
3335 2782 3348 2822 :
3417 2766 3538 2836 Ipse
3580 2780 3711 2820 vero

2055 2854 2329 2911 discedens
2358 2853 2692 2920 Pentapolin
2727 2853 2997 2925 perrexit,
3029 2856 3346 2924 mansitque
3401 2854 3484 2909 ibi
3531 2870 3715 2910 annos

2056 2945 2216 3013 duos,
2244 2945 2591 2999 annuntians
2621 2947 2673 2998 et
2701 2942 2967 2998 ordinans
2996 2943 3293 3010 episcopos,
3335 2944 3711 3014 presbyteros,

2054 3039 2105 3089 et
2134 3035 2392 3088 diaconos
2423 3034 2483 3087 in
2508 3031 2766 3088 omnibus
2794 3031 2908 3098 eius
2935 3029 3257 3101 provinciis.
3278 3029 3346 3086 Ut
3400 3033 3587 3087 videre
3622 3039 3714 3088 est

2055 3123 2200 3192 apud
2233 3121 2686 3177 Eechellensem.
2710 3118 2946 3174 Nullum
2976 3118 3143 3187 igitur
3186 3118 3552 3188 Eutychiante
3583 3129 3711 3175 tre-

295 3216 354 3269 in
387 3215 648 3268 Arabiam
680 3230 811 3269 cum
836 3213 1078 3284 conjuge
1109 3228 1210 3267 sua
1239 3211 1574 3266 secessisse:
1621 3224 1783 3277 quem
1817 3222 1936 3262 cre-
1971 3227 2014 3293 C
2055 3210 2289 3266 ditionis
2322 3210 2754 3266 fundamentum
2779 3215 2883 3263 est.

295 3304 471 3359 dibile
499 3312 582 3358 est
613 3305 803 3357 sedem
836 3319 956 3357 eam
984 3302 1233 3357 tenuisse
1263 3310 1564 3369 antequam
1625 3297 1941 3352 Demetrius

295 3392 626 3448 auxiliarios
655 3396 922 3446 adversus
953 3392 1251 3458 Origenem
1302 3389 1410 3443 sibi
1471 3386 1758 3457 adjunxit.
1821 3386 1942 3441 lmo

295 3484 439 3536 duos
490 3481 664 3536 libros
725 3483 794 3535 De
835 3478 1294 3546 promissionibus
1351 3476 1573 3545 scripsit
1623 3483 1942 3530 commotus

297 3571 442 3625 libro
514 3570 743 3638 Nepotis
800 3568 1040 3640 ΛεκάνιοΗὶ
1097 3565 1370 3636 episcopi,
1404 3566 1500 3632 qui
1542 3563 1939 3619 Chlliaslarum

294 3661 608 3715 doctrinam
641 3661 1117 3728 promulgaverat,
1174 3664 1225 3709 et
1276 3654 1621 3724 jampridem
1688 3664 1942 3709 mortuus

293 3752 491 3803 fuerat.
527 3747 720 3816 Nepos
755 3747 845 3801 hic
879 3745 1099 3812 reliquit
1126 3745 1533 3810 Psalmodiam,
1565 3741 1602 3811 ᾗ
1637 3741 1792 3815 μέκρι
1823 3745 1938 3809 νῦν,

291 3839 468 3904 inquit
509 3839 810 3907 Dionysius
839 3833 990 3903 apud
1027 3831 1226 3887 Euseb.
1262 3833 1298 3885 Ι.
1334 3847 1435 3896 vn,
1488 3849 1536 3886 c.
1583 3833 1676 3899 25,
1733 3829 1940 3885 πολλοὶ

286 3929 392 3977 τῶν
428 3919 678 3998 ἀδελφῶν
703 3921 1082 3992 εὐθυμοῦνται.
1142 3921 1285 3975 Illud
1357 3929 1547 3974 autem
1611 3920 1771 3992 μέκρι
1821 3923 1934 3986 νῦν,

289 4031 457 4083 usque
480 4021 551 4066 ad
580 4015 680 4068 hoc
711 4017 943 4081 tempus,
978 4025 1092 4064 non
1136 4009 1344 4063 modici
1380 4011 1646 4076 temporis
1673 4011 1942 4066 interval-

295 4107 407 4158 lum
446 4110 624 4158 notat.
661 4104 811 4157 Idem
857 4115 1054 4153 rursus
1091 4117 1101 4150 :
1138 4103 1276 4151 Cum
1307 4101 1364 4150 in
1411 4100 1740 4153 Αιδὶηοηίσα
1797 4116 1941 4167 pra:-

292 4198 506 4258 [rcium
537 4205 723 4255 essem,
758 4184 881 4240 ἔνθα
909 4186 1014 4260 πρὸ
1040 4183 1254 4240 πολλοῦ
1315 4190 1475 4239 τοῦτο
1520 4183 1824 4255 ἐπεπόλαζε
1877 4187 1940 4240 τὸ

295 4275 498 4352 δνὶγμπ,
534 4283 589 4331 in
614 4295 716 4346 qua
739 4278 1090 4349 jampridem,
1118 4277 1388 4331 iuvre/mit
1421 4279 1538 4332 hmo
1567 4278 1753 4344 Opinio
1787 4293 1799 4330 :
1846 4278 1941 4331 ubi

298 4370 437 4421 illud
473 4367 575 4438 πρὸ
617 4363 854 4431 πολλοῦ,
887 4385 1000 4423 sive
1023 4369 1384 4438 jampridem.
1421 4384 1533 4421 non
1559 4376 1735 4435 potest
1771 4369 1940 4422 intel-

299 4460 388 4523 ltgt
425 4461 494 4509 de
519 4468 800 4510 sententia
837 4474 1011 4524 nuper
1042 4468 1185 4521 Utta,
1218 4463 1310 4511 sed
1349 4464 1563 4512 vetusta
1618 4466 1671 4510 et
1728 4458 1939 4511 invete-

2127 3301 2461 3369 Respoudco
2491 3309 2711 3370 quarto,
2750 3314 2820 3354 ne
2851 3297 3188 3366 Eutychium
3249 3300 3476 3367 quidem
3513 3300 3698 3370 ipsum

2053 3391 2199 3446 hanc
2225 3390 2572 3445 historiolam
2605 3398 2868 3457 tanquam
2891 3388 3253 3443 traditionem
3297 3406 3324 3441 ιι
3387 3389 3702 3459 majoribus

2051 3484 2339 3547 acceptam
2365 3479 2596 3545 referre,
2627 3477 2726 3530 sed
2773 3475 2922 3530 velut
2957 3476 3288 3544 quaestionis
3325 3477 3544 3533 Criticae
3600 3485 3700 3533 aut

2049 3568 2436 3636 Philologicaa,
2469 3567 2616 3634 apud
2649 3564 2863 3619 Arabas
2892 3565 2978 3619 sui
3005 3565 3276 3634 temporis
3323 3566 3572 3633 agitatae,
3603 3584 3700 3622 so-

2049 3657 2326 3712 lutionem
2350 3657 2408 3710 in
2437 3655 2709 3710 honorem
2746 3654 3008 3709 Ecclesiae
3042 3671 3158 3708 sua:
3207 3655 3430 3711 laetam.
3489 3655 3705 3711 Arabes

2047 3747 2198 3800 enim
2234 3743 2528 3816 putabant,
2555 3752 2648 3798 aut
2683 3744 2864 3812 putari
2888 3743 3207 3809 voluerunt,
3253 3760 3462 3799 nomen
3521 3761 3703 3814 papas,

2047 3852 2148 3890 sua
2179 3842 2337 3889 astate
2367 3833 2618 3901 pontilict
2648 3836 2903 3887 Romano
2937 3832 3296 3901 peculiariter
3343 3835 3699 3903 attributum,

2049 3926 2234 3995 primo
2268 3923 2439 3978 fuisse
2479 3921 2882 3977 Alexandrinis
2937 3922 3220 3992 episcopis
3279 3922 3497 3990 datum,
3559 3933 3610 3978 et
3670 3942 3702 3980 a

2050 4013 2257 4083 p0pul0
2288 4012 2614 4082 (Egyptiaco
2647 4019 3083 4080 usurpatum,.et
3119 4011 3188 4064 ab
3221 4010 3333 4065 illis
3362 4013 3430 4065 nd
3494 4013 3698 4069 Roma-

2051 4119 2156 4156 nos
2181 4101 2477 4168 ponttlices
2505 4099 2855 4166 devolutum,
2890 4108 2945 4152 ut
2980 4100 3204 4152 tradunt
3253 4100 3521 4167 Georgius
3574 4101 3692 4156 Ho-

2052 4191 2290 4246 ιιιιιὶιηυει
2326 4201 2374 4246 et
2414 4190 2741 4245 Abubacrus
2767 4189 3110 4243 Hubhasities
3152 4194 3297 4257 apud
3357 4191 3700 4246 Ecchellon-

2050 4298 2188 4336 sum.
2221 4283 2358 4336 Cum
2392 4280 2562 4344 igitur
2589 4297 2621 4334 a
2652 4279 2861 4334 Grmcis
2891 4279 3095 4333 eruditi
3133 4283 3534 4349 intelligerent,
3566 4298 3697 4336 eum

2051 4371 2276 4424 titulum
2312 4371 2492 4438 primo
2511 4368 2960 4438 patriarcharum
2983 4369 3496 4424 Alexandrinorum
3523 4369 3702 4424 Hora—

2053 4459 2155 4514 clse
2185 4459 2517 4514 attributum
2555 4458 2754 4522 fuisse,
2787 4475 2819 4511 a
2878 4456 3170 4528 Dionysio,
3230 4459 3495 4529 scilicet(
3531 4475 3702 4528 quem

295 4556 432 4610 rata,
475 4561 596 4614 quas
633 4558 816 4601 tamen
853 4548 1051 4600 reltcto
1101 4565 1129 4599 a
1165 4547 1378 4616 Nepote
1437 4547 1583 4600 libro
1635 4548 1938 4600 nitebatur.
1971 4547 2026 4614 D
2057 4547 2391 4617 scriptorem
2427 4550 2586 4601 vocat
2610 4544 2957 4617 Eutychius;
2994 4545 3212 4600 nullius
3239 4548 3390 4600 enim
3453 4547 3704 4605 Alexane

300 4635 397 4686 lliu
437 4633 897 4703 itaquotnortuus
946 4641 1030 4687 est
1082 4634 1269 4702 Nepos
1322 4635 1620 4704 episcopus
1675 4639 1776 4700 τῆς
1836 4633 1934 4689 AT-

291 4720 501 4797 γόπτου
533 4731 663 4777 ante
700 4723 1091 4794 pontiﬁcatum
1130 4724 1405 4795 Dionysii,
1429 4726 1727 4795 episcOpus
1749 4734 1936 4780 autem

291 4815 468 4867 factus
499 4813 591 4866 diu
624 4824 753 4868 ante
785 4812 1056 4866 Demetrii
1085 4811 1436 4868 auxiliarios.

357 4900 613 4971 Denique
645 4901 872 4955 traditio
904 4899 1024 4965 illa,
1056 4901 1126 4954 de
1166 4899 1350 4954 tribue
1407 4902 1686 4971 episcopis
1743 4920 1776 4959 a
1838 4908 1938 4960 De-

285 5001 484 5047 mt-trto
538 4994 720 5062 primo
780 4992 835 5045 in
891 4991 1127 5062 Egypto
1171 4991 1354 5057 factis,
1403 4991 1668 5047 omnibus
1727 4993 1936 5051 Grarcis

281 5093 450 5152 atque
483 5080 695 5136 Latinis
727 5081 920 5151 ignota
950 5081 1051 5135 fuit
1089 5095 1102 5134 :
1137 5080 1364 5135 traditio
1415 5089 1599 5136 autem
1660 5083 1746 5138 illi
1793 5099 1931 5140 con-

279 5173 472 5236 traria,
501 5171 570 5225 de
587 5171 874 5242 episcopis
914 5187 946 5226 a
972 5171 1026 5224 S.
1063 5168 1254 5225 Marco
1308 5170 1366 5224 in
1416 5169 1745 5242 Egyptiaca
1793 5175 1932 5229 dim-

280 5260 393 5314 Cesi
426 5261 704 5314 institutis
736 5270 788 5314 et
821 5259 1024 5314 Graecis
1055 5266 1108 5314 et
1166 5259 1402 5327 L'tliuis,
1439 5270 1606 5329 atque
1663 5262 1934 5318 Arabibus

279 5359 413 5402 nota
445 5349 803 5404 l‘uit.Simeon
850 5349 1256 5418 Metaphrasles
1283 5349 1353 5405 de
1376 5351 1433 5407 S.
1488 5350 1678 5406 Marco
1712 5369 1726 5406 :
1797 5352 1932 5408 Con-

283 5436 466 5490 stituit
498 5440 549 5490 et
576 5438 926 5508 conﬁrmavit
953 5436 1214 5493 ecclesias
1262 5451 1359 5506 per
1403 5437 1654 5506 Libyam,
1705 5439 1936 5496 Marma-

280 5523 481 5591 ricam,
514 5525 960 5591 Ammoniacam,
993 5526 1363 5594 Pentapolim,
1389 5527 1822 5598 Alexandriam,
1858 5531 1933 5585 lo-

280 5629 450 5684 caque
482 5627 606 5684 quae
637 5613 910 5670 Bucolica
938 5613 1376 5674 direbantur.....
1424 5616 1810 5676 Ordinaverat
1837 5635 1935 5676 au-

2052 4639 2202 4693 drini
2233 4637 2484 4708 episcopi
2510 4644 2642 4691 ante
2672 4650 2799 4690 eum
2832 4633 3043 4704 scripta
3096 4635 3434 4701 exstabant),
3495 4638 3592 4707 qui
3642 4638 3702 4693 in

2048 4728 2284 4794 epistola
2322 4733 2388 4782 ad
2447 4726 2835 4781 Philemonem
2907 4725 3026 4780 haec
3083 4726 3440 4781 tradiderat:
3491 4730 3703 4782 Τοῦτον

2045 4815 2156 4888 ἐγὼ
2229 4816 2322 4871 τὸν
2380 4814 2572 4870 κανόνα
2627 4814 2715 4868 καὶ
2774 4813 2866 4867 τὸν
2920 4811 3090 4866 τόπον
3120 4814 3266 4887 παρὰ
3292 4817 3390 4868 τοῦ
3425 4817 3702 4889 μακαρίου

2045 4905 2200 4959 πάπα
2229 4907 2391 4977 ἡμῶν
2443 4906 2647 4977 Ἀρακᾶ
2703 4896 3039 4975 παρέλαϐον.
3093 4905 3240 4958 Hanc
3288 4919 3384 4974 ego
3441 4905 3702 4974 regulam

2044 5014 2108 5052 ac
2125 5000 2362 5066 formam
2393 5012 2427 5049 a
2458 4995 2610 5048 beato
2637 5009 2783 5064 papa
2813 4996 2999 5048 nostro
3041 4992 3268 5047 Heracla
3312 4994 3530 5064 accepi;
3563 5009 3698 5050 cum

2046 5086 2187 5153 haec,
2221 5086 2480 5155 inquam,
2506 5101 2539 5138 a
2569 5083 2780 5138 Graecis
2808 5081 3187 5153 accepissent,
3220 5082 3495 5137 rationem
3533 5098 3701 5139 exco-

2045 5179 2314 5248 gitarunt,
2348 5190 2521 5245 quare
2552 5173 2646 5230 hic
2676 5173 2925 5228 Heraclea
2957 5171 3314 5243 potissimum
3354 5172 3554 5227 titulus
3610 5182 3700 5229 at-

2044 5266 2383 5321 tribueretur
2415 5284 2430 5333 ;
2463 5271 2667 5321 etcum
2689 5279 2887 5320 vocem
2918 5261 3100 5316 πάπαν
3128 5262 3200 5317 ad
3260 5260 3481 5315 πάππον
3533 5262 3710 5318 incli-

2043 5371 2181 5411 nare
2236 5354 2514 5422 viderent,
2569 5369 2751 5423 neque
2799 5353 2953 5408 enim
3011 5353 3245 5406 deerant
3293 5350 3536 5406 Graeculi
3599 5351 3702 5420 qui

2044 5446 2211 5500 etiam
2245 5444 2385 5503 illuc
2417 5444 2725 5507 traherent.
2769 5444 2974 5497 miram
3009 5443 3157 5498 hanc
3192 5441 3484 5496 historiam
3527 5458 3706 5497 exco-

2041 5537 2429 5609 gitarunt,qua
2465 5549 2582 5589 non
2608 5533 2712 5588 sub
2743 5531 3009 5587 Demetrii
3065 5543 3340 5602 tempore,
3375 5531 3475 5586 sed
3527 5532 3709 5586 Hera-

2051 5625 2458 5698 clte.populum
2477 5622 2616 5680 illud
2643 5621 2949 5678 discrimen
2973 5621 3124 5678 inter
3153 5619 3450 5691 episcopos
3473 5619 3710 5692 Egypti
