3990 6136
254 359 366 418 241

1003 359 1058 420 J.
1103 360 1546 426 PEARSONII
1593 363 1975 424 VINDICLE
2018 365 2501 430 IGNATIANE.
2549 402 2625 416 ο·-
2669 371 2871 430 PARS
2913 371 2962 429 Ι.

3574 367 3691 426 242

256 510 436 564 nuper
456 493 788 562 institutos,
820 503 876 550 et
902 496 1345 554 Alexandrinum
1380 497 1756 568 patriarcham
1801 499 1924 554 ani-
1957 500 2010 567 Α
2041 502 2235 570 chara;
2261 505 2567 574 alloquitur
2589 506 2742 562 enim
2766 502 2926 580 φίλον
2952 501 3176 576 πατέρα.
3202 502 3692 572 ῐΙεεςγοὴΛΙάππα,

257 585 376 638 mad
387 584 627 640 vertisse
642 588 1051 652 ostendant,ut
1072 589 1265 654 postea
1288 586 1576 656 vulgarem
1601 589 1928 658 episcopum

258 673 415 743 abba,
451 674 846 742 patriarcham
876 691 1100 746 papam,
1132 677 1185 731 id
1220 684 1304 732 est
1343 693 1506 732 avum
1555 678 1929 747 appellarent,

263 764 529 834 quoniam
563 765 674 833 ipsi
708 765 968 834 episcopi
1001 766 1376 832 patriarch1m
1408 767 1607 822 abbam
1639 779 1926 824 vocarent.

266 855 391 909 Haec
422 870 551 908 vera
593 870 720 910 esse
790 854 875 910 vel
931 856 1062 912 inde
1122 857 1304 926 primo
1359 856 1720 926 perspicitur,
1779 860 1924 927 quod

261 944 575 1011 Eutychius
609 960 724 1000 non
790 950 1118 1014 perpetuam
1179 947 1564 1001 narrationem
1618 955 1787 1014 texat,
1831 956 1925 1002 aut

263 1035 558 1088 historiam
621 1037 691 1089 tte
752 1034 1117 1089 institutione
1202 1051 1596 1105 episcoporum
1660 1035 1926 1092 electioui

261 1123 724 1195 pre~bylet-eruu'i
761 1124 1090 1179 immeliate
1141 1125 1470 1192 subjungat,
1520 1128 1613 1179 sed
1667 1127 1927 1195 quaestio-

258 1229 388 1267 nem
425 1213 607 1269 obiter
645 1214 886 1280 inserat,
920 1229 1090 1281 quare
1123 1216 1451 1283 patriaecha
1505 1215 1924 1269 Alexandrinus

255 1301 446 1356 dictus
476 1302 549 1356 sit
585 1320 725 1368 ,.apa
756 1305 778 1356 Ρ
809 1303 991 1367 Quam
1051 1306 1278 1372 quidem
1330 1304 1703 1370 quaestionem
1763 1305 1920 1358 dissi-

257 1393 440 1445 mulat
472 1392 774 1458 Seldenus,
812 1403 870 1447 ut
901 1399 1164 1462 tanquam
1223 1399 1438 1463 partem
1493 1393 1694 1462 prioris
1745 1393 1919 1449 histo-

253 1482 348 1534 riae
383 1480 762 1549 posteriorem
796 1483 1050 1537 inducat.
1086 1481 1160 1535 lta
1211 1482 1366 1536 enim
1428 1481 1771 1550 Eutychium
1834 1481 1918 1537 lo-

252 1578 531 1640 quentem
567 1578 974 1642 repraesentat:
1018 1573 1071 1626 Is
1101 1570 1270 1625 etiam
1321 1570 1551 1642 (nempe
1579 1570 1920 1640 Alexander)

246 1657 417 1728 petiit
449 1658 521 1712 ab
549 1660 652 1722 eis,
683 1675 754 1714 nc
779 1659 1109 1730 patriarcha
1135 1659 1552 1715 Alexandrinus
1581 1675 1730 1731 papa
1764 1661 1914 1714 voci-

248 1754 494 1816 taretur,
528 1748 671 1820 quod
703 1748 985 1818 signiﬁcat
1041 1766 1228 1806 avum.
1283 1750 1366 1805 Ita
1419 1750 1582 1805 vertit
1638 1752 1798 1820 petiit
1845 1749 1917 1804 ab

2042 592 2426 667 προσφώνησις
2469 590 2663 654 παιδὸς
2718 592 2856 668 πρὸς
2911 591 3132 666 πατέρα.
3195 592 3466 648 Primaeva
3523 591 3692 658 igitur

2041 679 2380 745 signitiCatio
2436 687 2532 737 τοῦ
2589 683 2790 752 πάπας,
2850 684 2936 739 vel
2998 682 3217 753 poetice
3276 681 3519 746 παππας,
3609 687 3692 735 est

2039 777 2195 838 pater
2246 769 2396 826 ltletn
2457 770 2622 826 etiam
2689 774 2919 828 vcrttum
2979 767 3283 836 παππάζειν
3316 770 3448 824 inde
3506 769 3690 822 dedu-

1982 879 2000 890 ‘-
2043 867 2194 913 ctum
2231 870 2460 930 usurpat
2497 862 2688 920 lliad.,
2723 861 2762 914 E
2795 876 2808 916 :

2147 982 2291 1041 Οὐδὲ
2320 984 2372 1038 τί
2406 1008 2495 1056 μιν
2531 981 2722 1045 παῖδες
2751 986 2872 1039 ποτῖ
2908 984 3127 1058 γούνασι
3161 983 3560 1052 παππάζουσιν.

2109 1110 2214 1166 Ubi
2259 1123 2416 1166 vetus
2449 1113 2831 1166 Scholiastes:
2891 1109 3266 1178 Παππάζουσι,
3314 1106 3507 1162 πάππα
3569 1129 3682 1183 φω-

2034 1203 2204 1269 νοῦσι,
2238 1204 2442 1274 πατέρα
2472 1199 2722 1256 καλοῖσι.
2757 1203 3068 1273 Hesychius
3101 1208 3233 1273 post
3277 1203 3339 1257 ν.
3396 1199 3685 1268 Παζοένης,

2038 1290 2198 1346 habet
2264 1291 2628 1358 παππάζοιεν,
2713 1286 3104 1363 παρακαλοῖεν.
3193 1290 3300 1344 Sed
3388 1298 3686 1358 utrumque

2035 1380 2220 1436 locum
2245 1383 2430 1437 obiter
2455 1382 2896 1436 emaculantlum
2923 1381 3138 1444 censui,
3168 1380 3268 1449 qui
3299 1387 3685 1450 pestttutieros

2029 1473 2277 1528 editores
2307 1473 2492 1527 adhuc
2525 1473 2578 1526 in
2640 1475 2845 1526 mendo
2891 1472 3062 1541 jacet.
3125 1471 3307 1524 Primo
3357 1468 3529 1533 igitur
3579 1472 3686 1520 Πα-

2035 1559 2242 1628 ζοίνης,
2278 1559 2328 1613 οἱ
2377 1560 2494 1614 κατ’
2548 1557 2804 1626 Ἰταλίαν,
2857 1559 3159 1613 manifeste
3214 1565 3482 1624 cormpta
3529 1565 3683 1621 sunt,

2029 1660 2084 1705 et
2112 1651 2287 1707 series
2346 1651 2658 1704 litterarum
2717 1664 2816 1718 pro
2873 1651 2900 1716 ζ
2961 1648 3198 1716 postulat
3260 1647 3305 1716 ξ.
3365 1647 3455 1700 Sic
3515 1646 3683 1714 igitur

2029 1739 2229 1809 legas:
2289 1736 2475 1806 Παξοὶ,
2533 1743 2694 1805 νῆσοι
2748 1736 2866 1792 κατ’
2923 1734 3176 1797 Ἰταλίαν,
3228 1737 3420 1797 Paxaz,
3479 1733 3684 1790 insula?

243 1840 345 1906 cis,
379 1847 439 1892 et
470 1853 539 1892 es
570 1838 682 1894 alio
713 1838 909 1893 codice
939 1838 1084 1894 dixit
1115 1838 1199 1895 vel
1245 1838 1575 1894 mandatum
1627 1837 1779 1892 dedit
1807 1839 1906 1904 eis,
1945 1873 1989 1938 Β
2025 1844 2192 1900 Prope
2220 1828 2468 1938 μιιιίανπι
2510 1829 2584 1938 98
2615 1827 2826 1938 (illam:
2856 1826 3073 1881 Plinius
3103 1823 3142 1879 Ι·
3178 1841 3338 1938 "vf;
3373 1825 3437 1875 12
3474 1839 3486 1876 ε
3522 1822 3706 1938 δίνας

239 1943 312 1983 ac
346 1926 396 1981 si
431 1926 748 1984 decreverit
775 1928 1120 1995 Alexander,
1177 1943 1251 1984 ne
1302 1930 1544 1998 posthac
1593 1927 1912 1998 patriarcha

237 2018 678 2072 Alexandrinus
696 2035 841 2089 papa
857 2019 1157 2074 diceretur.
1187 2021 1326 2074 Cum
1349 2018 1474 2089 ipse
1497 2017 1814 2074 Alexander
1844 2033 1910 2072 eo

235 2110 366 2178 ipso
403 2108 646 2163 nomine
673 2125 705 2162 a
736 2107 854 2162 suis
911 2108 1076 2176 vulgo
1135 2107 1553 2177 indigitaretur.
1605 2107 1908 2176 Inscriptio

232 2197 501 2268 epistola
532 2198 677 2263 apud
711 2196 1086 2252 Athanasium
1123 2197 1268 2252 libro
1302 2203 1381 2252 De
1409 2196 1634 2268 synodis
1665 2213 1680 2253 :
1715 2196 1906 2251 Μακα-

236 2284 342 2358 ρίῳ
376 2285 540 2354 πάπᾳ
570 2281 852 2356 ἐπισκόπῳ
910 2285 1071 2355 ἡμῶν
1121 2281 1466 2358 Ἀλεξάνδρῳ
1521 2284 1574 2338 οὶ
1620 2279 1909 2359 πρεσϐύτε-

237 2393 326 2448 ροι
359 2373 458 2427 καὶ
494 2373 548 2426 οἱ
581 2369 823 2427 διάκονοι
864 2370 917 2426 ἐν
951 2371 1138 2446 Κυρίῳ
1172 2372 1404 2447 χαίρειν.
1438 2373 1626 2430 Prima
1657 2375 1906 2446 epistola

236 2464 575 2520 sententia:
630 2461 703 2518 Ἠ
762 2461 944 2523 πίστις
974 2463 1136 2535 ἡμῶν
1165 2464 1200 2531 ἡ
1231 2461 1292 2517 ἐκ
1341 2461 1645 2537 προγόνων,
1696 2462 1763 2532 ἢν
1811 2461 1905 2516 καὶ

239 2552 349 2606 ἀπὸ
383 2555 489 2606 σοῦ
553 2552 970 2625 μεμαθήκαμεν,
1028 2549 1261 2626 μακάριε
1303 2551 1475 2621 πάπα,
1527 2550 1692 2622 ἐστὶν,
1743 2550 1903 2621 αὕτη·

237 2644 305 2698 Et
337 2644 402 2698 in
436 2659 677 2715 corpore
709 2643 984 2715 epistotai,
1033 2641 1108 2702 ὡς
1165 2640 1254 2696 καὶ
1310 2639 1373 2695 σὺ
1432 2640 1611 2712 αὐτὸς,
1673 2640 1906 2715 μακάριε

238 2732 418 2788 nixa.
455 2732 806 2788 Athanasius
835 2732 1148 2788 Alexandri
1173 2748 1467 2790 successor
1515 2734 1901 2788 Alexandrum

238 2838 455 2893 papam
487 2823 732 2889 vocavit,
765 2826 822 2878 et
851 2822 972 2892 ipse
1019 2822 1090 2878 ab
1143 2822 1390 2894 tschyra,
1439 2822 1697 2889 Arsenio,
1746 2823 1900 2879 Con-

241 2913 454 2968 stautio
513 2908 696 2972 πάπας
751 2919 986 2969 vocatus
1041 2919 1143 2968 est.
1208 2912 1312 2967 Sed
1363 2912 1509 2968 hanc
1583 2911 1900 2968 versionem

234 3001 377 3057 satis
406 3001 712 3072 exagitavit
734 3000 1140 3056 Ecchellensis.
1176 3000 1554 3057 Doctissimus
1584 3000 1901 3058 Pocockius

233 3099 430 3147 noster
461 3090 541 3146 ita
572 3090 756 3145 reddit
787 3105 800 3144 :
835 3089 987 3146 Buad
1025 3096 1215 3146 autem
1265 3093 1524 3162 quaerunt
1571 3089 1898 3162 [nonnulli],

241 3197 418 3254 quare
446 3179 778 3252 patriarcha
808 3179 1222 3236 Alerandrinus
1255 3185 1471 3236 vocetur
1495 3194 1644 3252 papa
1663 3182 1688 3232 ν
1717 3180 1900 3251 (cujus

239 3271 491 3327 nominis
521 3270 874 3340 signiﬁcatus
900 3271 976 3326 cst
1007 3269 1166 3341 avus)
1197 3269 1503 3337 [sciendum
1523 3269 1652 3341 est].
1698 3270 1763 3326 Ut
1792 3269 1896 3341 igi—

235 3367 326 3414 tur
377 3357 466 3414 illi
527 3357 829 3429 quaastioni
885 3358 1248 3429 responderet
1299 3356 1632 3431 Eutychius,
1685 3357 1785 3413 illa
1832 3358 1902 3414 de

239 3446 828 3512 tribusaDemetrio,
887 3446 1086 3517 viginti
1142 3445 1214 3502 ab
1270 3445 1511 3502 Heracla
1570 3446 1730 3503 factis
1781 3447 1900 3517 epis

235 3537 431 3607 scopis
460 3535 718 3592 inaudita
751 3535 945 3602 tradit,
981 3543 1042 3593 ut
1069 3535 1256 3592 solent
1286 3535 1394 3601 illi,
1428 3535 1524 3606 qui
1552 3535 1622 3592 de
1651 3534 1899 3593 vocabu-

235 3626 431 3682 lorum
495 3624 819 3698 originibus
873 3625 1186 3696 disputant.
1245 3624 1452 3680 Omnia
1532 3632 1720 3680 autcm
1777 3639 1899 3696 quas

233 3715 423 3770 tradit
454 3721 511 3771 et
549 3713 753 3783 iutilia,
787 3722 839 3770 et
870 3713 1014 3770 falsa
1067 3718 1126 3770 et
1179 3713 1421 3769 absurda
1478 3721 1632 3770 sunt.
1693 3713 1902 3769 Statuit

232 3809 393 3862 enim
425 3805 574 3860 abba
633 3805 750 3860 sive
804 3802 986 3858 πάπαν
1047 3803 1370 3874 signiﬁcare
1425 3821 1610 3872 avum,
1672 3804 1899 3861 titulum

230 3894 403 3951 illum
436 3893 772 3966 patriarchae
833 3895 1054 3961 datum,
1113 3908 1242 3950 cum
1299 3893 1444 3950 alius
1499 3893 1732 3966 reliquis
1773 3893 1898 3965 epi-

234 3985 432 4055 scopis
500 3990 898 4054 competeret;
953 3983 1124 4055 idque
1179 3983 1363 4053 primo
1411 3983 1788 4050 Alexandriae,
1838 3989 1899 4039 ut

233 4081 460 4146 postea,
493 4071 734 4140 scilicet,
777 4071 1032 4127 Romano
1083 4071 1340 4142 pontiﬁci
1377 4071 1796 4129 attribueretur.
1833 4071 1899 4128 Ut

232 4164 415 4233 igitur
475 4161 599 4217 haec
664 4160 854 4217 fabula
901 4161 1130 4233 penitus
1195 4161 1542 4232 explodatur,
1603 4162 1895 4218 ostendam

231 4255 426 4323 primo
455 4265 658 4308 vocem
686 4246 890 4320 πάπαν,
921 4265 1046 4320 quae
1076 4249 1330 4306 Heraclia
1363 4249 1573 4306 tributa
1597 4257 1704 4321 est,
1734 4265 1894 4307 nun-

232 4357 408 4413 quam
439 4338 795 4411 signiﬁcasse
825 4355 1008 4394 avum.
1041 4338 1250 4396 Vocem
1283 4339 1431 4396 hanc
1483 4339 1893 4410 Syracusanam

232 4447 357 4488 esse
384 4430 591 4487 volunt
619 4427 988 4486 Grammatici
1017 4426 1305 4486 nonnulli.
1340 4427 1585 4486 Suidas:
1645 4427 1805 4485 Οὕτω
1837 4425 1896 4483 δὲ

230 4517 452 4592 λέγεται
515 4517 666 4591 παρὰ
715 4515 1111 4592 Συρακουσίοις
1150 4516 1385 4590 suam,»
1435 4516 1636 4581 πάπας.
1686 4519 1892 4574 Eusta-

233 4604 669 4665 ιὶλὶῠςεἈλλοὶ
725 4603 802 4678 δὲ,
862 4607 946 4661 ὃτι
1006 4604 1152 4681 παρᾶ
1207 4603 1594 4678 Συρακουσίοις
1651 4605 1831 4668 πάπας
1864 4608 1969 4676 6D

233 4699 440 4772 πατήρ.
502 4697 682 4754 Aliter
737 4697 1104 4768 Etymologus
1155 4712 1170 4754 :
1255 4693 1414 4752 Οὕτω
1468 4692 1680 4771 λέγεται
1747 4696 1893 4772 παρὰ

238 4783 627 4860 Συρακουσίοις
666 4783 694 4840 ὁ
741 4785 949 4860 πατὴρ,
1007 4788 1132 4847 πᾶς.
1193 4786 1352 4854 Quod
1410 4785 1640 4857 quidem
1699 4802 1888 4843 verum

238 4893 359 4933 esse
389 4884 595 4948 potest,
628 4875 870 4930 alterum
894 4891 1011 4931 non
1032 4875 1189 4931 item.
1218 4873 1362 4930 Nam
1395 4890 1500 4930 vox
1529 4873 1708 4934 πάπας
1752 4875 1892 4946 ipsis

240 4966 541 5038 Syracusis
570 4965 738 5035 longe
783 4963 1067 5035 antiquior
1109 4969 1212 5020 est.
1271 4963 1556 5036 Syracusas
1613 4964 1768 5019 enim
1820 4963 1891 5019 ab

242 5055 444 5111 Archia
473 5054 717 5111 condite
749 5059 883 5108 sunt
918 5051 1006 5110 vel
1055 5050 1160 5108 sub
1213 5051 1452 5119 Clidico,
1483 5058 1542 5107 ut
1594 5051 1888 5124 Eusebius,

240 5144 322 5200 vel
377 5143 567 5215 potius
618 5143 724 5198 sub
779 5140 1045 5210 )Eschylo
1124 5140 1538 5199 Athenensium
1612 5156 1762 5212 rege,
1831 5149 1892 5198 ut

241 5238 486 5290 Marmor
513 5230 1036 5298 Arundellianum;
1074 5230 1196 5286 haec
1246 5237 1435 5286 autem
1468 5245 1572 5286 vox
1603 5230 1710 5285 sub
1756 5229 1890 5286 Dio-

237 5331 402 5392 gneto
458 5322 531 5378 ab
615 5321 864 5378 Homero
951 5327 1217 5391 usurpata
1297 5326 1404 5390 est,
1462 5320 1533 5376 de
1589 5317 1887 5389 Nausicaa,

239 5411 446 5484 0dyss.,
478 5413 538 5480 Ζ,

350 5496 407 5552 δὲ
463 5497 598 5576 μέλ’
658 5496 800 5576 ἄγχι
861 5499 1025 5551 στᾶσα
1081 5493 1242 5574 φίλον
1301 5495 1508 5570 πατέρα
1574 5495 1884 5573 προσέειπε*

239 5570 437 5626 “intra
464 5569 606 5652 φίλ’.

305 5715 407 5774 Ubi
465 5714 621 5776 vocis
696 5709 1094 5782 interpretatio
1175 5711 1493 5770 certissima
1547 5718 1654 5783 est,
1727 5713 1889 5768 Pater

2021 1935 2144 1974 eam
2174 1920 2411 1988 aliquot,
2445 1917 2537 1972 sed
2575 1917 2646 1972 ad
2693 1916 2922 1971 Italiam
2979 1930 3209 1983 vergens
3261 1913 3557 1975 Thorones,
3610 1911 3680 1966 ad

2023 2007 2353 2064 Leucadiam
2384 2009 2560 2064 Pas-az
2588 2010 2744 2070 dum,
2787 2020 3049 2077 qumque,
3089 2004 3154 2058 Μ.
3188 2004 3432 2058 discretae
3461 2018 3496 2055 a
3536 2000 3666 2056 Cor-

2017 2115 2174 2169 cyra.
2213 2104 2289 2154 De
2311 2096 2517 2168 quibus
2541 2097 2708 2153 etiam
2753 2095 3022 2163 Polybius
3075 2092 3478 2159 intelligendus
3510 2090 3551 2148 l.
3585 2107 3662 2145 It:

2019 2180 2326 2240 Συνέϐαλον
2366 2189 2483 2244 τοῖς
2512 2187 2622 2238 τῶν
2652 2183 2899 2258 Ἀχαιῶν
2949 2180 3168 2257 σκάφεσι
3217 2177 3338 2253 περὶ
3396 2178 3522 2239 τοὺς
3569 2198 3664 2232 κα-

2018 2271 2316 2346 λουμένους
2349 2271 2576 2343 Παξούς,
2609 2274 2698 2330 vel
2731 2276 2894 2337 forte,
2923 2270 3016 2330 τὰς
3036 2266 3380 2341 καλουμένας
3432 2265 3659 2340 Παξούς.

2016 2367 2279 2422 Secundo
2333 2380 2433 2434 pro
2490 2360 2853 2431 παππάζοιεν,
2915 2355 3305 2433 παρακαλοῖεν,
3363 2360 3664 2428 tegendum

2016 2455 2202 2526 quivis
2233 2455 2424 2510 statim
2457 2454 2628 2522 videt,
2669 2452 2989 2519 παπάζοιεν,
3048 2447 3255 2523 πατέρα
3299 2445 3537 2503 καλοῖεν.
3589 2449 3669 2504 Ita

2013 2547 2166 2616 apud
2194 2545 2658 2615 Aristophanem,
2690 2546 2970 2614 optimum
3000 2541 3210 2611 linguai
3243 2542 3434 2598 Atticas
3485 2541 3667 2596 inter-

2013 2643 2256 2705 pretem,
2300 2635 2569 2706 Trygteus
2600 2633 2745 2688 ﬁlias
2775 2630 3102 2702 alloquitur,
3131 2630 3190 2687 in
3226 2633 3364 2685 Pace
3384 2647 3404 2684 :

2167 2763 2336 2822 Ἦνίκ⁹
2359 2763 2421 2818 ἄν
2455 2763 2687 2834 αὶτίζητ’
2719 2761 2880 2838 ἃρτον
2912 2759 3092 2817 πάπαν
3126 2781 3193 2834 με
3223 2759 3509 2817 καλοῦσαι.

2222 2896 2365 2952 Cum
2391 2909 2592 2966 panem
2618 2891 2805 2964 petitis
2834 2907 3035 2964 papam
3068 2907 3153 2948 me
3181 2895 3453 2949 vocantes.

2080 3028 2256 3093 Quem
2289 3028 2479 3085 locum
2519 3027 2833 3100 reapiciens
2892 3025 3242 3099 Hesychius:
3304 3023 3515 3094 Πάπας,
3563 3045 3661 3079 πα-

2007 3116 2138 3192 τρὸς
2172 3115 2538 3190 ὑποκόρισμα.
2571 3116 2638 3171 Et
2660 3117 2736 3172 ita
2761 3115 2887 3172 ﬁlia:
2916 3116 3215 3188 Trygaaum
3249 3114 3656 3186 alloquuntur:

1937 3235 1980 3305 ο
2007 3209 2073 3260 Ὦ
2110 3203 2304 3305 issula.
2339 3209 2422 3305 Ita
2452 3223 2646 3305 rura—us
2675 3206 2822 3305 etin
2881 3203 3231 3305 vespm-"ubi
3278 3205 3657 3305 Scholiastes:

2009 3295 2190 3350 Παπία
2221 3292 2300 3369 δὲ,
2333 3296 2523 3370 πάτερ.
2559 3297 2689 3352 Erat
2727 3296 2898 3366 igitur
2928 3295 3049 3350 haec
3082 3295 3387 3351 liberorum
3441 3295 3511 3351 ab
3542 3296 3662 3366 ipsa

2011 3385 2220 3456 lingua!
2239 3389 2450 3442 Graecae
2479 3384 2699 3456 origine
2730 3383 2943 3440 blanda
2971 3383 3278 3455 appellatio
3331 3384 3474 3453 patri
3505 3385 3658 3440 data.

2008 3475 2354 3533 Posteriores
2411 3475 2588 3532 Graeci
2649 3475 2907 3531 eamdem
2984 3471 3431 3544 appellationem
3489 3475 3659 3530 etiam

2008 3565 2124 3622 illis
2154 3566 2498 3633 tribuerunt,
2533 3581 2675 3638 quos
2706 3563 2867 3636 quasi
2913 3570 3137 3634 patrum
3189 3563 3312 3618 loco
3357 3562 3657 3619 habemus.

2005 3655 2348 3712 Scholiastes
2379 3655 2607 3711 Homeri
2635 3670 2648 3709 :
2681 3651 2900 3722 Πάππα,
2955 3651 3332 3730 προσφῦνησις
3386 3647 3657 3728 φιλοφρο-

2006 3765 2107 3815 νητ
2125 3747 2212 3813 ική
2243 3743 2510 3817 νεωτέρου
2539 3743 2677 3817 πρὸς
2708 3736 3094 3816 πρεσϐύτερον.
3145 3743 3411 3798 Juniores
3467 3743 3653 3798 senio-

2003 3833 2163 3890 ribns
2193 3841 2466 3905 tanquam
2496 3832 2603 3889 ﬁlii
2629 3831 2960 3904 parentibus
3003 3830 3231 3886 titulum
3257 3829 3410 3887 hunc
3441 3830 3654 3888 tribue-

2005 3924 2173 3993 bant;
2195 3931 2248 3980 et
2269 3923 2368 3980 ubi
2387 3923 2534 3978 aetati
2564 3923 2808 3993 dignitas
2827 3923 3015 3993 aliqua
3035 3920 3294 3990 accessit,
3326 3919 3526 3977 titulus
3555 3939 3653 3978 ve-

2003 4013 2318 4070 nerationis
2345 4010 2672 4069 habebatur.
2701 4010 2780 4066 Τὸ
2806 4008 2998 4064 πάππα
3017 4009 3107 4063 καὶ
3127 4007 3188 4064 τὸ
3212 4005 3362 4063 ἅππα
3384 4007 3446 4063 οὗ
3472 4006 3652 4082 ψιλῶς

2005 4101 2032 4154 ὁ
2063 4100 2268 4175 πατὴρ,
2298 4098 2614 4174 ἀλλὰπρὸς
2662 4097 2868 4172 πατέρα
2917 4099 3145 4167 σεπτική
3200 4098 3373 4174 φωνή,
3426 4098 3654 4155 Suidas.

2001 4193 2115 4248 Sub
2138 4193 2244 4249 hac
2277 4190 2662 4248 venerationis
2691 4195 2830 4246 nota
2859 4188 3040 4250 πάπας
3099 4207 3132 4244 a
3177 4189 3411 4258 Graecis,
3448 4206 3595 4261 papa
3623 4207 3656 4244 a

2005 4280 2234 4347 Latinis,
2263 4278 2546 4352 primaria
2587 4278 2856 4336 Ecclesia
2913 4277 3263 4350 temporibus
3302 4277 3656 4335 tribuebatur

2002 4370 2306 4442 episcopis,
2353 4384 2496 4442 quos
2552 4369 2678 4426 loco
2733 4367 3117 4439 spiritualium
3175 4376 3395 4440 patrum
3443 4367 3656 4425 habue-

2002 4465 2156 4518 runt.
2199 4459 2367 4517 Nulla
2422 4458 2520 4516 hic
2576 4457 2690 4527 avi,
2746 4458 2905 4514 nulla
2960 4458 3141 4530 patris
3192 4466 3418 4529 patrum
3473 4459 3652 4514 notio.

2001 4553 2121 4607 Hoc
2151 4557 2337 4606 autem
2370 4549 2621 4605 secundo
2651 4551 2906 4619 apparet,
2939 4547 3090 4618 quod
3123 4548 3319 4603 titulus
3339 4548 3436 4603 ille
3456 4550 3653 4604 eodem

2000 4657 2119 4698 levo
2149 4656 2263 4712 quo
2291 4639 2362 4696 de
2392 4638 2630 4696 Her-acta
2686 4643 2986 4708 usurpatas
3035 4644 3140 4705 est,
3193 4638 3322 4693 aliis
3372 4636 3654 4708 episcopis

2002 4745 2173 4802 quam
2207 4728 2541 4800 patriarchis
2570 4726 2898 4784 communis
2929 4734 3068 4783 erat.
3119 4727 3314 4782 Clerus
3357 4730 3648 4782 Romanus

2001 4822 2071 4874 ad
2131 4819 2351 4876 clerum
2410 4815 2955 4887 Carthaginensem:
3020 4813 3323 4871 Didicimus
3373 4816 3652 4870 secessisse

2005 4907 2348 4964 benedictum
2375 4921 2590 4978 papam
2641 4905 2992 4976 Cyprianum
3017 4919 3050 4957 a
3077 4902 3376 4958 Clementia
3430 4900 3652 4956 subdia-

1998 5013 2155 5054 cono.
2187 4997 2365 5054 Iidem
2397 4996 2459 5052 in
2499 4994 2667 5050 titulo
2715 4992 2970 5063 epistolae
3021 4991 3090 5046 ad
3142 4990 3329 5060 ipsum
3385 4989 3649 5060 scriptae:

2002 5085 2281 5158 Cypriano
2307 5101 2465 5156 papae
2509 5080 2817 5155 presbyteri
2859 5085 2913 5135 et
2960 5079 3175 5135 diaconi
3233 5079 3417 5134 Romae
3473 5080 3650 5133 consi-

1997 5179 2198 5232 stentes
2226 5173 2284 5228 S.
2317 5175 2398 5228 Ita
2429 5173 2620 5228 Roma:
2677 5171 2756 5225 ita
2785 5170 2844 5225 in
2874 5168 3062 5224 Africa
3094 5167 3271 5223 locuti
3313 5173 3484 5223 sunt:
3520 5167 3651 5224 Uni-

2000 5264 2148 5322 versi
2177 5265 2506 5334 confcssorcs
2537 5259 2818 5332 Cypriano
2856 5274 3009 5331 papae
3039 5256 3095 5313 S.
3129 5257 3505 5326 Hieronymus
3545 5258 3654 5314 ali-

1999 5355 2226 5427 quando
2300 5350 2682 5422 TheOphilum
2771 5348 3122 5419 episcopum,
3200 5346 3652 5405 Alexandrinum

1996 5459 2197 5516 papam
2233 5439 2501 5513 appellat,
2543 5442 2604 5494 ut
2633 5437 2693 5493 in
2723 5435 2996 5508 Apologia
3028 5436 3295 5492 adversus
3334 5435 3650 5508 Bufﬁnum,

1996 5535 2144 5601 Ergo
2165 5529 2437 5602 etpistolae
2468 5541 2632 5600 papa
2657 5524 2943 5598 Theophili
2966 5531 3024 5580 et
3053 5523 3383 5596 Epiphanii
3412 5533 3466 5582 et
3491 5528 3642 5584 alio-

1995 5638 2124 5677 rum
2153 5623 2528 5693 cpiscoporum
2557 5624 2606 5674 te
2654 5622 2868 5689 petunt,
2922 5621 2974 5672 te
3021 5615 3316 5685 lacerant;
3376 5620 3434 5672 et
3479 5616 3646 5688 paulo

1997 5719 2168 5786 post:
2235 5711 2406 5768 Lectis
2487 5723 2666 5781 nuper
2743 5721 2908 5780 papa?
3001 5706 3282 5778 Theophili
3380 5706 3642 5775 epistolis,
