3990 6136
319 410 436 470 243

1358 399 1421 463 S.
1471 403 1870 465 lGNATIUS.
1917 435 1993 446 -—-
2035 392 2660 464 PROLEGOMENA.

3609 397 3719 459 244

325 546 674 613 iterumque:
709 541 864 597 Nunc
889 542 1137 612 primum
1163 557 1195 595 a
1215 555 1355 610 papa
1389 537 1682 609 Theophzlo
1713 537 1967 593 didicisse
1995 543 2051 609 A
2081 540 2228 607 apud
2262 539 2551 610 [Ethiopas
2581 540 2976 595 intemeratum
3009 540 3079 594 ad
3143 553 3246 593 sua
3274 551 3451 608 usque
3481 544 3728 608 tempora

330 633 640 704 impietate:
669 633 804 703 ejus.
839 632 906 686 Et
936 631 994 684 in
1025 628 1261 700 epistola
1317 629 1384 684 ad
1435 629 1621 698 ipsum
1666 629 1833 682 data:
1875 625 1979 682 Ad-

331 721 514 777 nitere
553 737 700 790 ergo,
735 737 876 792 papa
901 719 1278 774 amantissime
1307 720 1468 788 atque
1491 718 1818 772 beatissime.
1856 715 1981 772 Non

341 813 491 882 quod
526 810 677 864 hunc
711 807 942 864 titulum
991 808 1372 863 Alexandrino
1419 806 1684 876 episcopo
1733 804 1985 875 peculia-

337 915 457 954 rem
491 899 1171 964 crederet;Anastasium
1210 897 1363 952 enim
1413 894 1582 950 simul
1635 910 1765 949 cum
1808 893 1989 948 Theo-

336 987 495 1058 philo
526 987 852 1050 nominans,
904 987 1091 1050 illum,
1141 1002 1255 1042 non
1305 985 1480 1049 hunc,
1531 1000 1736 1054 papam
1785 989 1982 1038 vocat:

342 1075 484 1144 Quid
514 1075 732 1146 faciunt
763 1076 1013 1146 epistola?
1044 1074 1328 1145 Theophili
1354 1075 1610 1144 episcopi,
1642 1071 1772 1142 quid
1825 1085 1988 1142 papae

336 1167 644 1233 Anastasii,
675 1168 737 1220 in
769 1173 880 1221 tota
911 1165 1038 1220 orbe
1067 1164 1391 1221 hr'ereticum
1410 1169 1786 1234 persequentes
1812 1161 1839 1214 ‘t
1869 1163 1986 1214 Imo

334 1256 397 1311 in
426 1255 667 1326 epistola
699 1256 767 1310 ad
801 1254 1180 1324 Theophilum
1210 1255 1342 1308 data
1381 1251 1738 1306 Anastasium
1788 1263 1988 1320 papam

335 1343 613 1415 appellat,
644 1345 727 1398 Ex
759 1343 1164 1414 dispensatione
1195 1343 1295 1397 Dei
1320 1345 1530 1412 factum
1556 1349 1708 1411 puto,
1747 1343 1805 1393 ut
1833 1354 1897 1393 eo
1928 1337 1990 1391 in

336 1441 580 1504 tempore
611 1441 670 1488 tu
698 1449 904 1504 quoque
935 1433 1007 1486 ad
1067 1430 1418 1486 Anastasium
1459 1446 1662 1501 papam
1701 1426 1988 1483 scriberes.

339 1522 496 1578 Alios
518 1524 688 1579 etiam
711 1525 906 1578 eodem
934 1523 1164 1578 nomine
1187 1522 1452 1592 indigitat
1474 1537 1486 1574 :
1512 1520 1589 1574 Ne
1607 1535 1693 1574 me
1716 1520 1902 1572 mittas
1921 1516 1993 1571 ad

341 1631 440 1670 sea:
469 1612 662 1667 millia
693 1613 964 1668 librorum
993 1613 1128 1681 ejus,
1155 1628 1285 1682 quos
1319 1609 1516 1678 legisse
1555 1609 1769 1663 beatum
1790 1623 1994 1678 papam

343 1706 716 1778 Epiphaniam
737 1705 1088 1767 criminaris;
1123 1710 1175 1756 et
1207 1715 1432 1755 rursus:
1467 1700 1661 1769 Erupit
1691 1695 1995 1768 aliquando

344 1809 530 1854 contra
565 1811 766 1868 papam
826 1792 1222 1861 Epiphanium,
1273 1789 1538 1858 Apologia
1597 1788 1867 1842 secunda.
1928 1785 1994 1840 In

344 1886 616 1960 prooemio
673 1883 1223 1939 Commentariorum
1283 1879 1343 1934 in
1425 1877 1657 1944 Jonam,
1718 1875 1994 1932 Caeterum

2025 1926 2073 1990 Β

2083 628 2506 697 permansisse?
2536 628 2679 684 nihil
2701 630 2920 685 horum.
2953 629 3014 683 Id
3045 643 3220 683 unum
3251 633 3533 692 asserunt,
3561 641 3726 698 supe-

2085 716 2223 771 riori
2253 717 2459 773 saeculo
2488 718 2677 774 nullos
2706 719 2881 773 fuisse
2911 718 2968 773 in
2997 717 3242 774 Ecclesia
3275 716 3588 785 Aithiopica
3615 715 3728 786 epi-

2087 821 2308 875 scopos,
2339 806 2584 862 abunam
2617 823 2793 862 unum
2841 808 2913 862 ab
2969 805 3354 862 Alexandrino
3412 805 3727 875 patriarcha

2090 895 2332 950 electum
2366 903 2419 951 et
2457 903 2735 951 creatum.
2771 897 2977 951 Demus
3036 897 3205 966 igitur
3248 895 3304 949 id
3346 909 3541 950 verum
3589 910 3729 962 esse,

2092 984 2239 1053 quod
2269 999 2466 1039 eorum
2513 986 2836 1040 testimonio
2887 985 3274 1050 conﬁrmatur,
3337 982 3560 1039 etiamsi
3617 984 3730 1038 illis

2094 1073 2260 1143 longe
2292 1073 2479 1142 plures
2509 1075 2855 1129 contrarium
2889 1075 3058 1143 plane
3087 1074 3346 1140 doceant,
3397 1080 3565 1141 atque
3592 1072 3733 1128 inter

2093 1177 2190 1217 eos
2221 1162 2341 1232 ipse
2371 1162 2696 1217 Salmasius.
2746 1165 2826 1218 An
2881 1163 3016 1218 inde
3074 1163 3324 1233 sequitur
3382 1163 3733 1218 traditionem

2096 1251 2506 1320 Eutychianam
2531 1253 2590 1308 in
2623 1253 2860 1324 Egypto
2883 1268 3070 1308 revera
3094 1253 3166 1307 ab
3215 1252 3377 1307 initio
3406 1251 3736 1319 obtinuisse,

2097 1346 2154 1396 et
2168 1355 2396 1396 omnem
2414 1341 2722 1411 lgnatianis
2737 1341 2990 1412 epistolis
3004 1342 3170 1397 ﬁdem
3186 1340 3568 1410 abrogandam
3586 1344 3742 1395 esse?

2096 1429 2250 1484 Nulli
2283 1430 2511 1484 fuerunt
2560 1430 2620 1484 in
2675 1431 2960 1501 EthiOpia
3020 1430 3270 1500 episcopi
3312 1441 3511 1498 praeter
3565 1444 3740 1483 unum

2097 1519 2342 1575 abunam
2369 1519 2579 1576 seculo
2617 1538 2730 1574 xvi.
2764 1521 2907 1590 Ergo
2938 1521 3080 1576 nulli
3113 1527 3273 1577 erant
3317 1520 3376 1575 in
3427 1526 3540 1575 tota
3586 1519 3743 1588 {Egy-

2099 1608 2284 1677 ptiaca
2325 1608 2553 1663 dimcesi
2587 1609 2767 1678 primo
2797 1609 2881 1663 vel
2918 1609 3170 1665 secundo
3210 1607 3417 1663 szeculo
3467 1622 3645 1678 usque
3676 1607 3741 1661 ad

2100 1714 2154 1751 a.
2188 1697 2254 1751 D.
2289 1696 2392 1751 490
2449 1698 2698 1767 episcOpi
2758 1707 2959 1768 praeter
3017 1699 3467 1754 Alexandrinum
3516 1695 3746 1768 patriar-

2102 1788 2266 1843 cham
2293 1807 2307 1855 ;
2336 1789 2572 1857 ideoque
2603 1788 2857 1856 epistola
2891 1789 3092 1856 lgnaIii
3124 1790 3382 1844 conﬁctae
3415 1795 3570 1843 sunt.
3623 1787 3742 1842 Non

2104 1876 2428 1946 probataut
2481 1879 2747 1940 admittit,
2811 1879 3033 1946 Opinor,
3090 1877 3235 1934 hanc
3283 1877 3746 1947 consequentiam

343 1996 451 2032 non
482 1977 825 2043 ignoramus.
863 1972 1145 2026 ChrOmati
1173 1985 1315 2039 papa
1343 1966 1700 2022 venerabilis.
1756 1970 1818 2019 In
1873 1963 1997 2033 epi-
2028 1963 2073 1990 ”
2105 1967 2189 2020 vir
2219 1966 2597 2021 doctissimus.
2633 1967 2864 2037 Reliqua
2894 1967 3044 2022 enim
3078 1965 3271 2022 omnia
3300 1981 3422 2037 quae
3453 1981 3752 2022 enumera-

344 2069 483 2122 stuln
518 2069 584 2119 ad
617 2064 990 2126 Augustinum
1021 2078 1030 2088 ·
1066 2061 1403 2114 Incolumem
1451 2067 1504 2112 et
1550 2059 1660 2111 mei
1705 2069 1997 2110 memorem

347 2169 394 2214 te
426 2156 633 2212 Christi
667 2155 892 2209 Domini
931 2152 1222 2206 clementia
1281 2153 1524 2214 tueatur,
1579 2146 1796 2202 domine
1839 2159 1997 2199 vene-

348 2249 517 2302 rande
539 2262 585 2300 et
621 2242 938 2298 beatissime
988 2257 1154 2311 pupa.
1206 2239 1288 2293 Ita
1339 2236 1539 2307 reliqui
1597 2238 1850 2306 ejusdem
1897 2232 1998 2287 aevi

351 2356 557 2393 nmnen
595 2350 759 2404 pupa?
789 2331 1014 2387 cuilibet
1081 2331 1346 2397 episcopo
1398 2326 1738 2382 tribuebant.
1789 2323 1996 2390 Tertio,

356 2437 621 2483 usmitum
673 2426 822 2478 hunc
881 2425 1103 2475 titulum
1166 2422 1333 2474 etiam
1387 2425 1518 2471 ante
1575 2414 1908 2483 Dionysium
1947 2420 2001 2466 et

355 2521 651 2574 Heraclam
684 2519 848 2570 ducet
883 2530 984 2566 nos
1032 2509 1417 2566 Tertullianus
1449 2507 1548 2561 lib.
1600 2508 1676 2560 De
1722 2503 2002 2575 pudicitia

363 2627 485 2678 cap.
524 2610 612 2675 l3,
645 2607 741 2676 qui
799 2605 868 2658 de
917 2603 1182 2672 episc0po
1232 2601 1482 2654 Romano
1525 2597 1642 2652 haec
1702 2595 1901 2650 habet:
1936 2595 2002 2646 1η

356 2715 478 2754 eum
512 2697 749 2750 hominis
798 2692 1030 2758 exitum,
1091 2698 1363 2760 quantum
1398 2695 1565 2758 potes,
1609 2683 2003 2739 misericordia

357 2785 634 2842 illecebris
665 2785 838 2839 bonus
863 2783 1126 2853 pastor,et
1151 2777 1460 2834 benedictus
1476 2791 1618 2846 papa
1637 2774 2001 2830 concionaris.

356 2878 494 2932 Cum
527 2878 696 2944 igitur
725 2888 827 2928 vox
857 2887 1006 2941 papa
1039 2882 1329 2937 nunquam
1361 2865 1641 2936 signiﬁcet
1688 2879 1872 2929 avum,
1905 2861 2000 2916 sed

355 2966 620 3022 omnibus
650 2961 934 3032 episcopis
965 2972 1184 3027 semper
1217 2955 1424 3011 tributa
1463 2953 1554 3020 sit,
1587 2958 1641 3008 et
1691 2953 1848 3021 prius
1878 2949 2002 3020 qui-

354 3057 489 3110 dem
522 3052 787 3123 episcopo
819 3049 1071 3104 Romano
1122 3061 1288 3114 quam
1347 3041 1754 3108 Alexandrino,
1806 3038 2003 3094 inania

355 3151 484 3200 sunt
515 3141 707 3197 omnia
751 3138 822 3193 ob
887 3152 1007 3206 qua:
1068 3135 1214 3190 hanc
1263 3132 1557 3187 historiam
1614 3128 2004 3197 excogitarunt

353 3230 565 3287 Arabes
598 3247 613 3297 ;
645 3227 784 3282 falsa
813 3225 982 3281 etiam
1030 3227 1088 3279 et
1136 3223 1372 3279 historia
1423 3221 1492 3275 ad
1540 3219 1743 3276 horum
1784 3224 1999 3272 tantum

358 3317 856 3377 conﬁrmationem
883 3312 1111 3368 tradita.

429 3423 800 3482 Excussimus
828 3421 1198 3478 traditionem
1230 3416 1634 3488 Egyptiacam,
1684 3428 1852 3485 quam
1902 3428 2008 3468 nos

363 3530 658 3586 nunquam
683 3522 871 3569 natam
904 3512 1076 3568 fuisse
1115 3507 1538 3571 contendimus,
1588 3510 1642 3558 et
1691 3502 1763 3558 ab
1810 3501 2007 3556 Arabi-

367 3606 471 3663 bus
501 3601 891 3660 tantummodo
921 3600 1149 3665 ﬁctam;
1183 3611 1315 3652 ecce
1343 3600 1530 3649 autem
1583 3591 1752 3648 etiam
1800 3589 2008 3647 redivi-

361 3709 486 3750 vam
521 3701 574 3749 et
603 3692 671 3746 ad
705 3689 860 3744 hunc
892 3701 1071 3755 usque
1097 3684 1248 3739 diem
1276 3680 1632 3752 superstitem
1659 3680 1670 3733 l
1704 3677 2010 3750 Eutychia-

363 3800 496 3838 nam
560 3779 912 3836 traditionem
969 3775 1155 3844 ﬁrmat
1219 3773 1357 3828 idem
1419 3771 1759 3836 institutum,
1825 3769 2010 3838 inquit

360 3872 628 3936 Dallssus,
667 3868 729 3923 in
787 3864 1176 3938 antiquitsima
1230 3871 1282 3918 et
1338 3859 1688 3915 nobilissima
1743 3857 2010 3915 Ecclesiae

359 3958 706 4030 Egyptiacaz
722 3956 972 4021 traduce,
998 3951 1303 4022 rEthMpica
1325 3949 1764 4018 Christianitate,
1794 3949 1875 4004 ad
1893 3947 2010 4001 hac

357 4065 529 4120 usque
550 4053 800 4118 tempora
818 4050 1122 4100 servatum.
1147 4041 1209 4095 In
1233 4039 1386 4096 omni
1407 4040 1555 4094 enim
1576 4037 1900 4107 £thi0pica
1915 4036 2012 4091 Ec-

355 4141 528 4195 clesia
557 4153 700 4193 unus
728 4139 805 4192 est
826 4135 944 4204 jam
969 4132 1036 4186 ab
1056 4130 1305 4201 antiquis
1338 4129 1675 4201 temporibus
1704 4128 2006 4197 episc0pus,

360 4228 565 4293 abuna,
597 4230 656 4280 ut
674 4231 896 4289 vocant,
926 4221 980 4274 id
1011 4224 1100 4274 est
1125 4219 1479 4291 patriarcha,
1510 4219 1607 4288 qui
1633 4217 1801 4272 etiam
1850 4213 2012 4270 hodie

360 4317 428 4371 ab
466 4311 859 4371 Alexandrino
902 4309 1236 4382 patriarcha
1287 4315 1632 4365 consecratur
1659 4310 1713 4361 et
1743 4305 2008 4359 mittitur-

360 4405 606 4473 Antiqua
643 4409 833 4458 autem
865 4405 1118 4470 tempora
1148 4413 1270 4469 quae
1301 4396 1435 4463 sint,
1486 4400 1681 4466 postea
1724 4392 2010 4458 ostendit;

360 4494 441 4548 ait
469 4492 529 4548 in
558 4491 858 4561 EthiOpim
888 4488 1095 4560 pariter
1150 4501 1216 4542 ao
1261 4485 1486 4558 Egypti
1544 4481 1913 4554 amplissimis
1960 4487 2015 4535 et

361 4579 865 4639 Christianissimis
921 4577 1243 4635 civitatibus
1300 4575 1490 4630 nullos
1556 4573 1628 4628 ad
1689 4589 1724 4628 a
1784 4571 1848 4626 Ι).
1912 4570 2014 4624 190

2106 2057 2313 2122 vimus,
2373 2056 2441 2110 ad
2492 2055 2902 2128 Eutychianam
2963 2057 3328 2112 traditionem
3387 2057 3751 2124 ﬁrmandam,

2108 2147 2271 2216 plura
2299 2154 2492 2200 autem
2525 2148 2592 2200 ad
2653 2147 2930 2215 lgnatium
2976 2147 3336 2216 epistolicum
3385 2147 3756 2214 rejiciendum

2109 2236 2433 2292 necessaria
2458 2243 2632 2291 sunt:
2665 2251 2791 2306 quae
2823 2237 3008 2292 adhuc
3049 2236 3208 2292 nullo
3257 2234 3582 2291 testimonio
3630 2249 3766 2290 con-

2111 2325 2435 2393 ﬁrmantur,
2468 2325 2584 2380 imo
2615 2340 2738 2395 quae
2776 2325 2936 2380 nullo
2968 2327 3291 2382 conlirmari
3328 2329 3582 2397 possunt.

2183 2432 2374 2488 Primo
2403 2433 2555 2488 enim
2590 2432 2989 2488 Christianitas
3011 2434 3334 2505 Ethiopica
3365 2434 3434 2488 ab
3458 2433 3620 2488 initio
3639 2448 3755 2488 non

2110 2523 2330 2577 videtur
2362 2523 2536 2578 fuisse
2593 2523 2858 2578 Ecclesiae
2915 2525 3255 2595 Egyptiacas
3311 2510 3530 2578 tradux.
3592 2523 3756 2591 Nam,

2113 2619 2250 2667 teste
2283 2612 2515 2678 Irenaeo,
2551 2612 2588 2667 I.
2622 2629 2708 2677 ιιι,
2741 2628 2790 2669 c.
2837 2611 2930 2683 42,
2980 2613 3158 2685 Spado
3201 2616 3405 2683 regina:
3448 2612 3763 2684 Ethiopian

2110 2703 2316 2757 missus
2345 2710 2423 2758 est
2455 2705 2510 2757 in
2562 2704 2815 2772 regiones
2847 2703 3147 2774 {Ethiopia’
3195 2703 3610 2774 prmdicaturus
3665 2707 3766 2756 hoc

2113 2791 2250 2861 quod
2279 2793 2393 2862 ipse
2421 2791 2745 2847 crediderat.
2772 2793 2928 2848 Idem
2962 2799 3198 2848 testatur
3229 2791 3430 2847 Euseb.
3461 2791 3496 2847 Ι.
3533 2804 3594 2857 ιι,
3628 2806 3679 2846 c.
3707 2791 3763 2858 l,

2111 2889 2164 2935 et
2195 2881 2255 2938 S.
2289 2881 2518 2936 Hieron.
2553 2881 2613 2935 in
2643 2899 2736 2936 ιιιι
2769 2881 2950 2948 lsaim,
2985 2885 3039 2936 et
3067 2881 3124 2935 S.
3172 2880 3342 2950 Cyril.
3395 2881 3612 2937 catech.
3668 2880 3757 2934 17.

2113 2970 2270 3026 Unde
2300 2977 2352 3024 et
2409 2970 2696 3042 lEthiopes
2753 2971 2860 3042 ipsi
2892 2970 3214 3039 aPhilippo
3262 2970 3518 3038 apostolo
3569 2986 3630 3024 se
3687 2970 3760 3024 ad

2111 3058 2282 3113 ﬁdem
2313 3075 2615 3115 conversos
2641 3059 2993 3129 proﬁtentur.
3046 3056 3250 3112 Volunt
3279 3056 3444 3112 etiam
3487 3057 3762 3112 nonnulli

2112 3147 2168 3203 S.
2225 3147 2500 3202 Thomam
2560 3147 2920 3217 [Ethiopibus
2961 3143 3327 3215 Evangelium
3389 3147 3759 3214 praedicasse,

2114 3234 2210 3290 alii
2241 3236 2299 3292 S.
2335 3236 2686 3301 Matthmum,
2711 3244 2768 3290 ut
2795 3238 2952 3290 Socr.
2989 3234 3026 3288 l.
3059 3250 3097 3302 ι,
3131 3248 3182 3289 c.
3216 3233 3304 3304 {9,
3336 3233 3598 3288 Rufﬁnus
3632 3235 3668 3290 Ι.
3702 3251 3762 3289 x.

2118 3341 2168 3380 c.
2199 3326 2253 3392 9,
2293 3326 2584 3396 Utcunque
2625 3326 2716 3392 sit,
2773 3329 2906 3378 sunt
2961 3323 3113 3378 enim
3171 3322 3368 3393 prima
3421 3323 3765 3393 evangelica

2117 3414 2588 3486 promulgatiouis
2618 3412 2851 3482 vestigia
2873 3419 2932 3467 ut
2957 3413 3105 3483 apud
3153 3411 3292 3466 alias
3321 3423 3516 3482 gentes
3544 3430 3575 3465 a
3605 3411 3771 3466 Grae-

2117 3505 2200 3560 cis
2233 3504 2399 3574 longe
2427 3503 2684 3570 diss;tas,
2737 3501 2811 3555 ita
2843 3508 2897 3556 et
2932 3501 3082 3571 apud
3126 3500 3415 3570 (EthiOpas
3457 3501 3619 3555 valde
3651 3501 3766 3555 ob-

2120 3608 2302 3656 scura,
2338 3607 2506 3647 nemo
2536 3599 2721 3645 tamen
2753 3597 3002 3645 veterum
3047 3589 3185 3644 dixit
3240 3589 3532 3659 Ethiopas
3581 3590 3770 3660 primo

2118 3681 2208 3738 vel
2257 3680 2512 3737 secundo
2569 3679 2775 3734 saeculo
2834 3679 3169 3749 religionem
3228 3679 3606 3734 Christianam
3691 3678 3769 3735 ab

2117 3770 2391 3840 Egyptiis
2446 3767 2758 3834 didicisse;
2819 3767 2967 3836 quod
3026 3775 3144 3822 erat
3225 3767 3295 3822 ad
3351 3767 3773 3836 Eutychianam

2117 3867 2475 3922 traditionem
2509 3865 2846 3920 ﬁrmandam
2890 3864 3173 3935 imprimis
3214 3865 3449 3936 probatu
3501 3881 3771 3921 necessa-

2119 3957 2291 4012 rium.
2323 3956 2390 4010 Et
2423 3954 2628 4010 mirum
2659 3961 2764 4020 est,
2799 3962 2930 4025 quot
2956 3961 3008 4010 et
3039 3955 3227 4026 qualia
3269 3955 3385 4010 haec
3435 3955 3505 4010 de
3549 3956 3777 4025 tgnatio

2118 4046 2446 4115 conjectura
2500 4043 2775 4099 Dallasum
2854 4042 3067 4109 docuit,
3125 4059 3247 4114 quae
3300 4051 3464 4100 antea
3535 4059 3777 4113 prorsus

2120 4135 2421 4206 ignoravit.
2477 4135 2562 4188 Ita
2609 4133 2763 4188 enim
2808 4133 2929 4202 ipse
2973 4134 3041 4188 de
3099 4133 3374 4204 Pseudep.
3417 4142 3594 4204 apost.
3659 4133 3698 4188 l.
3735 4150 3784 4198 ι,

2121 4237 2172 4278 c.
2203 4223 2278 4275 2:
2313 4221 2416 4276 Sed
2446 4221 2730 4292 Ethiopas
2760 4219 2981 4290 quidem
3028 4222 3335 4286 mittamus,
3384 4236 3615 4290 quorum
3664 4236 3786 4275 non

2120 4314 2234 4368 nisi
2261 4314 2645 4369 recentissima
2671 4312 2945 4376 novimus,
2978 4310 3208 4381 antiqua
3231 4311 3399 4382 plane
3433 4312 3780 4381 ignoramus.

2195 4403 2459 4457 Fatemur
2515 4402 2768 4472 quidem,
2829 4399 3102 4470 quidquid
3161 4399 3230 4455 ab
3324 4400 3622 4470 Eunucho,
3673 4407 3782 4456 aut

2121 4493 2360 4560 Thoma,
2391 4498 2486 4546 aut
2515 4491 2778 4546 Malthaso
2810 4491 3016 4546 factum
3045 4493 3135 4545 est
3171 4490 3232 4545 in
3271 4489 3388 4545 illis
3419 4489 3776 4562 regionibus,

2124 4581 2414 4654 IEthiOpas
2463 4580 2769 4651 aliquando
2842 4579 3220 4635 Christianam
3293 4579 3625 4651 religionem
3699 4580 3778 4635 ab

361 4671 681 4742 episcOpos,
705 4669 954 4726 abunam
989 4673 1204 4722 tantum
1237 4665 1411 4720 fuisse
1453 4661 1833 4732 EthiOpicum
1867 4663 1929 4714 ut
1958 4667 2010 4714 et
2043 4667 2088 4732 ι)
2120 4669 2394 4741 aegyptiis
2424 4669 2698 4737 hausisse,
2731 4671 2880 4740 quod
2916 4669 3094 4724 ωυιια
3122 4669 3536 4725 demonstrant,
3598 4670 3776 4736 Qum-

362 4760 743 4833 patriarcham
773 4757 1243 4814 Alexandrinum.

437 4871 635 4936 Quaaro
663 4873 851 4922 autem
911 4865 1062 4920 unde
1118 4863 1239 4918 haec
1301 4861 1493 4918 omnia
1551 4875 1653 4930 pro
1709 4857 2013 4927 compertis

368 4959 574 5016 habeat
631 4958 718 5012 vir
771 4954 1151 5012 doctissimus.
1212 4951 1404 5008 Testes
1469 4957 1707 5020 quatuor
1762 4945 2012 5014 adducit,

367 5048 720 5119 Alphonsum
762 5043 1124 5112 lindesium,
1149 5039 1447 5099 Nicolaum
1480 5038 1826 5108 Godignum,
1849 5037 2015 5091 Joan-

369 5154 501 5195 nem
531 5155 565 5192 a
591 5136 832 5205 Sanctis,
867 5133 1230 5188 Franciscum
1260 5129 1545 5193 Alvarem,
1587 5141 1834 5197 nuperos
1873 5125 2013 5180 scri-

367 5236 555 5297 ptores
611 5241 830 5292 omnes,
888 5221 1134 5278 Jesuitas
1205 5226 1304 5274 aut
1387 5217 1810 5272 Dominicanos.
1870 5213 2016 5279 Quid

365 5323 562 5374 autem
591 5316 676 5372 illi
725 5309 1054 5370 testantur?
1098 5325 1172 5364 an
1218 5307 1695 5363 Christianitatem
1740 5302 2014 5372 Ethiopi-

368 5421 495 5463 cam
526 5405 598 5461 ab
653 5404 816 5461 initio
871 5401 1046 5457 fuisse
1101 5397 1370 5454 Ecclesia!
1426 5395 1762 5466 [Egyptiacai
1821 5393 2015 5447 tradu~

369 5509 495 5551 cem
517 5495 543 5548 ?
572 5511 647 5551 an
675 5495 745 5549 ab
793 5491 1027 5562 antiquo
1078 5502 1253 5557 usque
1281 5486 1350 5542 ad
1381 5503 1413 5540 a
1444 5489 1508 5541 D.
1561 5483 1691 5551 490,
1738 5483 1911 5538 fuisse
1957 5483 2018 5536 in

373 5583 658 5652 IEtbiOpia
690 5580 1068 5653 patriarcham
1099 5584 1194 5632 aut
1221 5575 1471 5631 abunam
1500 5589 1630 5630 cum
1681 5571 2020 5644 presbyteris

374 5673 831 5747 quamplurimis,
855 5672 1118 5742 episcOpo
1148 5676 1338 5724 autem
1367 5667 1573 5722 nullo?
1595 5681 1668 5721 an
1691 5665 1839 5720 hanc
1869 5662 2017 5734 regi-

373 5763 552 5826 minis
609 5763 847 5821 formam
900 5758 971 5816 ab
1023 5757 1296 5830 Egyptiis
1352 5756 1526 5813 fuisse
1577 5753 1910 5823 derivatum,
1965 5760 2023 5809 et

2118 4761 2261 4816 ritur
2291 4768 2507 4816 tantum
2557 4759 2626 4815 de
2686 4763 2961 4828 tempore,
3005 4757 3169 4828 cujus
3217 4758 3465 4828 cognitio
3523 4766 3640 4813 erat
3698 4759 3777 4814 ad

2119 4851 2230 4907 hoc
2252 4857 2650 4921 argumentum
2674 4850 2842 4920 plane
2873 4849 3207 4906 necessaria.
3243 4849 3382 4906 Nam
3418 4849 3528 4905 nisi
3561 4849 3779 4919 probe-

2123 4948 2211 4997 tur
2233 4941 2522 5011 EthiOpas
2558 4939 2806 4995 abunam
2840 4938 3103 4995 habuisse
3127 4939 3196 4994 ab
3226 4939 3492 5011 episcOpo
3527 4937 3780 4993 Alexan-

2123 5031 2287 5087 drino
2316 5037 2588 5097 creatum,
2629 5028 2723 5099 qui
2756 5043 2877 5084 eam
2906 5027 3221 5084 Ebclesiam
3268 5043 3398 5084 cum
3431 5026 3787 5098 presbyteris

2124 5119 2247 5176 sine
2279 5119 2391 5174 alio
2422 5118 2686 5188 episcOpo
2736 5116 2957 5179 rexerit,
3010 5125 3143 5172 ante
3173 5117 3444 5173 Demetrii
3493 5123 3782 5186 tempora,

2125 5207 2474 5278 Eutychiana
2505 5206 2730 5261 traditio
2753 5205 2913 5261 nullo
2941 5207 3109 5261 modo
3139 5205 3592 5261 conﬁrmabitur.
3638 5205 3789 5268 Quae

2125 5305 2312 5353 autem
2344 5295 2586 5351 Dallaaus
2642 5294 2822 5366 aﬁ‘ert,
2879 5301 2938 5349 ut
2993 5294 3375 5366 Ethiopicum
3433 5294 3788 5350 Christiani-

2127 5402 2313 5442 smum
2371 5385 2442 5441 ab
2498 5385 2732 5456 Egypts
2780 5392 3148 5454 propagatum
3210 5399 3332 5440 esse
3399 5385 3787 5454 demonstret,

2129 5480 2252 5536 haec
2283 5477 2675 5533 tantummodo
2706 5483 2876 5529 sunt:
2909 5474 3128 5540 Abuna,
3160 5473 3399 5541 scilicet,
3439 5474 3506 5530 ab
3534 5475 3794 5529 Alexan-

2127 5569 2288 5624 drino
2321 5565 2644 5638 patriarcha
2698 5565 2808 5635 peti
2852 5561 3212 5633 ordinarique
3259 5565 3476 5635 solitus,
3524 5574 3580 5619 et
3621 5569 3794 5619 vetus

2128 5659 2374 5714 Dioscori
2401 5657 2639 5711 schisma
2667 5653 2758 5708 cui
2801 5666 2933 5720 gens
2977 5654 3093 5706 tota
3138 5651 3209 5707 ad
3255 5652 3581 5710 hodiernum
3629 5652 3793 5708 diem

2129 5747 2391 5814 adhaeret,
2439 5742 2637 5815 synodi
2694 5739 3148 5798 cltalcedonensis
3194 5749 3246 5799 et
3294 5743 3491 5800 Leonis
3537 5744 3800 5800 Romani
