3990 6136
255 386 369 445 245
1022 389 1078 449 J.
1123 387 1548 448 PEARSONII
1593 387 1964 450 VlNDIClE
2005 386 2483 454 ΙΘιΝΑΊῚΑΝλΕ.
2533 428 2610 441 -
2651 393 2854 457 PARS
2901 399 2953 457 I.
3560 394 3680 458 246

259 525 498 594 εμίεσοιί
530 527 866 581 memoriam
896 526 1220 582 abominans
1273 525 1405 582 Haec
1461 532 1648 581 autem
1683 540 1788 581 nec
1841 525 1910 579 ad
1941 525 1996 592 Α
2023 527 2602 602 abduceretur(inquit
2634 533 2975 589 Athanasius
3024 533 3082 588 in
3119 531 3441 604 Apologia),
3473 532 3534 587 in
3563 547 3673 602 qua

258 633 309 669 ο.
373 617 437 667 D.
497 614 631 682 190,
696 630 806 672 nec
865 617 932 671 ad
993 614 1216 670 Eusebii
1256 622 1511 685 tempora
1544 615 1920 684 pertingunt;
2033 622 2302 687 tyrannos
2333 639 2426 678 eos
2459 624 2660 679 fratres
2700 631 2880 688 vocat,
2923 623 3105 692 iisque
3158 623 3312 691 paria
3370 637 3502 678 cum
3563 621 3676 676 Ro-

260 705 504 774 ideoque
557 706 631 760 ad
686 720 807 760 rem
865 709 1198 775 praesentem
1231 704 1376 760 nihil
1407 704 1645 760 omnino
1677 704 1916 760 faciunt.
2029 709 2368 780 manisjura
2397 711 2694 781 impertit;
2745 728 2872 768 cunt
2925 711 3073 766 nulli
3129 711 3537 780 imperatorum
3569 715 3674 766 tto-

259 794 472 849 Arabes
505 795 742 865 quidem
802 794 1133 866 Ethiopian
1185 795 1452 851 Ecclesiae
1498 795 1808 863 primordia
1847 793 1915 848 ad
2027 810 2325 853 manorum
2356 800 2610 855 foederati
2643 799 2788 856 ultra
2819 799 3072 870 Gangem
3103 808 3324 854 essent:
3349 807 3467 853 tum
3500 801 3672 852 etiam

260 885 704 940 Constantinum
740 886 916 941 ferme
947 884 1219 940 referunt.
1282 883 1637 939 Abult‘araius
1696 887 1851 938 notat
1883 899 1916 936 ε
2026 889 2171 956 quod
2205 889 2355 945 idem
2385 891 2746 946 Constantius
2773 891 2955 960 legem
2988 889 3182 946 fecerit
3233 890 3292 945 in
3354 889 3473 944 haec
3504 887 3672 943 verba

260 982 517 1044 tempore
573 975 939 1030 Constantini
1015 974 1347 1044 religionem
1407 973 1785 1029 Christianam
1855 987 1915 1029 se
2025 991 2146 1045 quae
2179 994 2296 1033 rem
2329 978 2508 1048 ipsam
2553 979 2693 1035 mire
2751 979 2992 1035 illustrat
3037 995 3049 1032 :
3105 979 3302 1034 Nullus
3334 981 3405 1032 ad
3459 984 3673 1049 gentem

259 1064 570 1131 exeruisse,
631 1064 816 1118 donec
865 1079 987 1118 eam
1072 1063 1551 1133 amplecterentur
1633 1061 1914 1132 pleraeque
2022 1063 2453 1120 Auxumitarum
2505 1071 2557 1121 et
2611 1068 2917 1122 Homeritas
2972 1065 3057 1120 ire
3130 1070 3458 1137 praeceptus,
3519 1066 3670 1120 ultra

255 1169 452 1208 earum
484 1169 612 1224 quae
643 1153 919 1209 Romanis
947 1153 1144 1210 vicinae
1185 1160 1318 1209 sunt
1361 1159 1578 1223 gentes,
1632 1167 1737 1208 nec
1795 1169 1912 1208 non
2021 1155 2200 1208 annui
2237 1157 2498 1225 temporis
2533 1159 2719 1226 spatia
2748 1157 2895 1212 debet
2945 1155 3304 1210 Alexandria
3363 1157 3434 1210 de
3471 1163 3668 1210 caetero

256 1250 533 1314 quotquot
553 1242 883 1299 incolebant
939 1245 1122 1312 C0ptze
1182 1241 1309 1297 aliis
1364 1248 1418 1298 et
1467 1241 1698 1313 Nigritaa
1727 1241 1913 1297 omni-

2021 1241 2321 1298 demorari.
2356 1245 2529 1299 Erant
2561 1244 2731 1316 igitur
2763 1245 2819 1300 bi
2850 1241 3538 1316 Αὐξουμῖταικαλούμενοι
3570 1242 3664 1297 Λί-

255 1333 386 1402 geni
447 1349 518 1387 ex
572 1331 952 1403 rEthiOpibus,
1014 1331 1215 1389 Nubiis
1263 1330 1614 1402 ceterisque.
1669 1334 1912 1401 Geogra-
2022 1329 2229 1402 θίοπες,
2264 1340 2322 1387 ιιι
2354 1333 2605 1404 loquitur
2637 1334 3069 1404 Philostorgius,
3101 1333 3407 1389 Homeritis
3463 1333 3665 1402 adjun-

251 1421 369 1492 pho
441 1421 720 1478 Nubiensi
785 1428 1174 1477 memorantur
1239 1421 1420 1492 Nigri,
1495 1421 1592 1492 qui
1645 1425 1911 1475 vocantur
2019 1420 2116 1486 cti,
2177 1421 2415 1491 imperio
2508 1423 2760 1479 Romano
2841 1422 3202 1488 contermini,
3278 1422 3665 1477 Romanorum

247 1511 495 1566 Atbanin
545 1518 595 1566 et
622 1511 893 1566 dicuntur
919 1527 1031 1567 esse
1061 1510 1256 1577 Graeci,
1290 1509 1715 1582 religionemque
1743 1507 1908 1565 Chri-
2015 1508 2294 1576 ftedcrati,
2319 1517 2569 1580 tempore
2601 1511 2937 1567 Constantii.
2972 1513 3048 1566 Ad
3104 1511 3232 1567 illos
3289 1511 3460 1581 igitur
3515 1527 3665 1580 saepe

248 1603 506 1655 dianam
537 1601 790 1672 proﬁteri
817 1619 848 1656 a
878 1602 1070 1658 diebus
1117 1600 1460 1671 Coptitarum
1499 1603 1626 1656 ante
1651 1604 1905 1656 exortam
2015 1597 2174 1652 missi
2207 1608 2340 1654 sunt
2371 1599 2538 1669 legati
2561 1601 2662 1670 qui
2691 1601 3094 1656 Alexandriam
3157 1601 3340 1670 primo
3373 1599 3660 1670 petebant,

245 1691 765 1746 Mustemannorum
823 1696 1020 1747 sectam
1075 1708 1095 1752 ;
1142 1706 1336 1746 verum
1397 1691 1658 1760 deﬁciunt
1710 1707 1743 1745 a
1800 1690 1906 1759 ﬁde
2015 1686 2150 1742 inde
2180 1687 2239 1742 in
2273 1688 2615 1758 Ethiopiam
2648 1690 2909 1759 profecti,
2968 1705 3035 1744 ex
3095 1689 3381 1759 [Ethiopia
3411 1688 3664 1744 Alexan-

249 1781 728 1851 Christianorum,
770 1791 896 1838 sunt
925 1783 1074 1837 enim
1120 1780 1405 1839 Iacobum,
1445 1783 1518 1836 At
1547 1780 1906 1836 Constantini
2014 1775 2194 1831 driam
2227 1778 2434 1832 reversi
2467 1785 2618 1846 sunt,
2651 1779 2720 1834 ad
2753 1793 2892 1848 quos
2921 1787 3135 1847 spectat
3165 1777 3267 1833 illa
3307 1779 3661 1834 constitutio.

244 1880 410 1928 relate
445 1873 637 1942 plures
667 1888 834 1943 quam
866 1880 1096 1929 centum
1155 1875 1386 1927 fuerunt
1417 1872 1477 1927 in
1509 1871 1748 1944 Egypto
1779 1871 1902 1941 epi-
1928 1899 1976 1964 B
2016 1863 2145 1920 llrnc
2166 1866 2390 1922 occasio
2421 1881 2516 1921 eos
2546 1867 2616 1921 ad
2676 1866 2846 1922 tidem
2877 1867 3257 1922 Christianam
3309 1865 3414 1921 sub
3462 1865 3662 1936 primis

239 1963 404 2032 scopi
440 1980 456 2028 ;
490 1969 546 2017 et
577 1963 774 2018 eodem
825 1966 1079 2032 tempore
1135 1961 1414 2018 Eusebius
1453 1961 1657 2029 Ignatii
1687 1961 1898 2030 episto-
1928 1952 1975 1964 “’
2011 1952 2446 2024 imperatoribus
2474 1954 2816 2012 Christianis
2839 1956 3232 2013 convertendi.

237 2050 326 2106 las
357 2051 642 2108 omnibus
687 2052 941 2108 ecclesiis
988 2050 1405 2120 perhonorifica
1452 2050 1897 2106 commendavit.
2075 2041 2204 2098 Jam
2239 2059 2367 2100 vero
2395 2051 2526 2100 ante
2547 2045 2698 2101 hunc
2720 2045 3111 2101 Frumentium
3136 2046 3192 2099 in
3227 2045 3332 2100 hac
3364 2045 3524 2100 India
3538 2045 3654 2100 sive

238 2140 368 2196 Ιωο
428 2156 569 2197 vero
625 2141 850 2196 videtur
899 2141 1067 2197 etiam
1125 2145 1288 2196 atate
1344 2138 1530 2210 ipsius
1577 2138 1897 2206 Athanasii,
2003 2131 2154 2187 inter
2205 2133 2494 2205 zEthiopas
2544 2135 2842 2191 Axumitas
2895 2135 3057 2191 nulla
3126 2135 3457 2191 Christianae
3519 2135 3650 2190 reli-

237 2231 337 2300 qui
371 2229 650 2302 epistolas
679 2229 881 2300 Igualii
912 2239 966 2285 et
1014 2230 1173 2287 novit
1200 2237 1255 2286 et
1285 2228 1519 2299 recepit,
1566 2236 1619 2284 et
1650 2228 1898 2298 primum
2003 2220 2190 2291 gionis
2215 2223 2454 2294 vestigia
2479 2225 2850 2295 apparebant.
2903 2225 2986 2279 Ita
3036 2225 3271 2280 omnino
3321 2223 3650 2292 intelligen-

237 2321 550 2390 incognita
581 2319 669 2375 vel
703 2319 862 2375 nulla
890 2319 1084 2387 fuisse,
1127 2324 1184 2374 et
1239 2318 1376 2374 dein
1423 2318 1512 2374 vel
1561 2325 1747 2374 ortum
1795 2318 1896 2373 ba-
2002 2310 2107 2364 dus
2137 2312 2396 2366 Socrates
2421 2311 2482 2368 in
2514 2312 2841 2381 praefatione
2870 2313 2938 2368 ad
2982 2313 3128 2367 hanc
3163 2312 3503 2367 historiam:
3537 2311 3650 2376 Τὴν

237 2409 463 2476 buisse,
552 2408 642 2466 vel
699 2425 759 2464 se
815 2424 1177 2480 recuperasse
1237 2407 1488 2463 Ecclesia
1549 2407 1894 2477 Egyptiaca.

2007 2395 2188 2469 μέντοι
2219 2395 2484 2473 ἐνδοτὲρω
2515 2396 2708 2454 Ἰνδίαν
2741 2401 2806 2468 ἢν
2860 2405 3144 2473 προσοικεῖ
3205 2393 3489 2474 βαρϐάρων
3521 2395 3646 2466 ἔθνη

242 2498 426 2568 quue
456 2505 608 2568 patet
638 2513 705 2554 ex
767 2497 1000 2553 historia
1057 2513 1226 2568 quam
1282 2503 1475 2553 narrat
1537 2495 1799 2552 Ruftinus
1828 2497 1898 2551 de

2000 2485 2188 2542 πολλὰ
2218 2485 2499 2562 διαφόροις
2531 2491 2792 2564 χρώμενα
2819 2488 3093 2572 γλώσσαις
3130 2486 3347 2544 οὐδέπω
3403 2489 3509 2562 πρὸ
3537 2491 3646 2542 τῶν

235 2588 600 2656 Frumentio,
641 2603 806 2658 quem
857 2587 917 2642 in
949 2587 1167 2642 Indiam
1216 2601 1348 2642 cum
1401 2586 1650 2656 Meropio
1707 2585 1894 2656 profe-

2001 2578 2408 2632 Κωνσταντίνου
2460 2578 2676 2653 χρόνων
2738 2580 2766 2632 ὁ
2822 2583 2919 2633 τοῦ
2976 2582 3414 2655 Χριστιανισμοῦ
3482 2576 3650 2651 λόγος

236 2686 396 2732 ctum
430 2692 558 2733 esse
587 2678 781 2732 tradit.
816 2675 930 2731 Etsi
962 2677 1116 2732 enim
1173 2675 1434 2731 Rut‘ﬁnus
1492 2675 1570 2730 ita
1601 2675 1894 2732 historiam

2000 2666 2276 2746 ἐφώτιζεν.
2310 2671 2550 2727 Interior
2585 2679 2770 2727 autem
2816 2670 2995 2736 India,
3049 2687 3210 2740 quam
3260 2678 3443 2740 gentes
3490 2684 3647 2723 acco-

235 2770 526 2837 pertexat,
558 2767 717 2836 quasi
747 2766 808 2821 in
849 2766 1071 2822 Indiam
1131 2765 1451 2822 ulteriorem
1484 2769 1536 2820 et
1556 2763 1892 2820 orientalem
2000 2758 2121 2814 lunt
2151 2759 2438 2829 plurimae,
2469 2760 2701 2816 diversis
2760 2763 2967 2814 utentes
3028 2760 3258 2828 linguis,
3317 2762 3445 2812 ante
3503 2758 3647 2813 Con-

238 2856 610 2910 Frumentius
668 2855 1004 2923 perrexisset
1062 2874 1076 2923 ;
1139 2858 1362 2911 constat
1425 2861 1614 2910 tamen
1670 2853 1893 2909 Indiam
1998 2847 2237 2904 stantini
2293 2858 2536 2921 tempora
2579 2848 2824 2906 nondum
2881 2847 3093 2904 Christi
3142 2848 3247 2918 ﬁde
3290 2849 3477 2917 fuerat
3509 2847 3644 2900 illu-

237 2961 359 3000 eam
421 2945 598 3000 fuisse
651 2945 888 3016 [Egypto
948 2943 1376 3016 proximiorem,
1465 2947 1522 2998 et
1595 2942 1891 3012 Ethiopiaa
1997 2941 2191 2994 strata.
2225 2938 2378 2994 Idem
2411 2940 2580 2994 etiam
2613 2954 2680 2994 ex
2727 2938 2849 3008 ipsa
2881 2936 3117 2992 historia
3148 2935 3472 2992 innotescit.
3506 2935 3647 2990 Fru-

236 3043 482 3104 partem.
515 3034 642 3089 Indi
668 3034 823 3089 enim
857 3034 1143 3103 BthiOpes
1172 3032 1490 3103 antiquitus
1517 3031 1888 3102 appellaban-
1998 3025 2249 3083 mentius
2278 3027 2432 3082 enim
2461 3027 2584 3099 ipse
2631 3042 2764 3084 cum
2814 3026 3061 3096 primum
3093 3025 3166 3080 ad
3198 3023 3420 3080 Indiam
3463 3023 3643 3091 illam,

236 3131 345 3188 tur,
382 3131 444 3178 ut
478 3124 624 3194 apud
659 3123 954 3193 Virgilium
987 3123 1058 3178 de
1088 3122 1218 3180 Nilo
1253 3120 1302 3158 ¹⁸
1334 3139 1350 3179 :
1997 3115 2113 3171 sive
2138 3115 2482 3185 .Ethiopiam
2515 3122 2866 3186 pervenerat,
2901 3122 2954 3170 et
2988 3116 3134 3170 mira
3163 3114 3266 3170 Dei
3294 3113 3648 3184 providentia

1997 3206 2259 3260 maximaa
2298 3209 2444 3275 apud
2486 3221 2676 3276 regem
2723 3204 3076 3261 auctoritatis
3133 3210 3298 3273 esset,
3332 3203 3646 3258 neminem-

1999 3310 2106 3365 que
2127 3295 2280 3350 inter
2323 3294 2638 3366 [Ethiopias
2692 3293 3075 3350 Christianum
3106 3293 3410 3358 invenerit,
3459 3293 3646 3363 requi-

303 3379 386 3432 Ad
424 3378 577 3433 hanc
602 3384 797 3434 autem
847 3377 1068 3432 Indiam
1100 3375 1490 3432 Frumentium
1528 3376 1710 3446 primo
1758 3392 1880 3446 pcr-
1996 3399 2119 3440 rere
2145 3386 2435 3440 sollicitius
2471 3387 2630 3455 erepit
2684 3386 2738 3440 si
2792 3385 2895 3455 qui
2946 3384 3093 3438 inter
3127 3382 3490 3453 negotiatores
3546 3387 3646 3437 Ro-

233 3468 469 3525 venisse
517 3471 782 3523 constat:
847 3483 912 3523 ex
969 3467 1071 3522 illa
1128 3465 1525 3522 Alexandriam
1584 3465 1771 3533 rediit,
1824 3468 1884 3522 in

1998 3491 2188 3531 manas
2219 3474 2527 3531 Christiani
2556 3481 2755 3542 essent,
2796 3474 2970 3544 iisque
2997 3477 3322 3544 potestatem
3351 3471 3522 3536 dedit,
3581 3477 3645 3525 ut

233 3558 497 3612 eamdem
530 3572 724 3612 rursus
774 3556 942 3612 etiam
997 3557 1205 3611 missus
1237 3563 1342 3623 est,
1372 3563 1422 3611 et
1467 3555 1537 3611 ab
1569 3555 1884 3612 Athanasio

1998 3564 2377 3621 conventicula
2421 3579 2524 3634 per
2575 3563 2694 3618 toca
2741 3562 2963 3632 singula
2994 3563 3263 3632 facerent,
3294 3559 3363 3616 ad
3393 3575 3514 3631 qua
3547 3564 3647 3614 Ro-

230 3647 534 3702 ordinatus
591 3648 890 3717 episcopus
957 3652 1267 3702 Axumeos.
1311 3647 1442 3702 Erat
1496 3653 1683 3702 autem
1726 3651 1879 3702 Axu-
1997 3669 2159 3709 mana
2189 3656 2306 3710 ritu
2336 3653 2603 3709 orationis
2631 3669 2799 3708 causa
2828 3654 3178 3722 conﬂuerent.
3213 3653 3335 3717 Quo
3392 3657 3641 3720 peracto,

228 3737 343 3791 mis
387 3736 719 3805 Ειὴὶοροιῃ
753 3737 1099 3806 metropolis.
1151 3734 1472 3805 Stephanus
1503 3735 1577 3790 De
1607 3735 1838 3790 urbibus
1867 3753 1880 3792 :
1998 3759 2256 3798 reversus
2286 3750 2339 3798 et
2368 3743 2770 3798 Alexandriam
2806 3741 3062 3806 veniens,
3095 3740 3229 3810 quid
3261 3757 3292 3794 a
3325 3755 3383 3794 se
3429 3739 3643 3794 factum

224 3823 589 3896 Ἀξουμίτης,
623 3825 938 3899 ἀρσενικῶς,
975 3823 1323 3897 μητρόπολις
1383 3821 1690 3886 Αἰθιόπων.
1726 3826 1882 3896 Apud

1999 3832 2070 3888 sit
2103 3833 2259 3888 docet
2290 3850 2304 3900 ;
2345 3839 2396 3888 et
2417 3849 2449 3887 a
2473 3833 2532 3888 S.
2573 3831 2890 3886 Athanasio
2920 3831 2981 3886 in
3010 3828 3256 3885 concilio
3287 3829 3638 3885 sacerdotum

224 3916 541 3971 Arrianum
569 3917 626 3970 in
661 3916 887 3986 Periplo
919 3915 1091 3971 maris
1124 3913 1396 3986 Erythraei
1425 3915 1593 3985 (quod
1613 3914 1884 3984 ProcOpio
1998 3922 2182 3994 primo
2241 3921 2590 3991 designatus,
2640 3921 2773 3976 dein
2825 3920 3117 3976 ordinatus
3176 3925 3258 3973 est
3343 3918 3641 3988 episcopus

229 4004 474 4060 Gazcnsi
504 4001 749 4057 Θάλασσα
806 3999 1007 4073 Ἰνδική
1064 4003 1316 4076 vocatur)
1344 4021 1355 4058 :
1389 4001 1530 4056 Ἀπὸ
1589 3997 1646 4056 δὶ
1677 4001 1883 4072 ταύτης

1998 4013 2298 4068 Axumeos.
2332 4011 2438 4074 Qui
2468 4026 2601 4066 cum
2662 4008 2970 4080 episcopali
3027 4008 3361 4064 auctoritate
3410 4017 3640 4062 ornatus

228 4093 304 4156 εἷς
332 4091 507 4161 αὐτὴν
570 4094 668 4160 τὴν
729 4090 1073 4166 μητρόπολιν
1106 4092 1197 4146 τὸν
1242 4089 1556 4163 Ἀξωμῖτην
1592 4088 1883 4167 λεγόμενον

1998 4101 2335 4172 perrexisset
2365 4101 2433 4156 ad
2470 4100 2617 4155 hanc
2647 4099 2890 4166 Indiam,
2917 4105 3072 4152 tanta
3092 4099 3148 4152 ei
3176 4097 3308 4152 data
3337 4112 3452 4151 esse
3480 4113 3517 4151 a
3536 4097 3641 4152 Deo

228 4182 424 4239 ἄλλων
479 4185 705 4256 ἡμερῶν
758 4183 936 4239 πέντε.
997 4183 1302 4242 Nonnosus
1354 4184 1507 4254 apud
1563 4183 1880 4240 Photium:

1998 4194 2274 4248 virtutum
2301 4189 2486 4261 gratia
2514 4188 2743 4255 dicitur,
2775 4195 2836 4243 ut
2863 4189 3025 4256 signa
3045 4203 3144 4258 per
3174 4202 3298 4241 eum
3343 4185 3642 4257 apostolica-

224 4279 289 4329 ‘B
327 4271 387 4328 δὲ
411 4273 670 4345 ’Ἅξουμα
699 4270 862 4334 πόλις
919 4270 1030 4326 ἐστὶ
1094 4271 1352 4348 μεγίστη,
1392 4271 1483 4324 καὶ
1515 4273 1634 4325 οἷον
1671 4273 1882 4344 μητρό-

1998 4280 2211 4350 ﬁerent,
2267 4285 2318 4334 et
2375 4277 2630 4349 inﬁnitus
2686 4291 2948 4331 numerus
3007 4276 3370 4331 barbarorum
3418 4289 3639 4331 conver-

233 4362 402 4426 πολις
432 4370 534 4432 τῆς
569 4361 706 4432 ὅλης
735 4361 1050 4426 Αἰθιοπίας.
1085 4364 1153 4418 Et
1181 4362 1389 4418 clarius
1444 4362 1634 4418 adhuc
1672 4363 1882 4419 Proco-

1999 4374 2204 4426 teretur
2231 4368 2302 4424 ad
2327 4369 2516 4439 ﬁdem.
2550 4371 2635 4423 Ex
2664 4381 2768 4439 quo
2824 4367 2885 4420 in
2942 4364 3111 4420 India
3167 4364 3441 4434 partibus,
3463 4373 3514 4420 et
3540 4381 3641 4437 po-

229 4456 357 4526 pins
390 4457 744 4510 Persicorum
792 4453 889 4510 lib.
928 4469 992 4508 I:
1055 4452 1372 4525 Ὀμηριτῶν
1417 4448 1473 4505 δὲ
1555 4452 1880 4526 καταντικρὺ

1998 4458 2125 4532 puli
2161 4458 2626 4525 Christianorum,
2659 4465 2709 4512 et
2738 4455 2981 4512 ecclesiae
3005 4457 3172 4524 facta
3199 4458 3348 4523 sunt,
3380 4462 3430 4511 et
3459 4471 3639 4511 sacer-

240 4544 485 4615 μάλιστα
516 4542 567 4596 ἐν
598 4547 667 4615 τῇ
725 4542 1011 4616 ἀντιπέρας
1070 4540 1284 4616 ἠπείρῳ
1322 4540 1582 4601 Αἰθίοπες
1642 4539 1882 4595 οἰκοῦσιν

1998 4549 2206 4606 dolium
2226 4549 2410 4620 capit,
2433 4555 2495 4603 ut
2547 4553 2777 4603 testatur
2806 4545 3064 4601 Rufﬁnus
3119 4546 3271 4600 Hist.
3329 4546 3456 4601 eccl.
3488 4545 3528 4603 l.
3581 4563 3637 4611 x,

236 4633 289 4687 οἳ
322 4633 673 4705 Αὐξωμεῖται
706 4631 1113 4699 ἐπικαλοῦνται,
1167 4629 1249 4685 ὅτι
1304 4628 1372 4699 δὴ
1408 4630 1592 4692 αὐτοῖς
1623 4629 1689 4684 τὰ
1721 4631 1873 4704 βασι·
1909 4631 1954 4694 ὶ)

1998 4656 2108 4712 Bap.
2157 4641 2213 4698 9.
2276 4639 2378 4696 Cui
2435 4639 2818 4709 suffragantur
2899 4638 3178 4707 Socrates,
3260 4637 3636 4704 Sozomenus,

231 4720 357 4776 λειά
390 4720 536 4776 ἐστιν
594 4719 645 4775 ἐν
705 4718 988 4794 Αὐξώμιδι
1046 4718 1228 4776 πόλει.
1289 4722 1419 4778 Erat
1451 4721 1620 4791 igitur
1650 4722 1884 4778 Axumis

1998 4730 2382 4786 Theodoretus
2410 4737 2464 4785 et
2492 4729 2869 4797 Nicephorus.

233 4812 564 4884 metmpolis
611 4811 928 4882 rEthiopiae,
989 4817 1046 4867 et
1103 4813 1164 4866 in
1237 4828 1300 4867 ea
1348 4811 1672 4882 EthiOpum
1733 4812 1883 4883 regia
2067 4817 2168 4875 Ubi
2200 4816 2475 4878 nuncille
2503 4816 2720 4871 abunas
2759 4815 3131 4886 IEthiopicus,
3191 4813 3288 4868 ille
3319 4810 3635 4882 patriarcha

230 4903 414 4972 posita
446 4901 663 4959 fuit.Ad
690 4901 838 4957 hanc
869 4900 1038 4972 igitur
1070 4901 1336 4971 Axumin,
1363 4905 1433 4956 'et
1454 4900 1603 4958 hanc
1636 4903 1878 4976 Indiam,
1990 4908 2118 4963 sine
2147 4908 2451 4978 episcopis,
2493 4906 2554 4960 in
2590 4904 2963 4974 amplissimis
3021 4910 3073 4958 et
3130 4899 3631 4956 Christianissimis

232 5010 357 5065 quae
390 5009 522 5063 pars
553 4998 637 5048 est
673 4990 971 5062 Ethiopian
1000 4991 1239 5062 Egypto
1289 4991 1576 5061 proxima;
1632 5009 1749 5050 non
1807 4997 1876 5051 ad
1989 4995 2331 5063 civitatibus,
2387 5009 2564 5063 usque
2619 4993 2688 5047 ad
2745 5009 2797 5047 a.
2859 4996 2922 5045 D.
2967 4991 3068 5044 190
3141 4987 3170 5042 ‘I
3250 4987 3354 5042 Ubi
3411 4985 3497 5041 illi
3559 4987 3628 5042 ab

458 3251 633 3322 Usque
656 3251 914 3307 coloratis
935 3252 1116 3305 amnis
1137 3250 1373 3306 devexus
1393 3249 1460 3304 ab
1495 3249 1666 3305 Indis.
1924 3256 1968 3324 α

229 5082 450 5139 Indiam
484 5083 633 5136 intra
662 5080 936 5150 Gangem,
970 5088 1065 5135 aut
1093 5082 1164 5135 ad
1211 5083 1457 5137 Axumin
1488 5081 1667 5151 illam,
1709 5100 1874 5155 quam
1986 5086 2231 5142 aliarum
2262 5086 2517 5156 gentium
2549 5083 2890 5140 commercio
2945 5078 3164 5143 remoti,
3215 5079 3354 5133 adeo
3407 5075 3626 5145 antiqui

225 5171 287 5228 ad
315 5171 463 5228 latus
483 5168 760 5228 orientale
791 5169 915 5225 Indi
963 5170 1117 5225 ﬂuvii
1165 5171 1456 5228 constituit
1514 5172 1873 5242 Ptolemaeus,
1986 5175 2128 5230 ritus
2160 5181 2467 5241 tenaces,ut
2499 5188 2628 5229 cum
2656 5168 3073 5240 Aﬂgyptii,gens
3104 5166 3241 5221 levis
3271 5171 3324 5220 et
3354 5165 3622 5234 pendula,

226 5260 622 5317 Frumentium
656 5259 892 5315 missum
924 5259 1098 5315 fuisse
1121 5277 1152 5315 a
1183 5260 1242 5315 S.
1296 5261 1604 5318 Athanasio
1633 5265 1870 5320 creden-
1983 5265 2088 5320 sub
2117 5263 2401 5319 Demetrio
2431 5270 2483 5317 et
2507 5260 2744 5316 Heracla
2773 5258 3088 5328 episcopos,
3133 5253 3372 5322 scilicet,
3417 5255 3624 5310 admit-

229 5350 362 5406 dum
396 5358 481 5408 est
509 5367 522 5406 :
557 5353 682 5404 tum
711 5350 858 5421 quod
894 5349 1190 5419 epistolam
1237 5351 1602 5406 Constantius
1655 5354 1725 5408 ad
1773 5355 1870 5409 Αἰ-
1983 5359 2182 5422 terent,
2215 5351 2482 5407 traditum
2513 5350 2584 5405 ab
2613 5345 3017 5403 Alexandrinis
3040 5360 3257 5401 morem
3279 5344 3492 5414 optima
3516 5344 3624 5400 (ide

226 5457 402 5495 zaaan
424 5447 478 5496 et
507 5444 763 5496 Sazanan
806 5439 929 5510 ejus
963 5439 1072 5495 loci
1130 5444 1398 5509 tyrannos
1455 5441 1701 5512 scripsit,
1733 5441 1870 5498 ὥστε
1979 5441 2348 5508 servaverint,
2380 5447 2433 5496 et
2481 5454 2595 5494 uno
2647 5438 2836 5493 abuna
2890 5434 3144 5492 contenti
3184 5433 3374 5504 plures
3403 5435 3620 5505 episco-

226 5527 600 5602 Φρουμέντιον
654 5526 745 5581 τὸν
806 5524 1098 5580 ἐπίσκοπον
1177 5532 1278 5595 τῆς
1334 5527 1642 5600 Ἀξοόμεως
1667 5527 1864 5586 ἐκεῖθεν

1998 5549 2078 5589 >08
2099 5532 2397 5588 admittere
2426 5544 2721 5600 nunquam
2748 5526 3031 5584 voluerint
3055 5528 3077 5580 ?
3131 5525 3210 5581 Ex
3266 5525 3469 5597 quibus
3500 5526 3621 5581 hinc

223 5617 486 5692 ἀχθῆναι,
540 5622 604 5672 ut
667 5616 1020 5674 Frumentius
1075 5615 1355 5689 episcopus
1409 5619 1682 5676 Axumeos
1736 5622 1867 5679 inde
1978 5623 2228 5680 historia
2259 5619 2647 5679 monumentis
2678 5625 2961 5675 eruta:ex
2994 5617 3202 5690 quibus
3226 5615 3491 5674 Ecclesiae
3523 5633 3621 5674 an-

285 5708 337 5742 “
365 5707 558 5778 Georg.
593 5723 668 5776 1v,
705 5705 832 5766 293.
