3990 6136
285 397 398 457 24³1

1338 386 1402 443 S.
1450 381 1857 444 IGNATIUS.
1907 413 1980 423 -—
2026 379 2633 440 PltOLEGOMENA.

3575 373 3696 431 248

286 528 517 586 natibus
549 525 846 592 desumpta
905 526 1061 589 sunt,
1090 519 1320 582 Graecis,
1381 514 1619 583 Latinis,
1660 512 1934 568 Arabibus
1968 514 2021 582 Α
2051 529 2159 568 non
2193 512 2354 568 habet
2383 513 2720 584 patriarchae
2743 509 3004 566 honorem
3035 513 3088 564 et
3123 511 3466 580 potestatem.
3504 505 3698 560 Plures

286 618 496 689 pariter
518 616 712 685 ignota
733 611 760 666 ‘l
792 610 976 666 Prima
1017 607 1187 664 facies
1245 603 1530 668 Ecclesiae,
1567 603 1816 674 primum
1847 619 1934 658 sa-

295 701 856 774 cerdotium,primus
879 699 1177 770 episcopus
1204 697 1261 751 in
1286 692 1585 765 metropoli
1613 693 1936 764 lEthiopite,

286 811 417 853 cum
444 795 567 866 jam
601 788 939 847 Athanasius
989 787 1050 842 in
1105 785 1341 856 lEgypto
1401 797 1516 839 non
1548 783 1672 838 sine
1703 785 1933 838 centum

288 883 569 958 episcopis
599 879 946 952 praesideret,
968 883 1021 932 et
1053 875 1175 946 ipse
1208 874 1407 947 Ignatii
1443 871 1709 945 epistolas
1731 871 1938 928 diserte

288 979 620 1048 agnosceret
648 973 817 1040 atque
847 964 1199 1039 praedicaret.

359 1079 794 1150 Philostorgius,
828 1083 924 1134 aut
953 1076 1244 1146 ignorans,
1302 1081 1400 1130 aut
1449 1073 1640 1145 potius
1668 1070 1937 1128 dissimu-

290 1175 418 1230 lans
448 1171 600 1228 hanc
630 1167 944 1237 historiam,
976 1164 1355 1235 Theophilum
1416 1162 1521 1219 sub
1567 1161 1942 1219 Constantino

291 1265 362 1321 ad
393 1260 684 1319 Axumitas
713 1258 1003 1328 Ethiopas
1031 1256 1272 1312 missum
1323 1253 1524 1310 tradit:
1586 1252 1942 1324 Nicephorus

293 1353 402 1410 hbc
431 1353 498 1408 ad
532 1347 849 1408 Constantii
881 1353 934 1403 et
989 1344 1213 1416 Georgii
1265 1343 1513 1416 episcopi
1571 1339 1942 1398 Alexandrini

293 1453 546 1514 tempora
579 1439 765 1497 refert.
801 1438 867 1493 Et
897 1435 1133 1493 omnino
1183 1435 1482 1506 episcOpus
1538 1432 1638 1489 ille
1675 1432 1942 1501 Arianus,

293 1537 422 1604 post
483 1529 875 1587 Frumentium
925 1532 1020 1581 aut
1093 1531 1411 1581 revocatum
1468 1529 1564 1578 aut
1635 1528 1942 1586 mortuum,

295 1621 634 1692 Ethiopiam
667 1617 982 1691 perrexisse
1012 1615 1300 1685 putandus
1331 1619 1436 1670 est.
1467 1618 1599 1669 Post
1646 1625 1784 1682 quos
1807 1609 1946 1680 quin

296 1714 490 1784 plures
515 1711 574 1766 in
607 1705 892 1777 Ethlopia
921 1703 1174 1775 episcopi
1207 1702 1525 1772 ﬂoruerint,
1550 1699 1797 1756 dubitari
1829 1713 1946 1754 non

2048 602 2172 658 sine
2201 604 2586 659 controversia
2641 603 2697 656 iu
2759 600 3077 670 Ethiopica
3135 597 3388 654 Ecclesia
3442 595 3695 665 episcOpi

2047 689 2227 757 fuere,
2279 707 2407 748 cum
2472 692 2564 747 hic
2595 707 2778 747 canon
2811 690 2997 760 primo
3029 687 3289 744 conditus
3318 693 3422 741 est.
3456 686 3555 739 Jus
3599 703 3696 755 pa-

2047 781 2306 836 triarchas
2363 781 2746 852 denegabatur
2803 778 3034 834 creandi
3083 775 3541 847 arcbiepiscopos
3581 775 3697 828 sive

2051 869 2543 941 melropolitanos,
2576 870 2738 938 tales,
2773 869 3068 935 nimirum,
3101 869 3200 938 qui
3233 881 3337 920 sua
3365 864 3700 919 auctoritate

2050 959 2348 1031 episcopos
2377 967 2676 1028 crearent;
2720 961 2868 1014 unde
2901 958 3007 1027 ipsi
3059 956 3157 1027 jus
3208 955 3438 1011 creandi
3479 953 3693 1021 episco-

2049 1065 2152 1120 pos
2205 1064 2544 1106 concessum
2604 1065 2728 1105 esse
2777 1047 3133 1118 supponitur.
3195 1045 3260 1099 Et
3317 1043 3583 1113 quoniam
3636 1058 3702 1097 ea

2050 1144 2212 1193 aetate
2241 1137 2432 1210 plures
2463 1138 2570 1194 sub
2627 1154 2687 1194 se
2748 1137 3106 1207 episc0patus
3154 1133 3407 1199 haberet,
3438 1129 3701 1188 catholici

2052 1241 2262 1282 nomen
2285 1225 2554 1291 obtinuit,
2585 1225 2685 1297 qui
2742 1225 2910 1296 vulgo
2941 1224 3128 1278 abuna
3174 1228 3427 1276 vocatur.
3477 1219 3701 1274 Salma-

2051 1315 2197 1370 sium
2223 1314 2315 1372 hic
2341 1314 2586 1385 appello,
2617 1315 2713 1384 qui
2744 1315 2821 1369 De
2840 1315 3088 1384 primatu
3115 1326 3271 1382 papae
3300 1325 3424 1380 cap.
3462 1309 3548 1374 14,
3581 1307 3703 1363 hac

2053 1403 2256 1458 habet:
2292 1403 2689 1471 Succrescente,
2721 1411 2781 1458 ut
2805 1401 3090 1474 probabile
3127 1409 3228 1467 est,
3261 1398 3703 1454 Christianorum

2053 1493 2112 1548 in
2134 1493 2423 1560 Aithiopia
2437 1509 2692 1558 numero,
2714 1493 2812 1548 ubi
2839 1491 3035 1561 plures
3063 1490 3262 1545 habere
3291 1490 3458 1556 coepit
3478 1503 3544 1544 ea
3584 1503 3707 1557 pro-

2052 1581 2237 1638 vincia
2259 1584 2555 1655 episcopos,
2587 1598 2730 1638 unus
2749 1581 3006 1638 omnibus
3047 1580 3500 1650 metropolitanus
3534 1579 3704 1648 impo-

2054 1671 2214 1741 situs,
2247 1673 2346 1744 qui
2361 1680 2581 1744 propter
2610 1671 3021 1727 multitudinem
3041 1671 3418 1742 episcoporum
3447 1666 3556 1722 sibi
3584 1668 3709 1722 sub-

294 1758 826 1873 3514:3335;
839 1758 1035 1851 stin;
1088 1758 1626 1865 apudPalladium,
1677 1803 1846 1860 quem
1877 1802 1946 1842 ex
2045 1763 2325 1873 ξείξίοηένη
2373 1771 2427 1819 σε
2456 1762 3145 1873 άίιίοζιίειαξῖψιίιιιάίηςνη
3193 1758 3460 1873 fat/folia;
3503 1767 3556 1861 ςι
3605 1774 3705 1873 ηα-

295 1888 645 1947 bibliotheca
694 1885 872 1958 Regia
901 1899 1084 1954 nuper
1141 1882 1315 1939 edidit
1367 1881 1442 1938 cl.
1495 1879 1784 1936 Edoardus
1817 1879 1948 1932 Bis-
1978 1891 2026 1958 Β

300 1995 448 2036 smus
478 1993 649 2048 eques
675 1981 906 2031 auratus
937 1990 951 2029 :
986 1971 1128 2045 Ἐγὼ
1159 1967 1216 2025 δὲ
1269 1970 1344 2032 εἷς
1401 1967 1469 2023 τὰ
1497 1967 1814 2044 ἀκρωτήρια
1847 1964 1946 2038 μό-

293 2089 384 2123 νον
418 2065 620 2145 ἔφθασα
648 2069 749 2134 τῆς
782 2059 1014 2132 Ἰνδικῆς
1069 2062 1175 2135 πρὸ
1233 2059 1366 2114 ἐτῶν
1429 2057 1636 2134 ὀλίγων
1693 2056 1947 2145 μετὰ-τοῦ

300 2143 569 2232 μακαρίου
624 2153 902 2214 Μωϋσὲως
967 2154 1064 2206 τοῦ
1146 2149 1444 2205 ἐπισκόπου
1500 2152 1610 2203 τῶν
1669 2143 1948 2215 ’Λδουλη-

293 2252 424 2304 νῶν.
451 2250 560 2320 Ego
590 2248 663 2303 ad
688 2249 896 2319 primas
926 2247 1142 2301 tantum
1165 2243 1337 2298 Indiae
1393 2258 1516 2298 oras
1565 2255 1772 2314 paucos
1816 2246 1952 2295 ante

295 2355 477 2395 annos
499 2354 623 2393 cum
653 2337 808 2392 beato
843 2341 989 2393 Mose
1047 2333 1421 2389 Adulenorum
1478 2331 1727 2404 episcopo
1783 2344 1950 2403 pene-

297 2429 460 2483 travi.
486 2428 614 2482 Erat
645 2433 838 2481 autem
871 2422 1074 2487 Adule,
1108 2422 1192 2478 vel
1220 2421 1440 2489 Adulis,
1475 2421 1612 2476 urbs
1632 2418 1948 2490 EthiOpias.

295 2515 494 2587 Steph.
523 2533 536 2570 :
570 2509 862 2581 "Aboultc,
891 2509 1054 2572 πόλις
1092 2508 1390 2579 Αἰθιόπων,
1415 2517 1468 2566 et
1500 2509 1953 2580 ProcOpiusPer-

297 2603 539 2658 sicorum
576 2602 771 2658 lib.1:
825 2599 914 2656 Ἐν
971 2595 1132 2652 πόλει
1192 2597 1470 2661 Αἰθιόπων
1520 2593 1828 2653 Ἀδούλιδι.
1893 2596 1954 2650 In

311 2693 438 2749 Vita
484 2693 542 2749 S.
607 2693 987 2764 Chrysostomi
1013 2707 1045 2746 a
1099 2689 1354 2746 Palladio
1411 2689 1619 2760 scripta
1649 2687 1863 2745 mentio
1892 2686 1956 2740 fit

301 2782 544 2838 Palladii
578 2782 999 2852 Blemmyorum
1053 2780 1332 2851 episcopi.
1393 2779 1712 2848 Blemmyes
1767 2783 1956 2832 autem

300 2879 431 2929 sunt.
463 2872 776 2943 Ethiopes.
811 2869 1009 2926 Strabo
1040 2869 1141 2925 lib.
1173 2886 1288 2924 xvu
1325 2886 1338 2926 :
1398 2865 1688 2940 Βλὲμμυες
1745 2861 1801 2918 δὲ
1855 2862 1958 2920 Αἰ-

300 2961 509 3018 Θιόπων
541 2960 925 3030 ὑπακούοντες,
959 2958 1284 3034 Αἰγυπτίοις
1344 2954 1402 3011 δὲ
1461 2953 1684 3032 ὅμοροι,
1728 2957 1799 3013 de
1830 2957 1960 3027 qui-

299 3055 404 3111 bus
431 3053 655 3109 Plinius
686 3052 791 3107 lib.
826 3068 877 3117 v,
911 3066 1037 3120 cap.
1069 3049 1123 3104 8.
1158 3049 1352 3119 Neque
1399 3064 1531 3104 vero
1587 3046 1774 3103 adhuc
1804 3045 1956 3100 mul-

302 3152 422 3200 tum
453 3143 628 3199 crevit
658 3142 717 3196 in
752 3139 1036 3209 EthiOpia
1065 3137 1264 3210 religio
1292 3137 1634 3194 Christiana.
1655 3137 1762 3192 Sed
1785 3135 1956 3190 Justi-

301 3232 496 3288 nianei
528 3228 757 3299 imperii
789 3243 942 3283 anno
967 3226 1058 3293 l6,
1091 3227 1319 3282 Adadus
1379 3227 1810 3282 Auxumitarum
1835 3240 1954 3294 rex,

301 3321 484 3376 factus
513 3325 598 3374 est
614 3273 994 3382 |Christianus,
1024 3273 1077 3372 et
1109 3315 1180 3370 ab
1210 3315 1547 3386 imperatore
1593 3315 1814 3385 accepit
1843 3273 1959 3367 iul:
1991 3273 2034 3341 ϐ

303 3426 504 3462 σκοπον
531 3404 622 3460 καὶ
655 3402 981 3477 κληρικοῦς,
1042 3410 1106 3460 ut
1165 3404 1333 3460 refert
1388 3403 1787 3476 TheOphanes,
1841 3400 1959 3456 ἔπι-

306 3497 542 3557 σκόπους
570 3493 662 3550 καὶ
691 3491 1017 3570 κληρικούς,
1049 3501 1108 3550 ut
1170 3500 1357 3549 narrat
1404 3494 1710 3562 Cedrenus,
1760 3496 1817 3549 et
1845 3497 1960 3550 tota

307 3606 374 3645 ea
409 3604 548 3660 gens
581 3586 803 3642 Christo
833 3600 1043 3640 nomen
1073 3583 1344 3638 dedit.Ab
1373 3599 1439 3638 eo
1473 3591 1744 3654 tempore,
1779 3589 1839 3637 ut
1869 3599 1960 3639 ar-

307 3679 504 3743 bitror,
536 3674 1012 3731 Christianismus
1045 3673 1264 3728 radices
1293 3673 1438 3744 apud
1471 3672 1764 3744 Ethiopas
1821 3673 1958 3745 egit,

307 3784 418 3836 quo
450 3765 685 3822 liberius
715 3763 901 3819 adhuc
932 3763 1003 3819 de
1053 3761 1506 3818 Chalcedonensi
1565 3763 1812 3819 concilio
1871 3761 1960 3819 lo-

308 3857 631 3927 quebantur
663 3853 947 3919 homines,
981 3851 1286 3924 praesertim
1321 3853 1382 3908 in
1411 3852 1675 3924 Egypto.
1708 3851 1826 3908 Sub
1849 3851 1960 3907 im-

309 3945 466 4015 perio
503 3951 691 3998 autem
725 3940 1055 4014 TheOphili,
1097 3942 1158 3995 in
1197 3940 1482 4012 AEthiOpia
1537 3941 1821 4014 episcOpus
1849 3941 1962 4012 fuit

306 4035 528 4090 nomine
550 4032 802 4103 Iacobus,
841 4047 1002 4102 quem
1053 4046 1179 4085 cum
1209 4047 1308 4084 rea:
1345 4034 1486 4102 forte
1509 4028 1570 4084 in
1601 4031 1803 4086 bellum
1832 4046 1963 4100 pro-

305 4126 481 4194 fectus
515 4127 674 4190 esset,
731 4135 872 4176 uxor
901 4121 1050 4190 regis
1080 4119 1142 4174 in
1180 4119 1446 4174 exsilium
1473 4122 1650 4188 misit,
1683 4128 1734 4176 et
1759 4119 1961 4175 substi-

309 4217 533 4270 tuerunt
561 4213 622 4267 in
653 4212 834 4267 locum
863 4211 979 4281 ejus
1006 4211 1318 4280 episcopum
1351 4209 1549 4264 alium.
1585 4209 1687 4265 Sed
1706 4214 1758 4265 et
1773 4209 1966 4281 pluvia

309 4305 381 4360 iis
409 4304 542 4358 data
570 4317 679 4356 non
710 4302 843 4370 fuit,
875 4304 927 4355 et
954 4301 1202 4370 percussi
1255 4304 1388 4355 sunt
1415 4299 1761 4371 pestilentia,
1794 4301 1873 4355 ita
1902 4303 1966 4355 ut

306 4408 542 4463 regnum
569 4406 833 4460 magnum
863 4390 1100 4444 sentiret
1129 4389 1416 4446 damnum.
1459 4389 1750 4461 Epismpus
1779 4393 1965 4444 autem

311 4484 371 4538 in
401 4481 697 4551 [Egi/ptum
726 4479 893 4535 venit.
928 4485 1101 4550 Atque
1127 4485 1190 4533 ut
1220 4494 1323 4534 rea:
1341 4484 1369 4534 tt
1393 4479 1532 4534 bello
1566 4495 1812 4535 reversus
1830 4481 1962 4549 fuit,

310 4586 540 4628 uxorem
570 4586 729 4626 suam
759 4569 1094 4640 objurgavit,
1126 4573 1180 4624 et
1204 4568 1360 4624 misit
1377 4568 1448 4623 ad
1475 4571 1855 4639 patriarcham
1875 4585 1964 4626 ve-

2057 1852 2321 1910 triarchae
2348 1868 2551 1910 nomen
2598 1852 2814 1921 habuit,
2847 1850 3102 1922 quamvis
3151 1851 3315 1905 alteri
3361 1847 3709 1921 patriarcha:

2056 1943 2316 1999 subesset.

2130 2051 2190 2107 Si
2220 2049 2449 2106 deﬁciat
2479 2049 2731 2113 historia,
2765 2048 2948 2120 ipsius
2978 2047 3245 2105 Ecclesia
3301 2049 3697 2111 monumenta,

2059 2141 2451 2211 cujuscunque
2492 2139 2672 2196 astatis
2704 2139 2840 2205 sint,
2873 2138 3009 2194 satis
3068 2137 3369 2193 manifesto
3398 2135 3710 2192 ostendunt

2061 2229 2386 2301 complures
2415 2229 2475 2285 in
2497 2245 2562 2284 ea
2608 2228 2903 2299 provincia
2944 2228 3240 2298 episcopos
3297 2223 3490 2281 fuisse.
3526 2224 3711 2279 Litur-

2061 2319 2153 2390 gia
2209 2318 2536 2389 jEthiopum
2597 2320 2788 2375 Romae
2847 2318 3165 2388 impressa:
3196 2317 3397 2373 Memor
3441 2321 3551 2370 esto
3593 2329 3710 2368 om-

2062 2410 2221 2464 nium
2241 2408 2786 2479 archiepiscoporum
2813 2413 3152 2473 nostrorum,
3184 2405 3712 2478 cpiscoporum,pre-

2061 2499 2405 2570 sbyterorum
2427 2513 2593 2570 atque
2621 2497 3005 2566 diaconorum,
3036 2497 3134 2568 qui
3171 2497 3318 2550 viam
3366 2493 3532 2550 nobis
3561 2491 3715 2547 indi-

2065 2593 2248 2662 gitant
2276 2590 2428 2646 verbi
2456 2589 2764 2647 orthodoxi.
2784 2589 2849 2645 In
2863 2589 2991 2644 aliis
3017 2588 3258 2658 liturgiis
3288 2595 3341 2644 et
3366 2583 3714 2649 missalibus,

2066 2697 2188 2752 qua
2221 2680 2387 2736 habet
2418 2679 2501 2736 vir
2525 2679 2889 2737 doctissimus
2907 2677 3182 2734 Castellus
3213 2673 3720 2746 nosterquamplu-

2067 2772 2226 2828 rimae
2257 2786 2456 2842 preces
2490 2769 2854 2842 sunt,quibus
2886 2768 3205 2840 p0pulusin
3231 2767 3353 2823 haec
3371 2765 3718 2822 verbaorat:

2067 2867 2182 2917 Pro
2203 2860 2457 2932 patribus
2496 2861 2703 2916 nostris
2723 2859 3020 2930 episcOpis,
3050 2873 3155 2927 pro
3207 2855 3481 2930 fratribus
3510 2851 3721 2911 nostris

2066 2949 2464 3018 sacerdotibus,
2495 2965 2593 3020 pro
2624 2949 2969 3021 adjutoribus
3014 2949 3220 3003 nostris
3251 2946 3608 3019 presbyteris.

2139 3057 2278 3111 Cum
2307 3055 2480 3126 igitur
2527 3071 2596 3112 ex
2628 3055 2784 3111 tenui
2824 3054 2922 3110 illa
2952 3071 3119 3126 quam
3152 3055 3221 3110 de
3265 3051 3587 3124 Ethiopica
3619 3050 3727 3106 Ec-

2067 3144 2241 3201 clesia
2272 3143 2550 3200 habemus
2580 3143 2783 3200 notitia
2811 3143 3132 3213 aliquorum
3181 3141 3578 3213 episcoporum
3614 3155 3724 3196 no-

2071 3234 2229 3289 mina
2261 3233 2592 3304 supersint;
2626 3248 2756 3289 cum
2815 3239 3036 3289 constet
3094 3246 3162 3287 ex
3211 3230 3456 3286 Arabico
3505 3242 3728 3286 canone

2065 3323 2166 3394 jus
2195 3321 2427 3378 creandi
2485 3322 2950 3393 mctropolitanos
3011 3327 3236 3376 tantum
3296 3318 3520 3390 proprie
3543 3318 3726 3374 dictos

2070 3409 2431 3481 [Ethiopibus
2463 3426 2804 3467 concessum
2866 3426 2982 3466 non
3042 3425 3166 3466 esse
3220 3428 3236 3478 ;
3294 3423 3422 3466 cum
3484 3406 3726 3477 liturgiae

2068 3499 2418 3572 Egyptiacas
2449 3500 2695 3572 antiquis
2726 3507 2876 3556 retro
2906 3499 3262 3570 temporibus
3297 3497 3564 3569 populum
3626 3510 3728 3566 pro

2070 3590 2352 3662 episcOpis
2381 3589 2502 3645 suis
2531 3605 2692 3646 orare
2721 3588 2975 3660 quotidie
3004 3588 3314 3644 docuerint
3345 3611 3358 3654 ;
3383 3602 3499 3644 non
3523 3585 3618 3642 diu
3643 3589 3732 3639 est

2071 3697 2134 3736 ex
2169 3695 2278 3751 quo
2309 3677 2604 3748 EthiOpes
2635 3677 2822 3734 abuna
2854 3694 2967 3735 uno
3021 3677 3146 3734 sine
3205 3676 3488 3748 episcopis
3518 3673 3734 3730 fuerint

2073 3770 2351 3840 contenti,
2383 3770 2428 3825 si
2461 3768 2630 3824 modo
2661 3769 2804 3824 illud
2837 3783 3030 3824 verum
3065 3767 3158 3832 sit,
3211 3766 3359 3837 quod
3418 3765 3644 3820 Jesuitae
3673 3767 3735 3819 et

2071 3859 2459 3924 Dominicani,
2491 3865 2690 3915 contra
2741 3857 2986 3913 aliorum
3045 3855 3388 3926 testimonia,
3451 3853 3730 3909 referunt.

2073 3951 2211 4005 Cum
2242 3954 2375 4003 ante
2403 3947 2715 4002 Justiniani
2770 3954 3024 4016 tempora
3080 3951 3196 4000 tam
3229 3943 3394 4015 pauci
3428 3943 3635 3999 fuerint
3667 3942 3730 3998 in

2071 4037 2356 4108 )Ethiopia
2376 4036 2705 4105 Christiani,
2755 4043 2886 4092 ante
2925 4036 3356 4091 Constantinum
3412 4033 3493 4088 vel
3557 4031 3728 4101 nulli,

2071 4127 2160 4184 vel
2192 4130 2344 4184 certe
2374 4125 2652 4198 [Egyptiis
2686 4124 2854 4196 plane
2883 4123 3162 4194 incogniti
3197 4139 3360 4194 ;cum
3393 4123 3486 4192 qui
3509 4121 3734 4192 primus

2074 4220 2194 4274 erat
2225 4231 2440 4285 eorum,
2475 4215 2668 4270 saltem
2702 4213 2772 4269 ab
2803 4213 3063 4284 Egypto,
3113 4213 3399 4284 apostolus
3457 4212 3734 4267 Frumen-

2075 4307 2206 4376 tius,
2267 4305 2338 4361 ab
2421 4302 2759 4368 Athanasio,
2820 4302 3085 4374 plurimis
3148 4317 3319 4374 quam
3377 4308 3614 4356 centum
3673 4299 3735 4354 in

2073 4397 2311 4466 Egypto
2342 4394 2736 4465 episcopatum
2769 4392 3116 4462 tenentibus,
3177 4399 3232 4446 et
3288 4390 3495 4446 missus
3552 4396 3602 4445 et
3637 4403 3735 4444 or-

2076 4485 2308 4540 dinatus
2330 4483 2398 4538 sit
2427 4500 2440 4551 ;
2475 4483 2661 4553 palam
2696 4489 2799 4548 est,
2828 4480 3162 4552 JEthiopicaa
3202 4479 3470 4538 Ecclesiae
3504 4478 3732 4534 hodier-

2075 4589 2218 4629 num
2253 4579 2481 4638 statum,
2514 4570 2701 4642 qualis
2753 4570 2936 4641 qualis
2986 4569 3080 4642 sit,
3144 4569 3216 4625 ad
3265 4567 3731 4640 antiquissimam

310 4664 466 4718 niam
495 4661 563 4716 ab
593 4675 652 4716 eo
678 4663 890 4731 petens,
920 4675 1150 4730 eumque
1175 4674 1377 4730 rogans
1402 4659 1487 4713 uti
1515 4661 1817 4714 remitteret
1841 4657 1962 4730 epi-
1997 4649 2042 4715 ἰ)
2070 4664 2408 4735 Egyptiacaa
2440 4660 2705 4718 Ecclesiae
2737 4661 3124 4731 traditionem,
3178 4660 3226 4716 si
3283 4675 3404 4732 qua
3438 4659 3565 4714 talis
3617 4673 3734 4714 un-

310 4767 552 4824 scopum.
585 4751 656 4805 1d
688 4750 834 4821 quod
862 4751 991 4820 fecit
1021 4766 1044 4814 ,°
1073 4753 1126 4803 et
1159 4756 1484 4820 receperunt
1513 4764 1639 4804 eum
1667 4765 1791 4803 cum
1819 4765 1958 4819 gau-

312 4844 400 4898 dio
438 4855 659 4912 magno,
685 4844 747 4894 ut
780 4842 951 4910 re/ert
975 4838 1308 4893 Elmacinus.
1361 4838 1486 4893 Post
1530 4838 1647 4893 hanc
1680 4845 1957 4909 tempora,

315 4939 375 4989 ut
405 4931 630 5003 opinor,
660 4927 878 4986 conditi
911 4937 1046 4983 sunt
1074 4943 1324 4984 canones
1370 4926 1591 4982 Arabici
1620 4927 1827 4982 concili
1862 4925 1962 4983 Ni-

312 5023 456 5079 ca'ni
491 5038 506 5090 ;
538 5034 678 5090 quos
735 5015 915 5073 edidit
963 5017 1296 5083 Turrianus,
1330 5016 1540 5087 quique
1566 5016 1634 5070 ad
1686 5017 1962 5086 posterio-

314 5128 429 5169 rem
491 5107 760 5165 Ecclesite
791 5113 1022 5176 statum,
1074 5113 1126 5163 et
1183 5105 1632 5163 consuetudines
1681 5106 1777 5160 diu
1837 5109 1967 5176 post

314 5201 620 5258 concilium
653 5197 951 5255 Nicianum
994 5204 1155 5251 natas
1215 5195 1510 5265 temperati
1569 5202 1719 5250 sunt.
1753 5196 1963 5252 Eorum

315 5295 503 5346 autem
561 5286 747 5356 capite
804 5285 876 5338 36
933 5289 1204 5339 statutum
1261 5287 1347 5339 est
1407 5297 1421 5336 :
1485 5283 1549 5338 Ut
1603 5300 1714 5339 non
1758 5286 1964 5353 possint

315 5380 591 5449 )Ethiopes
623 5391 812 5432 creare
840 5391 938 5430 nec
981 5375 1182 5445 eligere
1213 5373 1588 5436 patriam-ham
1615 5389 1636 5436 ;
1675 5374 1764 5429 sed
1783 5377 1964 5444 potius

315 5485 506 5524 eorum
537 5466 802 5535 praelatus
832 5464 934 5520 sub
960 5468 1221 5534 potestate
1251 5461 1369 5532 eius
1397 5463 1594 5533 sit,qui
1621 5473 1764 5518 tenet
1784 5463 1966 5518 sedem

318 5554 710 5616 Alexim/Irim.
745 5553 829 5608 Sit
861 5558 1042 5608 tamen
1075 5554 1230 5622 apud
1260 5567 1346 5607 eos
1381 5551 1498 5606 loco
1523 5552 1884 5622 patriarchae,
1911 5559 1970 5608 et

318 5646 632 5721 appelletur
655 5642 953 5699 catholicus
983 5661 1002 5698 :
1033 5661 1142 5699 non
1172 5647 1355 5698 tamen
1412 5643 1498 5706 ius
1529 5641 1723 5698 habeat
1759 5643 1964 5699 consti-

329 5734 974 5804 uendiarchiepiscopos,
1008 5738 1068 5789 ut
1103 5733 1260 5789 habet
1284 5733 1617 5804 patriarcha
1643 5749 1666 5796 ,°
1694 5733 1966 5806 siquidem

2069 4768 2234 4824 quam
2297 4751 2485 4818 fuerit,
2544 4750 3000 4806 conﬁrmandam
3062 4749 3211 4807 nihil
3243 4751 3480 4805 omnino
3514 4748 3724 4804 valere.

2069 4841 2212 4896 Cum
2242 4841 2485 4910 denique
2533 4847 2934 4910 argumentum
2993 4855 3212 4910 negans
3261 4839 3536 4894 fundetur
3560 4842 3618 4893 in
3653 4837 3735 4891 si-

2073 4930 2247 4986 lentio
2279 4930 2538 4985 omnium
2571 4932 2706 4984 ante
2736 4929 3066 4997 Eusebium,
3127 4936 3259 4984 ante
3290 4943 3457 4999 quem
3507 4926 3734 4982 Ethio-

2073 5036 2209 5091 pum
2260 5019 2712 5074 Christianorum
2770 5019 2932 5072 nulla
2962 5019 3110 5074 fama
3141 5025 3247 5084 est,
3306 5024 3402 5072 aut
3455 5031 3731 5087 perquam

2073 5111 2291 5166 incerta
2318 5125 2330 5176 ;
2367 5123 2494 5164 cum
2525 5106 2893 5174 Athanasius,
2925 5109 3018 5178 qui
3050 5115 3176 5178 post
3202 5105 3510 5162 Eusebium
3561 5106 3730 5176 lgna-

2075 5200 2228 5255 tiana
2260 5196 2612 5264 memoravit,
2648 5196 2896 5266 primum
2929 5212 3000 5253 ex
3039 5195 3278 5269 tEgypto
3308 5195 3634 5266 episcopum
3670 5195 3727 5249 in

2074 5288 2415 5358 [Ethiopiam
2463 5285 2682 5342 miserit
2742 5303 2757 5355 ;
2807 5303 2939 5343 cum
3000 5285 3248 5342 Dallteus
3306 5287 3426 5356 ipse
3491 5285 3732 5340 fateatur

2073 5378 2371 5450 Ethiopas
2455 5376 2706 5445 recipere
2784 5376 3231 5431 Constitutiones
3313 5373 3732 5443 Clemenlinas,

2075 5476 2342 5539 tanquam
2371 5466 2442 5522 ab
2474 5466 2614 5536 ipsis
2645 5466 2919 5534 apostolis
2950 5465 3213 5530 dictatas,
3250 5464 3306 5519 in
3332 5463 3539 5533 quibus
3570 5462 3735 5533 plura

2076 5560 2146 5612 de
2177 5556 2460 5627 episcOpis
2491 5570 2656 5626 quam
2691 5555 2748 5608 in
2812 5553 3120 5620 lgnatianis
3162 5554 3552 5619 continentur,
3585 5551 3736 5608 nihil

2077 5647 2212 5702 hinc
2241 5648 2307 5700 ad
2340 5646 2734 5699 auctoritatem
2772 5641 3139 5710 epistolarum
3173 5642 3233 5698 S.
3279 5641 3486 5712 Ignatii
3541 5642 3734 5698 immi-

2077 5737 2362 5792 nuendam
2397 5734 2622 5789 formari
2656 5730 2772 5787 ullo
2803 5730 2971 5787 modo
2999 5735 3203 5803 potest.
