3990 6136
257 329 374 389 249

1014 331 1070 391 J.
1115 331 1534 392 PEARSONII
1581 331 1952 396 VINDICIE
1995 332 2461 394 IGNATIANIE.
2509 366 2587 377 —
2630 328 2832 393 PARS
2877 333 2926 392 Ι.

3557 329 3677 389 250

330 461 620 518 Hactenus
641 462 713 517 de
745 463 1046 520 traditione
1075 464 1457 521 Alexandrina
1507 464 1578 520 ab
1626 465 1906 536 EthiOpi-
1939 469 1990 535 Α
2022 465 2230 533 lgnatii
2275 469 2658 523 auctoritatem
2703 482 2779 520 vn
2834 464 3039 522 saeculo
3092 463 3260 518 Scotis
3333 461 3671 518 Christianis

257 551 362 606 bus
391 551 756 620 conﬁrmata,
793 561 850 607 ut
883 553 1098 622 volunt,
1131 570 1257 624 quas
1285 555 1533 625 aliquam
1593 555 1916 624 argumenti

255 640 505 710 speciem
541 639 857 707 habuisset,
895 642 940 696 si
969 657 1033 698 ea
1064 644 1255 698 omnia
1287 659 1416 700 vera
1478 643 1734 708 fuissent,
1794 659 1914 712 quas

254 732 749 788 attulerunt.illud
785 737 971 789 autem
1006 737 1154 805 quod
1189 735 1463 807 sequitur,
1494 737 1539 792 si
1574 752 1769 792 verum
1795 750 1917 791 esse

254 822 826 886 concedatur,nescio
858 840 1028 894 quam
1060 824 1169 879 vim
1205 825 1409 881 habere
1441 828 1619 896 possit
1651 827 1720 880 ad
1746 825 1912 880 Ima-

255 911 396 966 tiuni
431 913 792 981 epistolieum
845 913 1239 984 rejiciendum,
1272 924 1370 969 aut
1401 916 1532 985 quid
1564 914 1816 971 conferat
1846 915 1914 969 ad

258 1001 556 1056 silentium
618 1003 957 1072 scriptorum
1015 1008 1148 1059 ante
1220 1003 1542 1060 Eusebium.
1624 1005 1916 1069 Quomodo

251 1091 409 1146 enim
449 1090 586 1144 illud
621 1094 768 1160 quod
801 1103 999 1147 octavo
1031 1093 1238 1149 Sﬂ'clllﬂ
1283 1093 1492 1149 factum
1542 1101 1648 1162 est,
1711 1093 1915 1163 proba-

254 1178 338 1234 bit
359 1185 642 1249 scriptuin
671 1179 826 1235 istud
862 1196 902 1234 ιι
932 1187 991 1236 et
1047 1198 1110 1236 ιιι
1170 1181 1378 1238 saeculo
1447 1199 1561 1238 non
1611 1182 1912 1248 exstitisse,

252 1270 402 1339 quod
436 1285 514 1338 iv,
544 1285 600 1336 v,
633 1285 689 1323 v1
714 1273 773 1326 et
805 1287 904 1336 vu,
942 1282 1227 1341 receptum
1261 1283 1313 1328 et
1344 1272 1722 1342 approbatum
1783 1271 1918 1326 est?

249 1357 504 1425 Scilicet,
556 1357 715 1414 circa
769 1376 805 1413 a
864 1363 926 1416 D.
978 1361 1104 1429 736,
1206 1363 1266 1417 in
1311 1359 1645 1418 Germanica
1713 1361 1913 1417 Boioa-

252 1449 468 1502 riorum
490 1451 658 1520 gente
683 1447 896 1504 Christi
924 1448 1056 1519 ﬁdes
1105 1451 1297 1517 viguit,
1337 1453 1390 1506 et
1444 1451 1755 1522 presbyteri
1786 1453 1911 1518 fue-

251 1544 406 1603 runt,
441 1552 570 1591 cum
589 1541 782 1593 tamen
813 1539 964 1593 nutti
990 1539 1138 1610 apud
1165 1555 1251 1594 eos
1281 1543 1453 1596 essent
1475 1541 1730 1611 episcOpi.
1767 1539 1915 1596 Unde

255 1624 458 1697 liquet,
490 1642 562 1681 ne
608 1628 682 1681 iis
727 1625 947 1698 quidem
1003 1628 1339 1699 temporibus
1395 1629 1601 1698 lgnatii
1645 1627 1920 1699 epistotici

250 1723 638 1772 auctoritatem
666 1715 995 1772 Christianis
1012 1733 1114 1789 per
1132 1719 1495 1774 Germaniam
1511 1723 1695 1774 notam
1715 1719 1913 1790 fuisse.

253 1805 745 1876 Primo,quaenam
777 1806 896 1861 haec
917 1807 1323 1877 consequentia
1355 1812 1446 1865 est
1478 1809 1505 1864 ‘I
1554 1808 1794 1864 Boioarii
1855 1809 1912 1864 in
1945 1839 1992 1905 Β

254 1895 568 1950 Germania
594 1897 1117 1966 nescieruntzergo
1173 1897 1478 1954 Christiani
1524 1913 1622 1969 per
1679 1899 1911 1954 Germa-

250 1984 441 2040 niam.
469 1986 557 2040 An
591 1984 735 2040 nulli
758 1990 924 2041 erant
945 1985 1247 2042 Christiani
1274 2003 1370 2058 per
1395 1987 1754 2044 Germaniam
1782 2003 1918 2058 prae-

253 2082 339 2130 ter
361 2073 662 2130 Boioarios
681 2073 709 2129 ?
727 2075 811 2130 An
837 2075 934 2130 alii
993 2092 1192 2132 omnes
1247 2075 1586 2146 ignorabant
1640 2076 1914 2147 quidquid

254 2163 546 2234 Boioariis
567 2163 822 2234 ignotum
852 2164 955 2220 fuit
984 2165 1011 2220 ‘2
1033 2168 1116 2222 Au
1143 2165 1268 2222 ideo
1291 2167 1686 2222 auctoritatem
1714 2166 1912 2236 Ignatii

251 2252 557 2322 ignorasse
578 2253 806 2308 dicendi
824 2260 958 2310 sunt
982 2253 1073 2324 qui
1098 2254 1392 2326 episcopos
1417 2253 1912 2326 habuerunt,quod

252 2341 355 2397 alii
385 2357 506 2398 non
541 2342 804 2399 habuisse
848 2343 1110 2400 dicantur
1133 2343 1160 2399 ‘t
1215 2347 1494 2416 Secundo,
1523 2348 1676 2401 unde
1733 2344 1914 2416 liquet

253 2430 472 2486 Christi
491 2431 661 2487 tidem
688 2433 834 2487 inter
855 2432 1144 2490 Boioarios
1173 2433 1424 2504 viguisse
1465 2450 1593 2490 cum
1617 2435 1913 2506 episcopos

249 2537 368 2577 non
430 2519 754 2577 haberent?
806 2521 1058 2590 Scilicet,
1119 2539 1183 2579 ex
1253 2523 1506 2596 Gregorii
1550 2524 1623 2580 IlI
1676 2524 1913 2595 epistola

245 2611 316 2666 ad
351 2609 711 2666 Bonifacium
739 2611 844 2668 hoc
873 2618 1127 2682 apparet,
1159 2612 1364 2681 inquit,
1389 2629 1497 2670 nec
1531 2614 1637 2670 hoc
1667 2621 1908 2684 tantum,

247 2701 360 2758 Sed
397 2700 708 2758 Vivitonem
737 2703 922 2759 nescio
951 2719 1111 2774 quem
1167 2706 1284 2776 ipse
1331 2705 1620 2774 Gregorius
1675 2722 1709 2760 a
1739 2708 1818 2773 {se
1847 2705 1910 2760 in

248 2807 372 2846 eum
415 2790 668 2847 ordinem
690 2796 1066 2849 consecratum
1101 2793 1172 2848 ad
1207 2809 1296 2850 eos
1343 2794 1513 2850 misit.
1569 2797 1640 2850 At
1696 2795 1911 2866 Grego-

250 2881 367 2937 rius
399 2896 518 2936 non
552 2881 692 2937 dicit
721 2881 1034 2939 Vivilonem
1067 2883 1243 2940 fuisse
1280 2885 1526 2955 primum
1551 2900 1743 2942 eorum
1765 2885 1904 2956 lepi-

253 2987 632 3042 scopum,nec
655 2988 715 3028 se
745 2987 874 3028 eum
898 2971 1122 3029 misisse
1151 2973 1256 3040 ait,
1285 2975 1382 3030 sed
1437 2975 1730 3031 ordinasse
1773 2982 1905 3031 tan-

254 3060 620 3117 tum.Missus
649 3067 731 3117 est
760 3061 916 3118 enim
943 3062 1127 3119 Vivilo
1146 3063 1214 3119 ad
1273 3063 1629 3135 Gregorium,
1670 3063 1842 3134 idque
1873 3081 1908 3120 a

253 3149 548 3218 Boioariis,
577 3158 637 3205 ut
685 3149 1051 3208 ordinaretur
1078 3152 1381 3223 episcopus
1413 3169 1428 3220 ;
1461 3153 1548 3208 illi
1579 3151 1754 3224 igitur
1781 3156 1903 3210 tum

2019 555 2189 625 fuisse
2216 557 2480 624 ignotam,
2509 557 2687 625 inquit
2724 555 2990 609 Dallaaus.
3025 553 3184 608 Certe
3237 568 3352 607 non
3411 552 3674 622 sequitur

2022 645 2253 714 reliquis
2307 646 2490 700 Scotia
2547 649 2647 716 qui
2701 644 2983 714 episcOpis
3033 642 3324 712 parebant,
3386 641 3671 710 lgnatium

2021 741 2240 800 notum,
2278 750 2460 805 neque
2490 735 2790 790 monachis
2816 732 3182 802 Jonensibus,
3244 731 3391 801 quod
3449 729 3669 784 abbati-

2019 839 2086 879 co
2130 824 2245 894 juri
2305 825 2559 894 episcopi
2618 824 2860 894 subjecti
2912 831 3123 887 essent,
3171 823 3433 892 ignotum
3472 820 3665 875 fuisse.

2018 913 2206 968 Potuit
2240 913 2345 968 hoc
2381 913 2502 969 ﬁeri
2529 923 2762 982 utraque
2794 920 2947 981 parte
2979 911 3260 979 lgnatium
3293 909 3530 975 sciente,
3565 923 3666 976 po-

2020 1003 2117 1058 tuit
2156 1013 2389 1072 utraque
2419 1003 2740 1073 ignorante.
2775 1003 2832 1056 Si
2859 1003 2984 1056 ideo
3033 1000 3318 1062 lgnatium
3375 999 3670 1069 ignorasse

2019 1093 2288 1147 censendi
2322 1099 2478 1158 sunt,
2519 1101 2669 1147 certe
2725 1099 2778 1145 et
2834 1088 3296 1145 Chalcedonense
3352 1086 3666 1142 concilium

2019 1180 2377 1251 ignorabant,
2401 1183 2564 1250 cujus
2595 1197 2780 1237 canon
2817 1188 3048 1236 octavus
3077 1193 3276 1232 omnes
3293 1176 3666 1230 monasterio-

2021 1287 2143 1325 rum
2176 1269 2414 1326 clericos
2442 1271 2710 1341 episcopo
2739 1270 2856 1324 vult
2888 1285 3008 1323 esse
3037 1266 3340 1334 subjectos.
3399 1263 3464 1320 Οἱ
3523 1260 3662 1332 κλη-

2020 1357 2163 1432 ρικοὶ
2193 1362 2301 1413 τῶν
2360 1357 2656 1433 πτωχείων
2713 1358 2800 1412 καὶ
2861 1355 3250 1430 μοναστηρίων
3309 1353 3398 1408 καὶ
3461 1373 3665 1425 μαρτυ-

2020 1448 2152 1523 ρίων
2188 1447 2292 1503 ὑπὸ
2322 1450 2422 1518 τήν
2457 1448 2702 1518 ἐξουσίαν
2734 1452 2844 1503 τῶν
2893 1445 2944 1500 ἐν
3007 1447 3201 1519 ἑκάστῃ
3247 1443 3406 1500 πόλει
3455 1442 3668 1498 ἐπισκό-

2019 1559 2157 1605 πων,
2184 1540 2320 1593 κατὰ
2359 1539 2459 1605 τήν
2513 1543 2620 1593 τῶν
2677 1535 2844 1613 ἁγίων
2905 1536 3154 1610 ΙΙστέρων
3214 1531 3511 1610 παράδοσιν
3577 1531 3665 1588 δια

2026 1625 2352 1700 μενέτωσαν,
2384 1629 2470 1683 καὶ
2510 1629 2586 1700 μὴ
2627 1629 2743 1682 κατ’
2803 1623 3083 1680 αὐθάδειαν
3132 1624 3512 1702 ἀφηνιάτωσαν
3570 1625 3667 1676 τοῦ

2023 1716 2166 1773 ἰδίου
2197 1718 2520 1775 ἐπισκόπου.
2557 1719 2762 1791 ϐιενίσί
2787 1718 3152 1790 ptochiorum,
3204 1718 3667 1772 monasteriorum

2021 1817 2072 1864 et
2093 1811 2499 1880 martyriorum
2521 1812 2622 1866 sub
2644 1812 2910 1882 potestate
2938 1810 3313 1878 episcoporum
3333 1806 3430 1877 qui
3457 1811 3585 1861 sunt
3605 1803 3666 1859 in

2025 1915 2362 1972 unaquaque
2389 1899 2628 1966 civitate,
2659 1898 2957 1955 secundum
2984 1898 3082 1955 SS.
3115 1901 3350 1951 Patrum
3393 1894 3665 1950 traditio-

2023 2004 2171 2055 nem,
2200 1996 2584 2059 permaneant,
2608 2004 2707 2045 nec
2731 2005 2830 2060 per
2853 1986 3335 2060 prmum/itionem
3363 2001 3398 2040 a
3425 2001 3518 2040 suo
3547 1985 3668 2056 epi-

2022 2093 2176 2149 scopo
2207 2079 2484 2134 recedant.

2096 2165 2157 2223 Si
2185 2169 2383 2224 demus
2411 2169 2692 2225 Jonenses
2747 2167 3023 2238 lgnatium
3081 2164 3440 2236 epistolicum
3500 2163 3667 2232 igno-

2025 2271 2200 2325 rasse,
2233 2257 2394 2328 prius
2423 2258 2719 2314 ostendere
2747 2255 3017 2326 Oportuit,
3050 2255 3182 2325 quid
3240 2252 3324 2308 illi
3383 2251 3664 2320 noverint,

2023 2360 2188 2416 quam
2215 2345 2355 2402 illud
2389 2347 2681 2417 objiceret,
2707 2346 2857 2416 quod
2901 2343 3259 2415 ignorabant.
3311 2344 3486 2396 Antea
3540 2340 3667 2410 qui-

2019 2435 2148 2490 dem
2182 2436 2242 2492 in
2277 2436 2428 2492 hunc
2487 2437 2719 2493 modum
2785 2434 3180 2505 dispustabat:
3241 2432 3298 2487 Si
3354 2429 3671 2500 scripsisset

2025 2524 2275 2594 lgnatius
2304 2525 2677 2595 epistolas,ess
2711 2524 2946 2580 fuissent
2969 2523 3217 2588 Iustino,
3272 2521 3508 2585 Irenaeo,
3540 2519 3670 2574 Cle-

2020 2613 2200 2667 menti
2233 2613 2623 2670 Alexandrino
2653 2623 2706 2670 et
2763 2613 3112 2669 Tertulliano
3145 2611 3399 2682 cOgnilas.
3434 2607 3576 2666 Nam
3611 2606 3669 2662 hi

2021 2700 2129 2757 viri
2160 2710 2342 2770 erant,
2374 2703 2546 2758 totius
2564 2703 2919 2772 antiquitatis
2948 2699 3241 2757 titteraria:
3269 2696 3516 2752 maxime
3546 2711 3669 2751 vero

2019 2789 2358 2848 Christianae
2385 2792 2802 2859 studiosissimi,
2825 2790 2994 2846 iidem
3021 2796 3188 2860 atque
3217 2784 3532 2842 acutissimi
3583 2785 3668 2839 in-

2015 2879 2322 2952 dagatores.
2356 2885 2440 2937 An
2472 2881 2623 2937 idem
2671 2881 2740 2936 de
2795 2880 2982 2937 Scotis
3038 2875 3376 2934 Christianis
3433 2873 3662 2943 septimi

2018 2971 2213 3028 saeculi
2247 2971 2626 3042 judicandum
2685 2969 2818 3026 est?
2874 2969 3023 3025 Num
3079 2968 3354 3024 Jonenses
3401 2963 3673 3020 monachi

2015 3061 2365 3132 antiquitatis
2409 3059 2818 3116 studiosissimi
2882 3066 3048 3130 atque
3093 3053 3409 3112 acutissimi
3456 3059 3509 3109 et
3567 3053 3668 3107 do-

2015 3149 2262 3206 ctissimi
2292 3150 2652 3222 indagatores
2680 3149 2854 3204 fuisse
2885 3146 3261 3218 perhibentur
3290 3143 3318 3198 τ
3352 3145 3468 3199 Imo
3535 3158 3665 3199 vero

249 3215 543 3295 noverunt
564 3255 624 3296 se
653 3239 778 3296 sine
807 3239 1073 3311 episcopo
1102 3241 1286 3298 vivere
1309 3257 1426 3298 non
1457 3240 1682 3298 debere.
1741 3242 1900 3306 Quod
1938 3215 1983 3280 θ
2013 3254 2087 3294 an
2145 3239 2213 3294 ad
2232 3237 2341 3295 huc
2406 3237 2683 3310 amplius,
2737 3239 3013 3294 Jonenses
3076 3235 3160 3290 illi
3241 3233 3300 3288 in
3354 3231 3666 3288 discutien-

251 3344 324 3384 an
349 3328 420 3384 ab
446 3327 672 3400 Ignatio
701 3329 1136 3400 acceperint,illi
1167 3330 1412 3386 viderint
1459 3333 1554 3402 qui
1610 3332 1905 3388 neminem

253 3417 430 3473 aliam
465 3434 593 3474 eam
647 3419 1040 3476 necessitatem
1092 3421 1353 3478 docuisse
1423 3428 1648 3492 putant.
1722 3419 1906 3478 Vivilo

253 3508 427 3562 etiam
462 3506 732 3580 ipseideo
800 3509 1008 3566 missus
1065 3525 1187 3566 esse
1245 3510 1501 3581 traditur,
1556 3511 1694 3581 quin
1750 3511 1905 3582 prior

251 3597 557 3667 episcopus
585 3602 734 3654 esset
770 3599 1094 3655 defunctus.
1128 3600 1196 3654 Et
1221 3599 1463 3670 epistola
1516 3599 1774 3672 Gregorii
1806 3617 1906 3657 es-

251 3693 360 3741 stat
389 3701 527 3743 cum
559 3686 725 3743 titulo
757 3703 771 3741 :
799 3687 1188 3744 Dilectissimis
1217 3689 1378 3746 nobis
1398 3689 1663 3762 episcopis
1688 3689 1749 3746 in
1783 3705 1906 3761 pro-

245 3777 436 3832 vincia
461 3776 733 3833 Boioariae
762 3783 816 3833 et
846 3776 1218 3836 Attemanniae
1268 3778 1581 3836 constitutis
1643 3778 1901 3849 Wigoni,

249 3865 513 3934 Luidoni,
536 3865 794 3939 Rodat/0,
830 3867 999 3924 Vivite
1028 3883 1126 3924 seu
1153 3867 1344 3935 Adda,
1396 3868 1688 3939 Gregorius
1732 3886 1901 3942 papa.

252 3954 317 4011 Ut
338 3970 450 4012 nec
483 3955 833 4026 primus,nee
861 3957 1014 4014 solus
1045 3964 1179 4014 tunc
1198 3958 1470 4029 temporis
1495 3959 1681 4016 Vivilo
1705 3959 1902 4016 Boioa-

246 4044 466 4100 riorum
500 4045 804 4117 episcopus
834 4045 1009 4103 fuisse
1054 4047 1352 4117 videatur;
1385 4052 1444 4105 et
1492 4063 1624 4104 cum
1669 4049 1906 4106 Bonifa-

244 4135 369 4190 cius
424 4135 843 4190 Germanorum
899 4135 1187 4206 apostolus
1212 4137 1454 4207 dicatur,
1498 4145 1720 4210 tempus
1761 4137 1902 4195 illud

239 4224 474 4280 ostendi
509 4239 627 4280 non
660 4228 994 4295 potest,quo
1022 4227 1174 4296 apud
1203 4227 1492 4284 Boioarioa
1551 4227 1692 4284 (idos
1747 4228 1904 4285 Chri-

240 4314 312 4370 sti
342 4313 454 4369 sub
489 4313 836 4385 presbyteris
867 4315 991 4371 sine
1012 4316 1279 4388 episcOpo
1301 4316 1563 4388 viguerit.

313 4402 574 4459 Alterius
605 4403 773 4473 plane
803 4403 1028 4475 generis
1048 4412 1130 4461 est
1161 4407 1306 4476 quod
1333 4422 1365 4462 θ
1395 4406 1585 4463 Scotia
1616 4407 1757 4478 petit
1811 4425 1898 4464 ar-

243 4500 599 4562 gumentum.
628 4491 712 4547 ibi
739 4493 893 4548 enim
923 4495 1219 4566 episcopos
1248 4496 1567 4566 singulares
1596 4497 1656 4554 in
1715 4497 1897 4555 eccle-

2015 3329 2106 3384 dis
2151 3337 2403 3386 veterum
2446 3329 2776 3386 Graecorum
2821 3323 3212 3383 monumentis
3261 3323 3401 3378 adeo
3458 3337 3664 3377 einun-

2014 3425 2122 3476 clm
2152 3418 2308 3475 naris
2338 3418 2522 3476 critici
2552 3419 2729 3488 fuere,
2762 3423 2822 3473 ut
2859 3414 3110 3485 Eusebii,
3167 3413 3246 3469 uti
3301 3412 3515 3477 volunt,
3574 3426 3665 3466 er-

2014 3525 2106 3565 ror
2135 3510 2230 3578 qui
2262 3507 2659 3576 Athanasium,
2687 3507 3122 3576 Hieronymum,
3155 3501 3578 3557 Theodoretum
3610 3505 3665 3556 et

2013 3597 2300 3654 Gelasium
2348 3598 2566 3668 fefellit,
2617 3597 2688 3653 iis
2742 3595 3099 3667 potissimum
3147 3587 3490 3647 suboleret?
3547 3591 3666 3644 Hoc

2011 3693 2166 3748 enim
2197 3692 2520 3749 necessario
2549 3690 2860 3747 dicendum
2892 3693 2976 3744 est
3003 3687 3072 3741 de
3115 3678 3441 3740 testimonio
3484 3676 3661 3746 septi-

2011 3781 2091 3837 mi
2117 3781 2331 3850 sasculi,
2367 3789 2426 3837 ut
2465 3780 2575 3836 vim
2620 3779 2868 3849 aliquam
2924 3775 3132 3832 habere
3176 3771 3440 3830 videatur
3473 3782 3486 3821 :
3524 3773 3663 3821 tunc

2010 3872 2164 3928 enim
2189 3870 2495 3928 auctoritas
2523 3869 2888 3941 epistolarum
2918 3862 3142 3935 ’Jgnatii
3200 3861 3352 3916 inter
3397 3855 3660 3913 Catholi-

2013 3976 2110 4018 cos
2139 3969 2306 4033 atque
2325 3962 2498 4019 etiam
2523 3958 2818 4016 haereticos
2839 3964 2956 4014 erat
2987 3950 3398 4024 receptissima.

2079 4051 2388 4123 Postquam
2419 4049 2807 4106 Boioariorum
2837 4054 2892 4103 et
2909 4041 3250 4100 Jonensium
3309 4036 3664 4092 meminisset

2006 4141 2092 4196 vir
2121 4141 2509 4208 doctissimus,
2542 4145 2595 4194 et
2626 4137 2696 4193 ab
2753 4138 3088 4206 argumento
3122 4145 3246 4198 suo,
3279 4125 3427 4198 quod
3485 4141 3518 4180 a
3579 4124 3656 4178 si-

2009 4231 2185 4287 lentio
2214 4230 2550 4300 scriptorum
2581 4235 2712 4284 ante
2745 4223 3051 4281 Eusebium
3083 4218 3395 4292 petebatur,
3430 4213 3660 4284 longius

2007 4317 2609 4388 aberrasset,adjunxit
2639 4315 2970 4387 Hieronymi
3003 4317 3058 4368 et
3124 4305 3431 4380 Epiphanii
3491 4303 3657 4358 testi-

2009 4411 2204 4467 monia
2237 4426 2250 4466 :
2284 4409 2449 4466 illum
2473 4409 2602 4465 ideo
2632 4407 2884 4474 adduxit,
2908 4403 3038 4476 quia
3078 4399 3494 4473 presbyteratus
3524 4410 3658 4453 cum

2007 4500 2356 4572 episcOpatu,
2390 4507 2448 4554 ut
2473 4499 2572 4566 ait,
2606 4493 2888 4568 ἰσοτομίαν
2935 4491 3206 4564 probabat
3239 4507 3254 4558 ;
3315 4487 3490 4552 hunc,
3523 4484 3655 4556 quia

245 4582 346 4638 siis
372 4582 551 4640 fuisse
581 4583 774 4651 negari
805 4598 921 4638 non
946 4590 1129 4654 potest
1185 4585 1254 4641 ad
1304 4585 1547 4642 formam
1604 4586 1898 4658 regiminis
1929 4579 1976 4646 D
2008 4605 2132 4647 eam
2165 4589 2508 4646 sententiam
2540 4585 2864 4643 uthaeresin
2894 4584 2954 4639 in
2988 4581 3149 4638 Aerio
3172 4577 3481 4635 damnabat
3515 4591 3527 4630 :
3573 4580 3658 4629 te-

245 4671 553 4742 Ignatiani.
601 4675 769 4738 Nam,
804 4676 866 4728 ut
897 4672 1046 4729 Beda
1108 4681 1382 4730 testatur:
1445 4675 1623 4732 Abbas
1669 4678 1903 4749 quidam

243 4761 530 4833 presbyter
557 4762 691 4832 fuit,
721 4762 882 4832 cujus
894 4763 1028 4834 juri
1056 4771 1108 4820 et
1137 4766 1315 4820 omnis
1349 4767 1638 4836 provincia
1683 4771 1736 4823 et
1794 4767 1904 4839 ipsi

244 4852 415 4907 etiam
441 4855 690 4923 episcopi
717 4852 954 4924 subjecti
974 4863 1147 4911 erant.
1179 4857 1266 4912 Ita
1295 4857 1524 4927 quidem
1574 4858 1744 4929 Beda,
1803 4859 1900 4916 sed

243 4940 459 4996 omissa
489 4951 622 4996 sunt
648 4941 823 4998 verba
864 4949 1059 4998 notatu
1117 4943 1314 5015 digna,
1371 4945 1567 5002 ordine
1613 4947 1896 5003 inusitato.

245 5029 786 5099 AgnovitSeldenus
811 5031 1070 5088 ordinem
1122 5033 1460 5091 inusitatum
1517 5053 1550 5091 a
1605 5037 1749 5092 Beda
1795 5037 1896 5092 ob-

244 5127 525 5175 servatum
554 5136 570 5176 :
610 5119 716 5176 Sed
745 5121 866 5190 qui,
899 5119 1104 5192 inquit,
1135 5138 1205 5178 ea:
1232 5137 1385 5180 more
1407 5124 1488 5180 ibi
1530 5127 1898 5184 vetustissimo

243 5208 690 5280 secutorumquc
711 5208 837 5264 ittic
856 5209 1197 5266 anterion
1219 5212 1516 5285 disciplina
1527 5219 1772 5287 receptus
1799 5215 1894 5274 sit.

247 5297 352 5354 Sed
384 5300 514 5369 quis
541 5300 692 5370 apud
722 5299 1000 5355 Jonenses
1019 5300 1377 5373 presbyteros
1409 5319 1531 5361 mos
1571 5305 1674 5360 iuit
1730 5305 1895 5362 Beda

249 5403 368 5444 sevo
397 5389 860 5460 antiquissimus,
893 5396 991 5444 aut
1021 5397 1160 5460 quot
1205 5391 1432 5449 fuerunt
1458 5392 1559 5449 illa
1615 5394 1897 5452 anteriora

246 5477 452 5535 secula
483 5478 512 5532 ?
540 5478 704 5534 Certe
733 5478 804 5534 ab
834 5478 991 5535 obitu
1023 5478 1339 5551 Columbus,
1361 5485 1457 5554 qui
1489 5485 1893 5542 monasterium

246 5567 526 5638 condidit,
558 5569 632 5623 ad
653 5572 846 5623 ortum
876 5567 1062 5636 Bedes,
1120 5570 1219 5641 qui
1279 5571 1400 5628 haec
1457 5573 1705 5645 scripsit,
1754 5575 1896 5632 anni

245 5662 466 5712 tantum
498 5663 875 5714 numerantur
899 5656 992 5712 76.
1016 5657 1159 5721 Quid
1190 5667 1378 5717 autem
1415 5661 1838 5734 hine'sequitur
1865 5662 1894 5720 ‘t

2012 4688 2125 4736 stes
2153 4680 2294 4736 duos
2319 4679 2380 4734 in
2404 4678 2682 4750 lgnatium
2700 4676 2818 4745 jam
2843 4674 2939 4729 diu
2965 4678 3252 4741 receptum
3276 4665 3497 4738 egregie
3519 4678 3661 4720 con-

2011 4769 2314 4840 spirantes.
2343 4772 2399 4824 8.
2435 4768 2815 4836 Hieronymus
2841 4779 2995 4835 saepe
3024 4762 3080 4816 S.
3113 4758 3318 4830 Ignatii
3346 4753 3662 4826 :meminit,

2009 4861 2143 4931 qutd
2176 4858 2464 4930 scripserit
2487 4858 2570 4914 vir
2600 4854 2946 4927 apostolicus
2998 4857 3054 4907 et
3110 4851 3328 4919 martyr
3380 4843 3660 4931 observat,

2007 4929 2326 5006 Eusebiana
2350 4945 2678 5005 transcribit
2704 4953 2758 5002 et
2786 4941 3061 5032 approbat
3084 4954 3108 5032 7:
3142 4936 3276 5005 quid
3334 4933 3503 5032 igitur
3560 4929 3660 5032 ille

2006 5041 2273 5095 adversus
2300 5039 2504 5110 Ignatii
2535 5035 2807 5108 epistolas
2837 5032 2865 5088 τι
2893 5030 3178 5087 Sollicitor
3203 5033 3420 5098 putare,
3454 5027 3658 5110 inquit,

2004 5129 2090 5184 vet
2106 5107 2352 5184 nondum
2380 5129 2440 5184 in
2468 5127 2544 5181 iis
2572 5107 2685 5180 ista
2708 5128 2831 5179 tam
2850 5120 3026 5176 multa
3052 5117 3244 5188 luisse,
3269 5127 3388 5185 qua:
3416 5108 3572 5166 hodie
3593 5107 3660 5166 de

2003 5220 2348 5290 episwpatus
2375 5217 2698 5272 necessitate
2726 5221 2777 5268 et
2791 5228 2908 5284 prae
2959 5209 3344 5280 presbyteratu
3394 5200 3663 5258 excellen-

2003 5310 2097 5364 tia
2117 5308 2279 5364 isthic
2303 5307 2558 5376 tegimus,
2582 5304 2665 5360 vet
2679 5311 2823 5359 certe
2843 5301 3198 5358 existimasse
3239 5296 3662 5365 Hieronymum,

2003 5397 2348 5471 quantalibet
2374 5394 2549 5468 fuerit
2567 5389 2840 5465 martyris
2866 5388 3187 5453 auctoritas,
3208 5400 3319 5441 non
3350 5388 3539 5439 tamen
3577 5397 3662 5438 sa-

2004 5491 2078 5545 tis
2097 5505 2217 5546 eam
2245 5488 2449 5556 valere,
2475 5489 2539 5542 ut
2564 5499 2682 5541 rem
2701 5481 2919 5539 disertis
2947 5479 3251 5550 Sm’pturse
3279 5473 3500 5533 vocibus
3526 5487 3657 5530 con-

2001 5578 2287 5648 ﬁrmatam
2307 5574 2619 5634 convetlere
2645 5575 2824 5647 posset
2853 5573 2952 5626 aut
2980 5567 3221 5626 deberet.
3253 5565 3401 5632 Quid
3455 5565 3649 5618 autem

2003 5665 2054 5722 si
2086 5667 2170 5723 vir
2195 5666 2559 5725 doctissimus
2606 5678 2806 5722 revera
2860 5664 3084 5733 putaret
3138 5656 3199 5715 id
3252 5654 3402 5728 quod
3458 5659 3654 5722 putare
