3990 6136
275 379 388 439 251

1323 373 1388 433 S.
1438 369 1848 433 IGNATIUS.
1896 401 1972 413 —
2014 365 2623 431 PROLEGOMENA.

3563 366 3684 424 252

277 507 652 574 sollicitatur;
679 505 807 578 quid
836 507 880 561 si
906 520 1095 561 verum
1130 513 1276 562 esset
1308 505 1453 576 quod
1479 503 1926 576 putet?aninde
1957 503 2010 570 Α
2035 519 2259 574 parens.
2306 505 2368 557 Et
2402 517 2416 556 :
2478 501 2667 556 Virum
2723 500 3123 568 honorabilem,
3180 501 3419 569 fratrem
3476 514 3682 569 meum,

279 598 534 667 sequitur
563 595 829 666 epistolas
852 595 978 650 illas
999 610 1195 650 omnes
1217 611 1340 651 esse
1361 595 1530 650 tertio
1572 594 1778 650 saeculo
1835 593 1932 648 tic-

281 695 363 742 tas
395 695 565 756 atque
593 684 911 755 suppositas
939 683 967 738 ?
998 684 1056 738 Si
1089 701 1280 754 parem
1303 699 1436 740 cum
1469 683 1782 750 Scripturis
1829 697 1932 737 au-

281 776 597 832 ctoritatem
639 787 753 829 non
784 773 1049 839 habeant,
1081 785 1174 829 aut
1209 790 1325 829 una
1354 773 1440 829 vel
1483 773 1659 830 altera
1699 779 1934 829 senten-

279 866 358 920 tia
389 867 457 918 de
489 863 822 919 necessitate
859 871 912 919 et
931 862 1268 919 excellentia
1284 864 1718 934 episeopatusin
1743 877 1932 918 exem-

282 953 423 1022 plari
460 953 900 1021 Hieronymiano
931 968 1043 1008 non
1078 952 1403 1015 haberetur,
1437 968 1559 1021 quae
1609 952 1669 1006 in
1728 949 1935 1006 nostris

281 1048 614 1112 apparet,an
649 1042 840 1096 statim
875 1041 1148 1112 sequitur,
1181 1057 1386 1097 omnes
1411 1040 1583 1096 fuisse
1637 1055 1932 1096 commen-

284 1131 433 1186 titias
455 1131 810 1201 ?praesertim
843 1146 974 1187 cum
997 1132 1054 1186 S.
1081 1129 1462 1202 Hieronymus
1493 1145 1590 1185 eas
1624 1144 1759 1200 quas
1815 1130 1936 1199 ipse

282 1220 477 1276 habuit
506 1236 662 1275 veras
685 1227 737 1275 et
767 1221 1047 1289 genuinas
1081 1220 1323 1290 putavit.
1351 1219 1576 1274 Fatetur
1608 1218 1690 1272 vir
1714 1217 1933 1273 doctis-

288 1311 484 1378 simus,
519 1324 613 1364 eas
644 1307 911 1379 epistolas
939 1323 1080 1378 quas
1137 1324 1292 1364 nunc
1361 1307 1656 1372 habemus,
1708 1307 1934 1363 easdem

281 1399 518 1456 omnino
569 1413 690 1454 esse
749 1413 890 1468 quas
947 1396 1144 1452 habuit
1202 1397 1500 1462 Eusebius,
1551 1403 1606 1451 et
1649 1403 1771 1467 post
1805 1411 1934 1451 eum

284 1487 626 1545 Athanasius
674 1495 840 1558 atque
895 1487 1303 1542 Theodoretus.
1373 1489 1490 1550 Qua
1540 1501 1672 1556 ergo
1722 1486 1935 1540 ratione

283 1579 486 1632 ductus
545 1575 800 1631 dubitare
837 1578 1021 1645 potest
1053 1576 1120 1630 de
1147 1574 1453 1645 exemplari
1512 1574 1689 1630 solius
1740 1574 1932 1628 l-liero-

281 1668 565 1740 nymi,qui
597 1676 722 1740 post
754 1666 1056 1723 Eusebium
1080 1675 1130 1722 et
1153 1666 1552 1730 Athanasium,
1585 1674 1714 1720 ante
1742 1665 1934 1719 Theo-

281 1760 537 1814 dorctum
568 1757 746 1813 vixit?
776 1762 897 1813 Non
927 1767 1042 1812 tam
1071 1758 1271 1825 multa,
1305 1757 1544 1822 scilicet,
1575 1755 1641 1809 de
1670 1771 1737 1810 ea
1768 1771 1828 1809 re
1875 1756 1935 1808 in

2037 593 2220 662 ﬁlium
2249 590 2588 660 dignationis
2615 595 2750 658 tum,
2784 589 3034 646 Orosium
3062 590 3442 662 presbyterum
3491 593 3544 644 et
3595 589 3685 643 sui

2037 684 2239 738 merito
2267 686 2320 737 et
2350 684 2401 737 te
2426 681 2894 751 iubentesuscepi.
2929 680 3062 743 Quae
3092 695 3219 735 cum
3255 680 3334 734 ita
3390 678 3526 749 sint,
3585 679 3685 734 illa

2039 773 2098 828 in
2131 780 2394 841 suspecto
2425 785 2592 841 Opere
2624 773 2684 825 in
2710 771 2986 841 psalmum
3013 786 3140 824 κων
3199 769 3548 839 Hieronymo
3594 769 3682 824 vix

2038 861 2349 932 abjudicari
2384 868 2666 930 possunt:
2713 864 2978 927 Fuerunt,
3037 875 3066 914 ο
3120 857 3382 924 Ecclesia,
3443 857 3688 930 apostoli

2038 961 2222 1022 patres
2253 949 2360 1017 tui,
2392 951 2522 1019 quia
2540 951 2650 1016 ipsi
2680 957 2730 1005 te
2755 953 3084 1020 genuerunt.
3119 949 3275 1002 Nunc
3318 951 3504 1002 autem
3555 947 3687 1018 quia

2040 1040 2133 1095 illi
2159 1046 2502 1095 recesserunt
2559 1055 2593 1093 a
2637 1039 2866 1110 mundo,
2916 1038 3078 1093 habes
3131 1053 3230 1110 pro
3283 1037 3367 1093 his
3409 1039 3687 1109 episcopos

2039 1129 2203 1200 ﬁlios,
2235 1129 2393 1200 quia
2427 1137 2475 1184 te
2493 1127 2670 1184 creati
2697 1132 2825 1184 sunt
2858 1144 2872 1184 :
2913 1137 3044 1183 sunt
3100 1128 3250 1181 enim
3296 1135 3348 1181 et
3393 1128 3452 1181 hi
3505 1131 3687 1198 patres

2041 1221 2144 1287 tui,
2176 1221 2307 1290 quia
2338 1219 2405 1274 ab
2427 1220 2561 1290 ipsis
2593 1221 2823 1287 regeris.
2853 1218 2976 1272 Haec
3007 1225 3192 1272 autem
3227 1216 3504 1286 subjectio
3553 1217 3686 1272 Hie—

2042 1312 2376 1383 ronymiana
2406 1310 2554 1365 nihil
2606 1310 2758 1365 aliud
2809 1318 3088 1380 estquam
3150 1307 3362 1376 ὑπακοή
3406 1307 3493 1363 vel
3553 1307 3686 1360 ὑπο-

2038 1401 2178 1473 ταγή
2234 1401 2548 1470 lgnatiana.
2607 1401 2889 1466 Secundo,
2942 1398 3322 1467 Hieronymus
3377 1398 3688 1468 saepissime

2042 1497 2152 1546 tres
2183 1490 2397 1558 gradus
2431 1489 2551 1544 sive
2579 1489 2807 1544 ordines
2856 1488 2915 1542 in
2965 1489 3236 1554 Ecclesia,
3278 1488 3688 1558 episcopatum,

2041 1578 2491 1649 presbyteratum
2513 1585 2569 1633 et
2613 1577 2974 1632 diaconatum
3008 1577 3286 1646 agnoscit,
3324 1591 3441 1631 non
3500 1577 3690 1632 minus

2040 1683 2211 1737 quam
2241 1669 2516 1737 Ignatius.
2577 1665 2810 1735 Dialogo
2853 1667 3124 1720 adversus
3183 1665 3610 1720 Luciferianos:
3646 1669 3684 1720 Α

2039 1758 2279 1825 triginta
2304 1757 2502 1812 cubitis
2523 1755 2796 1826 incipiens
2817 1762 2872 1810 et
2900 1771 3070 1824 usque
3113 1754 3182 1809 ad
3212 1770 3382 1809 unum
3439 1756 3685 1810 cubitum

279 1850 494 1918 [gnatio
526 1848 661 1903 vidit
691 1846 1098 1918 Hieronymus:
1131 1846 1314 1918 quasi,
1347 1846 1394 1900 si
1424 1845 1691 1916 pauciora
1729 1845 1799 1899 de
1827 1860 1923 1899 ea—
1953 1869 2001 1934 Β
2036 1847 2320 1918 paulatim
2365 1844 2669 1900 decrescens
2709 1860 2840 1899 arca
2895 1845 3233 1898 construitur
3265 1859 3279 1896 :
3311 1843 3577 1899 similiter
3630 1849 3683 1900 et

279 1940 407 1994 dem
441 1955 499 1993 re
529 1939 765 1994 dixisset
796 1939 1069 2008 lgnatius,
1104 1937 1271 1993 [idem
1318 1937 1419 1992 Dei
1468 1951 1692 1992 omnem
1752 1934 1922 1991 abro-

283 2037 465 2098 gasset
499 2030 1070 2101 Hieronymus.Anne
1099 2028 1407 2084 auctoritas
1448 2027 1544 2083 illa
1574 2033 1791 2082 tantum
1831 2041 1924 2079 va-

278 2117 398 2172 lida
428 2127 659 2188 cst,qua2
687 2118 982 2173 sententiis
1013 2118 1160 2173 idem
1203 2117 1371 2188 plane
1400 2115 1734 2172 sonantibus
1781 2131 1928 2185 saepe

283 2207 537 2277 repetitis
561 2208 828 2263 constat?
855 2207 998 2271 Quot
1029 2208 1402 2264 sententiain
1435 2207 1657 2278 Ignatio
1703 2205 1928 2261 oblitte-

284 2297 472 2352 randae
506 2303 660 2363 sunt,
690 2305 747 2352 ut
782 2298 1150 2369 episcopatus
1178 2305 1232 2352 et
1277 2297 1702 2369 presbyteratus
1757 2292 1927 2347 ἲσοτι-

289 2385 387 2456 μία
417 2386 487 2440 ab
519 2385 619 2442 illo
651 2387 1022 2442 condemnari
1085 2403 1200 2442 non
1259 2398 1502 2457 putetur,
1537 2390 1594 2442 et
1648 2385 1927 2450 doctrina,

281 2492 452 2546 quam
483 2483 753 2546 tanquam
777 2477 1282 2545 Hieronymianam
1303 2482 1706 2546 repraesentant
1732 2475 1930 2528 adver-

281 2565 436 2634 sarii,
482 2566 786 2636 Ignatianaa
851 2567 1094 2623 minime
1144 2567 1430 2622 contraria
1475 2563 1772 2620 videatur!
1825 2562 1930 2619 Sed

283 2669 477 2711 revera
499 2655 825 2728 Hieronymi
883 2656 1190 2718 sententia,
1223 2656 1420 2710 siuna
1467 2663 1634 2724 atque
1689 2653 1930 2723 simplex

277 2743 430 2809 sit,et
462 2752 612 2800 recte
642 2745 1184 2815 explicetur,lgnalii
1211 2743 1513 2800 sententiae
1537 2743 1775 2798 minime
1803 2756 1933 2796 con-

277 2833 449 2888 traria
481 2841 563 2888 est
599 2850 614 2904 ;
647 2835 1013 2890 contrarietas
1043 2834 1194 2890 enim
1225 2849 1348 2904 quae
1367 2831 1715 2899 obtenditur,
1753 2829 1929 2901 origi-

275 2937 412 2978 nem
447 2929 662 2977 tantum
695 2931 930 2993 spectat,
961 2924 1030 2978 de
1053 2939 1166 2994 qua
1215 2922 1359 2976 nihil
1414 2921 1685 2991 Ignatius.
1720 2919 1931 2974 Caetera

279 3027 409 3066 vero
431 3028 552 3081 quae
589 3011 753 3066 habet
787 3013 1164 3081 Hieronymus
1194 3026 1331 3065 sane
1382 3007 1809 3080 quamplurima
1861 3008 1930 3061 de

279 3100 636 3170 episcOpatus
704 3119 733 3154 a
778 3100 1168 3171 presbyteratu
1229 3099 1553 3154 distictione
1609 3102 1665 3152 et
1715 3110 1927 3166 praecx-

280 3189 566 3255 cellentia,
599 3205 665 3244 ac
693 3190 1028 3244 necessitate
1049 3189 1500 3260 antiquitateque
1546 3187 1837 3256 utriusque
1868 3185 1926 3239 in

278 3277 531 3333 Ecclesia
569 3277 759 3344 Dei,ct
789 3279 936 3333 Aerii
962 3279 1165 3348 dogma
1191 3278 1477 3348 jugulanl,
1510 3285 1564 3333 et
1615 3274 1924 3345 Ignatianis

277 3366 448 3437 plane
478 3366 795 3421 conformia
825 3371 960 3422 sunt
985 3385 998 3434 ;
1031 3382 1152 3435 quae
1178 3367 1342 3422 toties
1371 3366 1620 3419 imitatur
1650 3372 1702 3419 et
1734 3363 1923 3432 sequi-

278 3463 388 3523 tur,
425 3463 480 3510 ut
515 3456 653 3527 quin
685 3457 879 3512 omnia
926 3456 1146 3527 viderit,
1207 3471 1334 3526 quae
1385 3470 1490 3510 nos
1552 3454 1607 3509 in
1659 3452 1928 3523 genuinis

277 3543 534 3615 epistolis
567 3544 841 3611 videmus,
875 3544 1141 3612 dubitari,
1175 3551 1328 3600 certe
1377 3551 1440 3598 ut
1498 3541 1785 3612 pauciora,
1841 3541 1926 3596 af-

277 3635 493 3690 ﬁrmari
529 3651 643 3691 non
676 3637 870 3705 possit.
924 3635 1065 3692 Nam
1118 3635 1177 3690 in
1239 3633 1476 3706 epistola
1530 3635 1600 3689 ad
1660 3633 1924 3703 Nepotia-

278 3741 415 3780 num
454 3742 466 3780 :
505 3726 651 3792 Esto,
675 3725 878 3795 inquit,
913 3725 1184 3795 subjectus
1212 3724 1464 3795 pontiﬁci
1513 3732 1621 3795 tuo,
1674 3731 1727 3779 et
1768 3724 1927 3795 quasi

278 3814 487 3870 animae
514 3824 798 3886 parentem
817 3817 1046 3886 suscipe,
1081 3815 1164 3871 vel
1195 3817 1426 3885 suspice.
1452 3813 1773 3870 Exhortatio
1806 3813 1926 3869 hac

276 3918 394 3959 non
429 3904 688 3976 Aeriana,
717 3905 813 3960 sed
849 3903 1144 3975 Ignatiana
1191 3911 1297 3959 est.
1350 3903 1699 3975 Nepotianus
1769 3905 1923 3958 enim

284 3993 580 4066 presbyter
609 4003 747 4051 erat.
784 3995 865 4050 Ita
904 3997 973 4050 de
1003 3994 1101 4050 illo
1133 3994 1516 4066 Hieronymus
1544 3995 1708 4065 epist.
1741 3995 1776 4048 3
1804 4011 1816 4050 '.'
1841 3993 1928 4049 Fit

275 4082 527 4151 clericus,
560 4088 609 4139 et
636 4101 734 4156 per
779 4083 971 4140 solitos
1006 4085 1211 4155 gradus
1265 4085 1546 4156 presbyter
1610 4084 1924 4140 ordinatur.

278 4173 678 4245 Presbyterum
727 4173 896 4243 igitur
952 4174 1273 4245 subjectum
1318 4175 1588 4246 episcopo
1645 4189 1746 4228 suo
1803 4189 1928 4230 esse

280 4262 490 4319 debere
522 4263 1132 4335 monetHieronymus,
1165 4267 1222 4319 et
1260 4265 1486 4332 quidem
1539 4271 1804 4334 tanquam
1861 4263 1925 4318 ﬁ-

284 4351 424 4406 lium
455 4352 694 4422 parenti.
725 4352 961 4422 Semper
1017 4353 1171 4409 enim
1230 4353 1562 4424 episcopum
1613 4352 1926 4425 presbyteri

281 4449 498 4515 patrem
521 4443 795 4511 agnoscit.
831 4443 1081 4512 Epistola
1109 4444 1182 4497 62
1209 4444 1298 4513 '_ad
1340 4442 1721 4513 TheOphilum
1756 4459 1770 4499 :
1803 4446 1926 4500 Non

275 4547 463 4589 sumus
491 4535 603 4585 tam
635 4531 826 4603 inﬂati
855 4532 1057 4599 cordis,
1089 4539 1150 4588 ut
1199 4534 1511 4600 ignoremus
1568 4533 1698 4603 quid
1735 4533 1922 4589 debea-

2035 1935 2278 1992 Ecclesia
2308 1937 2496 1991 multis
2515 1935 2779 2005 gradibus
2799 1937 3102 1990 consistens
3119 1938 3193 1990 ad
3213 1941 3524 1989 extremum
3554 1937 3680 1990 dia-

2035 2029 2204 2093 conis,
2236 2026 2567 2098 presbyteris
2596 2026 2968 2097 episcopisque
2995 2024 3212 2093 ﬁnitur.
3249 2024 3326 2078 Ita
3357 2024 3490 2080 ille:
3525 2025 3680 2080 Arcas

2035 2120 2378 2170 sacramenta
2408 2131 2532 2168 cum
2555 2116 2796 2170 Ecclesia
2861 2129 3206 2184 componens.
3259 2113 3682 2169 Commentario

2038 2203 2097 2258 in
2123 2203 2353 2259 Michete
2385 2219 2510 2272 cap.
2547 2218 2659 2256 vn:
2692 2201 2872 2257 Nolite
2901 2201 3120 2258 credere
3152 2202 3214 2256 in
3259 2200 3512 2270 ducibus,
3570 2218 3679 2256 non

2041 2291 2101 2347 in
2121 2294 2392 2363 episcopo,
2417 2307 2525 2346 non
2556 2291 2614 2344 in
2642 2291 2980 2361 presbytero,
3009 2305 3121 2345 non
3161 2292 3221 2344 in
3275 2289 3526 2356 diacono,
3574 2307 3686 2345 non

2041 2383 2104 2437 in
2137 2381 2379 2452 qualibet
2410 2381 2700 2437 hominum
2730 2380 3018 2450 dignitate.
3045 2382 3162 2435 Non
3196 2381 3295 2436 hoc
3345 2380 3481 2447 dico,
3539 2379 3686 2450 quod

2041 2470 2352 2527 istiusmodi
2395 2469 2662 2541 gradihus
2719 2471 2779 2524 in
2832 2469 3071 2524 Ecclesia
3123 2485 3234 2524 non
3287 2469 3526 2524 debeatis
3573 2485 3689 2525 esse

2038 2559 2290 2632 subjecti.
2313 2582 2342 2609 «
2370 2561 2690 2630 Quicunque
2708 2560 2854 2613 enim
2884 2559 3238 2614 maledixerit
3257 2559 3408 2629 patri
3435 2566 3534 2614 aut
3564 2576 3684 2613 ma-

2040 2653 2134 2719 tri,
2157 2657 2330 2705 morte
2357 2650 2628 2706 morietur
2651 2648 2698 2683 ²⁰
2719 2665 2741 2710 ,·
2774 2657 2858 2704 »ει
2887 2649 3174 2719 Apostolus
3199 2649 3344 2704 docet
3374 2650 3687 2720 preupositis

2039 2739 2104 2794 in
2135 2740 2394 2796 Ecclesia
2423 2738 2785 2794 obediendum
2806 2739 2874 2792 ³⁸.
2900 2737 3001 2793 Sed
3040 2737 3182 2808 quod
3202 2736 3357 2792 aliud
3385 2737 3456 2792 sit
3511 2738 3685 2793 hono-

2039 2849 2167 2888 rare
2195 2830 2538 2898 duces,aliud
2567 2847 2718 2901 spem
2747 2829 2954 2885 habere
2983 2831 3047 2885 in
3077 2831 3326 2886 ducibus.
3353 2831 3683 2885 Honoremus
3772 2838 3774 2840 '

2039 2922 2368 2993 episcopum,
2420 2919 2736 2991 presbytero
2782 2919 3092 2988 deferamus
3145 2935 3502 2986 assurgamus
3555 2920 3683 2973 dia-

2039 3015 2252 3076 cono,et
2278 3014 2460 3064 tamen
2493 3026 2608 3063 non
2639 3023 2919 3079 speremus
2956 3008 3018 3062 in
3042 3010 3141 3062 eis.
3178 3007 3447 3079 Apologia
3500 3007 3683 3078 prima

2037 3101 2308 3155 adversus
2337 3097 2632 3153 Ruftinum
2657 3113 2670 3152 :
2702 3098 2852 3153 Sciat
2879 3097 3120 3152 multum
3148 3098 3410 3152 interesse
3429 3096 3498 3151 de
3517 3112 3682 3167 ange-

2043 3187 2114 3242 lis
2134 3198 2184 3243 et
2210 3186 2484 3259 Seraphin
2515 3190 2564 3242 et
2583 3187 2881 3242 Cherubim
2917 3185 3099 3242 dicere
3141 3188 3418 3244 daemones
3473 3190 3525 3242 et
3583 3185 3683 3242 ho-

2037 3276 2204 3332 mines
2235 3276 2377 3344 ﬁeri,
2409 3276 2548 3347 quod
2580 3276 2826 3345 afﬁrmat
2854 3276 3141 3344 Origenes,
3159 3281 3216 3332 et
3254 3275 3396 3346 ipsos
3439 3284 3583 3332 inter
3629 3291 3687 3330 se

2037 3365 2272 3440 angelos
2299 3367 2516 3421 diversa
2545 3366 2862 3440 officiorum
2897 3381 3098 3435 genera
3126 3382 3238 3423 esse
3266 3369 3500 3431 sortitos,
3541 3365 3686 3436 quod

2041 3458 2291 3514 Ecclesia
2318 3473 2432 3512 non
2462 3459 2752 3527 repugnat.
2815 3455 3089 3524 Quomodo
3145 3465 3195 3512 et
3241 3455 3392 3512 inter
3443 3455 3688 3510 homines

2037 3545 2166 3602 ordo
2197 3545 2535 3618 dignitatum
2575 3562 2647 3602 ea:
2700 3546 2903 3601 laboris
2947 3547 3219 3601 varietate
3250 3545 3500 3600 diversus
3551 3551 3632 3599 est
3664 3561 3684 3597 :

2036 3653 2161 3693 cnm
2191 3638 2498 3710 episcopus,
2522 3641 2572 3692 et
2601 3637 2907 3708 presbyter,
2965 3644 3016 3691 et
3071 3638 3248 3692 omnis
3291 3634 3685 3691 ecclesiasticus

2037 3727 2243 3796 gradus
2275 3727 2475 3783 habeat
2505 3727 2760 3781 ordtnem
2788 3742 2971 3794 suum,
3003 3729 3053 3781 et
3081 3730 3263 3780 tamen
3294 3740 3478 3780 omnes
3508 3723 3684 3780 homi-

2035 3833 2131 3872 nes
2160 3817 2565 3887 sunt.Epistota
2586 3817 2658 3870 27
2678 3831 2804 3886 quae
2822 3819 2907 3870 est
2935 3815 3001 3869 ad
3035 3813 3685 3870 EustochiumzAderant

2036 3907 2544 3978 Hierosolymorum
2587 3910 2638 3961 et
2695 3905 2944 3960 aliarum
2973 3904 3194 3960 urbium
3233 3904 3492 3975 episcopi,
3517 3907 3568 3959 et
3597 3919 3683 3957 sa-

2035 3997 2316 4052 cerdotum
2363 3994 2655 4068 inferioris
2676 3994 2900 4064 gradus,
2931 4011 2997 4050 ac
3026 3995 3322 4049 levitarum
3369 3995 3688 4048 innumera-

2040 4086 2166 4141 bilis
2196 4084 2516 4141 multitudo.
2549 4084 2751 4141 Dicent
2772 4083 3174 4152 Hieronymum
3208 4083 3277 4137 de
3308 4082 3544 4138 diversis
3566 4098 3686 4152 gra-

2037 4176 2204 4232 dibus
2229 4183 2324 4232 aut
2355 4173 2657 4230 ordinibus
2689 4173 2843 4243 loqui
2893 4174 3208 4228 secundum
3269 4187 3432 4228 usum
3491 4171 3686 4226 saeculi

2037 4267 2125 4321 sui
2152 4283 2165 4322 :
2191 4266 2341 4321 idem
2374 4271 2429 4320 et
2457 4280 2560 4333 ego
2589 4264 2659 4319 de
2689 4263 2909 4333 Ignatio
2938 4262 3179 4318 afﬁrmo.
3207 4263 3272 4317 Et
3295 4261 3521 4332 quidem
3559 4261 3688 4316 Hie-

2037 4370 2312 4427 ronymus
2344 4355 2568 4410 eosdem
2600 4352 2803 4423 gradus
2834 4351 3002 4407 refert
3031 4353 3100 4407 ad
3155 4359 3406 4421 tempora
3464 4358 3687 4420 aposto-

2038 4445 2144 4500 lica
2172 4461 2184 4499 :
2208 4452 2268 4500 ut
2289 4460 2495 4500 mirum
2526 4458 2643 4499 non
2676 4445 2746 4497 sit
2769 4442 3073 4512 Ignatium,
3100 4449 3225 4512 post
3254 4442 3512 4498 omnium
3548 4457 3687 4511 apo—

2041 4534 2314 4591 stolorum
2347 4531 2698 4598 mortem,ita
2729 4531 2980 4588 loculum
3005 4547 3147 4587 esse.
3196 4530 3448 4602 Epistola
3500 4531 3689 4601 prima

275 4626 368 4677 tur
387 4619 758 4676 sacerdotibus
791 4621 1016 4676 Christi.
1049 4621 1156 4688 Qui
1202 4623 1353 4676 enim
1405 4637 1492 4678 eos
1543 4624 1759 4694 recipit,
1819 4638 1926 4677 non
1957 4631 2004 4696 Ι)
2034 4625 2104 4679 ad
2136 4623 2500 4680 Heliodorum
2529 4637 2541 4676 :
2573 4642 2601 4672 ‹‹
2635 4622 2744 4690 Qui
2764 4623 3134 4692 episcopatum
3157 4620 3454 4690 desiderat,
3482 4622 3687 4676 bonum

277 4719 390 4766 tam
422 4725 512 4766 eos
542 4709 759 4780 recipit,
793 4727 961 4781 quam
985 4711 1148 4765 illum
1175 4711 1332 4782 cujus
1359 4713 1594 4782 episcopi
1625 4713 1771 4766 sunt.
1821 4711 1927 4768 Sed

275 4803 520 4856 contenti
546 4799 659 4856 sint
691 4799 897 4855 honore
915 4816 1013 4856 suo
1038 4816 1051 4854 :
1076 4802 1282 4856 Patres
1312 4816 1370 4855 se
1395 4802 1574 4855 sciant
1628 4817 1759 4864 esse,
1817 4817 1927 4857 non

277 4891 549 4946 dominos.
585 4891 662 4946 De
693 4889 995 4945 Heliodoro
1014 4888 1314 4960 Nepotiani
1345 4890 1608 4960 episcOpo
1638 4890 1714 4946 ita
1743 4890 1928 4961 loqui-

281 4988 405 5036 tur:
443 4981 656 5048 Quanlo
684 4980 864 5048 magis
895 4987 956 5034 tu
982 4982 1034 5033 et
1081 4979 1384 5033 avunculus
1424 4986 1474 5034 et
1491 4981 1791 5051 episcopus,
1834 4981 1929 5037 hoc

275 5075 354 5126 est
373 5071 718 5138 etincarne,
749 5071 880 5125 etin
910 5068 1117 5140 spiritu
1174 5071 1348 5139 pater,
1403 5068 1548 5123 doles
1602 5068 1787 5125 abesse
1841 5071 1926 5126 vi-

274 5176 427 5217 scera
449 5165 569 5227 tua,
600 5163 653 5215 et
691 5160 854 5231 quasi
884 5175 918 5214 a
949 5167 998 5214 te
1018 5157 1237 5214 divulsa
1282 5158 1550 5223 suspiras.
1606 5159 1690 5214 Ad
1743 5163 1926 5232 Nepo-

279 5250 499 5305 tianum
531 5249 696 5320 epist.
729 5248 764 5302 3
795 5266 808 5303 :
845 5246 1033 5303 Gloria
1054 5246 1236 5318 patris
1266 5253 1343 5303 est
1377 5247 1532 5316 ﬁlius
1561 5250 1787 5320 sapiens
1848 5250 1928 5321 19;

281 5338 520 5395 Gaudeat
543 5341 824 5412 episcopus
843 5337 1056 5410 judicio
1085 5353 1205 5402 suo,
1237 5352 1360 5392 cum
1402 5337 1533 5394 tales
1566 5337 1775 5396 Christo
1823 5341 1928 5396 ele-

285 5429 431 5498 gerit
458 5429 780 5486 sacerdotes.
819 5430 901 5484 Ita
940 5426 1062 5497 ipse
1090 5428 1143 5482 S.
1179 5427 1558 5498 Augustinum
1587 5428 1927 5499 compellat:

286 5519 411 5576 Vale
487 5517 627 5572 mihi
665 5520 840 5574 amice
893 5517 1243 5586 charissime,
1298 5521 1460 5573 atate
1487 5517 1593 5587 ﬁli,
1663 5517 1934 5589 dignitate

2036 4729 2170 4785 Opus
2195 4711 2470 4770 desiderat
2489 4711 2554 4767 ”.
2591 4733 2618 4760 ››
2641 4710 2856 4766 Scimus
2888 4713 2990 4765 ista
3025 4727 3036 4765 :
3069 4710 3161 4766 sed
3175 4714 3358 4782 junge
3401 4709 3541 4780 quod
3597 4727 3686 4766 se-

2037 4802 2226 4875 quitur
2257 4821 2270 4858 :
2305 4825 2334 4852 ‹‹
2367 4801 2585 4873 Oportet
2613 4808 2799 4856 autem
2817 4799 3133 4869 huiusmodi
3155 4800 3689 4870 irreprehensibilem

2037 4908 2152 4949 esse
2180 4893 2252 4960 ’3,
2287 4899 2429 4948 »etc.
2463 4883 2529 4946 Et
2560 4889 2777 4947 caeteris
2815 4904 2935 4960 quae
2953 4889 3020 4944 de
3039 4905 3102 4944 eo
3129 4893 3433 4961 sequuntur
3461 4889 3691 4960 explici-

2038 4984 2129 5050 tis,
2162 4997 2274 5038 non
2301 4981 2573 5036 minorem
2586 4981 2645 5035 in
2663 4981 2822 5035 tertio
2839 4980 3019 5049 gradu
3039 4977 3292 5035 adhibuit
3314 4978 3689 5050 diligentiam,

2039 5070 2222 5127 dicens
2241 5089 2260 5126 :
2291 5092 2319 5121 ‹‹
2345 5071 2605 5126 Diaconos
2634 5067 2899 5123 similiter
2923 5068 3147 5139 pudicos
3171 5067 3239 5123 ²⁴.
3277 5090 3302 5118 n
3329 5067 3470 5125 Lib.t
3489 5069 3691 5124 adver-

2039 5176 2135 5216 sus
2161 5160 2523 5216 Jovinianum
2557 5158 2777 5213 :Cernis
2811 5157 2986 5227 igitur
3014 5157 3155 5229 quod
3202 5159 3505 5229 cpiscopus,
3536 5173 3694 5228 pres-

2042 5250 2201 5322 byter
2229 5252 2280 5305 et
2305 5250 2571 5305 diaconus
2601 5264 2708 5303 non
2734 5247 2853 5302 ideo
2883 5250 2995 5302 sint
3051 5246 3214 5311 beati,
3247 5250 3380 5318 quia
3417 5245 3690 5318 episcopi,

2039 5340 2122 5396 vel
2167 5340 2478 5410 presbyteri
2506 5339 2639 5403 sint,
2672 5345 2768 5392 aut
2797 5336 3055 5404 diaconi;
3102 5335 3197 5392 sed
3226 5339 3277 5392 si
3307 5337 3532 5392 virtutes
3587 5337 3692 5392 ha-

2042 5429 2263 5484 buerint
2300 5430 2593 5484 nominum
2621 5443 2846 5483 suorum
2894 5435 2945 5481 et
2992 5427 3319 5496 ofﬁciorum.
3379 5427 3602 5497 Alioqui
3641 5429 3693 5483 si

2044 5518 2314 5574 diaconus
2340 5517 2586 5574 sanctior
2604 5517 2847 5588 episcOpo
2875 5529 2975 5569 suo
3003 5515 3195 5584 fuerit,
3227 5531 3338 5572 non
3358 5531 3429 5571 ex
3456 5531 3518 5571 eo
3548 5516 3691 5587 quod

352 5690 400 5727 ιθ
430 5691 592 5748 Prov.
625 5706 682 5759 x,
719 5691 768 5749 1.
845 5690 892 5726 ²⁰
921 5694 1048 5746 Lev.
1085 5704 1174 5762 xx,
1205 5688 1259 5748 9.
1337 5689 1380 5725 ²¹
1411 5687 1581 5746 Hebr.
1613 5704 1735 5761 xui,
1769 5690 1856 5747 17.

2056 5690 2209 5749 Tim.
2236 5705 2326 5760 ιιι,
2349 5690 2400 5747 1.
2477 5689 2522 5726 ³³
2551 5688 2722 5760 Ibid.,
2753 5688 2808 5747 2.
2885 5686 2932 5722 ³⁸
2957 5686 3130 5757 Ibid.,
3158 5688 3213 5742 8.
