3990 6136
266 355 380 418 253

1023 361 1080 422 J.
1129 358 1556 424 PEAHSONII
1601 356 1963 423 VlNDlCIZE
2009 365 2496 430 IGNATIANE.
2547 406 2620 418 —
2662 372 2873 435 PARS
2920 375 2970 435 Ι.

3579 372 3700 436 254

270 495 506 564 inferior
533 491 717 563 gradu
749 500 854 561 est,
882 494 1032 566 apud
1060 494 1337 551 Christum
1369 495 1609 553 deterior
1637 499 1778 566 erit;
1836 505 1935 552 aut
1964 503 2020 567 Α
2052 500 2311 568 dogmate
2342 506 2586 562 maxime
2616 507 2998 564 abhorrentia.
3044 508 3295 578 Denique
3329 507 3474 564 hanc
3514 509 3697 579 ipsam

272 583 582 653 Stephanus
612 585 909 649 diaconus,
939 587 1034 657 qui
1073 587 1288 657 primus
1338 589 1609 658 martyrio
1657 596 1944 643 coronatus

276 677 375 740 est,
403 677 600 730 minor
629 679 860 746 futurus
886 685 971 732 est
1003 678 1059 731 in
1094 692 1259 747 regno
1285 677 1546 733 caelorum
1596 677 1788 732 multis
1818 677 1940 749 epi-

277 766 480 835 scopis,
516 769 568 820 et
600 765 879 821 Timotheo
909 781 972 821 ac
1036 766 1167 836 Tito,
1222 783 1352 837 quos
1403 771 1461 822 ut
1510 766 1778 839 subjicere
1828 782 1939 820 non

279 855 476 923 audeo,
511 856 596 910 ita
625 872 724 911 nec
778 861 1130 928 anteponere.
1183 859 1336 914 Idem
1395 859 1784 929 episcOpatum
1816 866 1939 914 tan-

277 960 451 1015 quam
488 961 778 1000 summum
811 945 873 1002 in
905 945 1156 1003 Ecclesia
1186 949 1444 1003 ordinem
1499 949 1736 1003 maximi
1785 948 1936 1016 facit,

275 1035 549 1106 episcopo
581 1037 948 1092 commissam
998 1053 1128 1092 esse
1174 1037 1486 1094 Ecclesiam
1536 1039 1718 1102 docet,
1775 1038 1940 1108 eique

272 1124 662 1195 principatum
709 1125 984 1181 attribuit.
1040 1125 1287 1196 Epistola
1334 1127 1499 1184 tertia
1550 1129 1616 1183 ad
1670 1127 1936 1198 Nepotia-

272 1229 414 1270 num
448 1231 460 1268 :
495 1215 645 1270 Sciat
701 1214 1002 1286 episc0pus,
1064 1215 1158 1271 cui
1211 1220 1495 1273 commissa
1541 1225 1618 1273 est
1673 1217 1936 1282 Ecclesia,

271 1320 440 1375 quem
495 1303 907 1374 dispensationi
955 1321 1268 1376 pauperum
1331 1321 1586 1379 curaque
1638 1309 1933 1379 praeficiat.

268 1393 533 1464 Epistola
564 1395 631 1449 ad
665 1393 1071 1463 Theophilum,
1104 1395 1172 1450 de
1206 1395 1430 1452 Joanne
1450 1398 1714 1466 episcopo
1743 1398 1934 1454 Hiero-

269 1483 656 1555 solymitano:
689 1487 828 1551 Aut,
861 1483 1022 1554 quasi
1062 1485 1334 1554 pontifex,
1384 1489 1595 1542 cunctis
1643 1488 1935 1558 aqualiter

269 1574 517 1642 imperet
548 1589 562 1639 ;
590 1576 708 1638 aut,
737 1572 898 1644 quasi
925 1574 1178 1629 imitator
1226 1574 1490 1645 Apostoli,
1541 1575 1930 1633 universorum

267 1662 448 1716 saluti
475 1678 548 1717 ea:
575 1677 738 1732 aquo
766 1663 990 1717 serviat.
1023 1663 1444 1719 Commentario
1467 1665 1524 1720 in
1547 1666 1770 1735 Isaiam,
1805 1683 1928 1737 cap.

269 1768 374 1806 u:
404 1775 433 1802 ‹‹
469 1755 705 1818 Ponam,
732 1751 940 1822 inquit,
960 1751 1239 1823 principes
1264 1761 1381 1809 tuos
1404 1755 1464 1809 in
1492 1769 1698 1826 pacem,
1733 1764 1785 1811 et
1813 1757 1930 1827 epi-

263 1857 457 1912 scopas
478 1850 598 1896 tuos
621 1841 679 1896 in
703 1840 988 1910 justitiam
1011 1841 1089 1902 '3;
1110 1860 1135 1892 ιν
1166 1843 1227 1897 in
1259 1858 1362 1912 quo
1387 1843 1697 1911 Scriptura
1721 1849 1921 1899 sanctae
1951 1871 2000 1938 Β

259 1931 616 1985 admiranda
645 1931 920 2000 majestas,
971 1930 1111 2002 quod
1155 1930 1431 2003 principes
1478 1934 1694 2002 futuros
1744 1933 1924 1988 Eccle-

254 2025 359 2076 sia
391 2024 676 2093 episcOpos
705 2021 1031 2078 nominavit.
1061 2023 1125 2077 In
1169 2023 1433 2093 Catalogo
1457 2022 1801 2093 scriptorum
1834 2039 1932 2080 ec-

259 2110 764 2166 clesiasticorum:
799 2111 1162 2182 Polycarpus,
1214 2113 1452 2168 Joannis
1482 2111 1722 2182 apostoli
1770 2113 1932 2168 disci-

252 2203 454 2272 pulus,
495 2209 550 2255 et
577 2201 644 2255 ab
675 2216 735 2257 eo
767 2200 1025 2271 Smyrna
1062 2202 1344 2272 episcopus
1393 2201 1712 2270 ordinatus,
1766 2205 1931 2258 totius

257 2295 417 2347 Asia
445 2289 705 2361 princeps
733 2290 866 2359 fuit,
891 2291 1315 2346 Commentario
1347 2291 1405 2345 in
1439 2292 1638 2346 Isaiam
1669 2307 1794 2361 cap.
1826 2309 1924 2348 In:

257 2380 366 2435 Sed
397 2384 453 2434 et
483 2379 556 2434 ad
581 2387 797 2434 nostros
823 2379 1108 2449 principes
1137 2381 1346 2450 referri
1369 2383 1564 2450 potest,
1607 2380 1658 2435 si
1687 2385 1930 2436 atterunt

257 2471 573 2539 subjectum
601 2469 708 2524 sibi
736 2469 966 2537 plebem,
997 2471 1048 2523 et
1075 2485 1351 2539 pauperes
1398 2469 1774 2540 delinquentes
1819 2487 1926 2542 pu-

261 2559 404 2614 blice
437 2562 683 2626 arguant
713 2564 878 2629 atque
907 2561 1276 2626 confundant,
1309 2558 1570 2614 divitibus
1597 2565 1774 2615 autem
1805 2577 1924 2615 ma-

247 2647 382 2721 jora
415 2647 772 2716 peccantibus
803 2663 871 2702 ne
917 2654 1116 2701 nutum
1163 2647 1388 2718 quidem
1426 2649 1614 2718 facere
1666 2649 1922 2714 audeant,

260 2746 370 2794 etc.
410 2738 474 2792 Et
514 2753 622 2809 cap
653 2754 665 2793 :
700 2754 771 2794 v:
804 2739 1110 2793 Abutamur
1138 2737 1240 2792 hoc
1268 2740 1584 2804 tesrimonio
1633 2740 1924 2795 adversum

253 2829 539 2898 principes
574 2827 856 2893 Ecclesia,
887 2825 984 2898 qui
1026 2825 1089 2881 de
1142 2842 1300 2881 mane
1348 2831 1681 2897 consurgunt
1727 2828 1798 2883 ad
1839 2844 1921 2884 se-

259 2917 520 2971 ctandam
552 2918 809 2982 siceram,
843 2921 892 2971 et
944 2915 1237 2971 bibendum
1284 2932 1454 2989 usque
1501 2917 1570 2972 ad
1617 2933 1920 2988 vesperam,

255 3013 365 3060 etc.
400 3004 831 3060 Commentario
861 3005 918 3059 in
950 3005 1145 3060 Titum
1178 3021 1303 3074 cap.
1338 3021 1392 3061 ιε
1429 3006 1545 3060 Νοη
1593 3009 1738 3060 enim
1789 3007 1921 3077 Apo-

261 3095 436 3150 stolus
469 3095 718 3149 Ecclesiae
745 3094 1056 3165 principem
1084 3096 1332 3164 formans
1361 3099 1508 3150 vetat
1537 3111 1646 3150 esse
1669 3094 1918 3166 pugilem

263 3188 310 3237 et
341 3183 798 3254 pancratiasten;
837 3199 959 3253 quae
993 3192 1183 3253 postea
1214 3183 1456 3254 explicat
1512 3182 1611 3239 lib.
1647 3200 1665 3239 ι
1718 3187 1917 3241 adver-

260 3289 358 3328 sus
385 3273 976 3344 Jovinianum,Neque
1005 3275 1151 3328 enim
1179 3273 1423 3345 pugilem
1445 3273 1708 3329 describit
1735 3291 1910 3330 sermo

257 3362 611 3433 apostolicus,
637 3361 731 3418 sed
772 3362 1091 3433 pontiﬁcem
1137 3365 1400 3418 instituit.
1450 3363 1625 3432 Epist.
1656 3363 1725 3417 3:
1761 3364 1912 3418 Pru-

258 3452 559 3523 denterque
590 3453 839 3508 Ennius:
875 3474 902 3502 ‹‹
929 3453 1106 3521 Plebs,
1139 3452 1342 3525 inquit,
1377 3454 1436 3508 in
1470 3452 1567 3508 hoc
1596 3454 1713 3524 regi
1753 3462 1912 3509 antev

259 3551 367 3597 stat
396 3543 512 3598 loco
532 3560 553 3603 ;
601 3541 727 3598 licet
785 3543 1092 3614 lacrymare
1140 3541 1316 3612 plebi,
1362 3542 1480 3613 regi
1526 3543 1746 3598 honeste
1800 3559 1909 3599 non

255 3630 407 3686 licet.
443 3654 474 3682 ››
510 3633 570 3688 Ut
601 3633 745 3700 regi,
778 3633 858 3686 sic
908 3632 1155 3702 episcopo
1179 3647 1201 3692 ;
1251 3632 1358 3686 imo
1402 3633 1587 3686 minus
1638 3634 1909 3703 episcopo,

253 3737 433 3792 quam
453 3722 592 3792 regi.
616 3723 747 3786 Qua
770 3737 900 3776 cum
925 3721 1270 3789 Hieronymo
1291 3721 1430 3777 adeo
1456 3721 1569 3776 sint
1588 3721 1909 3789 familiaria,

253 3811 428 3866 etiam
462 3810 563 3865 illa
593 3825 716 3882 quae
745 3811 806 3865 in
856 3810 1142 3881 psalmum
1191 3827 1321 3865 erv
1358 3809 1462 3866 sub
1501 3810 1628 3881 ejus
1675 3813 1909 3868 nomine

248 3898 498 3969 legimus
524 3899 923 3969 praetereunda
949 3915 1062 3955 non
1085 3899 1355 3956 videntur
1379 3915 1390 3954 :
1417 3898 1713 3954 Constituit
1745 3900 1907 3955 Chri-

246 3993 365 4042 stus
417 3996 636 4043 sanctos
693 4003 820 4044 suos
851 4004 1015 4059 super
1049 4005 1236 4044 omnes
1280 3989 1528 4060 populos.
1577 3991 1640 4044 In
1682 3991 1909 4044 nomine

244 4081 396 4135 enim
429 4082 532 4134 Dei
560 4079 868 4134 dilatatam
901 4083 980 4134 est
1011 4079 1379 4149 Evangelium
1407 4083 1465 4134 in
1496 4080 1748 4136 omnibus
1777 4081 1906 4151 ﬁni-

249 4173 347 4225 bus
377 4169 598 4236 mundi,
632 4167 692 4223 in
719 4171 916 4239 quibus
942 4169 1222 4241 principes
1253 4170 1529 4236 Ecclesia,
1560 4169 1617 4224 id
1661 4180 1745 4225 est
1794 4171 1906 4242 epi-

243 4262 396 4331 scopi
424 4261 711 4315 constituti
737 4265 888 4314 sunt.
923 4259 1195 4315 Praeterea
1229 4260 1604 4328 Hieronymus
1657 4260 1902 4315 necessi-

247 4357 418 4404 tatem
457 4349 660 4404 horum
691 4349 971 4420 graduum
1004 4348 1062 4403 in
1096 4348 1370 4414 Ecclesia,
1403 4355 1456 4404 et
1507 4348 1734 4420 quidem
1782 4349 1904 4418 epi-

246 4441 535 4508 scopatus,
559 4452 675 4492 non
701 4437 890 4492 minus
913 4452 1078 4506 quam
1116 4436 1368 4506 Ignatius
1401 4443 1606 4492 tuetur.
1638 4437 1718 4492 Ita
1749 4438 1901 4492 enim

242 4527 338 4583 ille
369 4527 431 4582 in
485 4525 717 4596 Dialogo
757 4527 1025 4582 adversus
1069 4525 1453 4582 Luciferianos
1479 4543 1492 4581 :
1522 4527 1760 4582 Ecclesia
1791 4543 1901 4581 non

2053 591 2316 647 ordinum
2376 595 2800 652 distinctionem
2859 614 2893 652 a
2949 596 3294 666 temporibus
3350 599 3702 669 apostolicis,

2051 680 2166 736 imo
2182 681 2252 737 ab
2286 683 2423 752 ipsis
2463 686 2734 754 apostolis
2767 687 3000 742 arcessit
3041 687 3433 756 Hieronymus.
3481 687 3547 742 In
3581 688 3702 757 ipsa

2052 770 2204 824 enim
2252 772 2320 826 ad
2356 773 2655 844 Evagrium
2688 775 2946 844 epistola,
2978 790 3144 843 quam
3177 775 3480 830 adversarii
3515 784 3700 831 tanto-

2051 873 2185 929 pere
2214 859 2546 930 sollicitanl,
2581 863 2700 919 haec
2736 863 2938 919 habet:
2993 865 3054 920 Ut
3091 863 3332 918 sciamus
3379 864 3701 920 traditiones

2050 949 2384 1018 apostolicus
2437 961 2679 1022 sumptas
2733 952 2798 1008 de
2861 953 3037 1008 Veteri
3122 954 3478 1018 Testamento,
3557 955 3698 1026 quod

2048 1037 2230 1091 Aaron
2264 1047 2312 1093 et
2338 1038 2448 1108 ﬁlii
2503 1043 2619 1112 ejus
2662 1046 2824 1112 atque
2867 1042 3046 1098 levita
3094 1045 3150 1096 in
3198 1042 3401 1114 templo
3448 1046 3696 1113 fuerunt,

2050 1125 2146 1181 hoc
2173 1128 2282 1182 sibi
2309 1129 2566 1201 episcopi,
2595 1131 2902 1202 presbyteri
2947 1138 3000 1187 et
3044 1133 3265 1188 diaconi
3310 1132 3586 1188 vindicent
3639 1136 3699 1190 in

2048 1216 2308 1273 Ecclesia.
2338 1220 2438 1275 Ubi
2472 1221 2653 1289 primo
2681 1230 2876 1294 aperta
2897 1222 3186 1278 distinctio
3208 1222 3514 1291 ordinum;
3547 1223 3696 1278 alius

2047 1307 2201 1361 enim
2233 1312 2370 1363 ordo
2399 1311 2660 1374 Aaronis.
2691 1313 2807 1367 sive
2857 1311 3065 1367 summi
3096 1313 3425 1378 sacerdotis,
3469 1312 3565 1382 qui
3598 1329 3699 1382 per

2046 1397 2440 1487 excellentiam
2500 1407 2645 1484 ῘΠΣΠ
2681 1400 2708 1452 ὁ
2740 1399 2936 1474 ἱερεὺς,
2989 1401 3074 1457 vel
3133 1400 3505 1487 etiam‘WNTl
3545 1409 3691 1487 ῙΠΣΠ

2045 1467 2422 1573 murrinam,
2475 1467 2559 1544 vel
2609 1501 2724 1550 r231
2778 1467 2950 1554 nam,
3000 1487 3060 1542 ὅν
3118 1483 3471 1563 ἀναραϐἀχην
3523 1467 3697 1563 sipos-

2043 1572 2388 1648 ακίορεῦουσι·
2452 1576 2703 1648 σημαίνει
2791 1575 2847 1631 δὲ
2933 1575 3213 1654 ἀρχιερέα,
3302 1585 3366 1634 ut
3442 1579 3695 1650 loquilur

2041 1665 2363 1736 Josephus;
2396 1666 2540 1722 alius
2572 1667 2815 1723 tiliorum
2861 1669 3118 1738 Aaronis,
3176 1683 3272 1724 seu
3321 1669 3694 1724 secundariu-

2041 1768 2166 1809 rum
2199 1756 2580 1824 sacerdotum,
2623 1753 2716 1816 οὕς
2772 1754 3002 1829 χαναίας
3047 1754 3300 1822 καλοῦσι,
3352 1758 3694 1826 simpliciter

2043 1852 2240 1910 unus,
2285 1845 2368 1899 vel
2428 1861 2554 1901 cum
2613 1845 2992 1902 diminutione
3050 1854 3304 1912 tamn-tn
3375 1855 3551 1906 nun:
3599 1863 3690 1903 sa-

2039 1933 2290 1989 cerdotes
2346 1933 2558 2002 idiota,
2617 1935 2703 1990 vel
2761 1932 2898 1987 κατὰ
2960 1930 3166 2007 μὲροςς
3223 1935 3367 1990 alius
3446 1936 3692 2006 denique

2039 2022 2330 2078 levitarum
2359 2040 2372 2077 :
2406 2040 2645 2094 quorum
2679 2025 2901 2080 diversa
2930 2024 3123 2080 ofﬁcia
3165 2033 3218 2079 et
3266 2025 3572 2094 dignitates
3631 2027 3692 2081 in

2036 2113 2324 2182 Scriptura
2356 2113 2700 2182 referuntur,
2757 2114 2965 2169 Aaroni
3025 2120 3234 2179 autem,
3295 2130 3394 2169 seu
3466 2130 3690 2171 summo

2037 2202 2314 2258 sacerdoti
2345 2204 2700 2274 episcopum,
2741 2203 3129 2260 sacerdotibus
3174 2203 3524 2258 secundariis
3556 2220 3689 2275 pre~

2035 2292 2536 2362 sbyteros,1evitts
2595 2293 2867 2349 diaconos
2915 2293 2971 2347 in
3033 2291 3286 2349 Ecclesia
3341 2297 3688 2361 respondere

2031 2382 2228 2438 asserit
2256 2383 2656 2452 Hieronymus.
2717 2381 3003 2450 Secundo,
3039 2381 3206 2453 hujus
3253 2381 3515 2438 ordinum
3568 2380 3688 2436 dis-

2034 2471 2329 2528 tinctionis
2358 2472 2757 2544 antiquitatem
2787 2472 3292 2541 auctoritatemque
3316 2471 3592 2542 depingit,
3617 2488 3684 2525 ex

2031 2559 2344 2630 apostolica
2375 2561 2529 2616 enim
2564 2561 2868 2616 traditione
2916 2569 3106 2616 natam
3159 2563 3228 2615 ad
3280 2577 3379 2615 sua
3430 2565 3686 2630 tempora

2031 2649 2336 2704 derivatum
2383 2651 2564 2705 docet.
2618 2650 2948 2704 Blondellus
2998 2650 3056 2705 in
3103 2649 3373 2720 Apologia
3425 2652 3493 2704 ad
3567 2650 3688 2706 hac

2028 2737 2247 2793 nullam
2309 2738 2763 2794 observationem
2821 2738 3075 2805 adhibet,
3133 2737 3570 2794 elucidalioncm
3625 2741 3685 2795 in

2029 2836 2188 2884 sexta
2217 2827 2370 2882 illius
2400 2828 2587 2897 cperis
2617 2827 2864 2884 sectione
2897 2827 3193 2897 promittit,
3227 2842 3356 2882 cum
3407 2835 3516 2884 tres
3567 2838 3682 2883 tan-

2021 2925 2145 2972 tum
2183 2917 2462 2974 sectiones
2492 2917 2746 2974 ediderit.
2783 2917 2888 2971 Sed
2922 2916 3057 2988 quid
3085 2918 3151 2972 ad
3191 2916 3308 2971 haec
3343 2918 3686 2987 respondere

2027 3007 2290 3077 potuerit,
2333 3007 2468 3062 satis
2519 3006 2856 3077 perSpicitur
2899 3022 2968 3062 ex
3008 3007 3100 3074 iis,
3143 3023 3262 3076 quae
3306 3007 3362 3061 in
3413 3005 3686 3076 Prolego-

2027 3095 2210 3151 menis
2241 3097 2307 3150 ad
2341 3096 2876 3152 Pseudo-Isidorum
2910 3096 3159 3166 scripsit,
3184 3096 3389 3152 misera
3421 3100 3478 3151 et
3533 3096 3679 3152 infc-

2031 3185 2160 3241 licia
2184 3193 2235 3241 et
2265 3185 2495 3242 homine
2528 3185 2611 3241 vel
2644 3187 2810 3242 docto
2841 3184 2926 3240 vel
2960 3185 3136 3255 probo
3167 3201 3400 3257 prorsus
3425 3185 3681 3255 indigna.

2030 3271 2126 3328 Sic
2153 3272 2307 3328 enim
2347 3273 2687 3328 Turrianum
2737 3273 3118 3340 disputantem
3169 3272 3409 3328 inducit.
3459 3272 3521 3328 Si
3569 3272 3688 3344 fuit

2030 3365 2344 3436 differentia
2378 3365 2525 3421 inter
2553 3366 2783 3421 Aaronis
2815 3365 2958 3436 ﬁlios
2990 3369 3042 3420 et
3070 3366 3278 3433 levitas,
3329 3375 3455 3422 sunt
3504 3369 3682 3421 autem

2027 3456 2165 3512 tales
2192 3456 2432 3527 episcopi
2486 3463 2537 3510 et
2578 3456 2912 3527 presbyteri,
2960 3455 3076 3522 fuit
3121 3470 3339 3524 seraper
3397 3454 3680 3512 distinctio

2026 3560 2236 3602 eorum.
2269 3545 2431 3616 Atqui
2476 3560 2665 3600 verum
2714 3546 2890 3614 prius,
2942 3548 3067 3598 teste
3121 3542 3345 3598 Hieron.
3401 3547 3560 3614 epist.
3612 3545 3682 3600 ad

2023 3635 2343 3705 Evagrium.
2368 3636 2506 3689 Tum
2533 3649 2662 3690 vero
2685 3633 3115 3704 responsionem
3149 3648 3308 3687 suam
3344 3633 3636 3703 subjungit
3665 3650 3678 3689 :

2023 3725 2192 3795 Atqui
2219 3739 2327 3778 non
2358 3729 2487 3778 sunt
2519 3724 2654 3778 tales
2680 3721 2921 3794 episcopi
2949 3725 3001 3776 et
3041 3722 3347 3793 presbyteri
3374 3738 3394 3782 ;
3421 3722 3513 3776 sed
3557 3723 3680 3793 epi-

2021 3813 2178 3882 scopi
2223 3811 2308 3883 (in
2363 3811 2562 3883 quibus
2611 3813 2961 3882 Hieronymo,
3014 3813 3124 3866 imo
3173 3811 3414 3882 apostolo
3459 3814 3682 3866 auctore

2017 3901 2333 3972 presbyteri
2360 3903 2734 3972 continentur)
2763 3908 2815 3958 et
2846 3900 3086 3956 diaconi.
3123 3903 3273 3970 Ergo
3303 3900 3528 3968 fallitur
3553 3903 3679 3956 Tur-

2018 4007 2241 4046 rianus.
2270 3990 2505 4047 Duabus
2540 3989 2797 4062 partibus
2833 3991 2951 4046 haec
2985 3990 3278 4060 responsio
3301 3998 3538 4059 constat,
3572 4007 3676 4046 ne-

2018 4080 2200 4152 gativa
2240 4097 2373 4148 una,
2407 4080 2742 4136 allirmativa
2786 4080 2982 4135 altera.
3027 4079 3289 4149 EpiscOpi
3347 4086 3400 4133 et
3447 4078 3676 4149 presby-

2018 4168 2122 4224 teri
2154 4185 2270 4224 non
2302 4175 2432 4224 sunt
2479 4167 2721 4224 Aaronis
2779 4166 2880 4222 lilii
2922 4174 2975 4222 et
3026 4166 3207 4222 levita
3241 4184 3259 4220 :
3310 4165 3429 4222 hac
3469 4167 3670 4237 prima.

2016 4257 2281 4328 Episc0pi
2313 4265 2364 4312 et
2395 4256 2619 4313 diaconi
2651 4264 2780 4312 sunt
2813 4255 3048 4310 Aaronis
3077 4255 3179 4310 ﬁlii
3211 4261 3264 4311 et
3310 4254 3512 4321 levitas,
3549 4255 3669 4309 haec

2016 4347 2284 4402 secunda.
2316 4347 2420 4402 Sed
2469 4345 2601 4416 quid
2655 4345 2795 4410 haec,
2845 4344 3073 4412 amabo,
3131 4345 3200 4399 ad
3250 4343 3419 4401 verba
3473 4344 3666 4400 Hiero-

2014 4436 2173 4504 nymi
2201 4435 2230 4489 ‘t
2261 4439 2349 4490 An
2383 4435 2703 4490 Turrianus
2733 4435 2871 4489 adeo
2903 4433 3190 4502 insanivit,
3225 4440 3284 4489 ut
3305 4433 3517 4490 diceret
3541 4433 3668 4506 api-

2014 4542 2214 4598 scapos
2262 4530 2317 4581 et
2373 4525 2731 4598 presbyteros
2791 4525 2928 4582 tales
2985 4542 3130 4594 esse,
3188 4525 3381 4596 quales
3436 4526 3670 4581 fuerunt

242 4626 337 4681 est,
369 4631 493 4687 qua
523 4630 637 4670 non
665 4615 824 4670 habet
862 4615 1187 4671 sacerdotes.
1226 4617 1379 4680 Quos
1418 4623 1607 4671 autem
1662 4614 1900 4672 voluerit
1930 4609 1976 4674 D
2009 4615 2247 4671 Aaronis
2277 4614 2381 4670 ﬁlii
2410 4618 2467 4670 et
2497 4615 2678 4670 levitas
2706 4615 2734 4669 ‘t
2773 4615 3011 4670 minime
3039 4631 3190 4670 vero.
3227 4613 3330 4669 Ille
3363 4615 3661 4670 nobiscum

242 4709 589 4769 sacerdotes,
620 4705 741 4774 ipse
774 4705 908 4759 satis
937 4704 1173 4771 indicat,
1224 4706 1293 4759 de
1355 4704 1567 4761 Hilario
1607 4704 1850 4773 loquens
1883 4722 1896 4760 :

244 4794 534 4866 EpiscOpos
563 4801 619 4849 et
647 4797 1002 4865 presbyteros
1041 4810 1150 4850 non
1199 4795 1468 4856 habente;
1517 4795 1786 4865 idemque
1832 4811 1900 4850 ex

243 4884 426 4939 verbis
460 4883 832 4954 sequentibus
860 4892 1111 4954 apparet.
1145 4884 1270 4953 Sed,
1313 4885 1532 4940 omissis
1576 4885 1766 4955 paucis
1812 4885 1900 4941 ho-

243 4973 509 5039 minibus,
541 4975 638 5043 qui
667 4973 775 5043 ipsi
801 4972 910 5028 sibi
937 4981 987 5028 et
1033 4974 1170 5028 laici
1216 4983 1342 5028 sunt
1391 4978 1443 5029 et
1487 4975 1747 5045 episcopi,
1797 4991 1896 5029 au-

241 5064 417 5118 sculta
441 5062 577 5134 quid
597 5061 660 5117 de
682 5065 836 5116 omni
865 5062 1102 5117 Ecclesia
1137 5063 1478 5120 sentiendum
1502 5065 1594 5119 sit.
1628 5064 1782 5129 Quod
1829 5079 1894 5119 ex

240 5152 438 5207 eodem
465 5151 613 5206 libro
635 5151 916 5221 imprimis
973 5152 1420 5222 comprobatur:
1467 5152 1718 5207 Ecclesia
1746 5152 1896 5207 salus

238 5242 293 5294 in
334 5243 548 5296 summi
598 5239 901 5295 sacerdotis
939 5241 1212 5312 dignitate
1265 5241 1459 5313 pendet
1488 5258 1509 5303 ;
1552 5243 1644 5297 cui
1690 5241 1740 5297 si
1787 5259 1896 5298 non

239 5345 423 5384 exsors
452 5345 562 5400 qua
576 5329 728 5395 dam,
753 5333 804 5384 et
833 5329 900 5384 ab
926 5329 1240 5386 hominibus
1277 5333 1527 5386 eminens
1556 5331 1716 5387 detur
1742 5335 1892 5403 pote‘

237 5429 378 5486 stas,
407 5424 482 5476 tot
510 5419 566 5474 in
599 5419 840 5476 Ecclesia
885 5421 1196 5491 efﬂcientur
1242 5420 1571 5489 schismata,
1622 5426 1751 5492 quot
1797 5439 1890 5478 sa-

236 5509 492 5567 cerdotes.
524 5508 662 5573 Quae
689 5524 828 5580 pura
855 5518 992 5581 puta
1019 5518 1151 5567 sunt
1174 5511 1490 5582 Ignatiana,
1534 5517 1590 5567 et
1627 5511 1698 5567 ab
1745 5512 1892 5568 Aerii

309 5691 355 5727 ³⁵
387 5690 496 5748 Isa.
527 5705 621 5760 ιι,
655 5688 743 5742 17.

2011 4705 2094 4760 sic
2124 4704 2451 4776 disputavit,
2474 4721 2575 4774 pro
2603 4702 2869 4774 Epistolis
2909 4703 3286 4760 decretalibus
3306 4702 3407 4758 lib.
3432 4721 3464 4760 v
3491 4719 3503 4758 :
3539 4704 3665 4757 Hie-

2010 4810 2273 4866 ronymus
2304 4795 2362 4849 in
2395 4793 2639 4865 Epistola
2660 4793 2731 4848 ad
2761 4795 3060 4862 Evagrium
3091 4793 3170 4847 ita
3198 4791 3432 4848 scribit:
3467 4813 3494 4841 «
3515 4791 3666 4858 Quod

2008 4884 2190 4939 Aaron
2220 4887 2273 4938 et
2303 4883 2412 4952 ﬁlii
2439 4883 2580 4951 eius,
2622 4886 2788 4954 atque
2833 4882 3014 4938 levita
3054 4883 3111 4936 in
3160 4882 3359 4952 templo
3409 4883 3662 4951 fuerunt,

2008 4973 2106 5028 hoc
2129 4973 2240 5028 sibi
2277 4971 2538 5044 episcopi,
2589 4971 2898 5042 presbyteri
2941 4975 2992 5025 et
3044 4969 3264 5025 diaconi
3319 4974 3378 5022 in
3422 4969 3661 5023 Ecclesia

2005 5062 2309 5118 vindicent.
2340 5085 2367 5113 α
2395 5063 2528 5131 Quis
2541 5061 2882 5116 autemdicat
2902 5076 3013 5116 non
3032 5061 3211 5132 fuisse
3237 5061 3297 5114 in
3321 5059 3517 5129 templo
3545 5059 3660 5127 dif-

2004 5153 2304 5221 ferentiam
2335 5152 2481 5206 inter
2515 5165 2796 5204 summum
2831 5150 3163 5203 sacerdotem
3192 5147 3401 5213 Aaron,
3432 5153 3486 5202 et
3512 5147 3662 5217 ﬁlios

2005 5241 2122 5310 eius
2165 5240 2406 5294 minores
2446 5237 2743 5293 sacerdotes
2767 5239 2792 5290 ?
2842 5236 2991 5305 Quod
3028 5238 3080 5292 si
3110 5239 3220 5305 fuit
3265 5253 3496 5306 semper,
3550 5239 3662 5308 fuit

2005 5331 2185 5399 igitur
2214 5346 2449 5400 semper,
2480 5336 2706 5384 auctore
2736 5330 3089 5400 Hieronymo,
3129 5328 3445 5400 differentia
3473 5330 3534 5384 in
3565 5330 3664 5384 Ec-

2001 5422 2169 5478 clesia
2196 5421 2346 5476 inter
2377 5419 2658 5491 episcopos
2685 5421 2738 5474 et
2788 5419 3145 5490 presbyteros.
3179 5423 3313 5474 Haec
3343 5425 3475 5476 sunt
3513 5419 3656 5475 Tur-

2001 5511 2149 5567 riani
2182 5509 2376 5577 verba,
2409 5524 2531 5582 quae
2559 5509 2767 5566 misere
2795 5508 3027 5565 detorsit
3069 5509 3419 5579 Blondellus,
3453 5517 3511 5566 ut
3540 5509 3656 5566 illis
