3990 6136
275 372 390 431 255

1314 377 1377 435 S.
1424 376 1832 439 lGNATIUS.
1879 407 1956 420 —-
1997 375 2622 438 PROLEGOMENA.

3567 385 3687 445 25C

276 519 702 590 responsionem
755 520 952 575 saltem
996 521 1242 592 aliquam
1295 539 1570 594 reponere
1618 525 1921 580 videretur.

2040 506 2161 576 lito,
2195 507 2386 575 Caius,
2422 508 2720 583 Dionysius
2747 512 3096 579 Corinthius,
3127 514 3427 585 Dionysius
3448 513 3690 571 Alexan-

278 609 539 678 Disputat
559 609 867 664 Turrianus
890 612 958 665 de
978 613 1199 666 Aarone
1223 627 1320 667 scu
1359 629 1586 669 summo
1617 615 1925 679 sacerdote,

275 706 324 752 et
354 696 484 752 ﬁliis
533 698 656 767 ejus
709 713 806 752 seu
866 699 1185 754 minoribus
1243 703 1675 769 sacerdotibus;
1735 717 1929 758 eorum

279 788 404 841 loco
435 785 726 842 substituit
761 787 1113 855 Blondellus,
1147 789 1206 844 in
1257 797 1593 860 argumento
1641 791 1927 856 Turriani,

281 875 515 930 Aaronis
546 875 697 930 ﬁlios
729 886 780 931 et
833 877 1068 946 levites;
1121 894 1187 935 ac
1241 883 1381 936 tunc
1438 885 1759 950 respondet,
1815 896 1929 936 non

280 981 405 1020 esse
474 967 612 1020 tales
661 969 956 1036 episcopos
1012 977 1066 1022 et
1111 968 1511 1038 presbyteros;
1565 971 1708 1040 quod
1765 986 1930 1026 nemo

281 1069 526 1124 unquam
560 1055 720 1111 dixit.
755 1061 823 1109 At
859 1073 960 1111 nos
991 1058 1249 1125 dicimus,
1297 1062 1608 1115 secundum
1661 1061 1929 1128 llierouy-

283 1159 462 1207 mum,
521 1145 850 1214 episcOpum
905 1151 1246 1216 respondere
1291 1151 1523 1214 Aaroni,
1577 1150 1931 1220 presbyteros

277 1233 680 1289 Aaronisliliis
732 1237 1002 1292 diaconos
1063 1237 1266 1298 levitis.
1330 1240 1389 1294 Et
1446 1255 1574 1296 cum
1633 1239 1932 1308 episcOpus

281 1321 566 1378 vindicare
594 1323 867 1379 debt-atin
903 1326 1154 1382 Ecclesia
1186 1328 1240 1382 id
1288 1330 1432 1398 quod
1484 1338 1670 1382 Aaron
1723 1329 1822 1382 fuit
1870 1329 1927 1382 in

282 1413 514 1480 templo,
545 1411 966 1467 distinctionem
1002 1415 1218 1469 ordinis
1247 1430 1514 1478 asserere,
1552 1415 1931 1484 preeminen—

281 1499 415 1554 tiam
499 1501 769 1567 tignitatis
827 1517 1140 1568 assumere,
1191 1503 1602 1575 subjectionem
1637 1519 1672 1558 a
1703 1501 1929 1572 presby-

281 1591 414 1643 teris
474 1591 760 1659 postulare
817 1606 882 1646 ex
938 1591 1246 1660 apostolica
1317 1593 1622 1647 traditione
1689 1598 1931 1648 tenetur.

280 1678 434 1733 Alibi
467 1684 721 1734 eamdem
755 1681 1235 1748 comparationem
1263 1680 1500 1735 instituit
1530 1683 1930 1750 Hieronymus,

284 1765 447 1820 nulla
507 1767 802 1822 levitarum
857 1775 952 1822 aut
995 1768 1362 1824 diaconorum
1425 1769 1569 1824 facta
1619 1769 1930 1832 mentione,

283 1854 464 1942 Epist.
500 1857 566 1909 ad
603 1854 1002 1926 Nepotianum,
1063 1857 1216 1924 Quod
1272 1861 1454 1913 Aaron
1499 1861 1548 1912 et
1594 1857 1737 1928 ﬁlios
1784 1857 1926 1928 ejus,
1958 1875 2007 1942 Β

282 1941 380 1996 Ιιοε
409 1945 744 2013 episcopum,
777 1947 831 1998 et
885 1944 1226 2017 presbyteros
1273 1961 1386 2001 esse
1432 1945 1770 2002 noverimus.
1825 1945 1932 2002 Ubi

279 2032 430 2088 clare
469 2033 765 2102 episcOpus
821 2035 1128 2104 singularis
1183 2051 1406 2091 summo
1457 2035 1753 2102 sacerdoti,
1805 2051 1930 2104 pre-

277 2121 492 2190 sbyteri
553 2121 874 2178 minoribus
922 2124 1308 2180 sacerdotibus
1364 2126 1756 2181 conferuntur.
1814 2127 1932 2181 Hoc

278 2211 624 2284 Hieronymo
655 2213 913 2269 solemne
942 2222 1046 2270 est.
1072 2220 1155 2271 Ita
1176 2214 1300 2284 ipse
1343 2215 1413 2272 de
1443 2215 1628 2282 seipso
1653 2216 1770 2287 jam
1802 2232 1932 2286 pre-

273 2301 501 2370 sbytero
557 2301 721 2372 epist.
781 2303 891 2359 99:
956 2301 1217 2359 Omnium
1272 2320 1412 2376 pene
1469 2304 1677 2372 iudicio
1734 2304 1933 2376 dignus

273 2407 484 2448 summa
513 2392 824 2448 sacerdotio
873 2392 1221 2462 decernebar,
1283 2393 1390 2451 hoc
1446 2402 1529 2450 est
1573 2395 1928 2465 episcopatu.

268 2481 448 2551 Epist.
488 2481 580 2548 6t,
640 2482 913 2537 adversus
969 2482 1252 2538 Joannem
1301 2483 1926 2555 Hierosolymitanum:

274 2569 396 2625 Nisi
429 2586 517 2625 me
547 2569 720 2626 honor
746 2569 1056 2637 sacerdotii,
1089 2581 1140 2628 et
1168 2574 1453 2627 veneratio
1481 2571 1725 2628 nominis
1746 2577 1930 2642 refre-

275 2663 458 2728 naret,
490 2666 545 2714 et
569 2659 767 2714 scirem
796 2659 939 2714 illud
967 2660 1212 2731 Apostoti
1236 2677 1250 2715 :
1283 2681 1313 2710 «
1345 2658 1680 2729 Nesciebam,
1702 2661 1927 2730 fratres,

271 2751 413 2821 quia
442 2750 704 2821 pontifex
731 2754 851 2813 est;
880 2752 1154 2818 scriptum
1183 2758 1262 2807 est
1311 2755 1498 2807 enim:
1532 2750 1798 2824 Principi
1822 2767 1929 2822 po-

264 2839 389 2910 puli
417 2839 504 2894 tui
533 2855 642 2895 non
673 2841 968 2897 maledice:
1003 2841 1141 2910 ¹⁸⁶,››
1162 2856 1271 2912 qua
1295 2840 1696 2912 vociferatione
1713 2848 1764 2897 et
1784 2840 1928 2896 indi-

266 2928 531 3000 gnatione
561 2929 857 2985 verborum
899 2930 963 2985 de
1013 2939 1106 2985 tua
1156 2929 1483 2987 narratione
1530 2933 1926 3001 conquererer!

276 3018 401 3074 licet
439 3020 554 3091 ipse
581 3019 823 3075 nominis
852 3020 938 3074 tui
978 3023 1241 3074 extenues
1289 3018 1635 3090 dignitatem,
1666 3034 1793 3076 cum
1820 3035 1922 3090 pa-

270 3110 410 3162 trem
439 3123 580 3178 pene
611 3107 860 3164 omnium
903 3109 1278 3178 episcoporum
1305 3111 1358 3162 et
1387 3122 1546 3179 opere
1574 3110 1625 3163 et
1670 3122 1924 3164 sermone

271 3195 564 3265 despicias.
598 3198 718 3261 Quo
740 3195 1025 3266 praecipue
1047 3202 1300 3266 spectant
1323 3212 1388 3252 ea
1418 3211 1548 3267 quas
1585 3204 1716 3252 ante
1743 3197 1920 3251 addu-

272 3284 482 3354 ximus,
515 3284 774 3341 Ecelesiw
801 3284 959 3340 salus
989 3287 1050 3340 in
1080 3287 1286 3341 summi
1322 3285 1622 3341 sacerdotis
1652 3285 1925 3358 dignitate

266 3372 486 3444 pendet.
513 3372 651 3429 Cum
684 3373 854 3442 igitur
889 3373 1262 3448 Hieronymus
1291 3375 1361 3431 de
1407 3375 1775 3431 distinctione
1803 3376 1922 3446 epi-

272 3469 536 3533 scopatus
565 3481 596 3518 a
627 3462 1038 3534 presbyteratu,
1073 3465 1143 3520 de
1179 3463 1436 3535 ejusdem
1464 3464 1630 3520 etiam
1664 3465 1922 3534 preemi-

267 3550 461 3606 nentia
487 3559 656 3623 atque
685 3559 979 3623 potestate,
1011 3553 1082 3609 de
1113 3552 1456 3610 necessitate
1497 3567 1664 3624 porro
1694 3559 1748 3609 et
1773 3554 1921 3609 anti-

267 3641 480 3712 quitate
510 3649 623 3698 tam
654 3643 887 3714 copiose
915 3643 1245 3700 disseruerit
1270 3660 1284 3710 ;
1318 3643 1480 3699 nulla
1503 3643 1738 3699 rationis
1795 3660 1921 3715 spe-

263 3731 358 3788 cie
389 3739 484 3787 aut
513 3733 751 3789 Aeriano
781 3732 1032 3804 dogmati
1061 3732 1439 3800 consensisse,
1491 3739 1587 3789 aut
1640 3733 1922 3790 confertas

269 3821 475 3892 Ignatii
515 3822 825 3879 sententias
857 3821 1098 3878 minime
1127 3821 1338 3879 vidisse
1367 3822 1551 3894 putari
1585 3829 1784 3893 potest.

345 3911 692 3983 Hieronymo
722 3912 1106 3982 Epiphanium
1147 3911 1291 3968 mire
1336 3911 1654 3983 conjungit,
1703 3927 1770 3968 ex
1811 3927 1921 3984 quo

273 4001 386 4055 duo
415 4001 775 4071 potissimum
803 4001 1081 4068 observat,
1115 4000 1321 4071 primo,
1344 4017 1473 4058 eum
1499 4002 1920 4072 Ignatianorum

271 4105 390 4146 non
422 4090 796 4159 meminisse;
848 4091 1120 4158 secundo,
1177 4089 1430 4161 quasdam
1481 4090 1734 4161 posuisse
1788 4105 1919 4147 cum

270 4179 576 4252 Ignatianis
607 4178 965 4249 apertissime
995 4179 1324 4250 pugnantia.
1362 4179 1591 4250 Propter
1639 4179 1760 4237 haec
1807 4181 1919 4237 duo

267 4283 445 4324 unum
477 4285 543 4325 ex
577 4268 757 4324 tribus
797 4269 955 4340 sequi
984 4270 1082 4336 ait,
1123 4270 1210 4326 vel
1260 4269 1648 4342 Epiphanium
1695 4277 1923 4328 senten-

268 4357 377 4411 tias
405 4357 475 4411 de
503 4357 832 4427 episcopatu
864 4373 981 4414 non
1009 4359 1236 4424 vidisse,
1289 4367 1482 4429 utpote
1518 4359 1589 4416 ab
1618 4360 1922 4432 interpola-

273 4453 392 4502 tore
420 4453 611 4516 postea
655 4445 932 4518 insertas;
994 4447 1081 4504 vel
1129 4447 1398 4520 epistolas
1441 4449 1786 4519 nescivisse;
1829 4450 1918 4508 vel

269 4541 539 4607 tanquam
597 4535 757 4593 ﬁctas
813 4538 1222 4609 contempsisse
1268 4554 1284 4606 ;
1343 4538 1492 4609 quod
1554 4539 1916 4596 verisimilius

2038 598 2258 658 drinus.
2317 597 2614 668 Philippus
2672 599 2969 671 episcOpus
3028 605 3334 667 Cretensis,
3396 603 3688 674 Musanus,

2042 687 2343 752 Molestus,
2379 687 2639 753 Rhodon,
2663 689 2966 756 Miltiades,
2998 691 3358 762 Apollonius,
3391 693 3690 764 Serapion,

2038 775 2388 843 Theophilus
2410 777 2792 845 Caesariensis,
2825 787 2927 835 etc.
2973 783 3043 835 Hi
3070 782 3281 850 altique
3315 798 3451 837 sane
3485 799 3682 852 quam-

2039 865 2272 936 plurimi
2307 868 2483 922 multa
2511 868 2576 922 ad
2629 877 3022 935 argumentum
3077 871 3379 940 Epiphanii
3426 881 3689 941 Opportu-

2041 957 2276 1012 nissima
2307 959 2606 1026 scripsere,
2665 973 2904 1027 quorum
2959 961 3172 1014 nullius
3229 961 3327 1016 illc
3382 964 3685 1031 meminit;

2041 1061 2208 1100 nemo
2241 1053 2428 1100 tamen
2459 1061 2586 1100 eum
2616 1044 2717 1100 hos
2738 1062 2956 1114 omnes,
3003 1047 3254 1115 aliosque
3288 1064 3426 1115 quos
3459 1058 3682 1115 praeter-

2042 1137 2127 1200 iit,
2163 1142 2258 1188 aut
2309 1134 2619 1202 iguorasse,
2677 1143 2771 1189 aut
2827 1146 3232 1206 contempsisse
3277 1138 3447 1192 dicet.
3497 1141 3687 1194 Memi-

2042 1225 2126 1280 nit
2188 1225 2415 1294 quidem
2487 1224 2850 1292 epistolatum
2908 1226 3214 1281 Clementis
3270 1229 3527 1296 ttomani,
3587 1230 3682 1283 sed

2039 1314 2219 1369 obiter
2251 1321 2492 1380 tantum,
2529 1329 2640 1368 non
2676 1326 2733 1368 ut
2783 1314 2954 1368 ullam
3008 1331 3075 1370 ex
3122 1317 3190 1370 iis
3238 1320 3582 1372 sententiam
3614 1317 3682 1372 ad

2045 1404 2301 1460 haeresim
2333 1403 2579 1472 aliquam
2627 1404 2994 1459 refellendam
3047 1405 3465 1474 transcribcrct,
3497 1408 3591 1462 sed
3627 1414 3686 1462 ut

2040 1499 2413 1550 adutteralum
2446 1493 2516 1548 ab
2552 1493 2829 1549 biereticis
2860 1494 3033 1550 fuisse
3062 1493 3264 1549 librum
3299 1495 3460 1550 illum
3493 1505 3682 1552 osten-

2041 1584 2216 1649 deret,
2250 1584 2344 1652 qui
2393 1582 2498 1638 sub
2574 1583 2880 1638 Clementis
2924 1584 3158 1640 nomine
3212 1585 3478 1641 Periodus
3537 1587 3690 1642 Petri

2041 1671 2363 1729 vocabatur.
2395 1671 2578 1727 Verba
2607 1675 2774 1728 etiam
2808 1675 3060 1743 quaedam
3093 1691 3160 1730 ex
3190 1675 3427 1745 epistola
3473 1677 3541 1730 ad
3592 1679 3693 1732 Co-

2043 1763 2286 1819 rinthios
2317 1763 2470 1827 citat,
2503 1779 2615 1818 non
2657 1768 2855 1818 contra
2887 1762 3201 1832 haereticos,
3233 1764 3329 1820 sed
3377 1771 3594 1820 tantum
3626 1771 3688 1820 ut

2043 1853 2239 1924 probet
2285 1854 2631 1910 Clementem
2682 1851 3064 1923 episcopatum
3116 1853 3297 1922 primo
3343 1852 3689 1924 repudiasse.

2040 1942 2247 1999 Contra
2301 1959 2500 1999 omnes
2553 1943 2844 2000 haereticos
2889 1941 2979 1998 sui
3035 1942 3303 2013 temporis
3388 1943 3692 2014 scripserat

2039 2033 2330 2089 Justinus:
2362 2049 2494 2089 eum
2525 2037 2720 2088 tamen
2751 2032 2924 2088 semel
2984 2038 3203 2088 tantum
3250 2033 3506 2089 nominat
3557 2034 3687 2102 Epi-

2039 2122 2307 2192 phanius,
2348 2138 2455 2178 nec
2494 2122 2554 2177 in
2592 2123 2766 2177 alium
2818 2121 3014 2185 ﬁnem,
3057 2136 3224 2192 quam
3283 2129 3342 2177 ut
3387 2120 3684 2176 Tatianum

2041 2210 2369 2268 haarclicum
2418 2211 2502 2266 illi
2561 2211 2949 2283 synchronum
3003 2209 3175 2266 fuisse
3231 2213 3516 2266 ostendat.
3575 2210 3692 2266 Ire-

2038 2317 2223 2357 naeum
2257 2301 2554 2372 aliquoties
2613 2301 2765 2371 citat,
2827 2309 2886 2356 ut
2934 2299 3113 2356 labori
3157 2316 3258 2356 suo
3312 2307 3586 2371 parceret,
3637 2305 3695 2355 et

2041 2391 2435 2447 haereticorum
2470 2389 2764 2446 historiam
2797 2405 2861 2445 cx
2890 2389 2990 2446 illo
3012 2390 3409 2446 transcriberet
3439 2407 3452 2446 :
3484 2395 3540 2445 at
3561 2406 3687 2445 sen-

2041 2480 2243 2538 tentias
2264 2479 2483 2550 aliquas
2515 2495 2581 2536 ex
2625 2480 2823 2536 eodem
2871 2480 2938 2535 ad
2984 2479 3374 2536 hereticorum
3423 2481 3689 2550 dogmata

2037 2569 2391 2627 confutanda
2417 2585 2712 2640 nunquam
2736 2569 2980 2625 adducit.
3016 2570 3158 2634 Imo,
3211 2577 3270 2624 ut
3321 2569 3446 2640 ipse
3494 2569 3689 2625 obser-

2035 2663 2149 2727 vat,
2184 2661 2431 2715 lrenmus
2461 2659 2644 2729 primo
2695 2659 2838 2714 libro
2887 2657 3181 2715 haereticos
3233 2663 3510 2729 recenset,
3553 2658 3689 2713 roli-

2036 2747 2163 2816 quis
2190 2746 2428 2802 refutat:
2462 2742 2730 2817 ἀκρότατα
2775 2741 2832 2799 δὲ
2889 2743 3086 2806 αὖτόὺς
3141 2743 3193 2800 ἐν
3250 2748 3331 2815 τῷ
3387 2743 3512 2814 ἑξῆς
3567 2742 3690 2798 δευ-

2033 2835 2175 2909 τέρῳ
2205 2833 2369 2888 αὐτοῦ
2399 2831 2554 2908 λόγῳ
2577 2833 2667 2888 καὶ
2713 2839 2830 2896 τοῖς
2873 2831 3071 2897 ἄλλοις
3127 2831 3381 2908 διήλεγξε
3430 2854 3682 2908 περιττο-

2032 2925 2224 3000 τὲρως,
2258 2942 2379 2997 que
2402 2924 2788 2996 negligentius
2807 2943 2839 2981 a
2870 2927 3097 2983 Pelavio
3127 2943 3286 2983 versa
3312 2927 3394 2982 sic
3429 2928 3681 2997 reﬁnge:

2036 3016 2147 3085 Ego
2177 3023 2359 3070 autem
2391 3015 2452 3070 in
2479 3015 2734 3085 proximo
2763 3031 2858 3071 seu
2904 3022 3138 3071 secundo
3186 3015 3329 3072 libro
3376 3015 3684 3070 accuratis-

2032 3103 2187 3174 sime,
2220 3109 2271 3160 et
2300 3105 2361 3159 in
2391 3104 2630 3176 reliquis
2675 3121 2748 3161 ea:
2795 3105 3270 3177 superabundanti
3316 3106 3606 3172 refutauit.
3639 3104 3685 3158 E

2035 3192 2218 3264 primo
2249 3199 2439 3248 tamen
2472 3192 2641 3261 libro,
2673 3201 2864 3264 utpote
2915 3194 3181 3250 historico
3208 3202 3448 3263 tantum,
3482 3209 3682 3250 excer-

2036 3288 2130 3356 pta
2161 3283 2394 3354 protulit
2422 3282 2790 3354 Epiphanius,
2821 3283 2890 3338 ad
2922 3285 3235 3342 secundum
3277 3283 3451 3340 semel
3492 3299 3688 3355 respe-

2034 3372 2132 3443 xit,
2176 3371 2421 3443 reliquos
2460 3388 2754 3444 nunquam
2785 3373 3006 3443 attigit;
3041 3390 3112 3430 ne
3144 3389 3318 3429 unum
3351 3373 3578 3444 quidem
3610 3389 3681 3429 ex

2039 3464 2109 3518 iis
2167 3462 2555 3519 testimonium
2603 3463 2872 3519 adversus
2913 3461 3208 3519 haereticos
3256 3462 3507 3531 adduxit,
3554 3463 3687 3518 Cle-

2033 3559 2282 3609 mentem
2340 3552 2792 3609 Alexandrinum
2831 3559 2885 3608 et
2926 3552 3233 3608 Eusebium
3276 3553 3550 3619 nominat,
3585 3553 3687 3610 sed

2033 3645 2424 3700 tantummodo
2475 3647 2747 3715 tanquam
2806 3643 2918 3699 ﬁde
2971 3643 3173 3714 dignos
3224 3651 3392 3699 testes
3435 3643 3683 3700 historias

2032 3749 2155 3807 quae
2182 3735 2251 3790 de
2281 3733 2337 3789 S.
2369 3731 2578 3789 Jacobo
2609 3735 2890 3788 narratur.

2103 3825 2312 3894 Quidni
2343 3831 2529 3881 autem
2561 3829 2615 3880 et
2671 3823 2731 3880 in
2781 3823 3091 3894 Ignatianis
3146 3839 3303 3894 mque
3360 3823 3413 3880 ei
3463 3820 3680 3893 ἀξιόπι-

2031 3933 2156 3976 στος
2185 3920 2302 3970 erat
2332 3912 2611 3969 Eusebius
2635 3914 2659 3967 Ρ
2683 3911 3035 3968 Clementem
3070 3911 3224 3967 hunc
3265 3912 3433 3968 etiam
3481 3915 3678 3969 adver-

2029 4021 2126 4062 sus
2155 4003 2453 4076 gentilium
2485 4002 2642 4068 deos,
2674 4017 2782 4058 nec
2810 4001 2973 4057 aliter
3002 4001 3159 4058 citat.
3194 4000 3479 4058 Prolixam
3508 4018 3676 4073 porro

2028 4095 2083 4150 S.
2119 4092 2388 4150 Methodii
2439 4091 2881 4162 diSputationem
2913 4090 3144 4147 adducit
3193 4091 3466 4148 adversus
3495 4091 3689 4162 Orige-

2029 4199 2162 4241 nem
2193 4184 2272 4240 De
2303 4183 2726 4246 resurrectione,
2777 4187 2872 4235 aut
2920 4185 2982 4236 ut
3033 4179 3212 4236 labori
3261 4196 3362 4237 suo
3410 4187 3686 4252 parceret.

2027 4277 2128 4328 aut
2159 4279 2220 4328 ut
2245 4271 2516 4328 invidiam
2548 4269 2879 4326 declinaret.
2920 4269 2994 4324 Eo
3023 4268 3174 4324 enim
3197 4273 3440 4342 tempore
3483 4272 3690 4340 Orige-

2026 4364 2119 4418 nis
2146 4377 2346 4418 nomen
2375 4361 2610 4432 ﬂorebat
2643 4361 2699 4414 in
2735 4357 2964 4424 mundo,
2993 4366 3052 4413 ut
3106 4358 3355 4430 loquitur
3403 4360 3680 4430 Hierony-

2029 4468 2178 4508 mus.
2209 4451 2271 4506 S.
2298 4449 2600 4506 Athanasii
2656 4447 2889 4518 quidem
2942 4447 3219 4507 integram
3265 4448 3566 4520 epistolam
3611 4449 3683 4504 ad

2029 4540 2350 4613 Epictetum
2397 4537 2787 4609 transcripsit;
2839 4537 2934 4593 sed
2994 4544 3052 4592 ut
3103 4537 3526 4594 Dimmritarum
3575 4537 3684 4594 hae-

269 4630 447 4696 putat.
483 4625 546 4680 Et
577 4624 760 4695 primo
789 4625 1016 4696 quidem
1071 4627 1266 4695 fateor,
1305 4626 1684 4698 Epiphanium
1718 4629 1920 4700 Ignatii
1951 4611 1997 4678 D
2029 4611 2183 4684 resin
2215 4627 2559 4684 luculentius
2587 4625 2952 4696 describeret,
3004 4625 3289 4696 simulque
3333 4634 3570 4692 caveret,
3605 4643 3678 4684 ne

270 4710 332 4766 in
363 4709 525 4765 libris
555 4715 633 4766 De
661 4709 958 4768 heresibus
975 4726 1268 4783 nunquam
1299 4712 1666 4780 meminisse;
1698 4721 1753 4768 at
1784 4729 1914 4772 eum

268 4815 376 4856 nec
398 4800 689 4870 ignorasse
705 4801 840 4857 inde
870 4800 1256 4872 sequitur,nec
1271 4801 1680 4872 contempsisse
1699 4827 1713 4870 ;
1731 4819 1920 4875 neque

267 4889 313 4945 si
345 4890 710 4961 ignoraverit,
748 4897 826 4946 tot
857 4889 956 4946 illo
987 4905 1105 4946 aevo
1148 4896 1201 4946 et
1248 4890 1462 4961 Optime
1508 4891 1818 4948 scientibus
1867 4904 1921 4950 et

272 4994 496 5036 summe
552 4979 1015 5052 praedicantibus,
1099 4979 1439 5036 sententiam
1506 4988 1757 5039 nostram
1805 4982 1921 5040 ullo

278 5071 447 5126 modo
477 5068 651 5139 leadit,
680 5072 781 5124 aut
810 5067 1070 5139 negantis
1095 5069 1412 5139 argumenti
1463 5071 1712 5139 speciem
1744 5071 1922 5128 ullam

280 5157 467 5214 habet.
501 5157 797 5229 lgnorasse
817 5173 934 5214 non
981 5158 1253 5228 sequitur,
1303 5157 1433 5228 quia
1475 5158 1925 5230 quamplurimos

276 5254 539 5305 auctores
561 5245 980 5303 laudatissimos
1010 5253 1063 5303 et
1103 5246 1170 5303 ad
1205 5261 1322 5302 rem
1354 5261 1516 5302 suam
1537 5251 1927 5306 accommoda-

275 5337 526 5394 tissimos
558 5353 674 5395 non
706 5335 980 5406 laudavit,
1009 5353 1153 5408 quos
1220 5343 1407 5393 tamen
1455 5351 1584 5394 cum
1638 5339 1927 5410 ignorasse

273 5428 581 5486 verisimile
611 5445 728 5486 non
748 5433 861 5487 est.
893 5427 1095 5492 Quales
1122 5427 1277 5484 fuere
1307 5427 1532 5500 Papias,
1559 5429 1923 5502 Hegesippus,

273 5515 649 5590 Theophilus,
693 5519 1103 5590 Athenagoras,
1147 5517 1468 5587 Pantaenus,
1518 5520 1785 5592 Agrippa,
1815 5519 1930 5576 Me.

351 5697 425 5736 ιδ*
452 5700 577 5756 Act.
608 5712 768 5767 xxm,
793 5698 849 5755 5.

2025 4717 2144 4774 illis
2171 4717 2437 4788 dogmata
2463 4715 2733 4786 aﬂingere
2762 4715 2883 4786 ipse
2910 4715 3216 4772 videretur.
3248 4715 3470 4771 Paulini
3501 4718 3675 4771 etiam

2027 4805 2436 4880 professionem
2468 4804 2598 4860 ﬁdei
2657 4803 2940 4876 adjunxit,
3001 4812 3060 4860 ut
3117 4819 3315 4861 eorum
3375 4805 3677 4861 llistoriam

2029 4896 2234 4952 melius
2281 4893 2609 4950 illustraret.
2659 4892 2964 4949 Eusebium
3013 4892 3427 4950 Vercellensem
3455 4909 3515 4950 se
3542 4899 3680 4966 Scy-

2032 4984 2251 5055 thopoli
2281 4983 2487 5040 vidisse
2515 4983 2656 5038 forte
2685 4989 3112 5040 commemorat.
3142 4983 3286 5047 Quid
3331 4982 3452 5054 ipse
3499 4985 3568 5039 de
3611 4983 3683 5040 iis

2033 5075 2129 5146 qui
2167 5081 2299 5129 ante
2327 5087 2454 5129 eum
2480 5079 2678 5130 contra
2728 5072 2969 5129 haereses
3014 5071 3376 5143 scripserant,
3417 5073 3683 5143 senserit,

2033 5163 2125 5220 cui
2155 5162 2280 5218 usui
2311 5168 2501 5218 essent
2523 5159 2636 5216 sibi
2679 5161 2737 5217 in
2785 5177 2956 5234 opere
3005 5177 3106 5218 suo
3154 5162 3474 5227 condendo,
3534 5161 3680 5218 duo-

2034 5251 2140 5306 bus
2169 5249 2530 5321 potissimum
2562 5247 2700 5305 locis
2729 5249 2998 5305 ostendit.
3020 5248 3085 5305 Ut
3117 5247 3319 5306 haeresi
3349 5247 3643 5306 Valentini
3669 5265 3686 5308 :

2033 5338 2303 5414 Ὀρῶντες
2343 5335 2427 5391 ὅτι
2486 5332 2653 5392 ἄλλοι
2702 5337 3060 5408 πεπονήκασι,
3111 5334 3256 5410 φημῖ
3307 5332 3364 5390 δὲ
3414 5332 3687 5410 Κλήμης,

2033 5427 2124 5483 καὶ
2156 5426 2474 5500 Εἴρηναῖος,
2505 5427 2596 5483 καὶ
2628 5425 2974 5496 Ἱππόλυτος,
3003 5425 3094 5481 καὶ
3125 5422 3291 5481 ἄλλοι
3348 5425 3597 5497 πλείους,
3630 5425 3698 5482 οἵ

2037 5518 2126 5574 καὶ
2157 5519 2482 5592 θαυμαστῶς
2542 5519 2642 5587 τὴν
2695 5518 2813 5572 κατ’
2844 5515 3020 5571 αὐτῶν
3078 5515 3401 5587 πεποίηνται
3458 5517 3694 5591 ἀνατρο-
