3990 6136
217 317 312 377 2ὔῖ

939 316 1000 379 ιῐ.
1044 317 1468 380 PEARSONII
1511 317 1889 382 VINDICIJE
1932 315 2406 383 IGNATIANIE.
2452 353 2532 369 -
2573 323 2781 385 PARS
2823 323 2872 386 Ι.

3519 331 3639 391 258

219 451 336 520 πήν,
373 445 437 503 οὗ
463 447 606 504 πάνυ
639 471 694 505 τι
725 450 808 523 τῷ
863 453 1094 524 καμάτῳ
1153 452 1493 527 προσθεῖναι,
1550 450 1625 515 ὡς
1683 453 1872 525 προεῖ-

2003 468 2100 509 ion
2119 457 2339 510 tantum
2373 457 2520 512 Aerii
2557 464 2895 528 argumenta
2926 459 3121 516 leuiter
3143 477 3208 516 ac
3228 462 3389 519 molli
3418 463 3642 520 brachio

222 559 334 609 πον,
385 536 778 613 ἠθελήσαμτν,
833 538 1190 606 ἱκανωθὲντες
1246 545 1367 603 τοῖς
1450 540 1878 617 προειρημένοις

222 628 455 704 ἀνδράσι.
489 630 628 686 Cum
647 631 793 687 alios
831 648 1048 704 quoque
1091 631 1374 688 videamus
1437 631 1586 687 hunc
1637 633 1880 688 laborem

219 723 882 792 suscepisse,Clementem
913 722 1112 793 dico,el
1133 726 1497 790 Irenaeum,“
1521 723 1881 795 Hippolytum

221 812 420 869 etalios
450 813 887 883 complures,qui
911 813 1179 884 praeclare
1210 828 1399 869 eorum
1436 813 1698 883 dogmata
1728 813 1884 883 refu-

222 903 680 968 tarunt,multum
709 901 998 968 laboris,ut
1020 911 1146 958 ante
1165 901 1685 975 dixi,superaddere
1705 902 1884 958 nolui-

225 992 652 1062 mus,praedictis
668 991 817 1047 viris
836 992 1096 1047 contenti.
1108 991 1176 1046 Et
1191 991 1390 1047 haeresi
1413 991 1880 1048 Manicbteorum:

226 1079 365 1151 Ἤδη
402 1079 463 1135 δὲ
492 1078 717 1155 ἀνδράσι
755 1079 1383 1154 μεγάλοιςιθαυμαστῶς
1436 1081 1552 1135 κατ’
1583 1080 1750 1135 αὐτοῦ
1799 1080 1886 1134 ἀν-

229 1170 508 1246 τιρρήσεις
538 1173 638 1224 τοῦ
667 1167 908 1244 ἐλέγχου
941 1171 1289 1240 πεποίηνταιο
1323 1168 1617 1246 Ἀρχελάῳ
1650 1170 1746 1244 μὲν
1803 1172 1884 1240 τῷ

225 1259 528 1331 ἐπισκόπῳ,
561 1259 638 1321 ὡς
669 1259 1018 1334 προείρηται,
1050 1260 1312 1333 Ὠριγὲνει
1375 1256 1453 1328 δὲ,
1514 1259 1589 1320 ὡς
1649 1259 1882 1329 ἀκήκοα,

222 1345 485 1420 Εὗσεῦίῳ
519 1346 577 1403 δὲ
595 1352 675 1418 τῷ
705 1347 1047 1422 Καισαρείας,
1081 1349 1173 1403 καὶ
1213 1344 1460 1422 Εὖσεόίῳ
1497 1353 1576 1420 τῷ
1624 1348 1884 1418 Ἐμέσης,

226 1440 546 1512 Σεραπίωνι
575 1442 655 1509 τῷ
684 1437 971 1510 Θμούεως,
1004 1437 1304 1510 Ἀθανασίῳ
1331 1441 1411 1509 τῷ
1458 1434 1884 1511 Ἀλεξανδρείας.

223 1527 486 1603 Γεωργίῳ
515 1531 598 1600 τῷ
631 1524 976 1596 Λαοδικείας,
999 1525 1409 1603 Ἀπολλιναρίῷ
1437 1530 1516 1598 τῷ
1545 1524 1884 1596 Λαοδικείας,

220 1619 398 1689 Τίτῳ,
428 1616 526 1671 καὶ
555 1614 801 1678 πολλοῖς
833 1619 941 1670 τῶν
969 1617 1086 1670 κατ’
1107 1614 1296 1674 αὔτοῦ.
1331 1611 1502 1672 Οὗδὶν
1533 1611 1590 1669 δὶ
1647 1612 1887 1684 λυπήσει

219 1707 309 1763 καὶ
341 1707 455 1761 ἀπὸ
485 1713 591 1775 τῆς
621 1708 783 1778 ἡμῶν
813 1704 1094 1783 πτωχείας
1127 1702 1292 1780 ὀλίγα
1331 1704 1409 1766 εἷς
1465 1703 1734 1779 αἰσχύνην
1790 1705 1888 1758 τοῦ

221 1795 469 1852 ἒλεεινοῦ
502 1795 796 1869 ἀνθρώπου
838 1793 1032 1850 εἰπεῖν.
1062 1795 1400 1867 Iampridem
1449 1810 1575 1850 vero
1631 1793 1882 1850 admira-

229 1887 363 1944 biles
385 1888 458 1942 ad
487 1887 648 1942 illius
669 1885 994 1956 refutandos
1025 1900 1240 1941 errores
1267 1884 1675 1941 lucubrationes
1732 1885 1890 1940 editae

225 1984 358 2035 sunt
395 1994 410 2032 :
450 1976 598 2032 velut
628 1977 695 2030 ab
724 1975 996 2031 Archelao
1020 1974 1291 2046 episcopo,
1348 1980 1411 2029 ut
1466 1981 1628 2029 antea
1683 1974 1896 2030 dictum

227 2075 328 2132 est,
363 2064 690 2134 0rigene,ut
708 2061 1280 2134 accepimus,Eusebio
1302 2060 1641 2118 Caesareensi
1698 2069 1749 2116 et
1811 2062 1897 2116 al-

231 2166 350 2212 tero
437 2154 719 2218 Emeseno,
795 2151 1093 2222 Serapione
1168 2151 1484 2219 Thmuensi,
1587 2150 1898 2207 Athanasio

236 2242 651 2310 Alexandrino,
687 2240 1248 2313 GeorgioLaodiceno,
1295 2239 1640 2313 Apollinario
1699 2239 1898 2296 Laodi-

227 2350 391 2399 eeno,
429 2332 554 2398 tito,
595 2331 896 2404 multisque
920 2332 1017 2404 qui
1041 2331 1306 2387 adversus
1335 2331 1502 2386 illum
1537 2332 1895 2403 scripserunt.

229 2425 349 2480 Non
382 2423 493 2477 erit
527 2430 717 2476 tamen
746 2421 1062 2488 molestum,
1101 2420 1154 2476 si
1199 2436 1378 2492 pauca
1405 2435 1506 2491 pro
1564 2421 1758 2491 inopia
1798 2435 1900 2475 no-

228 2518 367 2579 stra,
391 2511 470 2566 ad
493 2510 812 2584 augendam
842 2510 1084 2580 infelicis
1140 2509 1526 2566 homuncionis
1579 2510 1900 2579 infamiam,

233 2605 514 2658 dicamus.
543 2602 747 2658 Plures
777 2600 868 2655 bis
914 2602 1222 2671 scriptores
1287 2599 1620 2665 catholicos,
1675 2598 1898 2669 opinor,

231 2709 351 2748 non
387 2691 710 2748 nominavit
747 2689 1105 2761 Epiphanius
1132 2689 1192 2744 in
1237 2689 1400 2745 libris
1456 2689 1529 2745 De
1573 2688 1900 2757 haeresibus,

237 2783 480 2855 prolixis
528 2797 670 2837 sane
723 2789 776 2836 et
828 2780 1164 2849 elaboratis;
1221 2779 1478 2836 inﬁnitos
1533 2779 1702 2851 igitur
1759 2793 1902 2848 pene

239 2871 457 2936 omisit,
489 2877 544 2925 et
566 2886 633 2925 ex
665 2869 778 2924 illis
805 2885 948 2940 quos
975 2869 1316 2938 nominavit,
1347 2885 1421 2925 ne
1453 2883 1626 2925 unam
1673 2868 1902 2938 quidem

238 2963 587 3018 sententiam
618 2961 874 3026 adduxit,
903 2975 1012 3030 qua
1051 2967 1391 3031 argumenta
1449 2975 1550 3015 sua
1606 2957 1906 3014 confirma-

241 3057 348 3120 ret,
381 3057 482 3106 aut
515 3050 766 3106 haeretici
797 3050 1114 3120 cujuepiam
1148 3050 1351 3119 dogma
1385 3047 1687 3105 refelleret.

308 3140 828 3210 Audiamusigitur
857 3140 991 3209 quid
1030 3139 1099 3193 de
1118 3137 1440 3209 Epiphanio
1497 3137 1756 3194 observet
1815 3136 1900 3191 vir

1920 1847 1967 1909 Β

1983 542 2162 611 solvit,
2196 545 2291 599 sed
2325 549 2380 600 et
2420 546 2815 618 imprudenter
2872 565 3100 605 causam
3151 567 3314 607 suam
3374 553 3644 624 prodidit.

1985 630 2193 687 Verum
2225 632 2391 688 aliter
2420 634 2591 704 plane
2621 652 2680 691 se
2709 652 2801 692 res
2833 636 3022 694 habet.
3066 638 3475 710 Distinguenda
3510 651 3643 698 sunt

1987 727 2261 790 tempora,
2297 729 2351 777 et
2383 723 2650 778 Ecclesiae
2689 729 2895 795 status,
2930 728 3076 798 quod
3127 737 3388 785 accurate
3445 731 3640 786 obser-

1986 815 2079 864 vat
2102 809 2474 879 Epiphanius,
2508 818 2562 866 et
2591 813 2784 868 omnia
2815 815 3008 870 statim
3039 815 3208 886 plane
3262 819 3640 887 convenient;

1989 897 2154 952 nulla
2182 899 2333 954 inter
2365 900 2648 970 lgnatium
2708 910 2762 958 et
2821 904 3212 974 Epiphanium
3267 905 3644 963 dissidiivola

1987 985 2076 1042 vel
2108 988 2408 1058 vestigium
2437 990 2756 1061 apparebit.
2789 997 2866 1047 De
2895 997 3066 1049 aetate
3085 998 3140 1048 Β.
3179 994 3331 1050 Pauli
3359 995 3472 1066 agit
3520 997 3645 1068 Epi-

1989 1075 2259 1146 phanius,
2293 1077 2366 1131 de
2395 1093 2496 1133 sua
2527 1079 2801 1149 Ignatius.
2837 1081 2938 1136 Ille
2962 1083 3031 1138 de
3051 1083 3307 1138 ecclesiis
3339 1083 3641 1157 particula-

1991 1164 2147 1220 ribus
2180 1167 2437 1221 nondum
2460 1167 2728 1224 omnibus
2751 1170 3005 1226 numeris
3046 1171 3342 1243 absolutis,
3398 1181 3451 1229 et
3489 1169 3640 1242 πλη-

1993 1253 2222 1326 ρώματα
2279 1253 2596 1328 οἰκονομίας
2654 1259 2843 1316 adhuc
2899 1261 3230 1331 recepturis,
3281 1262 3376 1319 hic
3418 1263 3486 1319 de
3520 1265 3645 1335 jam

1993 1344 2162 1414 plene
2201 1348 2607 1415 constitutis,et
2638 1348 2839 1404 ultima
2887 1351 3270 1420 apostolorum
3329 1368 3502 1408 manu
3561 1353 3642 1408 ef-

1993 1433 2247 1490 formatis
2276 1443 2449 1506 atque
2478 1437 2759 1492 stabilitis.
2794 1440 2876 1494 Ita
2903 1438 3003 1494 ille
3033 1443 3102 1496 de
3132 1442 3292 1497 Aerio
3341 1441 3591 1513 loquitur
3624 1458 3637 1497 :

1994 1521 2108 1579 Οὐκ
2133 1519 2274 1577 οἶδεν
2303 1524 2330 1578 ὁ
2363 1525 2461 1592 τὴν
2490 1523 2817 1581 ἀκολουθίαν
2879 1533 2978 1597 τῆς
3035 1527 3291 1599 ἀληθείας
3343 1529 3644 1606 ἀγνοήσας,

1995 1612 2086 1665 καί
2116 1612 2381 1687 ἱστορίαις
2417 1614 2742 1688 βαθυτάταις
2775 1616 2849 1689 μὴ
2885 1616 3152 1695 ἐντυχὼν,
3193 1618 3277 1672 ’ὁτι
3307 1619 3429 1673 νὲου
3484 1615 3642 1682 ὄντος

1993 1703 2090 1755 τοῦ
2116 1701 2470 1777 κηρύγματος
2500 1704 2637 1777 πρὸς
2667 1705 2734 1758 τὰ
2765 1706 3143 1762 ὑποπίπτοντα
3170 1700 3396 1786 ἔγραφεν
3431 1709 3458 1763 ὁ
3495 1706 3648 1784 ἅγιος

1996 1789 2352 1853 Ἀπόστολος.
2393 1795 2649 1850 Veritatis
2675 1794 2779 1851 ille
2805 1798 2999 1853 seriem
3030 1801 3312 1869 ignorans,
3339 1816 3438 1855 nec
3470 1799 3532 1854 in
3562 1817 3661 1855 re-

1998 1881 2400 1938 conditioribus
2421 1883 2666 1940 historiis
2693 1893 2938 1942 versatus
2965 1903 3074 1944 non
3105 1887 3368 1958 intelligit
3400 1897 3652 1945 sanciunt

1999 1972 2342 2043 Apostolum,
2372 1989 2499 2028 cum
2530 1991 2718 2030 recens
2783 1979 2917 2031 esset
2965 1977 3256 2048 Evangelii
3299 1977 3652 2050 pradicatio,

1998 2077 2098 2133 pro
2127 2079 2189 2116 re
2215 2065 2348 2118 nata
2364 2064 2665 2126 scripsisse.
2696 2063 3017 2133 Scilicet,ut
3049 2067 3270 2124 occasio
3301 2083 3371 2122 ex
3401 2068 3649 2124 circum-

2003 2153 2228 2206 stantiis
2252 2151 2407 2208 iilius
2438 2155 2708 2224 temporis
2739 2171 2798 2210 se
2827 2155 3053 2226 obtulit,
3087 2172 3188 2211 sua
3236 2157 3446 2226 scripta
3509 2165 3652 2213 lem-

2002 2241 2213 2308 peravit
2245 2242 2572 2310 Apostolus.
2599 2242 2662 2298 In
2695 2242 2982 2314 aliquibus
3014 2243 3155 2300 locis
3193 2252 3330 2301 tunc
3383 2245 3657 2315 temporis

2003 2333 2123 2383 erat
2151 2329 2448 2400 episcOpus
2479 2346 2608 2386 cum
2639 2331 2913 2398 diaconis,
2940 2333 3196 2388 nondum
3229 2333 3440 2389 ibidem
3506 2349 3645 2390 con-

2003 2417 2211 2473 stitutis
2242 2418 2603 2491 presbyteris,
2633 2420 2705 2476 ob
2738 2421 3073 2490 paucitatem
3096 2421 3352 2478 ﬁdelium
3379 2441 3392 2491 ;
3420 2423 3479 2478 in
3525 2423 3652 2479 aliis

2005 2509 2168 2562 erant
2197 2506 2509 2578 presbyteri
2539 2521 2670 2562 cum
2699 2507 3240 2574 diaconis,nondum
3264 2509 3472 2565 ibidem
3505 2527 3646 2566 con-

2011 2594 2202 2650 stiluto
2233 2594 2521 2666 cpiscOpo,
2552 2597 2700 2665 quod
2732 2596 3033 2667 quisquam
3092 2615 3157 2652 ea
3215 2598 3512 2654 iunctione
3561 2599 3652 2654 di-

2006 2698 2152 2752 gnus
2181 2683 2370 2739 adhuc
2403 2684 2549 2739 haud
2583 2685 2946 2755 reperiretur.
2980 2689 3113 2741 Haec
3142 2702 3207 2741 ex
3260 2688 3659 2743 reconditiori-

2008 2771 2114 2826 bus
2145 2770 2396 2828 historiis
2429 2773 2691 2828 hauserat
2731 2773 3104 2846 Epiphanius,
3164 2790 3301 2846 quas
3360 2791 3476 2830 non
3516 2791 3654 2831 con-

2009 2864 2262 2932 spexisse
2293 2863 2401 2933 ipsi
2433 2864 2724 2920 videbatur
2754 2866 2968 2920 Acrius.
3024 2860 3209 2934 Οὕτω,
3268 2867 3474 2938 inquit,
3538 2866 3655 2920 κατ’

2010 2949 2178 3006 ἐκεῖνε
2205 2955 2397 3025 καιροῦ
2425 2952 2563 3020 ἦσαν
2592 2952 2645 3006 ol
2692 2953 2875 3021 τόποι,
2932 2953 3020 3008 καὶ
3077 2953 3181 3029 γὰρ
3237 2949 3462 3009 ἕκαστον
3520 2961 3656 3030 πρᾶ-

2007 3061 2120 3117 γμα
2151 3041 2253 3095 οὐκ
2277 3041 2368 3095 ἀπ’
2398 3040 2580 3115 ἀρχῆς
2608 3042 2675 3097 τὰ
2703 3041 2872 3096 πάντα
2901 3039 3084 3117 ἓσχεψ
3119 3040 3266 3097 ἀλλὰ
3321 3039 3648 3118 προϐαίνον-

2007 3153 2102 3194 τος
2122 3137 2219 3187 τοῦ
2252 3133 2458 3211 χρόνου
2487 3135 2553 3187 τὰ
2583 3133 2720 3207 πρὸς
2751 3131 3032 3188 τελείωσιν
3053 3139 3161 3188 τῶν
3196 3138 3398 3214 χρειῶν
3429 3142 3654 3211 ίκατηρ-

235 3231 624 3293 doctissimus,
677 3199 812 3299 quid
874 3199 948 3282 ex
1002 3199 1398 3283 observatione
1453 3227 1702 3296 colligat.
1755 3225 1896 3295 Epi-
1929 3199 1973 3266 (ἶ
2007 3222 2205 3292 τίζετο.
2255 3199 2339 3280 ἦα
2395 3240 2494 3296 per
2548 3199 2693 3281 illud
2749 3234 2960 3296 tempus
3008 3199 3328 3282 istiusmodi
3405 3199 3653 3282 locorum

237 3319 506 3391 phanius,
539 3319 747 3388 inquit,
784 3316 972 3371 nnllus
1017 3317 1446 3385 lgnatianorum
1473 3314 1748 3380 meminit,
1781 3316 1897 3385 qui-

246 3411 342 3465 bus
367 3409 517 3464 nihil
542 3410 602 3462 in
629 3415 751 3463 tota
792 3405 1122 3477 antiquitate
1160 3405 1420 3459 adversus
1470 3405 1625 3459 Aerii
1681 3405 1896 3468 Opinio-

241 3516 370 3554 nem
399 3499 683 3554 disertius.
719 3496 861 3565 Ergo
891 3495 976 3550 vel
1004 3494 1245 3565 epistola
1274 3500 1406 3548 sunt
1434 3499 1621 3564 postea
1649 3493 1896 3562 interpo-

239 3591 394 3656 latae,
425 3586 514 3642 vel
541 3603 633 3640 eas
661 3583 918 3652 nescivit,
954 3581 1042 3639 vel
1071 3583 1411 3654 contempsit.
1465 3583 1621 3639 Nihil
1669 3583 1894 3638 horum.

237 3677 396 3734 Nihil
431 3676 588 3730 enim
622 3691 688 3730 ex
722 3682 837 3729 tota
855 3673 1190 3743 antiquitate
1222 3688 1475 3742 unquam
1519 3671 1708 3727 attulit
1766 3669 1896 3740 Epl-

235 3767 493 3838 phanius
535 3766 602 3819 ad
636 3765 810 3818 ullam
846 3761 1103 3818 haeresim
1155 3761 1521 3817 refellendam
1551 3776 1573 3822 ,°
1606 3776 1898 3831 nunqnam

231 3858 574 3912 auctoritate
604 3862 860 3909 veterum
893 3867 1027 3906 usus
1077 3857 1162 3905 est
1202 3853 1268 3904 ad
1328 3851 1505 3904 ullum
1568 3850 1897 3905 haereticum

231 3945 702 4016 Opprimendum.
782 3945 935 3996 Licet
990 3941 1162 4012 igitur
1224 3940 1308 3994 hae
1360 3941 1493 4010 ipsa:
1528 3940 1804 4008 epistolas,
1837 3949 1901 3994 ut

235 4054 330 4093 eas
365 4053 526 4091 nunc
551 4031 1208 4102 babemus,8piphnanii
1243 4046 1358 4086 evo
1383 4030 1698 4085 exstiterint
1723 4029 1894 4102 (quod

229 4125 555 4183 certissime
589 4125 970 4190 cognoscitur.
993 4130 1046 4176 et
1073 4121 1126 4175 id
1156 4137 1360 4186 negare
1384 4135 1500 4174 non
1549 4127 1726 4187 potest
1761 4118 1900 4173 Dal-

231 4216 402 4282 lens,
435 4213 536 4284 qui
595 4227 724 4267 cum
781 4209 1078 4279 Salmasio,
1141 4208 1436 4263 Blondello
1493 4214 1546 4263 et
1605 4207 1898 4262 Albertino

243 4305 476 4360 easdem
510 4317 636 4356 esse
668 4317 805 4370 qus
847 4299 1123 4354 Eusebius
1179 4305 1231 4353 et
1290 4296 1626 4351 Athanasius
1683 4295 1898 4350 habue-

247 4403 405 4456 runt,
438 4392 664 4461 fatetur)
697 4391 738 4443 si
769 4406 862 4444 eas
906 4389 1119 4461 Optime
1151 4386 1370 4442 noverit
1401 4393 1452 4440 et
1477 4385 1710 4440 maximi
1742 4385 1898 4440 fece-

245 4487 400 4552 rit,et
429 4483 503 4536 ad
539 4496 772 4536 manum
806 4480 974 4534 etiam
1007 4495 1135 4534 cum
1186 4477 1456 4532 scriberet
1487 4476 1746 4531 habuerit
1771 4501 1786 4543 ς
1811 4492 1899 4530 tn-

2000 3321 2177 3369 status
2201 3316 2420 3369 exstitit
2453 3330 2466 3380 ;
2498 3316 2703 3370 etenim
2733 3330 3076 3387 unaquaeque
3106 3331 3192 3370 res
3214 3332 3320 3370 non
3366 3316 3432 3370 ab
3492 3315 3654 3372 initio

2001 3402 2256 3458 omnibus
2283 3402 2536 3458 numeris
2565 3403 2819 3460 absoluta
2835 3402 2947 3476 fuit
2980 3427 2996 3470 ;
3039 3404 3130 3460 sed
3182 3405 3512 3476 procedente
3555 3409 3651 3460 de-

2000 3508 2154 3547 mum
2185 3497 2443 3564 tempore,
2463 3508 2527 3549 ea
2557 3510 2675 3564 quae
2704 3492 2774 3549 ad
2808 3495 3201 3564 perfectionem
3251 3497 3495 3549 omnium
3550 3511 3650 3550 ne-

2001 3581 2321 3638 cessitatum
2349 3585 2648 3652 pertinent,
2679 3584 2975 3638 constituta
3006 3587 3156 3638 sunt.
3207 3584 3366 3648 Quod
3424 3583 3533 3638 late
3582 3599 3652 3638 cx

2003 3670 2190 3726 Veteri
2220 3671 2580 3727 Testamento
2613 3671 2891 3743 probal,et
2920 3672 3002 3728 sic
3062 3671 3432 3741 intelligenda
3491 3678 3650 3742 Apo-

2004 3762 2133 3816 stoli
2163 3761 2332 3815 verba
2363 3761 2586 3825 asserit,
2609 3766 2665 3817 et
2695 3761 2800 3816 hoc
2851 3776 2962 3815 uno
3014 3761 3386 3816 fundamento
3439 3762 3647 3832 posito,

2003 3869 2170 3908 ruere
2199 3869 2398 3908 omnes
2424 3853 2940 3924 Aeriiobjectiones
2996 3855 3307 3922 concludit,
3337 3860 3390 3907 ct
3421 3870 3524 3908 nos
3547 3870 3648 3922 pa-

2005 3943 2140 3997 riter
2170 3958 2395 3997 omnem
2421 3943 2958 4010 contrarietatem,et
2989 3958 3118 3998 cum
3151 3943 3462 4013 Ignalianis
3493 3939 3651 3996 ἔναν-

2000 4032 2305 4111 τιοφάνειαν
2336 4034 2535 4088 eodem
2559 4033 2682 4088 tolli
2715 4041 3002 4104 putamus.

2072 4123 2410 4178 Examinato
2485 4123 2726 4190 septimo
2784 4123 2989 4191 capite,
3079 4123 3335 4193 sequitur
3393 4130 3653 4178 octavum

2003 4227 2131 4268 cum
2168 4212 2272 4267 hoc
2306 4211 2468 4266 titulo
2505 4212 2738 4280 :lgnota
2775 4210 3118 4266 Tertulliano
3157 4212 3330 4283 fuisse
3359 4214 3655 4281 Ignatiana

2005 4302 2416 4355 demonstratur
2444 4301 2687 4372 quinque
2715 4304 3082 4370 argumentis.
3110 4301 3216 4356 Sed
3250 4303 3516 4372 quintum
3577 4311 3655 4359 te-

2006 4390 2122 4444 lum
2159 4393 2358 4444 fatetur
2389 4389 2759 4445 Usserianum
2791 4391 3070 4460 lgnalium
3109 4408 3219 4446 non
3254 4392 3424 4446 ferire
3455 4412 3469 4460 ;
3513 4410 3656 4463 qua-

2006 4469 2358 4550 tuor‘itaque
2388 4481 2782 4535 tantummodo
2829 4479 2997 4536 nobis
3053 4486 3263 4536 restant
3311 4483 3654 4554 repellenda.

245 4573 522 4630 credibile
552 4576 746 4626 tamen
779 4578 858 4626 est
891 4585 1020 4624 eum
1051 4567 1296 4626 voluisse
1326 4567 1411 4622 vel
1448 4582 1620 4622 unam
1669 4574 1899 4622 senten-
1932 4561 1978 4626 D
2011 4569 2222 4637 Primo,
2253 4568 2417 4624 docet
2475 4569 2526 4623 id
2586 4568 2972 4625 Tertullianus
3025 4573 3170 4640 quod
3203 4571 3507 4641 Ignatianas
3557 4573 3656 4627 do-

241 4664 378 4718 tiam
413 4679 480 4717 ex
515 4662 586 4716 iis
617 4662 887 4716 adversus
919 4659 1144 4714 Aerium
1186 4658 1490 4722 adducere,
1526 4656 1624 4726 qui
1655 4656 1807 4711 aliud
1840 4656 1900 4712 in

246 4757 362 4806 toto
385 4753 485 4806 illo
518 4750 1025 4819 opereinstitutum
1058 4745 1276 4809 habuit,
1298 4753 1351 4801 et
1382 4745 1441 4800 in
1474 4745 1630 4800 nulla
1653 4761 1901 4816 unquam

246 4837 634 4907 disputatione
665 4836 936 4891 adversus
989 4834 1173 4889 ullum
1230 4831 1584 4903 hrerelicum,
1617 4835 1684 4888 ad
1745 4833 1902 4888 illius

251 4934 586 4994 argumenta
636 4924 1010 4990 retundenda,
1066 4923 1156 4978 vel
1216 4937 1387 4977 unam
1447 4923 1781 4978 sententiam
1833 4939 1900 4979 ex

248 5027 502 5073 veterum
534 5016 725 5085 aliquo
755 5015 1008 5070 adduxit.
1044 5013 1326 5078 Quorsum
1387 5012 1558 5082 igitur
1608 5013 1704 5083 qui
1762 5013 1899 5068 reli-

249 5121 390 5173 quos
430 5120 630 5160 omnes
685 5103 971 5171 preteriil,
1021 5100 1303 5171 Ignatium
1351 5100 1534 5156 solum
1594 5100 1849 5156 laudaret
1878 5104 1904 5154 .7

316 5195 579 5250 Secunda
635 5192 954 5249 observatio
1013 5207 1080 5246 ex
1122 5189 1443 5261 Epiphanio
1503 5189 1675 5259 petita
1724 5191 1902 5247 multo

249 5284 442 5341 minus
473 5284 642 5341 valet.
677 5283 961 5352 Quadam,
995 5282 1177 5351 inquit
1209 5282 1270 5336 in
1300 5280 1680 5352 disputatione
1706 5282 1899 5337 adver-

257 5391 353 5431 sus
383 5377 529 5432 Aerii
578 5377 805 5445 dogma,
836 5375 994 5444 ponit
1023 5388 1148 5429 cum
1192 5371 1506 5442 Ignatianis
1553 5372 1902 5444 apertissime

249 5467 701 5535 pugnantia,imo
734 5464 955 5519 totidem
976 5469 1222 5517 monstra
1243 5477 1316 5515 ea:
1361 5461 1568 5532 Ignatii
1625 5461 1903 5531 epistolici

251 5554 613 5608 hierarchicis
642 5553 853 5624 legibus
885 5569 899 5610 :
933 5551 1130 5622 quibus
1150 5547 1512 5621 epistolarum
1555 5546 1748 5624 κυρίας
1806 5545 1902 5602 δό-

251 5641 340 5713 ξας
368 5645 584 5718 liquido
614 5645 814 5702 evertit
863 5641 1238 5716 Epiphanius.
1291 5639 1350 5697 Si
1400 5640 1521 5699 hac
1579 5655 1709 5697 vera
1764 5639 1899 5710 sint,

2011 4659 2204 4714 ctrinas
2229 4668 2308 4714 est
2332 4657 2704 4715 contrarium.
2739 4660 2882 4730 Ergo
2913 4675 3041 4714 eum
3085 4661 3341 4716 nescivit.
3376 4662 3656 4717 Adversus

2010 4748 2162 4802 enim
2189 4747 2568 4815 apostolicum
2602 4746 2783 4801 virum
2827 4755 2880 4802 el
2932 4758 3233 4818 martyrem
3293 4748 3403 4803 sibi
3453 4753 3658 4804 notum

2012 4851 2305 4905 nunquam
2355 4836 2663 4907 quidquam
2721 4835 3028 4891 docuisset.
3083 4837 3226 4891 Mira
3285 4837 3406 4892 haec
3462 4852 3667 4892 conse-

2011 4927 2240 4997 quentia
2270 4926 2338 4979 de
2372 4924 2626 4995 quolibet
2656 4924 2950 4994 scriptore,
2975 4926 3044 4978 de
3072 4924 3424 4979 Tertulliano
3477 4924 3660 4978 maxi-

2012 5031 2102 5070 me
2129 5015 2408 5070 miranda.
2447 5013 2828 5084 Nunquamne
2859 5013 3237 5084 utquisquam
3286 5011 3500 5082 aliquid
3560 5014 3660 5068 do-

2009 5103 2209 5174 cuerit,
2241 5105 2387 5172 quod
2435 5107 2583 5158 esset
2631 5102 2768 5157 viris
2795 5100 3120 5173 apostolicis
3175 5104 3274 5157 aut
3322 5101 3667 5173 martyribus

2010 5192 2160 5249 notis
2175 5192 2484 5249 adversans
2513 5191 2541 5248 ‘l
2569 5192 2651 5247 An
2675 5191 2778 5246 viri
2807 5191 3104 5260 apostolici
3133 5195 3189 5247 et
3219 5198 3492 5263 martyres
3541 5207 3662 5248 ma-

2005 5282 2146 5352 joris
2175 5296 2423 5351 unquam
2447 5281 2796 5336 auctoritatis
2815 5281 2990 5350 fuere,
3022 5296 3195 5352 quam
3256 5281 3365 5351 ipsi
3422 5281 3666 5351 apostoli

2010 5379 2064 5428 et
2093 5369 2452 5440 evangelista-
2481 5369 2509 5424 ?
2532 5368 2763 5424 Illorum
2795 5376 2948 5425 certe
2973 5370 3247 5426 doctrinas
3275 5370 3539 5426 nonnulli
3565 5370 3667 5427 ali-

2011 5462 2246 5534 quando
2279 5459 2674 5515 contradixere
2709 5475 2723 5527 ;
2755 5474 2869 5515 non
2902 5459 3322 5529 Scripturarum
3354 5458 3543 5525 inscii.
3566 5467 3669 5518 aut
3717 5465 3719 5468 ‘

2011 5565 2203 5606 earum
2236 5548 2582 5604 auctoritatis
2629 5551 3069 5619 contemptores,
3098 5549 3195 5605 sed
3253 5549 3342 5606 vel
3399 5549 3668 5607 inadver-

2013 5639 2198 5697 lentia
2226 5639 2403 5706 ducti,
2434 5638 2521 5696 vel
2551 5638 2881 5710 praeiudicio
2911 5639 3102 5713 aliquo
3130 5637 3374 5713 abrepti.
3409 5641 3492 5697 An
3521 5643 3666 5697 Ter-
