3990 6136
247 279 366 341 259

1305 271 1367 334 5.
1412 267 1811 334 IGNATIUS.
1844 298 1922 312 --
1963 269 2575 336 PROLEGOMENA.

3547 287 3664 348 260

257 412 532 468 tullianus
560 411 697 466 adeo
728 407 948 466 subacti
1001 407 1223 479 judicii,
1255 406 1394 462 adeo
1451 405 1630 462 sedati
1685 400 2416 474 ingeniiATertullianus,
2478 408 2586 463 nisi
2647 411 2794 480 quod
2852 415 2910 468 et
2969 413 3242 484 lgnatius.
3275 415 3417 472 Cum
3476 426 3669 477 autem
3763 447 3766 449 -

251 505 356 558 fuit
383 510 441 557 ut
473 500 618 556 nulli
650 515 897 570 unquam
919 499 1038 553 viro
1061 497 1120 552 in
1144 495 1402 552 Ecclesia
1436 494 1646 552 celebri
1677 499 1899 550 contra-

253 594 622 658 dicerct,cum
655 589 778 659 ipse
793 589 863 643 ab
891 586 1140 643 Ecclesia
1171 585 1489 652 recesserit,
1523 593 1577 640 et
1632 584 1901 638 adversus

250 699 371 737 eam
408 677 825 751 quamplurima
855 676 1056 732 acerbe
1087 682 1142 730 et
1202 673 1520 746 petulanter
1552 669 1852 742 scripserit
1877 669 1905 724 ‘l

247 770 541 834 Praeterea,
573 766 661 824 vel
693 766 830 837 ipsis
855 764 1147 836 iudicibus
1175 762 1534 829 adversariis,
1579 761 1698 816 haec
1755 775 1896 815 con-

247 859 538 930 sequentia
560 871 674 912 non
705 864 788 911 est
840 853 1180 910 necessaria.
1216 852 1296 908 De
1360 851 1488 906 aliis
1539 853 1715 919 enim,
1765 853 1903 904 Ter-

249 949 491 1004 tulliano
517 944 1018 1016 junioribus,quos
1052 943 1267 1013 Ignatio
1299 941 1580 998 contraria
1635 940 1901 996 docuisse

249 1037 490 1102 vult,ita
519 1036 766 1106 disputat
822 1033 1085 1099 Dallaeus,
1119 1039 1178 1087 ut
1209 1031 1292 1086 illi
1354 1031 1439 1086 vel
1495 1031 1900 1100 ignoraverint,

249 1127 336 1181 vel
368 1126 477 1180 ista
505 1124 708 1194 quibus
738 1122 1021 1179 contraria
1051 1121 1345 1178 docuerint
1393 1120 1453 1175 in
1512 1120 1726 1190 Ignatio
1786 1134 1900 1173 non

251 1213 514 1278 viderint,
550 1210 637 1267 vel
663 1211 932 1283 epistolas
957 1217 1224 1280 tanquam
1250 1209 1407 1264 ﬁctas
1428 1209 1900 1278 contempserint.

246 1303 300 1356 Si
322 1309 510 1357 autem
572 1301 690 1356 haec
745 1301 814 1355 de
861 1299 987 1353 aliis
1039 1297 1151 1353 dici
1199 1299 1441 1368 possint,
1482 1313 1581 1352 cur
1611 1311 1727 1352 non
1749 1303 1804 1352 et
1834 1296 1903 1350 de

249 1392 601 1447 Tertulliano
627 1390 654 1445 ?
685 1389 846 1446 Certe
893 1386 1582 1458 Salmasius,Blondellus,
1617 1393 1669 1442 et
1697 1384 1901 1442 Alber—

247 1483 401 1538 tinus
431 1481 580 1536 hanc
611 1478 1082 1550 consequentiam
1143 1479 1330 1549 potius
1389 1477 1776 1543 admitterent,
1805 1476 1901 1546 qui

244 1570 514 1641 epistolas
546 1569 642 1624 diu
679 1577 809 1623 ante
826 1583 1010 1623 aevum
1028 1565 1361 1622 Tertulliani
1395 1566 1556 1621 ﬁctas
1587 1569 1899 1634 putarunt;

246 1660 380 1715 etsi
439 1657 683 1713 Dallaeus
735 1673 852 1712 non
908 1657 1189 1720 admittat,
1249 1655 1308 1710 in
1356 1654 1741 1724 disputatione
1799 1670 1901 1708 sua

2015 493 2267 563 Ignatius
2289 498 2474 564 addat,
2500 498 2678 574 χωρὶς
2707 500 2936 573 τούτων,
2967 502 3087 558 sine
3133 507 3417 577 episcopis,
3449 511 3672 582 presby-

2013 583 2145 638 teris
2176 591 2230 638 et
2260 585 2507 642 diaconis
2539 589 2785 645 Ecclesia
2815 609 2931 646 non
2959 603 3204 664 vocatur,
3229 596 3424 652 eadem
3483 601 3670 656 notio-

2013 689 2085 729 ne
2117 674 2241 729 sine
2273 675 2448 731 dubio
2479 677 2700 734 loeutus
2730 687 2810 736 est
2867 681 3275 753 Tertullianus,
3308 687 3508 743 saltem
3565 691 3672 745 ad-

2015 762 2126 818 huc
2160 763 2219 818 in
2254 765 2506 821 Ecclesia
2557 768 2839 826 catholica
2897 787 3154 829 manens.
3198 774 3341 829 Nam
3404 792 3534 832 cum
3595 780 3666 835 de

2012 851 2268 909 ecclesiis
2297 856 2626 925 apostolicis
2667 857 2937 929 loquitur,
2969 859 3093 915 haec
3127 861 3330 919 habet:
3385 865 3660 924 Habemus

2009 951 2063 998 et
2092 946 2332 999 Joannis
2360 947 2620 1001 alumnas
2660 949 2930 1005 ecclesias.
2963 951 3102 1005 Nam
3143 955 3250 1006 etsi
3296 953 3664 1028 Apocalypsin

2009 1032 2248 1088 Marcion
2281 1038 2523 1106 respuat,
2555 1038 2692 1092 ordo
2732 1045 2921 1093 tamen
2949 1042 3327 1114 episc0porum
3369 1044 3441 1098 ad
3489 1050 3663 1117 origi-

2008 1139 2133 1178 nem
2167 1139 2421 1180 recensus
2461 1127 2521 1180 in
2577 1127 2845 1183 Joannem
2904 1129 3069 1184 stabit
3108 1138 3407 1189 auctorem.
3470 1139 3533 1189 Et
3580 1137 3662 1194 De

2011 1215 2434 1284 praescriptione
2481 1215 2894 1284 haereticorum,
2954 1235 3078 1288 cap.
3135 1221 3242 1276 32f
3304 1225 3484 1279 Edunt
3534 1242 3660 1297 ergo

2008 1304 2250 1373 origines
2269 1304 2633 1361 ecclesiarum
2661 1321 2888 1362 suarum
2915 1331 2930 1374 ;
2961 1309 3208 1364 evolvunt
3249 1311 3502 1368 ordinem
3541 1315 3661 1386 epi-

2006 1407 2292 1463 sc0porum
2317 1409 2567 1464 suorum,
2591 1394 2671 1450 ita
2691 1411 2790 1465 per
2815 1399 3174 1454 successiones
3203 1399 3274 1454 ad
3344 1401 3516 1458 initia
3571 1404 3664 1460 de-

2006 1490 2343 1551 currentem,
2371 1491 2430 1538 ut
2458 1487 2672 1556 primus
2700 1484 2803 1540 ille
2823 1486 3104 1558 episcopus
3133 1487 3377 1560 aliquem
3408 1507 3479 1547 ea:
3530 1510 3666 1566 apo—

2011 1573 2164 1630 stolis
2198 1575 2279 1629 vel
2307 1575 2617 1646 apostolicis
2637 1575 2796 1643 viris,
2847 1577 2942 1648 qui
2993 1584 3172 1635 tamen
3219 1595 3341 1635 cum
3403 1584 3664 1654 apostolis

2005 1666 2453 1733 perseveraverit,
2483 1664 2749 1720 habuerit
2799 1672 3080 1723 auctorem
3136 1673 3187 1724 et
3237 1676 3660 1729 antecessorem.

170 1781 179 1789 -
255 1747 602 1819 principium
637 1745 940 1817 pelil,dllm
973 1761 1040 1800 ex
1058 1743 1406 1800 Tertulliano
1437 1745 1519 1798 Sic
1552 1743 1902 1842 p_1‘0bel_6pi-
1933 1777 1978 1842 Β
2011 1755 2116 1809 Hoc
2144 1754 2294 1808 enim
2322 1755 2479 1810 modo
2499 1754 2758 1811 Ecclesia:
2807 1758 3126 1827 apostolicae
3168 1775 3362 1815 census
3390 1777 3510 1817 suos
3569 1762 3664 1818 de-

249 1838 421 1892 stolas
452 1852 567 1891 non
598 1835 909 1902 exstitisse,
935 1849 1060 1889 cum
1089 1840 1486 1903 argumentum
1519 1832 1663 1888 nihil
1693 1832 1897 1901 valeat,

246 1925 359 1981 nisi
392 1925 516 1995 quis
538 1925 817 1980 concedat
842 1925 1065 1977 easdem
1093 1929 1216 1991 post
1247 1921 1592 1976 Tertulliani
1645 1927 1901 1990 tempora

245 2015 421 2070 fuisse
452 2014 788 2083 suppositas.
824 2011 884 2068 Si
912 2011 1065 2068 enim
1097 2018 1227 2066 ante
1288 2010 1711 2065 Tertullianum
1773 2010 1896 2065 fue-

241 2111 372 2160 runt
401 2103 565 2168 ﬁctae,
598 2111 650 2157 et
680 2102 860 2173 potuit
894 2101 990 2158 ille
1021 2116 1382 2171 cognoscere,
1417 2109 1468 2156 et
1502 2099 1699 2154 debuit
1754 2114 1893 2154 con-

244 2205 519 2252 temnere.

316 2286 421 2340 Sed
446 2285 671 2341 interim
703 2285 996 2342 videamus
1039 2283 1315 2354 quidnam
1363 2281 1506 2337 illud
1563 2280 1898 2338 Tertulliani

243 2375 533 2431 decretum
566 2374 657 2443 sit,
695 2376 838 2444 quod
881 2374 1239 2444 Ignatianum
1289 2373 1430 2428 adeo
1487 2380 1677 2442 aperte
1715 2370 1898 2440 reﬁgit

245 2473 300 2520 et
334 2463 638 2532 proculcat.
677 2462 888 2532 Nempe
921 2478 933 2516 :
965 2462 1063 2518 Ubi
1124 2463 1254 2525 tres,
1312 2459 1552 2515 Ecclesia
1613 2464 1714 2525 est,
1766 2461 1897 2514 licet

248 2554 396 2608 laici.
456 2553 584 2608 llaec
629 2551 1032 2608 Tertullianus.
1095 2553 1158 2604 At
1205 2549 1478 2620 Ignatius,
1527 2548 1704 2622 χωρὶς
1762 2546 1894 2600 τού-

241 2662 375 2712 των,
408 2641 462 2696 id
495 2646 581 2697 est
605 2642 730 2696 sine
779 2640 1080 2711 episcopis,
1139 2638 1484 2710 presbyteris
1535 2645 1587 2693 et
1639 2639 1896 2695 diaeonis

245 2727 512 2798 ἐκκλησία
544 2728 603 2782 ὸύ
636 2727 906 2786 καλεῖται.
940 2731 1136 2796 Quaero
1168 2727 1375 2799 primo,
1401 2727 1493 2783 Ubi
1528 2727 1649 2783 haec
1678 2745 1709 2781 ει
1767 2728 1896 2783 Ter-

244 2821 484 2876 tulliane
507 2820 874 2876 scribuntur?
905 2818 1318 2888 Respondetur,
1344 2816 1485 2873 libro
1515 2818 1590 2872 De
1636 2818 1893 2873 exhorta-

238 2908 393 2966 tione
421 2909 711 2964 castitatis.
752 2911 816 2964 At
847 2908 906 2964 S.
957 2909 1302 2976 Augustinus
1359 2905 1771 2963 Tertullianum
1817 2907 1891 2962 ia-

243 3005 398 3055 ctum
435 3000 766 3054 haereticum
797 2997 958 3053 docet
990 2997 1272 3052 secundas
1297 2997 1542 3065 nuptias,
1565 3000 1765 3052 contra
1791 2997 1888 3053 do-

2007 1845 2231 1920 terunt:
2264 1843 2407 1920 sicut
2434 1843 2843 1920 Smyrnmorum
2867 1847 3103 1920 Ecclesia
3163 1849 3541 1920 Polycarpum
3581 1853 3648 1906 ab

2005 1915 2218 1968 Joanne
2264 1915 2588 1969 collocatum
2644 1918 2849 1986 refert;
2894 1919 3040 1972 sicut
3108 1915 3475 1976 Romanorum
3533 1924 3657 1980 Cte-

2006 2011 2242 2057 mentem
2273 2018 2312 2057 a
2344 2007 2501 2058 Petro
2547 2003 2862 2061 ordinatum
2920 2005 3129 2062 itidem.
3183 2010 3424 2065 Perinde
3466 2014 3660 2082 utique

2006 2099 2060 2146 et
2085 2100 2282 2148 caetera
2312 2091 2598 2162 exhibent,
2621 2110 2749 2166 quos
2779 2095 2852 2150 ab
2872 2096 3138 2168 apostolis
3167 2096 3230 2152 in
3290 2101 3659 2172 episcopatum

2005 2183 2331 2237 constitutos
2359 2182 2650 2254 apostolici
2687 2187 2920 2240 seminis
2948 2186 3200 2243 traduces
3231 2187 3483 2245 habeant.
3518 2191 3658 2247 Cum

2008 2274 2178 2344 igitur
2229 2276 2449 2345 preprie
2506 2284 2559 2331 et
2617 2277 2897 2334 catholica
2943 2279 3012 2334 de
3069 2279 3328 2338 Ecclesia
3384 2282 3657 2354 loquitur,

2005 2365 2250 2420 ostendit
2312 2381 2370 2420 se
2423 2365 2572 2421 idem
2630 2368 2868 2422 omnino
2924 2369 3134 2425 sentire
3190 2372 3336 2442 quod
3379 2372 3660 2428 sentiebat

2004 2454 2279 2523 Ignatius,
2313 2470 2438 2509 eam
2498 2455 2621 2511 sine
2679 2456 2944 2526 episc0po
3012 2459 3289 2530 integram
3358 2477 3482 2518 esse
3541 2479 3658 2519 non

2005 2559 2193 2614 posse.
2230 2543 2307 2598 De
2339 2544 2610 2600 vocabulo
2645 2545 2873 2615 quidem
2915 2547 3176 2606 Ecclesiae
3237 2549 3315 2604 ita
3367 2567 3513 2621 saepe
3565 2553 3652 2608 lo-

2005 2634 2218 2703 quitur,
2254 2643 2311 2689 ut
2342 2642 2396 2689 et
2450 2634 2727 2691 htereticis
2772 2637 3031 2705 tribuat;
3092 2654 3232 2709 quos
3289 2640 3346 2695 in
3405 2642 3654 2698 Ecclesia

2004 2724 2582 2795 propriedieta‘esse
2617 2740 2722 2780 nec
2778 2724 2918 2796 ipse,
2977 2743 3085 2784 nec
3149 2729 3444 2798 quisquam
3505 2732 3652 2787 alius

2003 2816 2250 2880 agnovit.
2283 2814 2538 2876 Faciunt,
2573 2814 2778 2885 inquit,
2799 2821 2952 2885 [avos
2978 2825 3031 2872 et
3072 2833 3278 2888 vespa};
3315 2821 3530 2886 faciunt
3561 2837 3649 2876 ec-

2003 2901 2194 2957 clesias
2226 2909 2276 2957 et
2300 2901 2665 2960 Marcionist
2682 2920 2704 2966 ;
2723 2906 2816 2958 sed
2844 2921 3008 2975 quam
3038 2906 3232 2977 inique
3264 2907 3404 2962 illud
3441 2924 3652 2966 nomen]

2005 2992 2074 3046 iis
2111 2991 2448 3047 attribuatur
2478 2993 2639 3048 docet
2673 3010 2685 3048 :
2719 2995 2896 3050 Habet
2940 2996 3163 3067 quidem
3220 2998 3324 3052 illa
3372 2999 3647 3071 ecclesias,

239 3089 481 3143 ctrinam
539 3086 930 3157 apostolicam,
993 3090 1266 3154 tanquam
1336 3094 1530 3154 stupra
1595 3085 1888 3153 damnare,
1931 3083 1973 3150 C
2003 3080 2094 3135 sed
2123 3077 2247 3136 suas
2279 3090 2390 3136 tam
2444 3088 2692 3153 posterns
2748 3100 2914 3156 quam
2960 3086 3287 3156 adulteras;
3329 3105 3565 3158 quarum
3600 3092 3650 3144 si

241 3178 389 3247 quod
424 3176 484 3230 in
514 3191 579 3230 eo
613 3190 782 3245 opere
818 3173 968 3228 facit.
1021 3175 1126 3240 Qui
1183 3181 1368 3229 autem
1427 3181 1622 3229 contra
1679 3174 1888 3229 doctri-

239 3282 375 3320 nam
407 3265 772 3335 apostolicam
807 3264 1062 3334 scripsit,
1103 3263 1236 3319 licet
1283 3265 1336 3319 S.
1398 3264 1558 3320 Pauli
1617 3263 1889 3334 epistolas

238 3363 656 3422 nosset,nonne
688 3362 741 3411 et
762 3359 960 3410 contra
992 3355 1339 3423 Ignatianam
1385 3354 1634 3410 scribere
1687 3355 1886 3424 potuit,

241 3445 374 3502 licet
403 3446 527 3516 ejus
548 3444 815 3515 epistolas
851 3444 995 3500 haud
1029 3443 1371 3514 ignoraverit
1401 3443 1428 3497 ‘l
1477 3447 1644 3498 Hunc
1699 3443 1884 3514 ipsum

236 3535 444 3590 librum
477 3533 829 3606 Nicephorus
862 3540 1135 3588 memorat
1169 3541 1428 3602 tanquam
1457 3532 1726 3588 adversus
1779 3532 1886 3588 Ec-

233 3626 460 3681 clesium
489 3625 785 3693 scriptum,
816 3619 906 3674 ναὶ
942 3617 1128 3680 ἰδικῶς
1149 3621 1285 3673 κατά
1309 3627 1410 3689 τῆς
1467 3619 1706 3675 καθόλου
1769 3622 1884 3676 Ἐκ-

231 3711 462 3783 κλησίας
495 3706 690 3783 βίϐλον
727 3711 1024 3764 συντάττει·
1062 3705 1214 3763 οὐδὲν
1277 3705 1333 3762 δὲ
1389 3709 1554 3778 ἦττον
1612 3711 1698 3764 καὶ
1758 3712 1882 3784 περὶ

232 3802 603 3878 Σωφροσύνης
632 3799 811 3876 ἕτερον
845 3798 1180 3876 σύγγραμμα
1229 3795 1566 3867 καταλείπει,
1626 3800 1716 3854 καὶ
1757 3804 1880 3875 περί

228 3891 589 3968 Μονογαμὶας
623 3885 828 3963 ἕτερον.
891 3890 1029 3945 Cum
1086 3889 1256 3958 igitur
1317 3895 1510 3944 contra
1571 3889 1878 3946 Ecclesium

227 3982 564 4038 catholicam
600 3979 892 4046 scriberet,
935 3979 1055 4033 haec
1090 3977 1289 4032 habuit
1322 3993 1334 4030 :
1372 3977 1471 4034 Ubi
1503 3985 1632 4046 tres,
1696 3981 1878 4035 Eccle-

226 4071 314 4127 sia
344 4079 445 4138 est,
478 4072 604 4124 licet
627 4069 776 4125 laici.
811 4067 1024 4122 Pariter
1054 4075 1104 4122 et
1137 4067 1206 4122 de
1223 4067 1352 4136 iuga
1376 4066 1434 4120 in
1467 4068 1876 4139 persecutione,

219 4169 340 4240 jam
379 4159 620 4215 adultior
669 4157 1015 4213 Montanista
1043 4157 1102 4211 in
1134 4155 1287 4211 hunc
1319 4156 1556 4210 modum
1589 4155 1870 4227 loquitur:

225 4255 347 4306 Non
375 4257 525 4321 potes
555 4251 872 4304 discurrere
899 4262 996 4318 per
1019 4246 1264 4316 singulos
1303 4244 1326 4300 ?
1359 4246 1430 4300 sit
1463 4244 1566 4300 tibi
1586 4255 1636 4300 et
1666 4263 1724 4301 tn
1768 4250 1874 4304 tri-

227 4339 324 4393 bus
364 4339 620 4392 Ecclesia.
648 4337 779 4393 Haec
808 4337 905 4392 ille
931 4352 997 4392 ex
1032 4334 1506 4390 Montanistarum
1539 4335 1871 4405 disciplina;

220 4437 414 4484 contra
447 4443 616 4498 quam
652 4427 774 4496 ipse
795 4426 1110 4482 catholicus
1149 4425 1414 4494 scripsit:
1451 4425 1618 4480 Hodie
1641 4429 1868 4498 presby-

225 4520 325 4584 ter,
363 4517 459 4587 qui
485 4531 608 4569 cras
643 4515 849 4570 laicus:
879 4531 1010 4570 nam
1041 4523 1091 4569 et
1141 4513 1300 4568 laicis
1357 4513 1724 4569 sacerdotalia
1780 4518 1869 4570 in-

218 4605 483 4675 jungunl.
518 4604 688 4659 Aliter
717 4605 788 4660 de
817 4604 924 4660 hac
954 4605 1076 4674 ipsa
1108 4619 1170 4658 re
1190 4601 1412 4658 loeutus
1470 4611 1555 4657 est
1603 4604 1739 4658 dum
1776 4619 1870 4660 ca-

219 4693 467 4751 tholicus
499 4694 600 4748 fuit
633 4710 647 4749 :
683 4693 781 4750 Ubi
810 4700 937 4759 tres,
970 4692 1025 4747 id
1045 4701 1123 4748 est
1155 4696 1320 4747 Pater
1350 4696 1400 4746 et
1430 4690 1610 4747 Filius
1640 4698 1694 4746 et
1735 4692 1866 4764 Spi-

217 4785 364 4839 ritus
393 4792 639 4850 sanctus,
683 4782 770 4838 ibi
834 4781 1076 4837 Ecclesia
1132 4797 1253 4852 quae
1293 4780 1466 4836 trium
1521 4796 1714 4850 corpus
1769 4785 1865 4837 est.

225 4873 510 4945 Quidquid
535 4880 721 4928 autem
747 4872 817 4926 de
845 4870 944 4927 illo
977 4871 1100 4926 loco
1147 4869 1391 4924 senserit
1423 4885 1436 4924 :
1466 4870 1564 4925 Ubi
1618 4868 1724 4925 duo
1782 4871 1869 4926 vel

214 4970 299 5017 tre
320 4965 378 5018 in
408 4965 633 5018 nomine
662 4977 782 5016 meo
812 4966 1351 5030 congregantur,ego
1378 4960 1436 5013 in
1463 4959 1642 5013 medio
1669 4975 1868 5016 eorum

215 5068 334 5106 sum
366 5051 430 5120 ³⁷,
463 5052 531 5106 de
559 5049 854 5121 praesentia
879 5047 1085 5102 Christi
1116 5045 1174 5102 id
1233 5046 1476 5116 accepit,
1510 5061 1630 5116 quae
1677 5048 1865 5119 aliquo

215 5156 383 5195 sensu
410 5140 718 5196 Ecelesiam
743 5139 924 5193 facere
939 5136 1182 5202 videtur,
1213 5135 1318 5190 etsi
1349 5133 1604 5189 Christus
1634 5135 1686 5188 id
1747 5151 1859 5191 non

209 5230 434 5285 dixerit.
467 5230 540 5284 Ita
573 5229 692 5299 ipse
713 5227 870 5294 alibi,
902 5227 967 5280 In
997 5241 1106 5280 uno
1136 5228 1189 5280 et
1237 5225 1415 5280 altera
1465 5224 1703 5281 Ecclesia
1759 5231 1860 5295 est,

209 5319 451 5374 Ecclesia
483 5333 610 5373 vero
648 5316 917 5372 Christus.
980 5314 1141 5380 Quod
1203 5313 1343 5368 adeo
1407 5329 1522 5368 non
1589 5323 1862 5386 repugnat

202 5407 442 5477 Ignatio,
478 5414 535 5461 ut.
557 5408 675 5475 ipse
705 5406 873 5460 etiam
907 5403 1112 5459 dixerit
1141 5418 1155 5458 :
1188 5401 1288 5459 Ubi
1342 5411 1422 5458 est
1473 5402 1722 5458 Christus
1765 5406 1858 5460 Je-

201 5513 318 5567 sus,
342 5495 471 5550 illic
487 5495 760 5551 catholica
787 5492 1046 5550 Ecclesia.
1084 5491 1229 5549 Vihil
1268 5492 1457 5564 itaque
1476 5492 1662 5549 adhuc
1721 5492 1862 5549 dixit

292 5630 337 5666 ³⁷
360 5629 563 5698 Matth,
592 5643 755 5698 xvnr,
786 5629 878 5683 20.

1997 3185 2219 3224 censum
2239 3175 2506 3240 requiras,
2531 3174 2755 3242 facilius
2786 3177 3153 3245 apostaticum
3203 3178 3452 3233 invenias
3482 3195 3649 3249 quam

1999 3261 2374 3329 apostolicum.
2409 3261 2488 3317 De
2519 3261 2772 3318 Ecclesia
2807 3264 2978 3319 etiam
3009 3266 3244 3336 mystice
3273 3267 3516 3338 loquitur
3544 3268 3646 3324 lib.

1999 3349 2073 3403 De
2097 3350 2390 3421 pudicitia,
2416 3366 2538 3421 cap.
2572 3352 2631 3408 2t
2668 3367 2682 3408 :
2727 3352 2866 3407 Nam
2913 3359 2966 3408 et
3028 3356 3264 3411 Ecclesia
3328 3357 3550 3427 praprie
3590 3363 3642 3412 et

1994 3441 2382 3510 principaliter
2412 3442 2526 3512 ipse
2577 3449 2653 3496 est
2705 3445 2960 3514 spiritus,
3017 3445 3076 3500 in
3127 3461 3230 3515 quo
3283 3451 3363 3501 est
3417 3448 3651 3502 trtnitas

1997 3527 2162 3582 unius
2188 3528 2515 3596 divinitatis,
2553 3537 2737 3599 Pater,
2778 3540 2831 3587 et
2877 3534 3077 3604 Filius,
3127 3542 3179 3589 et
3225 3535 3466 3605 Spiritus
3509 3553 3642 3591 san-

1991 3625 2124 3674 ctus.
2153 3617 2312 3673 Illam
2344 3618 2637 3674 Ecclesium
2677 3627 2989 3691 congregat,
3041 3639 3206 3694 quam
3257 3625 3523 3679 Dominus
3584 3626 3642 3680 in

1994 3707 2170 3763 tribus
2187 3710 2566 3780 posuit.Atque
2596 3708 2675 3765 ila
2699 3709 2900 3766 exinde
2929 3711 3100 3766 etiam
3165 3729 3424 3768 numerus
3461 3713 3642 3769 omnis

1989 3799 2088 3868 qui
2113 3798 2172 3852 in
2195 3796 2341 3851 hanc
2362 3791 2534 3866 ﬁdem
2566 3800 2983 3868 conspiraveril,
3015 3801 3251 3856 Ecclesia
3307 3803 3373 3857 ab
3420 3813 3642 3859 auctore

1991 3895 2041 3941 et
2069 3895 2437 3942 consecratorc
2461 3892 2728 3943 censetur.
2754 3891 2818 3944 Et
2844 3888 2963 3944 ideo
2995 3890 3240 3946 Ecclesia
3276 3893 3504 3962 quidem
3552 3893 3639 3948 de-

1992 3975 2123 4030 licta
2169 3975 2412 4044 donabit,
2448 3975 2540 4033 sed
2568 3978 2814 4032 Ecclesia
2867 3977 3106 4049 Spiritus
3157 3995 3258 4050 per
3314 3980 3630 4051 spiritalem

1989 4064 2291 4131 hominem,
2322 4082 2433 4121 non
2467 4067 2707 4122 Ecclesia
2769 4083 3030 4122 numerus
3060 4069 3454 4140 episcOporum.
3488 4071 3630 4126 Cum

1989 4153 2157 4224 igitur
2183 4154 2567 4211 Tertullianus
2598 4172 2755 4212 nunc
2794 4155 3056 4212 Ecclesiae
3113 4157 3450 4214 vocabulum
3499 4176 3633 4230 pro-

1989 4244 2106 4312 prie
2139 4252 2342 4312 sumat,
2370 4260 2470 4314 pro
2503 4246 2623 4313 tali,
2657 4245 2894 4313 scilicet,
2929 4247 3150 4316 qualem
3204 4248 3444 4318 apostoli
3495 4264 3636 4304 con-

1987 4335 2314 4397 stituerunt,
2349 4349 2503 4390 nunc
2561 4336 2888 4406 improprie,
2914 4343 2969 4391 et
3012 4335 3073 4391 in
3120 4337 3231 4392 alia
3261 4339 3512 4402 notione,
3571 4346 3636 4392 ut

1985 4439 2114 4479 curn
2146 4425 2409 4494 spiritum
2443 4440 2566 4480 esse
2596 4425 2890 4491 dicit,cum
2925 4425 3074 4480 idem
3134 4442 3348 4483 nomen
3409 4426 3632 4482 haereti-

1983 4529 2180 4568 corum
2209 4512 2582 4568 conventibus
2629 4514 2842 4578 tribuit,
2874 4522 2967 4568 aut
3027 4513 3205 4570 tribus
3260 4513 3441 4580 laicis,
3488 4529 3632 4585 quos

1979 4601 2103 4671 ipse
2133 4602 2457 4658 sacerdotes
2491 4609 2647 4658 vocat
2676 4618 2844 4657 sensu
2879 4602 3088 4672 aliquo,
3141 4604 3277 4672 (tam
3330 4602 3481 4658 enim
3537 4619 3631 4658 ve-

1979 4705 2104 4746 rum
2136 4699 2218 4746 est
2262 4708 2330 4746 ex
2390 4691 2727 4747 Tertulliani
2786 4692 3090 4762 sententia,
3131 4692 3278 4764 quod
3339 4699 3449 4747 tres
3497 4691 3631 4747 laici

1979 4789 2112 4835 sunt
2144 4789 2255 4836 tres
2285 4782 2624 4848 sacerdotes,
2664 4797 2836 4851 quam
2861 4781 3007 4851 quod
3041 4781 3137 4836 ubi
3170 4785 3284 4837 tres
3335 4781 3462 4837 laici
3522 4781 3630 4837 Ec-

1977 4869 2149 4925 clesia
2179 4870 2283 4940 est)
2316 4870 2751 4939 cum,inquam,
2785 4877 2897 4924 tam
2949 4871 3259 4940 improprie
3314 4870 3385 4925 de
3436 4870 3632 4925 Eccle-

1977 4957 2059 5012 sia
2089 4956 2372 5028 loquatur,
2391 4956 2529 5012 illud
2553 4957 2843 5013 decretum
2876 4957 3178 5029 Ignatiano
3201 4959 3440 5013 minime
3498 4972 3633 5013 con-

1976 5047 2213 5101 trarium
2273 5049 2380 5113 est,
2413 5061 2543 5102 cum
2599 5046 2851 5116 Ignatius
2899 5048 2971 5103 de
3019 5047 3273 5104 Ecclesia
3318 5047 3543 5118 preprie
3577 5053 3632 5100 et

1973 5138 2194 5207 integre
2224 5140 2458 5205 accepta
2491 5136 2775 5208 loquatur,
2837 5138 3035 5194 eodem
3097 5139 3269 5194 modo
3329 5152 3441 5208 quo
3493 5135 3631 5190 alibi

1974 5225 2388 5291 Tertullianus,
2429 5241 2538 5295 quo
2568 5225 2629 5281 S.
2683 5226 3020 5298 Cyprianus,
3063 5229 3158 5297 qui
3207 5225 3630 5282 Tertullianum

1974 5316 2301 5387 magistrum
2326 5315 2543 5371 vocavit
2577 5332 2590 5370 :
2621 5314 2716 5372 Illi
2744 5323 2873 5372 sunt
2927 5317 3187 5384 Ecclesia,
3232 5316 3380 5387 plebs
3430 5330 3629 5371 sacer-

1971 5406 2084 5461 doti
2113 5404 2451 5471 adunata,et
2504 5406 2726 5475 pastori
2770 5422 2866 5460 suo
2912 5421 3050 5476 grex
3097 5405 3411 5460 adhterens.
3481 5406 3634 5461 Unde

1970 5495 2112 5550 scire
2141 5494 2308 5550 debes
2337 5492 2646 5565 episcopum
2678 5495 2736 5548 in
2769 5493 3009 5548 Ecclesia
3028 5507 3217 5562 esse,et
3240 5487 3539 5550 Ecclesiam
3569 5493 3632 5550 in
