3990 6136
257 319 372 384 261

1021 318 1081 380 J.
1125 315 1553 380 PEARSONII
1603 317 1973 382 vmmom
2015 315 2504 379 IGNATIANB.
2551 347 2629 362 --
2671 315 2881 379 PARS
2924 317 2977 378 Ι.

3555 317 3671 381 262

259 456 526 528 episcopo,
556 456 612 510 et
630 455 809 526 siqui
830 469 953 510 cum
981 455 1228 526 episcopo
1281 469 1394 509 non
1418 463 1567 522 sunt,
1619 455 1682 509 in
1727 452 1912 510 Eccle-
1943 456 1996 524 Α
2026 452 2374 508 Marcionitas
2437 456 2615 521 notat,
2672 453 2769 523 qui
2822 453 3101 508 Christum
3162 452 3494 524 phantasma
3551 454 3695 516 dice-

261 547 348 601 sia
369 561 480 599 non
512 561 649 610 esse,
701 545 877 614 epist.
904 545 1014 612 69;
1046 545 1246 600 eodem
1287 560 1397 616 quo
1432 548 1670 615 Optalus
1717 544 1925 615 pariter

266 635 572 689 Africanus
604 651 618 689 :
660 634 906 688 Ecclesia
961 642 1110 688 certa
1165 633 1424 705 quaedam
1463 633 1706 688 membra
1739 631 1923 698 habet,

266 726 564 796 episcopos,
590 724 968 794 presbyteros,
1001 723 1257 780 diaconos
1287 729 1340 779 et
1367 724 1585 779 turbam
1633 722 1884 793 ﬁdelium
1901 737 1922 784 ;

271 815 470 870 eodem
503 829 614 884 quo
643 813 846 869 Victor
889 813 1135 868 Vilensis
1165 812 1337 868 etiam
1392 812 1695 868 Africanus
1728 827 1742 866 :
1777 812 1924 882 Qui-

266 904 361 958 bus
392 911 581 959 autem
608 917 912 975 persequar
929 903 1254 974 fluminibus
1285 903 1685 974 lacrymarum,
1704 900 1926 972 quando

262 993 566 1064 episcopos,
617 993 990 1064 presbyteros,
1048 993 1326 1061 diaconos,
1375 994 1427 1047 et
1474 989 1597 1046 alia
1658 989 1926 1047 Ecclesiae

260 1083 519 1138 membra
548 1081 625 1136 ad
662 1082 929 1137 exsilium
954 1085 1130 1136 eremi
1157 1081 1479 1136 destinavit.

333 1171 630 1238 Secundo,
659 1171 877 1241 colligit
922 1171 1210 1241 Ignatium
1261 1177 1518 1225 nostrum
1575 1166 1924 1223 Tertulliano

264 1261 444 1316 fuisse
489 1263 780 1331 ignotum,
813 1261 940 1331 quia
990 1276 1120 1316 cum
1176 1276 1288 1316 non
1335 1260 1512 1314 solum
1563 1267 1925 1314 antecessores

259 1368 408 1420 suos,
439 1351 538 1406 sed
567 1351 818 1421 ipsorum
849 1353 1014 1406 etiam
1068 1350 1570 1406 haeresiarcharum
1629 1357 1924 1418 contempo-

258 1442 411 1494 rales
438 1442 779 1495 nominatim
807 1449 1110 1510 recenseat,
1159 1439 1446 1512 lgnatium
1499 1455 1570 1494 ne
1615 1437 1927 1494 nominavit

258 1530 850 1601 quidem;videamus
881 1546 1050 1601 quam
1113 1537 1280 1584 recte.
1344 1528 1736 1584 Tertullianus
1779 1526 1919 1582 scri-

258 1619 404 1676 bens
433 1619 707 1674 adversus
737 1618 1188 1686 Valentinianos,
1221 1619 1480 1674 observat
1517 1618 1703 1688 primo
1723 1633 1920 1673 eorum

257 1709 548 1779 originem
580 1710 640 1763 in
676 1708 991 1773 Valentino,
1025 1709 1150 1778 ejus
1207 1723 1476 1778 sequaces
1520 1714 1693 1774 notat,
1725 1705 1920 1762 Colar-

2027 550 2188 610 rent;
2223 540 2386 612 idque
2413 541 2612 612 probat
2651 557 2720 597 ex
2771 541 2982 597 Joanne
3023 543 3282 614 apostolo.
3320 550 3394 598 Αι
3440 545 3690 615 lgnatzus

2028 646 2220 687 eorum
2275 630 2584 686 doctrinam
2640 632 3019 702 perstringit:
3070 648 3197 687 eum
3253 634 3428 702 igitur
3477 635 3688 689 Joanni

2031 725 2223 780 testem
2249 720 2558 776 addidisset
2617 720 3012 791 Tertulliauns,
3068 724 3120 777 si
3175 722 3448 778 hominem
3488 729 3689 781 nosset.

2031 808 2205 873 Quasi
2229 824 2357 865 vero
2400 809 2602 879 Ignatii
2665 810 2984 866 testimonio
3040 826 3182 881 Opus
3233 820 3379 867 esset
3437 813 3506 867 ad
3562 831 3684 869 eam

2029 915 2173 964 rem,
2206 901 2372 970 cujus
2403 907 2599 955 testem
2644 901 2966 971 apostolum
3001 901 3216 956 habuit.
3248 902 3368 959 Imo
3402 919 3534 959 vero
3565 921 3682 960 non

2033 995 2253 1043 tantum
2283 1004 2425 1058 opus
2457 1003 2571 1044 non
2603 995 2725 1043 erat.
2774 997 2831 1043 ut
2885 1005 3015 1044 eum
3072 990 3410 1060 adhiberet;
3470 993 3569 1049 sed
3629 999 3682 1050 et

2028 1076 2274 1132 absurdo
2303 1077 2547 1145 fecisset,
2580 1077 2628 1132 si
2670 1077 3043 1136 adhibuisset.
3095 1082 3316 1136 Primos
3373 1083 3526 1137 enim
3575 1099 3680 1138 au-

2028 1173 2212 1221 ctores
2243 1166 2367 1237 ejus
2398 1166 2695 1223 sententiae
2725 1175 2899 1238 notat,
2932 1175 2984 1222 et
3041 1185 3238 1224 eorum
3286 1170 3680 1240 antiquitatem

2027 1255 2265 1325 probat;
2299 1255 2547 1312 ostendit
2580 1271 2677 1312 eos
2706 1257 2847 1312 adeo
2878 1273 3228 1329 praecoquos,
3265 1264 3328 1314 ut
3357 1267 3518 1316 aetate
3545 1277 3685 1330 apo-

2029 1343 2302 1400 stolorum
2335 1345 2652 1400 exstiterint
2687 1369 2701 1412 ;
2736 1345 2791 1400 id
2824 1363 2954 1402 vero
2987 1351 3049 1402 ut
3104 1349 3426 1416 conﬁrmet,
3459 1355 3684 1420 aposto-

2027 1432 2147 1488 lum
2194 1433 2377 1502 ipsum
2440 1437 2639 1489 testem
2698 1434 2947 1505 adducit,
3007 1436 3104 1506 qui
3147 1453 3242 1492 eos
3297 1438 3682 1495 Antichristos

2028 1523 2409 1592 pronuntiavit
2453 1530 2724 1593 negantes
2780 1523 3065 1580 Christum
3134 1526 3195 1581 in
3235 1543 3405 1582 carne
3440 1531 3681 1584 venisse.

2025 1612 2150 1666 Jam
2183 1627 2310 1668 vero
2366 1629 2534 1683 quam
2599 1614 2907 1669 absurdum
2942 1615 3141 1672 fuisset
3171 1619 3385 1688 Ignatii
3419 1620 3677 1675 testimo-

2029 1701 2192 1756 nium
2227 1702 2496 1771 adjicere,
2527 1704 2622 1771 qui
2652 1720 2706 1757 a.
2737 1709 2796 1759 D.
2832 1703 2936 1758 407
2966 1706 3267 1776 scripsisse
3323 1707 3679 1778 perhibetur,

258 1798 489 1863 basum,
529 1797 924 1864 Ptolemaeum,
957 1796 1920 1864 Heracleonem,Secuudum,Mar-
1954 1815 1998 1880 Β
2029 1795 2086 1847 et
2111 1792 2499 1860 pbantasticos
2527 1793 2845 1848 damnasse.
2883 1796 2967 1848 An
3001 1809 3066 1849 ex
3114 1794 3269 1850 illius
3325 1796 3582 1866 epistolis
3613 1797 3682 1852 li-

255 1903 388 1944 cum
421 1896 475 1942 et
527 1887 914 1953 Theotimum,
948 1887 1047 1958 qui
1105 1886 1360 1957 quamvis
1413 1885 1795 1942 Valentiniani
1834 1886 1917 1940 di-

247 1983 544 2044 cerentur,
573 1973 821 2030 multum
857 1984 1044 2030 tamen
1075 1991 1106 2029 a
1137 1973 1443 2030 Valentino
1498 1973 1915 2045 discrepabant.

249 2065 465 2120 Statuit
507 2065 682 2134 igitur
711 2064 898 2134 primo
929 2079 1057 2120 cum
1110 2063 1522 2134 principalibus
1577 2079 1766 2134 agere,
1802 2079 1918 2119 non

237 2171 366 2210 cum
395 2153 658 2222 ducibus,
691 2160 752 2208 ut
781 2152 1058 2223 loquitur,
1092 2155 1438 2223 passivorum
1468 2152 1917 2223 discipulorum;

239 2245 529 2309 secundo,
590 2241 898 2298 lectoribus
979 2242 1318 2314 persuadere
1392 2245 1630 2297 conatur
1693 2257 1753 2298 se
1798 2258 1917 2298 non

244 2332 486 2388 ﬁnxisse
520 2331 804 2399 materias,
840 2332 945 2387 hoc
988 2340 1090 2400 est,
1124 2332 1386 2402 dogmata
1419 2331 1533 2386 illis
1589 2330 1916 2387 attribuisse

240 2438 367 2492 quas
393 2421 508 2491 ipsi
541 2437 657 2476 non
683 2419 1094 2491 prOpalabant;
1127 2421 1277 2491 quod
1309 2436 1373 2475 ea
1432 2435 1546 2475 non
1591 2419 1779 2474 solum
1809 2437 1910 2474 an-

244 2521 550 2567 tecessores
578 2509 688 2575 sui,
723 2511 820 2564 sed
851 2508 1102 2580 ipsorum
1133 2509 1636 2566 haresiarcttarum
1674 2512 1913 2564 contem-

246 2601 474 2672 porates
503 2600 958 2655 instructissimis
986 2598 1366 2654 voluminibus
1397 2601 1446 2653 et
1476 2598 1830 2668 protulerunt
1859 2605 1912 2653 et

241 2692 612 2745 retuderunt.
648 2689 865 2744 Deinde
894 2704 990 2744 eos
1021 2689 1302 2756 nominat,
1335 2688 1432 2759 qui
1463 2687 1560 2742 illa
1582 2687 1908 2742 instructis-

243 2781 396 2835 sima
423 2779 718 2834 volumina
746 2779 1043 2848 scripsere,
1076 2776 1284 2848 quibus
1340 2793 1540 2832 omnes
1570 2775 1699 2831 illas
1735 2777 1909 2831 haere-

248 2870 390 2924 ticas
423 2869 732 2938 opiniones
763 2876 1143 2938 exposuerunt
1177 2875 1348 2938 atque
1380 2867 1713 2931 retulerunt,
1769 2882 1909 2936 quos

247 2960 369 3029 ipse
398 2959 555 3014 utin
599 2957 708 3013 hoc
739 2957 1031 3013 scribendi
1088 2973 1293 3026 genere
1347 2965 1676 3028 assequatur
1730 2963 1904 3025 optat.

248 3048 462 3104 Horum
495 3047 714 3118 primus
742 3048 994 3102 Justinus
1037 3046 1387 3117 philosOphus
1435 3051 1488 3100 et
1544 3047 1782 3117 martyr,
1810 3043 1905 3113 qui

247 3154 366 3193 non
402 3141 629 3192 tantum
663 3140 857 3192 contra
914 3137 1247 3192 Marcionem
1303 3136 1551 3206 insignia
1597 3133 1904 3201 volumina,

2033 1897 2203 1952 quere
2235 1882 2438 1953 potuit,
2471 1890 2582 1937 tam
2646 1899 2971 1953 praecoques
3005 1884 3366 1941 Marcionitas
3398 1887 3592 1955 fuisse,
3627 1897 3686 1943 ut

2026 1980 2336 2044 antequam
2369 1973 2420 2028 S.
2454 1976 2703 2029 Joannes
2750 1973 3050 2044 epistolam
3114 1976 3359 2046 scripsit,
3388 1992 3487 2032 eos
3517 1979 3687 2033 exsti-

2027 2059 2161 2116 tisse
2189 2066 2544 2130 compertum
2578 2062 2649 2116 sit
2681 2061 2708 2115 ‘l
2760 2066 2847 2116 An
2881 2065 3028 2132 quod
3065 2062 3314 2132 Ignatius
3347 2068 3510 2121 morti
3541 2066 3680 2122 vici-

2027 2164 2132 2204 nus
2159 2153 2418 2206 moneret
2459 2150 2831 2220 Christianos,
2865 2159 2922 2206 ul
2984 2151 3094 2206 sibi
3149 2163 3414 2209 caverent
3469 2155 3542 2210 ab
3593 2156 3688 2230 iis,

2027 2238 2122 2308 qui
2183 2238 2383 2292 falsam
2443 2238 2756 2294 doctrinam
2817 2240 2875 2294 in
2926 2241 3176 2295 Ecclesia
3221 2258 3485 2312 spargere
3545 2251 3679 2301 tunc

2028 2327 2294 2397 temporis
2325 2327 2700 2396 conabantur,
2735 2327 2868 2383 inde
2926 2329 3268 2385 concludere
3323 2331 3500 2399 potuit
3542 2332 3678 2388 Ter-

2021 2419 2314 2490 tullianus,
2346 2436 2442 2475 eos
2491 2423 2688 2476 eadem
2749 2429 2828 2476 tot
2874 2422 3041 2476 annis
3071 2431 3201 2478 ante
3231 2423 3489 2479 docuisse
3515 2424 3542 2478 ?
3573 2425 3677 2480 Sed

2020 2524 2193 2578 neque
2223 2511 2338 2577 hic,
2371 2509 2579 2580 inquit,
2614 2526 2789 2580 neque
2819 2514 3033 2581 uspiam
3064 2514 3126 2566 in
3177 2516 3284 2568 toto
3313 2523 3501 2568 contra
3532 2515 3674 2570 Mar—

2019 2601 2233 2653 cionem
2264 2615 2424 2668 opere
2453 2601 2669 2668 Ignatii
2695 2599 2973 2670 meminit,
3024 2602 3178 2668 cuius
3205 2607 3317 2657 tam
3349 2604 3550 2660 multae
3586 2602 3666 2659 lc-

2014 2697 2221 2757 gantur
2250 2687 2512 2742 adversus
2543 2691 2877 2743 Marcionica
2907 2689 3170 2758 ﬁgmenta
3197 2694 3501 2746 sententiae.
3540 2692 3665 2748 Non

2019 2776 2282 2831 meminit
2309 2778 2534 2846 quidem
2567 2776 2792 2847 Ignatii,
2826 2779 2922 2847 qui
2955 2778 3173 2833 nullius
3228 2780 3492 2835 meminit
3526 2799 3539 2848 ;
3605 2781 3663 2834 in

2016 2872 2129 2920 toto
2160 2870 2358 2920 contra
2389 2865 2736 2921 Marcionem
2769 2883 2940 2936 Opere
2962 2883 3068 2924 nec
3101 2883 3276 2923 unum
3318 2870 3539 2938 quidem
3575 2885 3667 2925 ec-

2013 2955 2393 3010 clesiasticum
2425 2955 2761 3025 scriptorem
2791 2956 2921 3012 citat
2948 2977 2961 3024 ;
2985 2957 3313 3028 Scripturis,
3339 2958 3667 3024 traditione,

2014 3044 2330 3101 rationibus
2387 3053 2597 3115 pugnat
2657 3055 2706 3101 et
2766 3046 2999 3117 quidem
3056 3048 3391 3117 Ignatianis,
3452 3064 3554 3103 nec
3599 3065 3668 3103 ex

2019 3136 2238 3204 Ignatio
2272 3135 2606 3189 nominatim
2632 3137 2970 3190 sententiam
3006 3135 3276 3207 aliquam,
3326 3152 3432 3192 nec
3461 3154 3527 3192 ex
3556 3137 3667 3192 alio

251 3184 366 3193 ,η-
407 3184 629 3192 ._---_.--
664 3184 854 3192 ---ψη
914 3184 1246 3192 ...μη-.--η
2019 3184 2232 3204 -0"---
3008 3184 3276 3207 ,ηπ--..η
3328 3184 3430 3192 .-η
3464 3184 3527 3192 ν,
3557 3184 3665 3192 ην

249 3229 346 3283 sed
379 3235 435 3282 et
466 3227 644 3281 alium
672 3226 877 3280 librum
903 3229 1096 3281 contra
1151 3241 1338 3281 omnes
1403 3224 1631 3280 hereses
1665 3222 1906 3295 scripsit,
1937 3184 1979 3250 Ο
2018 3224 2280 3294 qquiam
2315 3223 2602 3278 describit.
2637 3223 2690 3278 Si
2745 3224 2994 3293 lgnatius
3052 3226 3319 3296 epistolas
3375 3227 3500 3281 ideo
3551 3242 3666 3281 non

253 3326 313 3372 ut
337 3324 577 3372 testatur
606 3316 988 3387 Hieronymus
1044 3315 1102 3370 in
1153 3315 1436 3385 Catalogo.
1491 3314 1787 3370 Secundus
1825 3321 1907 3367 est

253 3405 528 3461 Miltiades
558 3405 914 3460 ecclesiarum
955 3403 1219 3476 saphista,
1279 3419 1468 3474 quem,
1525 3404 1721 3458 eodem
1783 3400 1905 3459 Hie-

252 3511 496 3564 ronymo
525 3501 687 3560 teste,
733 3494 948 3549 scimus
1013 3493 1304 3562 scripsisse
1357 3493 1628 3547 adversus
1685 3492 1900 3547 Monta~

248 3600 393 3639 num
421 3584 676 3639 volumen
703 3582 1068 3654 praecipuum.
1102 3582 1328 3637 Tertius
1358 3588 1440 3636 est
1474 3581 1741 3648 lrenmus,
1800 3596 1904 3637 cu-

245 3675 340 3744 jus
372 3673 886 3728 instructissimum
929 3671 1192 3727 volumen
1246 3672 1515 3726 adversus
1554 3670 1905 3726 Valentinia-

249 3779 362 3818 nos
392 3768 597 3817 exstat.
631 3763 894 3831 Quartus,
922 3775 1088 3829 quem
1131 3759 1436 3815 Proculum
1469 3759 1745 3823 nominat,
1780 3758 1906 3828 quis

245 3852 320 3905 sit
369 3847 703 3919 ambigitur,
763 3863 885 3916 quas
942 3847 1250 3916 scripserit,
1301 3847 1526 3917 Opinor,
1584 3846 1897 3916 ignoratur.

246 3939 377 3994 Jam
413 3954 545 3994 vero
575 3954 648 3992 an
678 3952 899 4006 aequum
943 3935 1188 4007 postulat
1214 3935 1300 3991 vir
1347 3935 1734 4003 doctissimus,
1767 3951 1900 3992 cum

245 4027 511 4098 requirit,
537 4033 593 4081 ut
646 4027 898 4096 Ignatius
930 4025 1036 4081 hoc
1068 4023 1192 4080 loco
1250 4024 1399 4080 inter
1429 4024 1531 4080 hos
1561 4033 1800 4096 quatuor
1823 4024 1904 4079 vi-

247 4133 342 4174 ros
378 4125 751 4182 memoretur,
785 4121 879 4170 aut
911 4115 1138 4184 penitus
1167 4111 1519 4170 Tertulliano
1549 4114 1773 4182 ignotus
1806 4116 1902 4183 ju-

249 4207 480 4263 dicetur
503 4207 531 4261 Τ
578 4207 665 4260 An
699 4204 950 4276 Ignatius
981 4203 1480 4260 instructissimum
1515 4203 1743 4273 aliquod
1799 4205 1901 4259 ad-

251 4312 449 4352 versus
483 4295 778 4350 hereticos
823 4293 1088 4349 volumen
1144 4291 1423 4362 scripsit?
1451 4309 1525 4348 an
1580 4292 1677 4350 ille
1705 4308 1898 4350 eorum

251 4386 514 4453 nomina,
545 4390 742 4439 anates
793 4389 848 4438 et
898 4382 1233 4453 Opinionum
1268 4388 1524 4453 portenta
1569 4382 1898 4453 exploravit,

249 4483 302 4530 et
334 4476 394 4530 in
423 4481 683 4544 apertum
707 4473 970 4543 produxit
993 4471 1019 4526 ?
1040 4488 1113 4526 an
1140 4487 1528 4542 perversorum
1571 4472 1900 4543 dogmatum

2017 3311 2310 3382 scripsisse
2341 3312 2616 3366 dicendus
2645 3320 2727 3367 est
2761 3331 2776 3381 ;
2808 3329 3006 3368 omnes
3037 3316 3202 3369 etiam
3235 3314 3366 3370 libri
3424 3315 3519 3385 qui
3559 3315 3669 3369 ali—

2016 3401 2150 3470 quid
2186 3401 2457 3470 praeclare
2480 3409 2677 3457 contra
2706 3403 3111 3458 Marcionicam
3172 3403 3432 3458 haeresim
3483 3404 3673 3459 conti-

2016 3504 2150 3546 nere
2183 3490 2563 3560 reperiuntur,
2623 3491 2800 3560 spurii
2849 3499 2900 3545 et
2959 3491 3337 3547 comtnentitii
3397 3491 3668 3548 censendi

2017 3595 2167 3643 sunt.
2203 3587 2589 3643 Tertullianus
2618 3604 2734 3645 non
2796 3594 3015 3644 tantum
3071 3589 3132 3644 in
3164 3589 3294 3656 hoc,
3324 3590 3416 3646 sed
3452 3590 3511 3644 in
3557 3597 3671 3645 toto

2017 3678 2167 3749 quod
2199 3682 2381 3732 exstat
2411 3693 2600 3747 Opere,
2652 3677 2870 3734 nullam
2911 3693 3162 3749 unquam
3193 3677 3535 3733 sententiam
3598 3695 3667 3733 ex

2016 3767 2133 3822 ullo
2183 3767 2457 3836 scriptore
2513 3767 2898 3823 ecclesiastico
2930 3768 3159 3823 totidem
3195 3767 3378 3822 verbis
3427 3767 3664 3821 nomine

2014 3855 2185 3911 citato
2244 3854 2544 3924 excerpsit.
2578 3855 2892 3910 Barnabam
2925 3856 3202 3920 nominat,
3237 3856 3330 3911 sed
3369 3862 3427 3909 ut
3456 3859 3656 3910 aucto-

2015 3960 2135 3999 rem
2167 3943 2420 4013 epistolas
2449 3945 2516 3998 ad
2547 3941 2827 4010 Hebraeos,
2888 3960 3012 4014 quas
3065 3959 3220 3999 nunc
3250 3944 3305 3999 S.
3343 3943 3500 3998 Pauli
3531 3959 3657 3999 cre-

2016 4033 2187 4088 ditur.
2221 4031 2483 4088 Hermarn
2517 4033 2671 4100 citat,
2723 4048 2890 4103 quem
2949 4048 3102 4088 nunc
3153 4041 3212 4088 ut
3261 4033 3661 4088 authentieum

2012 4122 2279 4190 admittit,
2321 4137 2475 4177 nunc
2508 4129 2565 4176 ut
2593 4122 2984 4192 apocrypbum
3016 4121 3258 4192 despuit.
3312 4120 3662 4176 Clementem

2036 4212 2206 4267 sudat
2238 4216 2300 4265 ut
2327 4210 2515 4265 Romae
2553 4209 2906 4280 epiSCOpum,
2952 4226 3069 4265 non
3129 4218 3187 4264 ut
3241 4209 3492 4280 epistolas
3524 4209 3669 4264 scri-

2011 4310 2249 4372 ptorem.
2285 4299 2634 4354 Christianos
2659 4299 2877 4370 aliquot
2917 4298 2986 4353 ad
3043 4306 3247 4370 gentes,
3281 4297 3416 4371 πρὸς
3437 4295 3645 4367 Ἕλλη-

2009 4409 2126 4455 νας,
2158 4389 2439 4459 Opuscula
2471 4387 2812 4456 condidisse,
2840 4389 2996 4456 dicit,
3056 4389 3344 4444 neminem
3377 4389 3654 4444 nominat.

2010 4479 2317 4549 Cujusdam
2372 4480 2488 4532 hazc
2543 4477 2711 4532 verba
2761 4477 2996 4533 recitare
3051 4478 3268 4533 videtur
3312 4494 3324 4533 :
3389 4478 3659 4546 Quoniam

251 4562 543 4618 insaniam
575 4568 670 4615 aut
712 4561 1046 4625 rationibus,
1077 4564 1180 4614 aut
1231 4560 1530 4629 Scriptura:
1563 4561 1899 4615 testimoniis
1933 4554 1976 4619 Ι)
2008 4569 2223 4641 quidem
2255 4568 2589 4636 desponsata
2619 4575 2697 4622 est
2733 4570 2941 4638 Maria,
2972 4566 3175 4623 idcirco
3206 4571 3257 4623 et
3309 4568 3383 4624 ab
3439 4569 3655 4639 angelo,

252 4651 459 4706 retudit
493 4649 520 4704 ‘l
539 4665 614 4705 an
639 4666 704 4705 ea
725 4657 886 4705 astate
915 4648 1076 4716 vixit,
1100 4663 1207 4718 qua
1236 4649 1516 4718 Justinus,
1548 4657 1643 4703 aut
1689 4648 1898 4705 Miltia-

254 4742 373 4807 des,
407 4746 507 4795 aut
531 4742 798 4808 tremens,
833 4739 927 4810 qui
962 4737 1054 4794 hic
1101 4737 1597 4794 haresiarcharum
1653 4745 1896 4794 contem-

248 4832 478 4900 poranei
500 4829 917 4886 nominantur?
941 4845 1015 4884 an
1047 4844 1112 4883 ea
1143 4828 1229 4883 vel
1289 4828 1451 4898 copia
1502 4827 1588 4884 vel
1621 4829 1901 4899 elegantia

252 4920 498 4989 scripsit,
534 4927 591 4974 ut
621 4934 752 4975 eum
784 4934 844 4973 in
896 4933 1066 4986 opere
1121 4917 1228 4973 isto
1258 4916 1641 4973 Tertullianus
1679 4927 1900 4989 Optaret

255 5008 530 5079 assequi?
580 5007 734 5064 Nihil
796 5007 995 5062 horum
1032 5006 1089 5062 in
1148 5007 1363 5077 Ignatio
1395 5007 1729 5076 reperimus,
1775 5025 1901 5079 qua

259 5099 454 5152 omnia
482 5099 541 5152 in
573 5097 689 5153 illis
710 5097 1133 5168 spectabantur,
1192 5111 1333 5166 quos
1390 5096 1706 5153 nominavit
1763 5098 1899 5154 Ter-

257 5188 550 5255 tulliauus,
580 5195 636 5244 et
663 5195 893 5258 prOpter
956 5203 1077 5256 quas
1122 5201 1219 5241 eos
1267 5185 1503 5242 omnino
1560 5188 1897 5245 nominavit.

257 5277 546 5334 Absonum
580 5285 667 5333 est
721 5277 892 5347 igitur
941 5275 1218 5347 Ignatium
1261 5275 1407 5331 inter
1462 5275 1593 5332 illos
1623 5293 1894 5350 quaerere,

255 5366 516 5440 iniquum
544 5367 828 5437 ﬂagitare;
863 5365 1280 5422 Tertullianum
1309 5363 1594 5422 afﬁrmare
1610 5365 1736 5423 ideo
1767 5384 1896 5425 eum

256 5459 479 5528 penitus
498 5459 810 5527 ignorasse,
844 5457 994 5528 quod
1020 5472 1086 5513 eo
1116 5454 1224 5512 loci
1255 5470 1372 5511 non
1398 5455 1798 5523 nominaverit,
1826 5458 1896 5516 ab

253 5549 411 5605 omni
442 5549 664 5605 ratione
689 5545 945 5604 alienum
976 5553 1079 5602 est.

323 5638 513 5695 Tertio
544 5637 915 5694 Tertullianus
940 5636 1122 5710 fuisse
1163 5649 1478 5709 precoquos
1517 5639 1572 5693 et
1624 5635 1896 5697 abortivos

2008 4667 2061 4714 et
2085 4658 2157 4713 ab
2186 4660 2425 4729 apostolo
2480 4657 2772 4713 mulierem
2819 4658 3236 4728 pronuntiatam
3270 4673 3283 4712 :
3320 4657 3654 4728 desponsata

2009 4750 2158 4804 enim
2199 4747 2592 4819 quodammodo
2649 4753 2827 4817 nupta
2858 4765 2873 4814 ;
2902 4748 2996 4803 sed
3050 4763 3123 4804 an
3155 4748 3363 4818 scripta
3410 4747 3642 4812 fuerint,

2010 4855 2125 4894 non
2155 4839 2340 4903 docet,
2373 4844 2425 4892 et
2478 4837 2598 4906 ipsa
2651 4836 2810 4892 all‘ert
2866 4844 3084 4892 tantum
3119 4844 3175 4892 ut
3206 4836 3432 4892 refutet.
3465 4835 3649 4890 Justi-

2009 4942 2172 4992 num,
2207 4925 2503 4994 Irenaeum,
2533 4925 2867 4990 Miltiadem,
2901 4925 3203 4980 Proculum
3267 4924 3440 4980 semel
3475 4923 3664 4978 nomi-

2010 5024 2126 5084 nat,
2150 5010 2292 5088 quOs
2324 5020 2382 5071 el:
2411 5031 2470 5070 se
2499 5014 2653 5086 sequi
2683 5015 2964 5084 professus
2994 5021 3098 5068 est.
3134 5014 3344 5068 Praeter
3402 5013 3506 5066 hos
3537 5011 3655 5079 ille,

2009 5106 2104 5176 qui
2133 5104 2581 5174 quamplurimos
2611 5103 2929 5158 haereticos.
2961 5102 3236 5159 ducentos
3289 5116 3432 5170 pene
3465 5100 3655 5154 ethni-

2007 5209 2104 5251 cos
2146 5191 2360 5261 laudat,
2392 5193 2680 5248 neminem
2733 5207 2800 5246 ex
2835 5191 3207 5262 scriptoribus
3237 5188 3658 5247 ecclesiasticis

2009 5282 2302 5338 nominare
2332 5281 2600 5350 dignatus
2629 5288 2712 5336 est
2746 5299 2759 5349 ;
2797 5287 2848 5336 ct
2881 5295 2948 5335 ex
2984 5295 3180 5335 eorum
3212 5297 3355 5350 quos
3404 5280 3664 5335 nominat

2007 5371 2234 5443 scriptis
2263 5385 2336 5426 ne
2363 5385 2474 5426 una
2506 5370 2732 5441 quidem
2766 5370 3050 5426 sententia
3079 5371 3147 5424 ad
3181 5369 3510 5426 refutandos
3541 5370 3665 5424 has-

2017 5463 2244 5532 reticos,
2273 5468 2366 5516 aut
2405 5459 2720 5516 doctrinam
2777 5459 3028 5530 aliquam
3087 5458 3470 5515 Christianam
3523 5476 3666 5517 con-

2016 5552 2374 5615 firmandam,
2409 5555 2677 5621 tanquam
2730 5550 3073 5619 testimonio,
3135 5557 3231 5607 aut
3313 5550 3418 5606 sub
3477 5549 3666 5621 specie

2009 5640 2361 5709 auctoritatis
2392 5641 2585 5698 utitur.
2619 5640 2926 5699 Silentium
2946 5640 3116 5712 igitur
3143 5639 3482 5698 Tertulliani
3512 5637 3662 5696 nihil
