3990 6136
308 311 426 373 263

1346 304 1412 367 Β.
1459 303 1860 368 IGNATIUS.
1906 337 1982 349 —
2030 305 2646 367 PROLEGOMENA.

3603 305 3730 372 264

307 446 376 502 ad
397 437 1771 518 lgnatiiepistoliciauctoritatemimminuendam
1788 437 1954 494 valet.
1984 439 2037 506 Α
2066 437 2287 507 ducere,
2319 439 2578 495 idoneum
2633 438 2999 510 conﬁrmandi
3028 439 3094 496 de
3119 442 3381 512 proximo
3412 443 3539 510 iure
3560 443 3734 500 disci-

378 538 606 602 Quarto,
645 531 924 602 Ignatium
957 537 1216 585 nostrum
1278 545 1394 584 non
1455 535 1677 583 tantum
1734 527 1965 583 Tertul-

309 625 482 690 liano,
515 622 610 678 sed
643 629 694 677 et
717 620 1018 677 catholicis
1049 620 1304 689 ejusdem
1339 617 1443 672 sevi
1497 618 1758 688 ignotum
1790 615 1963 673 fuisse

303 713 538 768 aliunde
620 710 1011 779 deprehendit.
1073 707 1325 773 Scilicet,
1404 706 1672 763 catholici
1759 707 1961 778 lapsos,

304 802 476 856 etiam
505 799 759 867 maechos,
786 814 886 870 per
911 799 1303 868 paenitentiam
1325 797 1384 850 in
1410 796 1730 852 Ecclesiam
1757 795 1963 851 admit-

300 892 504 946 tebant.
542 889 934 957 Tertullianus,
958 887 1204 943 Montani
1233 893 1485 955 sectator,
1522 885 1618 942 lib.
1673 890 1749 941 De
1793 885 1961 955 pudi-

297 984 448 1050 citia,
475 979 779 1036 catholicos
806 986 1116 1052 oppugnat.
1157 977 1416 1048 Ignatius
1445 978 1606 1034 docet
1639 979 1960 1047 paenitentes

297 1088 411 1127 esse
438 1069 832 1141 suscipiendos.
884 1070 1024 1139 Ergo
1072 1083 1170 1123 nec
1202 1066 1579 1134 Tertulliano,
1643 1082 1745 1122 nec
1771 1065 1956 1120 catho-

303 1160 428 1215 licis
455 1163 612 1214 notus
641 1160 774 1230 fuit.
798 1158 906 1213 Ain
934 1173 1091 1224 vero,
1126 1173 1256 1227 ergo
1289 1172 1393 1211 nec
1447 1155 1819 1222 Tertulliano,
1851 1168 1959 1210 nec

299 1247 594 1306 catholicis
625 1255 791 1303 notus
820 1246 948 1309 fuit,
980 1245 1067 1300 vel
1092 1246 1238 1315 quod
1272 1245 1426 1301 idem
1476 1251 1580 1309 est,
1642 1248 1695 1299 et
1743 1241 1959 1298 Tertul-

298 1339 455 1394 liano
486 1345 539 1394 et
564 1337 861 1394 catholicis
892 1337 1119 1406 ignotus
1150 1333 1253 1388 fuit
1288 1334 1308 1387 ἓ
1340 1335 1508 1404 idque
1557 1333 1693 1390 hinc
1745 1333 1956 1404 depre-

299 1426 471 1483 hendi
513 1425 1069 1496 putas?Utrumque
1121 1431 1270 1478 certe
1329 1437 1444 1477 non
1505 1422 1780 1491 sequitur.
1846 1419 1954 1476 Pro

297 1518 567 1572 alterutro
598 1514 827 1586 quidem
883 1512 1102 1583 Species
1132 1512 1321 1582 aliqua
1352 1511 1672 1580 argumenti
1717 1516 1819 1575 est,
1853 1525 1952 1579 pro

295 1615 534 1676 utroque
563 1603 746 1673 nulla.
802 1602 965 1657 Liber
997 1601 1224 1672 quidem
1257 1603 1333 1655 De
1379 1601 1649 1672 pudicitia
1681 1599 1758 1654 ita
1812 1599 1950 1655 scri-

296 1701 429 1768 ptus
459 1701 567 1762 est,
602 1701 660 1748 ut
689 1691 1024 1763 plerumque
1079 1691 1260 1760 primo
1315 1689 1741 1758 Psychicorum,
1776 1687 1830 1743 id
1864 1691 1952 1743 est

2067 526 2286 594 ptinam
2313 527 2726 598 magistrorum.
2761 529 2840 583 Ita
2865 528 3257 586 auctoritatem
3289 531 3412 600 ejus
3432 532 3725 601 diminuit,

2067 631 2232 686 quem
2282 615 2404 686 ipse
2434 618 2694 688 producit
2727 633 2741 674 :
2776 625 2828 674 et
2859 618 2966 674 hoc
3021 619 3192 674 etiam
3253 620 3388 676 fecit
3442 637 3575 678 cum
3610 638 3730 680 non

2069 705 2340 760 Barnabte
2407 705 2586 776 ipsius
2645 707 2940 777 epistolam
2999 708 3219 780 citaret,
3289 709 3383 765 sed
3423 725 3551 766 eam
3600 727 3723 782 qua

2066 793 2274 863 scripta
2306 802 2389 849 est
2431 797 2496 850 ad
2539 795 2826 862 Hebraeos,
2875 813 3003 867 quae
3059 812 3214 854 nunc
3275 798 3333 854 in
3366 814 3588 856 canone
3617 809 3722 870 est,

2065 888 2121 939 et
2148 889 2202 940 S.
2254 885 2418 941 Pauli
2467 886 2720 957 Epistola
2775 886 3044 942 creditur.
3106 890 3229 945 Imo
3287 905 3416 945 vero
3447 905 3720 962 quorsum

2063 973 2328 1030 catholici
2359 975 2737 1043 Tertulliano,
2769 975 2858 1031 vel
2912 977 3032 1047 ipse
3086 977 3196 1033 sibi
3245 978 3526 1048 objiceret
3555 985 3718 1037 testi-

2066 1063 2323 1120 monium
2347 1064 2640 1134 scriptoris
2683 1064 2753 1120 ab
2785 1065 3039 1122 Ecclesia
3070 1073 3288 1122 tantum
3349 1070 3593 1141 probati,
3627 1072 3723 1142 qui

2062 1161 2234 1210 totam
2288 1155 2465 1224 ipsam
2512 1154 2821 1210 Ecclesiam
2855 1157 3062 1226 sprevit
3091 1173 3158 1213 ac
3188 1157 3467 1227 despuit?
3495 1159 3602 1215 Sed
3632 1177 3725 1217 re-

2063 1259 2188 1298 vera
2218 1242 2508 1312 Ignatiana
2541 1244 2672 1299 talia
2703 1259 2820 1300 non
2851 1251 3031 1316 erant,
3092 1253 3155 1301 ut
3209 1263 3242 1300 a
3301 1246 3598 1304 catholicis
3654 1250 3721 1307 in

2061 1331 2169 1388 hac
2209 1348 2376 1388 causa
2431 1339 2584 1389 recte
2639 1341 2693 1390 et
2747 1335 3005 1404 apposite
3047 1334 3498 1404 adhiberentur;
3533 1353 3722 1409 neque

2059 1423 2212 1478 enim
2245 1423 2616 1494 quaestionem
2643 1424 2994 1496 spectabant,
3025 1441 3151 1498 quae
3183 1432 3318 1483 tunc
3373 1427 3719 1502 agitabatur,

2059 1527 2241 1582 neque
2269 1513 2337 1567 ad
2384 1512 2800 1569 catholicorum
2859 1515 3197 1570 sententiam
3256 1515 3719 1575 conﬁrmandam

2058 1601 2166 1656 nisi
2197 1601 2416 1657 obtorto
2456 1602 2604 1658 collo
2623 1603 2828 1659 adduci
2885 1607 3216 1675 potuerunt,
3257 1612 3353 1660 aut
3403 1621 3534 1662 cum
3567 1608 3715 1664 scri-

2058 1697 2219 1760 ptura
2251 1694 2470 1746 Hermia
2508 1692 2801 1764 conjungi,
2844 1708 2972 1765 quae
2999 1694 3114 1749 sola
3148 1710 3249 1749 ma:
3265 1694 3398 1750 chos
3448 1699 3620 1764 amat,
3657 1702 3725 1753 ut

296 1787 706 1845 catholicorum
739 1783 978 1854 objecta,
1005 1783 1136 1840 dein
1197 1781 1535 1838 Tertulliani
1587 1781 1948 1838 Montanistae
1974 1808 2023 1874 Β
2059 1779 2307 1849 loquitur
2336 1781 2745 1837 Tertullianus.
2780 1783 3024 1850 Quaestio
3051 1784 3208 1840 enim
3239 1789 3380 1851 erat,
3427 1803 3500 1841 an
3537 1786 3709 1843 Chri-

294 1875 694 1946 responsiones
715 1874 1023 1929 contineat.
1057 1871 1297 1943 Objecta
1326 1879 1514 1928 autem
1571 1871 1670 1926 illa
1700 1870 1791 1926 vel
1823 1886 1945 1926 om-

291 1966 388 2021 nia
418 1972 471 2019 et
502 1962 621 2019 sola
678 1963 931 2028 fuerunt,
963 1977 1084 2031 quae
1137 1959 1402 2017 catholici
1455 1959 1738 2016 haereticis
1771 1975 1943 2030 oppo-

291 2054 524 2121 nebant,
557 2060 609 2109 et
639 2053 708 2106 ad
741 2069 863 2123 quae
894 2069 926 2106 a
975 2049 1322 2106 Tertulliano
1380 2049 1806 2120 reSponsionem
1840 2065 1937 2104 ex-

285 2143 620 2215 spectabant
644 2149 812 2212 atque
843 2139 1204 2211 postulabant
1234 2159 1248 2210 ;
1278 2142 1426 2211 quod
1493 2140 1538 2194 si
1582 2139 1792 2195 factum
1825 2153 1938 2209 pu-

283 2240 489 2303 temus,
525 2241 641 2287 tum
671 2230 1058 2287 Tertullianus
1114 2229 1332 2286 censeri
1385 2246 1499 2285 non
1554 2235 1741 2299 potest
1773 2227 1937 2297 Igna-

281 2324 422 2378 tium
456 2322 582 2377 ideo
623 2323 934 2392 ignorasse,
991 2319 1124 2389 quia
1185 2334 1314 2374 eum
1373 2334 1491 2374 non
1549 2316 1933 2386 nominabat;

280 2427 464 2483 neque
495 2411 646 2468 enim
680 2426 778 2481 pro
811 2427 869 2466 se
895 2409 1187 2465 nominare
1226 2409 1424 2478 potuit,
1458 2423 1643 2478 neque
1667 2408 1934 2462 adversus

282 2517 342 2555 se
375 2499 671 2554 nominare
701 2497 914 2560 debuit,
949 2497 1057 2552 nisi
1089 2513 1184 2552 eos
1245 2503 1480 2562 tantum,
1539 2510 1780 2566 quorum
1830 2511 1933 2548 au-

279 2589 508 2646 ctoritas
534 2588 582 2644 ei
614 2585 1013 2658 objiciebatur.
1047 2586 1147 2642 Vel
1208 2585 1428 2654 objecta
1469 2584 1589 2640 haec
1619 2584 1931 2640 Tertullia-

279 2695 386 2734 nus
416 2677 523 2732 sibi
553 2676 664 2747 ipsi
696 2677 847 2743 fecit,
880 2691 1010 2733 cum
1041 2675 1266 2730 delectu
1320 2683 1373 2730 et
1417 2691 1518 2746 pro
1578 2674 1834 2742 arbitrio,
1879 2680 1931 2729 et

277 2784 393 2823 non
428 2783 494 2822 ex
529 2765 861 2836 praescripto
920 2764 1354 2834 catholicorum,
1387 2765 1533 2835 quod
1582 2762 1926 2818 verisimilli-

273 2872 432 2911 mum
461 2859 546 2909 est
574 2872 588 2921 ;
622 2861 678 2909 et
709 2862 829 2910 tum
859 2854 996 2909 inde
1026 2853 1217 2924 colligi
1278 2853 1439 2910 nullo
1496 2855 1663 2909 modo
1721 2860 1927 2923 potest,

274 2946 544 3002 omnibus
575 2945 730 3001 illius
779 2946 880 2999 invi
912 2944 1208 3000 catholicis
1239 2946 1498 3015 ignotum
1539 2943 1713 2998 fuisse
1761 2943 1926 3011 Igna-

272 3036 410 3090 tium
445 3043 728 3100 nostrum,
761 3035 908 3106 quod
936 3031 1325 3090 Tertullianus
1383 3049 1513 3089 eum
1563 3049 1681 3089 non
1737 3031 1924 3086 nomi-

271 3125 507 3188 naverit,
541 3125 637 3194 qui
667 3124 891 3194 objecta
922 3139 1038 3178 non
1067 3122 1138 3177 ab
1171 3123 1286 3177 illis
1316 3123 1558 3192 accepit,
1591 3136 1773 3191 neque
1803 3136 1922 3174 om-

270 3217 364 3271 nia
390 3230 514 3284 quae
539 3214 621 3268 illi
653 3213 901 3283 objicere
949 3221 1044 3268 aut
1086 3221 1321 3284 possent
1375 3221 1471 3267 aut
1509 3212 1763 3267 solerent
1805 3219 1921 3266 tra-

267 3305 457 3367 ctavit,
485 3303 578 3358 sed
604 3303 726 3373 ipse
755 3303 862 3358 sibi
898 3310 1060 3371 prout
1089 3301 1202 3374 ipsi
1234 3302 1418 3357 visum
1447 3309 1527 3356 est
1560 3301 1915 3372 objecit,quo

267 3393 490 3448 facilius
521 3391 778 3448 solveret.
816 3392 960 3447 Male
982 3392 1152 3459 igitur
1186 3391 1270 3445 vir
1299 3390 1665 3445 doctissimus
1695 3397 1748 3444 et
1777 3390 1914 3445 Ter-

263 3482 502 3538 tulliauo
534 3489 587 3537 et
644 3480 944 3538 catholicis
976 3480 1085 3537 hoc
1115 3489 1449 3549 argumento
1503 3478 1784 3548 lgnatium
1816 3495 1916 3535 uo-

263 3582 441 3628 strum
473 3571 728 3642 ignotum
755 3571 930 3626 fuisse
958 3569 1194 3640 colligit.
1225 3571 1294 3623 At
1325 3568 1587 3640 quaedam
1618 3569 1686 3625 de
1731 3568 1912 3626 eccle-

263 3662 507 3718 siasticis
559 3659 931 3731 scriptoribus
985 3660 1337 3714 adduxerunt
1397 3657 1484 3714 vel
1515 3657 1798 3727 catholici,
1827 3659 1912 3715 vel

260 3751 642 3807 Tertullianus
673 3765 772 3819 pro
823 3749 1110 3804 catholica
1176 3747 1509 3815 sententia;
1548 3747 1652 3802 hoc
1712 3750 1913 3804 saltem

262 3841 458 3911 negari
492 3840 709 3895 videtur
741 3854 856 3893 non
887 3853 1072 3909 posse.
1118 3841 1227 3891 Cur
1283 3852 1401 3892 non
1431 3836 1606 3904 igitur
1631 3837 1912 3908 Ignatium

260 3929 407 3984 inter
463 3929 877 3984 ecclesiasticos
934 3927 1237 3996 scriptores
1317 3925 1710 3994 nominarunt,
1799 3926 1912 3981 nisi

257 4019 402 4090 quod
433 4033 564 4073 eum
600 4034 713 4072 non
751 4025 1028 4071 noverunt
1063 4014 1091 4070 ?
1121 4015 1474 4085 Respondeo,
1516 4015 1564 4070 si
1624 4014 1775 4069 ullus
1796 4031 1914 4070 om-

262 4108 402 4163 nino
434 4116 490 4162 ut
518 4105 936 4163 ecclesiasticus
964 4104 1204 4174 scriptor
1259 4105 1319 4160 in
1381 4104 1481 4159 illo
1523 4120 1692 4174 opere
1749 4105 1912 4160 fuerit

263 4198 420 4252 testis
443 4197 767 4264 productus,
813 4207 962 4248 unus
1021 4201 1238 4247 tantum
1301 4192 1425 4258 fuit,
1473 4192 1710 4261 scilicet,
1770 4198 1912 4248 Her-

263 4300 422 4340 mas:
457 4289 551 4355 qui
583 4291 772 4338 tamen
810 4297 922 4338 non
977 4287 1036 4337 ut
1098 4283 1536 4354 ecclesiasticus,
1569 4285 1668 4340 sed
1728 4293 1783 4338 ut
1815 4299 1911 4339 ca-

261 4374 501 4430 nonicus
534 4373 773 4442 scriptor
805 4372 1038 4441 produci
1071 4372 1308 4443 videtur,
1340 4373 1409 4428 ad
1469 4374 1629 4443 cujus
1660 4373 1908 4430 auctori-

258 4466 432 4516 tatem
466 4460 910 4516 imminuendam
948 4460 1332 4516 Tertullianus
1391 4461 1713 4532 respondet,
1761 4463 1908 4532 quod

2053 1869 2248 1940 stiani,
2280 1870 2350 1925 ob
2381 1871 2600 1926 crimen
2643 1871 2901 1927 moechiae
2953 1871 3113 1943 ejecli
3154 1889 3254 1944 per
3312 1876 3713 1946 paenitentiam

2050 1959 2222 2029 recipi
2255 1960 2312 2014 in
2344 1959 2661 2016 Ecclesiam
2693 1960 2984 2017 deberent.
3037 1963 3290 2033 Iguatius
3329 1973 3518 2021 autem
3551 1966 3714 2022 nihil

2048 2047 2118 2103 de
2150 2048 2388 2104 moechis
2412 2049 2600 2116 habet,
2635 2049 2780 2105 nihil
2811 2051 2881 2106 de
2912 2050 3002 2120 iis,
3038 2052 3136 2121 qui
3167 2053 3299 2108 dum
3336 2053 3488 2109 intra
3519 2054 3716 2111 eccle-

2047 2137 2188 2192 siam
2221 2143 2373 2206 sunt,
2405 2144 2502 2193 aut
2541 2138 2704 2207 illud,
2745 2145 2840 2194 aut
2899 2139 3055 2195 aliud
3115 2141 3353 2211 quodvis
3383 2159 3554 2212 grave
3600 2143 3716 2199 cri-

2045 2242 2174 2282 men
2230 2234 2571 2298 perpetrant.
2627 2227 2728 2283 Ille
2773 2230 2841 2284 ad
2925 2229 3197 2286 unitatem
3252 2232 3704 2290 ecclesiasticam

2043 2315 2298 2373 hortatur
2357 2317 2885 2389 Pbiladclpheuses,
2945 2326 2996 2376 et
3054 2321 3120 2375 ad
3170 2336 3511 2377 consensum
3563 2338 3702 2379 cum

2041 2405 2306 2476 episcopo
2360 2423 2512 2463 suo:
2575 2408 2842 2480 Quotquot
2897 2411 3045 2466 enim
3115 2410 3208 2465 Dei
3265 2415 3396 2466 sunt
3450 2418 3501 2465 et
3567 2412 3705 2468 Jesu

2042 2495 2269 2565 Christi,
2302 2497 2508 2567 inquit,
2541 2498 2634 2553 isti
2661 2514 2787 2553 eum
2821 2514 2884 2554 eo
2939 2503 3105 2555 sunt:
3130 2505 3182 2555 et
3210 2504 3468 2572 quotquot
3506 2501 3712 2573 utique

2037 2584 2362 2656 ptenitentes
2411 2585 2645 2642 veniunt
2696 2587 2755 2642 in
2807 2587 3074 2645 unitatem
3132 2589 3403 2658 Ecclesiae,
3435 2590 3534 2646 isti
3587 2592 3692 2647 Dei

2037 2685 2225 2730 erunt.
2259 2677 2334 2731 Ac
2367 2692 2566 2731 rursus
2599 2684 2721 2747 post
2765 2693 2981 2747 pauca:
3021 2677 3122 2734 Ubi
3167 2678 3366 2735 divisio
3395 2684 3474 2735 est
3498 2690 3549 2735 et
3579 2682 3700 2747 ira,

2035 2766 2178 2819 Deus
2206 2780 2315 2820 non
2348 2764 2580 2820 habitat.
2630 2765 2894 2823 Omnibus
2951 2767 3128 2836 igitur
3183 2769 3580 2837 penitentibus
3608 2771 3696 2826 di-

2033 2853 2204 2907 mittit
2234 2856 2399 2920 Deus,
2426 2855 2482 2908 si
2505 2855 2813 2926 pceniteant
2844 2858 2903 2910 in
2933 2857 3212 2913 unitatem
3252 2861 3375 2928 Dei,
3426 2863 3475 2914 et
3503 2861 3692 2914 conci-

2034 2940 2173 2994 lium
2202 2943 2454 3012 episcopi.
2489 2946 2623 2998 Haec
2654 2944 2905 3008 Iguatius
2959 2949 3151 3001 noster
3209 2947 3279 3002 de
3313 2947 3590 3003 haereticis
3629 2957 3698 3004 et

2033 3029 2411 3085 schismaticis
2436 3032 2687 3103 loquitur
2705 3037 2771 3088 ad
2810 3035 3085 3091 unitatem
3150 3036 3416 3093 Ecclesiae
3443 3042 3500 3093 et
3548 3053 3697 3094 cou-

2031 3117 2225 3172 cilium
2257 3117 2502 3188 episcopi
2560 3121 2946 3178 redeuntibus.
2985 3123 3193 3178 Omnia
3231 3141 3352 3194 qua:
3387 3132 3690 3196 utramque

2033 3207 2379 3262 sententiam
2410 3210 2759 3266 antecedunt
2789 3215 2888 3266 aut
2935 3218 3274 3283 sequuntur,
3327 3214 3433 3270 hoc
3464 3215 3699 3270 verissi-

2029 3311 2186 3349 mum
2218 3311 2339 3351 esse
2365 3297 2660 3356 evincunt.
2695 3299 2849 3357 Nihil
2875 3300 2971 3357 ille
3004 3303 3073 3357 de
3123 3303 3387 3370 moechis,
3433 3303 3583 3359 nihil
3615 3306 3694 3361 de

2025 3383 2270 3451 sicariis,
2302 3385 2374 3440 de
2406 3386 2726 3443 idololatria
2757 3389 2925 3446 nihil.
2988 3390 3228 3467 Φεύγετε
3288 3392 3555 3465 μερισμὸν
3596 3392 3698 3447 καὶ

2024 3468 2534 3544 κακοδιδασκαλιας,
2589 3476 2802 3548 inquit,
2854 3486 2908 3535 et
2966 3479 3072 3537 hoc
3124 3492 3517 3552 argumentum
3575 3482 3694 3540 late

2023 3563 2400 3633 persequitur.
2450 3564 2846 3622 Schismaticis
2904 3576 2958 3624 et
3017 3570 3296 3627 haereticis
3330 3572 3693 3641 persistenti-

2026 3661 2128 3717 bus
2168 3669 2445 3718 mtcrnum
2478 3665 2822 3733 supplicium
2873 3667 3149 3734 minatur,
3213 3671 3704 3740 resipiscenlibus

2025 3752 2408 3822 receptionem
2453 3755 2647 3809 suadet
2677 3763 2731 3810 et
2771 3755 3013 3813 salutem
3043 3760 3309 3828 spondet,
3353 3761 3561 3832 quibus
3595 3778 3697 3817 re-

2023 3842 2207 3911 ceptio
2239 3841 2298 3895 in
2320 3841 2632 3897 Ecclesiam
2666 3852 2865 3912 negata
2900 3861 3193 3918 nunquam
3223 3848 3351 3905 fuit.
3405 3853 3527 3905 lmo
3562 3867 3696 3920 gra-

2023 3929 2250 3985 vissima
2282 3939 2512 3999 peccata
2543 3940 2698 3986 extra
2745 3933 3062 3990 Ecclesiam
3094 3954 3125 3991 a
3159 3937 3538 3994 schismaticis
3585 3948 3692 3996 aut

2025 4018 2308 4075 haereticis
2338 4028 2676 4089 perpetrata,
2709 4023 2879 4077 etiam
2940 4023 3305 4082 Montanislis
3355 4027 3682 4098 judicibus,

2023 4109 2406 4177 receptionem
2439 4110 2498 4163 in
2531 4110 2839 4166 Ecclesiam
2875 4113 3280 4180 paenitentibus
3303 4132 3416 4172 non
3445 4118 3687 4187 preclu-

2022 4197 2251 4252 debant.
2278 4199 2382 4251 Cui
2402 4201 2550 4252 enim
2571 4199 2805 4254 dubium
2820 4203 3408 4263 est,aitTertullianus
3424 4205 3532 4262 hoc
3554 4207 3689 4276 ipso

2021 4283 2096 4337 De
2126 4283 2403 4353 pudicitia
2434 4284 2600 4350 libro,
2633 4286 2950 4342 haereticum
2984 4289 3338 4347 institutione
3377 4292 3690 4363 deceptum,

2021 4371 2240 4441 cegnito
2268 4373 2614 4443 postmodum
2644 4392 2798 4444 casu,
2817 4380 2868 4432 et
2895 4380 3230 4448 paenitentia
3257 4383 3567 4451 expiato.et
3587 4397 3686 4437 ve-

2020 4462 2176 4515 niam
2207 4464 2486 4535 consequi,
2519 4470 2573 4518 et
2631 4464 2690 4519 in
2749 4466 3047 4522 Ecclesiam
3089 4469 3275 4539 redigi
3302 4470 3330 4525 ?
3361 4471 3489 4527 llarc
3513 4471 3686 4535 igitur

260 4551 376 4622 ejus
406 4551 683 4620 scriptura
705 4549 900 4605 divino
936 4549 1301 4605 instrumento
1365 4566 1469 4605 non
1500 4549 1792 4605 meruisset
1821 4551 1907 4605 in-
1945 4544 1988 4609 D
2022 4549 2314 4620 Ignatiana
2339 4552 2407 4606 ad
2439 4567 2559 4607 eam
2589 4555 2966 4624 quaestionem
2991 4572 3106 4612 non
3138 4559 3487 4628 Spectabunt,
3521 4575 3627 4617 nec
3650 4577 3684 4616 ο.

261 4638 412 4708 eiii;
447 4640 595 4710 quod
628 4654 796 4695 nemo
829 4654 1078 4710 unquam
1122 4640 1508 4710 respondisset
1557 4640 1627 4695 de
1655 4648 1904 4707 auctore,

262 4732 414 4802 quia
446 4730 679 4787 nemine
701 4747 802 4801 pro
831 4732 1111 4788 canonico
1145 4731 1465 4800 haberetur,
1496 4740 1589 4786 aut
1621 4732 1718 4804 qui
1765 4731 1906 4786 sim-

260 4821 480 4892 pliciter
513 4829 570 4877 ut
601 4820 1020 4877 ecclesiasticus
1050 4821 1448 4876 tantummodo
1473 4829 1906 4893 pr0poneretur.

257 4910 530 4967 Praeterea
587 4910 975 4966 Tertullianus
1035 4909 1240 4966 diserte
1291 4918 1452 4966 cavet
1507 4911 1567 4964 in
1623 4911 1728 4966 hoc
1779 4911 1907 4980 ipso

255 5017 524 5071 opere,ne
570 5001 892 5072 quisquam,
953 5007 1152 5069 praeter
1209 4999 1512 5068 scriptores
1565 5000 1897 5067 canonicos,

258 5108 383 5147 eam
404 5092 563 5148 litem
588 5090 882 5160 disceptet.
939 5089 1082 5146 Nam
1144 5104 1259 5144 non
1301 5095 1522 5144 tantum
1575 5090 1644 5144 ad
1674 5093 1898 5145 Hermae

261 5184 566 5252 Pastorem,
625 5195 757 5236 cum
809 5179 958 5249 picto
1023 5186 1246 5248 pastore
1286 5176 1346 5233 in
1401 5176 1576 5234 calice
1629 5177 1906 5234 collatum

258 5275 607 5347 respondet:
653 5274 720 5329 At
760 5289 863 5343 ego
891 5273 1007 5342 ejus
1036 5271 1283 5328 Pastoris
1315 5269 1624 5340 scripturas
1680 5270 1907 5340 haurio,

255 5364 354 5436 qui
384 5381 494 5419 non
524 5370 696 5435 potest
719 5363 930 5434 frangi,
975 5361 1072 5417 sed
1103 5367 1156 5417 et
1201 5375 1334 5416 cum
1365 5375 1466 5430 pro
1497 5375 1596 5416 sua
1625 5362 1910 5417 sententia

259 5451 573 5508 Barnabam
607 5452 818 5516 laudat,
881 5459 935 5506 et
994 5450 1208 5505 Hermae
1260 5449 1502 5520 prafert,
1535 5449 1592 5504 id
1641 5464 1756 5505 non
1786 5449 1912 5506 sine

259 5542 591 5612 praefatione
621 5539 799 5595 facit:
863 5539 985 5594 Volo
1041 5542 1226 5594 tamen
1285 5555 1354 5594 ex
1383 5537 1755 5596 redundantia
1799 5540 1913 5596 ali-

256 5633 421 5703 cujus
449 5629 617 5686 etiam
641 5629 862 5689 comitis
883 5627 1255 5700 apostolorum
1299 5629 1678 5686 testimonium
1718 5645 1911 5703 super-

2014 4639 2311 4695 catbolicis
2345 4644 2608 4711 usurpari
2641 4643 2702 4698 in
2751 4661 2817 4698 ea
2848 4661 2906 4700 re
2968 4653 3227 4716 poterant
3261 4667 3274 4715 ;
3311 4650 3458 4718 quod
3508 4650 3687 4719 igitur

2015 4729 2267 4797 Iguatius
2300 4737 2492 4785 noster
2525 4731 2582 4785 in
2611 4747 2677 4787 eo
2710 4732 2854 4788 libro
2887 4750 3001 4789 non
3025 4738 3374 4806 nominetur,
3409 4753 3515 4793 nec
3539 4754 3675 4794 cum

2015 4820 2447 4888 calholicis,nec
2462 4822 2822 4880 'l‘ertulliano
2845 4824 3100 4895 ignotum
3127 4829 3304 4884 fuisse
3321 4829 3682 4885 ostendit.Ita

2015 4910 2360 4980 conjecturis
2391 4928 2457 4966 ex
2491 4911 2826 4968 Tertulliani
2859 4914 3089 4973 silentio
3140 4918 3290 4974 male
3340 4920 3512 4985 natis,
3547 4920 3681 4974 toli-

2014 5015 2122 5070 que
2152 4999 2326 5069 capiti
2355 5001 2727 5071 octavo,quod
2746 5005 2811 5057 ad
2833 5019 2936 5060 nos
2953 5013 3192 5076 Spectat,
3212 5023 3548 5078 responsum
3569 5015 3674 5062 esto

2087 5088 2408 5156 Proximus,
2465 5090 2557 5144 cui
2610 5092 2835 5159 ignotus
2911 5092 3087 5149 fuisse
3155 5095 3367 5151 dicitur
3423 5096 3680 5167 Ignatius

2016 5181 2230 5244 noster,
2263 5184 2346 5234 est
2369 5177 2540 5233 Caius
2573 5180 2827 5251 quidam,
2861 5191 2917 5237 ut
2967 5183 3213 5251 videtur,
3259 5185 3424 5255 cujus
3473 5185 3683 5254 scripta

2016 5267 2210 5322 omnia
2239 5265 2550 5337 perierunt.
2576 5267 2632 5323 Si
2663 5267 2794 5325 libri
2825 5271 2946 5341 ejus
2977 5274 3288 5343 exstarent,
3335 5273 3479 5329 forte
3509 5289 3576 5329 ex
3605 5272 3677 5328 iis

2017 5356 2228 5427 aliquid
2255 5357 2392 5414 certi
2417 5356 2776 5428 haberemus,
2809 5375 2924 5430 quo
2945 5359 3066 5418 haec
3101 5362 3431 5432 conjectura
3458 5361 3676 5433 liquido

2019 5448 2201 5506 refelli
2259 5455 2467 5519 posset.
2527 5449 2696 5508 Nunc
2775 5466 2902 5506 cum
2960 5452 3342 5523 fragmentum
3389 5453 3674 5524 quoddam

2020 5540 2412 5595 tantummodo
2443 5539 2594 5610 apud
2626 5539 2928 5596 Eusebium
2963 5549 3160 5609 exstet,
3195 5542 3366 5610 idque
3407 5542 3531 5598 siue
3549 5559 3675 5627 ,ηο-

2019 5629 2202 5699 mine,
2228 5630 2322 5688 cui
2350 5634 2751 5701 argumentum
2788 5629 3059 5688 innititur
3091 5648 3105 5688 :
3141 5631 3322 5687 multo
3369 5631 3537 5689 nobis
3567 5631 3676 5687 dii-
