3990 6136
262 294 365 359 165

1017 293 1075 358 J.
1121 291 1541 366 PEARSONII
1585 291 1956 357 VlNDICIE
1999 292 2488 357 IGNATIANIB.
2533 329 2613 340 ——
2656 295 2857 357 PARS
2897 294 2950 357 Ι.

3559 299 3679 361 266

264 430 471 488 ticilior
495 431 630 486 haec
665 429 980 504 provincia
1007 429 1296 500 redditur,
1328 429 1432 486 sed
1466 434 1527 486 et
1574 428 1912 502 conjectura

2039 428 2257 502 θρωπον
2311 428 2751 504 καταγγέλλοντα
2778 430 2870 485 τὸν
2899 426 3127 504 Χρ’στόν
3156 446 3170 498 ;
3211 430 3294 488 Ac
3322 434 3555 503 fortasse
3614 435 3678 491 id

265 520 430 576 simul
486 520 685 575 multo
744 519 1008 576 debilior.
1041 519 1099 574 Si
1130 520 1486 592 smpiuscule
1528 519 1701 575 Caius
1723 518 1821 574 ille
1850 519 1913 575 in

264 610 423 667 libris
452 610 576 665 suis
610 610 908 681 lgnatium
943 613 1214 665 nostrum
1245 610 1635 675 nominasset,
1660 608 1816 680 quod
1840 608 1913 663 ab

266 699 359 755 illo
385 699 514 754 ﬁeri
535 699 809 771 potuisse
836 714 1009 754 nemo
1040 704 1219 768 certe,
1239 704 1456 772 praeter
1476 699 1785 766 Dallaaum,
1814 714 1914 753 ne-

267 805 393 862 gare
425 794 622 861 potest
650 788 822 859 (vixit
852 788 1010 844 enim
1067 788 1244 843 tertio
1307 788 1549 858 saeculo,
1597 792 1913 860 postquam

260 880 405 935 ﬁctae
427 878 713 935 dicuntur
732 879 946 951 Ignatii
979 878 1248 951 epistolae
1270 879 1579 947 Salmasio,
1608 883 1668 934 et
1706 878 1908 934 Alber-

259 968 396 1041 tino)
424 983 441 1034 ;
468 967 621 1022 nihil
644 973 851 1023 tamen
873 968 934 1022 id
964 984 1074 1024 nos
1086 967 1361 1041 juvat,ad
1378 986 1522 1041 quos
1540 968 1626 1023 illi
1648 984 1769 1022 non
1783 984 1912 1039 per-

260 1069 566 1120 venerunt.
600 1068 680 1118 Ex
713 1065 954 1120 intituto
987 1066 1265 1134 auctoris,
1290 1070 1347 1120 et
1374 1065 1551 1121 modo
1612 1063 1912 1120 scribendi

262 1154 405 1211 nihil
428 1170 721 1224 reponere
750 1153 974 1223 licebit,
990 1152 1147 1225 quod
1165 1154 1238 1210 de
1258 1155 1506 1223 Irenaeo,
1521 1154 1910 1224 Tertulliano,

264 1242 593 1314 Epiphanio
622 1240 894 1298 fecimus.
931 1240 1015 1297 Ad
1069 1248 1486 1316 argumentum
1529 1243 1709 1316 igitur
1739 1259 1769 1297 e
1800 1242 1911 1297 fra-

264 1337 501 1405 gmento
531 1331 893 1403 productum
925 1348 994 1388 ex
1026 1331 1152 1387 solo
1190 1332 1523 1403 fragmento
1550 1331 1910 1403 respondere

262 1438 601 1494 possumus.
633 1421 789 1478 Illud
817 1427 1018 1477 autem
1048 1421 1133 1477 sic
1164 1439 1225 1478 se
1249 1422 1428 1478 habet
1456 1440 1469 1478 :
1517 1424 1784 1478 Artemon
1811 1421 1909 1476 do-

262 1512 411 1567 cebat
432 1511 715 1567 Christum
743 1528 853 1567 esse
874 1528 1081 1582 purum
1108 1518 1161 1567 et
1190 1512 1400 1568 nudum
1429 1513 1723 1581 hominem,
1745 1513 1907 1582 Igna-

261 1600 367 1654 tius
396 1601 748 1653 contrarium
779 1599 984 1655 docuit.
1018 1600 1216 1654 Recte.
1258 1600 1365 1665 Qui
1418 1600 1773 1655 Artemonem
1826 1613 1906 1653 se-

260 1688 596 1760 quebantur,
657 1687 970 1743 asserebant
1027 1685 1339 1743 doctrinam
1392 1704 1548 1744 suam
1605 1703 1712 1742 esse
1758 1687 1911 1742 anti—

260 1795 447 1850 quam,
480 1793 655 1848 usque
682 1779 757 1832 ad
793 1779 1064 1833 Victorem
1093 1778 1339 1848 durasse,
1373 1794 1408 1833 a
1438 1778 1743 1849 Zephyrino
1802 1793 1911 1833 esse

257 1874 558 1923 mutatam.
611 1868 773 1925 Caius
821 1868 1083 1938 producit
1109 1875 1328 1922 econtra
1358 1884 1444 1922 eos
1490 1869 1593 1938 qui
1645 1872 1776 1922 ante
1819 1869 1916 1921 Ze-

248 1955 564 2028 phyrinum
613 1958 897 2026 scripsere,
931 1958 1030 2026 qui
1060 1956 1339 2011 Christum
1359 1962 1411 2011 et
1434 1957 1607 2011 Deum
1635 1962 1687 2011 et
1738 1956 1914 2011 homi-

257 2062 380 2101 nem
397 2044 807 2117 praedicarunt.
830 2046 977 2100 Inter
997 2060 1083 2101 eos
1113 2046 1391 2114 lgnatium
1444 2062 1555 2100 non
1610 2044 1865 2100 nominat
1893 2061 1915 2108 ;

261 2151 387 2206 ergo
413 2150 542 2189 eum
576 2133 889 2206 ignorabat.
923 2135 995 2189 Ut
1024 2133 1228 2190 Caium
1258 2134 1392 2190 ideo
1424 2135 1727 2207 ignorasse
1745 2135 1916 2206 Igna-

260 2224 417 2279 tium
449 2226 703 2290 constet,
740 2222 879 2293 quia
904 2238 1039 2278 eum
1071 2239 1194 2278 non
1210 2223 1806 2291 nominavit,necesse
1829 2225 1920 2277 est

264 2319 327 2368 ut
360 2313 548 2368 etiam
581 2316 813 2368 constet
842 2327 977 2367 eum
1010 2328 1395 2384 omnes,quos
1417 2312 1573 2367 idem
1606 2311 1916 2383 scripsisse

258 2399 891 2469 norit,nominasse.ld
922 2417 1057 2456 vero
1089 2406 1361 2457 constare
1383 2418 1503 2457 non
1524 2404 1920 2473 potest;erant

261 2500 423 2569 enim
446 2498 876 2570 quamplurimi
895 2499 997 2570 qui
1015 2504 1152 2555 ante
1179 2499 1581 2572 Zephyrinum
1602 2499 1915 2571 scripsere,

259 2594 317 2644 et
342 2588 650 2643 Christum
681 2588 866 2643 Deum
899 2592 958 2643 et
984 2587 1290 2644 hominem
1322 2588 1702 2662 dixere,quos
1721 2604 1916 2659 neque

259 2678 437 2735 Caius
467 2676 765 2742 nominat,
809 2692 1006 2748 neque
1063 2678 1366 2751 ignorasse
1421 2677 1755 2733 censendus
1806 2681 1913 2732 est.

261 2766 385 2822 Imo
416 2771 651 2821 certum
679 2770 767 2820 est
793 2765 1000 2821 Caium
1030 2766 1370 2837 aliquorum
1401 2766 1743 2821 testimonia
1773 2766 1918 2820 omi-

265 2855 412 2910 sisse
446 2870 582 2925 quae
611 2853 904 2926 cognovit,
930 2858 1006 2920 et,
1025 2853 1185 2925 quod
1215 2870 1341 2909 rem
1373 2859 1639 2910 nostram
1670 2853 1917 2926 propius

261 2950 509 3017 spectat,
544 2944 678 3000 ideo
710 2944 1005 3000 nonnulla
1025 2945 1405 3017 praeteriisse,
1440 2944 1600 3017 quod
1630 2962 1701 3002 ea
1730 2945 1918 3001 omni-

262 3034 371 3089 bus
401 3040 549 3090 nota
577 3038 835 3106 putaret,
869 3034 932 3088 in
958 3050 1211 3104 quorum
1232 3050 1484 3091 numero
1508 3035 1721 3090 merito
1776 3050 1917 3090 sane

258 3124 519 3195 Ignatius
537 3122 854 3194 ponendus
886 3128 975 3178 est
1000 3125 1270 3179 omnium
1283 3124 1630 3179 notissimus
1652 3124 1910 3191 ;fatente

2022 520 2173 588 quod
2208 517 2420 575 dicitur
2446 520 2705 576 credibile
2728 520 3031 587 videretur,
3065 520 3177 576 nisi
3207 520 3285 576 eis
3314 524 3680 594 refragaren-

2023 612 2112 662 tur
2133 610 2381 679 primum
2410 610 2636 679 quidem
2686 610 2890 665 divinae
2942 610 3273 681 Scriptum,
3308 613 3506 668 deinde
3558 616 3684 682 fra-

2023 704 2169 753 trum
2195 700 2563 769 quorumdam
2609 699 2822 771 scripta
2856 702 3091 757 Victoris
3119 708 3282 757 aetate
3321 704 3679 775 antiquiora,

2022 803 2150 859 quae
2180 788 2267 844 illi
2315 788 2571 845 adversus
2599 797 2781 861 gentes
2804 807 2913 861 pro
2957 794 3215 859 veritate,
3249 798 3303 848 et
3358 798 3550 848 contra
3596 810 3661 850 su

2021 880 2279 948 temporis
2309 878 2587 935 haereticos
2615 879 2971 950 scripserunt.
3003 884 3282 937 Iustinum
3301 883 3576 952 intelligo,
3606 883 3686 940 eti

2021 966 2349 1033 Miltiadem,
2411 974 2464 1023 et
2516 971 2824 1040 Tatianum,
2885 987 2948 1025 ac
3012 971 3355 1041 Clementem,
3431 972 3682 1044 aliosque

2023 1058 2490 1130 quamplurimos,
2513 1058 2571 1112 in
2603 1074 2837 1128 quorum
2866 1060 3119 1115 omnibus
3152 1060 3311 1116 libris
3338 1060 3584 1117 Christus
3614 1069 3679 1117 ut

2021 1144 2161 1202 Deus
2191 1153 2644 1217 repraesentetur.
2676 1149 2815 1203 Nam
2842 1150 3042 1203 Irenaei
3068 1150 3312 1221 quidem,
3347 1157 3401 1205 et
3454 1152 3675 1207 Melita-

2021 1236 2129 1299 nis,
2160 1241 2212 1289 et
2242 1236 2585 1306 reliquorum
2614 1236 2826 1308 scripta
2863 1239 2988 1308 quis
3018 1244 3095 1294 est
3123 1241 3223 1310 qui
3250 1239 3495 1310 ignoret,
3554 1257 3676 1311 qua

2023 1323 2308 1379 Christum
2367 1326 2530 1381 Deum
2570 1327 2735 1381 simul
2782 1333 2950 1398 atque
2998 1327 3275 1384 hominem
3314 1330 3680 1400 pradicant?

2021 1413 2245 1479 Quibus
2276 1415 2469 1470 verbis
2502 1416 2711 1471 videtis
2742 1434 2878 1472 eum
2908 1417 3173 1489 proferre
3199 1419 3349 1475 velle
3392 1437 3677 1491 quorum-

2021 1502 2158 1558 dam
2190 1503 2441 1559 fratrum
2476 1505 2958 1578 scripta,tempus
2989 1508 3291 1580 assignare
3322 1515 3457 1564 ante
3492 1509 3679 1565 Victo-

2020 1592 2103 1647 ris
2136 1597 2391 1663 aatatem,
2426 1599 2698 1650 auctores
2729 1595 2873 1651 certi
2905 1598 3138 1668 generis
3168 1598 3503 1670 indigitare,
3552 1615 3678 1669 eos,

2020 1699 2260 1754 nempe,
2295 1683 2396 1754 qui
2428 1684 2710 1739 adversus
2739 1690 2946 1757 gentes
2977 1690 3033 1741 et
3062 1686 3379 1742 haereticos
3410 1688 3501 1743 sui
3533 1692 3679 1745 tem-

2022 1772 2184 1844 poris
2215 1790 2286 1828 ex
2314 1775 2579 1846 professo
2603 1776 3243 1848 scripsere.0bservare
3266 1779 3516 1851 potestis
3537 1780 3679 1835 alio-

2024 1877 2154 1915 rum
2177 1861 2576 1932 complurium
2589 1865 2836 1920 nomina
2851 1864 2923 1920 de
2944 1866 3233 1921 industtia
3252 1866 3324 1922 ab
3352 1866 3479 1938 ipso
3492 1866 3675 1923 fuisse

2019 1948 2262 2018 omissa,
2297 1967 2507 2007 eorum
2540 1953 2860 2026 praecipue,
2894 1955 2997 2025 qui
3030 1956 3287 2011 maxime
3323 1961 3495 2011 erant
3524 1958 3675 2015 noti.

2020 2040 2269 2096 Causam
2299 2041 2480 2115 igitur
2509 2044 2680 2100 Caius
2711 2062 2831 2101 non
2850 2046 3271 2119 assignavit,ob
3303 2064 3479 2119 quam
3503 2050 3672 2122 Igna-

2019 2129 2167 2185 tium
2182 2132 2549 2199 nominaret;
2569 2150 2674 2190 cur
2685 2141 2883 2190 autem
2904 2152 3038 2210 eum
3051 2136 3674 2210 omitteret,|optimam

2023 2224 2081 2274 et
2110 2221 2676 2292 opportunissimam
2708 2223 2990 2294 prodidit.
3021 2224 3258 2279 Nullum
3288 2224 3469 2298 igitur
3500 2243 3571 2281 ex
3605 2227 3677 2282 si-

2021 2308 2207 2364 lentio
2241 2311 2420 2384 hujus
2454 2312 2770 2385 fragmenti
2800 2313 3026 2385 Ignatio
3072 2319 3276 2369 nostro
3317 2315 3673 2386 periculum.

2091 2408 2239 2463 Idem
2275 2409 2654 2480 judicandum
2683 2410 2749 2465 de
2797 2409 3067 2466 Clemente
3124 2412 3525 2477 Alexandrino,
3588 2414 3679 2468 in-

2022 2497 2169 2569 quit.
2204 2499 2328 2553 Imo
2362 2516 2497 2554 vero
2531 2499 2602 2553 de
2652 2499 2975 2555 Clementis
3018 2500 3395 2557 Alexandrini
3440 2502 3676 2559 silentio

2021 2586 2174 2641 nihil
2189 2586 2472 2657 liquando
2488 2587 2772 2643 afﬁrmari
2784 2588 2953 2654 ,nihil
2967 2588 3105 2643 inde
3120 2596 3278 2645 certo
3293 2592 3565 2647 concludi
3578 2609 3680 2663 po-

2021 2679 2155 2731 test.
2189 2675 2639 2747 Quamplurima
2680 2677 2840 2731 enim
2859 2677 2987 2747 ejus
3011 2678 3231 2749 scripta
3251 2680 3578 2751 perierunt,
3610 2684 3678 2736 ut

2020 2762 2446 2817 Ὑποτνπώσεων
2479 2764 2617 2819 libri
2647 2782 2760 2830 vm,
2792 2766 2867 2821 De
2885 2767 3153 2836 paschate
3180 2767 3284 2824 lib.
3336 2785 3374 2836 ι,
3406 2770 3481 2824 De
3525 2771 3678 2841 jeju-

2020 2855 2114 2909 nio
2150 2852 2492 2925 disputatio,
2558 2857 2634 2909 De
2681 2855 3076 2909 obtrectatione
3103 2854 3209 2910 lib.
3245 2872 3283 2922 ι,
3335 2858 3412 2911 De
3442 2859 3676 2913 canoni-

2024 2944 2120 2998 bus
2166 2942 2546 2999 ecclesiasticis
2603 2949 2663 2998 et
2719 2943 2976 2998 adversus
3029 2943 3392 3000 Judaizantes
3468 2945 3570 3001 lib.
3631 2963 3672 3003 ῐ.

2022 3034 2232 3088 Utrum
2262 3032 2469 3106 Ignatii
2493 3033 2555 3088 in
2579 3033 2693 3089 illis
2717 3033 2810 3088 vel
2823 3050 3031 3090 eorum
3060 3034 3261 3107 aliquo
3312 3036 3674 3105 meminerit,

2024 3138 2415 3188 necne,nemo
2439 3128 2599 3178 certo
2623 3122 2921 3178 affirmare
2945 3128 3159 3195 potest.
3194 3124 3257 3179 In
3285 3126 3678 3183 Admonitione

258 3176 437 3268 e‘tiam
466 3176 595 3267 viro
656 3212 1024 3282 doctissimo,
1058 3213 1107 3268 si
1139 3213 1417 3284 episiolas
1472 3213 1606 3269 illas
1653 3176 1910 3284 scripsit,
1952 3176 1995 3243 δ
2023 3211 2105 3267 ad
2132 3176 2338 3282 gentes,
2372 3211 2434 3266 in
2466 3211 2656 3267 tribus
2692 3176 2991 3282 Pwdagoqi
3017 3212 3208 3282 libris,
3234 3214 3295 3268 in
3328 3216 3678 3273 tractatibus

254 3320 354 3359 eas
386 3320 511 3359 non
544 3303 812 3376 potuisse
841 3319 961 3359 non
979 3303 1255 3359 omnibus
1286 3320 1416 3359 esse
1448 3303 1910 3377 cognitissimas,

257 3393 390 3449 sine
421 3409 542 3465 qua
566 3392 897 3447 assertione
938 3398 1351 3466 argumentum
1409 3408 1631 3466 negans
1682 3391 1911 3447 nullius

253 3489 421 3540 esset
450 3482 757 3556 ponderis.
789 3484 1104 3552 Prmterea,
1148 3484 1292 3540 certi
1322 3484 1560 3557 generis
1590 3484 1912 3556 scriptores

256 3573 533 3629 incertus
586 3572 688 3628 ille
737 3577 944 3628 auctor
973 3574 1179 3630 statuit
1205 3573 1685 3647 producere,non
1704 3578 1913 3630 autem

255 3662 508 3729 alios,in
531 3678 648 3733 quo
678 3677 894 3731 genere
915 3662 971 3718 S.
996 3663 1256 3735 Ignatius
1277 3662 1523 3718 minime
1560 3662 1913 3719 recenseba-

251 3758 379 3820 tur,
413 3767 540 3817 eos,
573 3748 817 3818 scilicet,
851 3750 952 3821 qui
983 3750 1263 3807 adversus
1294 3756 1498 3823 gentes
1524 3751 1912 3824 scripserunt,

252 3847 313 3898 et
346 3857 425 3897 ex
454 3839 721 3912 professo
751 3838 1030 3895 adversus
1074 3840 1404 3896 hmreticos.
1431 3839 1706 3896 Videmus
1738 3841 1917 3913 igitur

253 3939 428 3995 illius
479 3936 823 3993 institutum
881 3940 1059 4009 atque
1104 3938 1475 4009 propositum
1526 3938 1708 3994 fuisse
1766 3937 1915 3993 tales

251 4033 538 4085 auctores
552 4025 1107 4097 producere,quaiis
1141 4027 1404 4099 Ignatius
1433 4044 1555 4083 non
1584 4027 1694 4083 fuit
1718 4044 1732 4095 ;
1765 4026 1917 4082 tales

252 4117 567 4185 omittere,
601 4114 797 4186 qualis
829 4115 1088 4187 Ignatius
1111 4115 1353 4171 omnino
1392 4115 1522 4171 fuit.
1566 4117 1648 4171 Ex
1678 4116 1915 4171 silentio

248 4206 444 4277 igitur
473 4202 598 4259 Caii
617 4219 739 4258 non
755 4208 947 4275 potest
969 4204 1178 4259 inferri
1209 4204 1504 4276 ignoratio
1531 4205 1764 4278 Ignatii.
1782 4206 1917 4260 Hac

251 4294 465 4353 omnia
496 4294 561 4350 in
591 4292 788 4348 verbis
816 4293 888 4349 ab
920 4293 1171 4350 Eusebio
1202 4293 1459 4351 laudatis
1516 4295 1917 4367 reperiuntur.

250 4387 405 4439 Cum
435 4383 601 4439 enim
631 4381 902 4437 dicerent
920 4383 1285 4439 Artemonici
1303 4384 1673 4455 antiquiores
1687 4400 1917 4453 omnes,

254 4471 444 4527 etiam
461 4468 1002 4541 apostolos,eorum
1032 4468 1368 4525 doctrinam
1396 4469 1733 4540 tradidisse,
1754 4487 1916 4526 eam-

2023 3301 2277 3368 duobus,
2311 3318 2565 3373 quorum
2588 3318 2748 3357 nunc
2778 3318 2954 3371 unus,
2988 3320 3149 3359 nunc
3179 3304 3330 3360 alter
3360 3305 3557 3363 locum
3581 3326 3679 3365 oc-

2024 3389 2135 3444 tavi
2171 3389 2308 3445 libri
2338 3392 2687 3447 Stromateon
2747 3391 3094 3463 occupabat,
3130 3392 3231 3463 qui
3255 3392 3384 3464 jam
3440 3397 3681 3453 tandem

2023 3478 2197 3533 ambo
2230 3484 2484 3546 exstant,
2510 3478 2741 3534 nullum
2763 3480 3010 3534 omnino
3030 3481 3381 3552 scriptorem
3404 3482 3681 3541 Christia-

2022 3583 2166 3623 num
2194 3569 2466 3624 nominat
2508 3568 2800 3624 Clemens.
2849 3570 2927 3624 At
2976 3572 3036 3624 in
3085 3568 3247 3626 libris
3303 3570 3678 3630 Stromateon

2015 3657 2290 3729 plurimos
2321 3657 2552 3728 gentiles
2592 3662 2642 3712 et
2694 3655 3038 3714 Christianos
3092 3662 3343 3714 nominat
3399 3661 3678 3731 lgnatium

2022 3762 2329 3816 nunquam.
2362 3745 2656 3802 Plurimos
2688 3746 2931 3817 quidem
2963 3746 3210 3820 gentiles
3241 3748 3534 3820 nominat,
3568 3752 3673 3807 sed

2024 3834 2161 3906 quid
2198 3837 2310 3890 hoc
2344 3834 2417 3890 ad
2449 3833 2742 3907 lgnatium
2763 3834 2791 3889 ‘l
2821 3852 2941 3890 non
2968 3852 3188 3908 paucos
3219 3837 3398 3892 etiam
3429 3839 3671 3895 haereti-

2024 3942 2124 3980 cos
2155 3925 2315 3991 citat,
2346 3924 2451 3980 sed
2476 3942 2587 3980 nec
2616 3925 2773 3980 inter
2803 3942 2902 3981 eos
2954 3926 3217 3998 Ignatius
3274 3928 3670 3999 requirendus

2025 4020 2134 4071 est.
2167 4015 2528 4085 Christianos,
2558 4015 2670 4071 hoc
2710 4021 2800 4071 est
2828 4015 3150 4071 catholicos
3200 4033 3320 4071 non
3371 4018 3666 4088 plurimos,

2026 4104 2130 4159 sed
2160 4103 2551 4176 paucissimos
2590 4102 2878 4171 nominat,
2913 4108 3033 4157 tres
3087 4107 3246 4158 certe
3306 4108 3558 4174 tantum,
3618 4106 3672 4161 si

2025 4202 2203 4264 modo
2227 4206 2287 4258 et
2313 4201 2398 4256 illi
2430 4198 2702 4255 catholici
2754 4215 2961 4255 omnes
2984 4200 3123 4269 sint,
3160 4201 3511 4272 Barnabam,
3543 4203 3675 4259 Cle-

2026 4298 2313 4357 mentem,
2345 4292 2642 4358 Hermam,
2671 4304 2879 4343 omnes
2910 4294 3067 4345 certe
3090 4294 3375 4362 tanquam
3401 4292 3456 4347 S.
3495 4293 3676 4350 Paulo

2027 4398 2273 4446 comvos,
2308 4384 2367 4435 et
2398 4383 2686 4449 tanquam
2711 4393 2910 4433 sacros
2940 4379 3138 4449 potius
3162 4396 3342 4451 quam
3400 4381 3678 4439 ecclesia-

2028 4474 2207 4530 sticos
2258 4469 2598 4541 scriptores.
2635 4467 2898 4538 Κλήμης,
2932 4468 3150 4541 inquit,
3181 4468 3209 4523 ὁ
3267 4468 3598 4543 ἀπόστολος,
3652 4472 3679 4527 ὁ

258 4576 377 4631 que
412 4559 475 4614 in
496 4557 762 4614 Ecclesia
784 4558 1141 4614 custoditam
1162 4558 1342 4615 fuisse
1364 4576 1553 4632 usque
1574 4559 1650 4616 ad
1670 4560 1912 4616 Victoris

2026 4559 2332 4620 ἀπόστολος
2370 4549 2672 4632 Βαρνάϐας,
2708 4554 2930 4626 θείως-ἠ
2991 4553 3223 4631 δύναμις
3282 4560 3317 4628 ἡ
3373 4564 3454 4632 τῷ
3508 4564 3683 4635 Ἑρμᾷ

258 4649 700 4721 episcopatum,
743 4651 804 4702 et
822 4646 932 4702 sub
964 4648 1293 4720 Zephyrino
1342 4648 1624 4721 pontiﬁce
1675 4649 1917 4704 demum

261 4754 400 4794 esse
422 4737 1085 4803 adulteratam;contra
1113 4737 1239 4793 haec
1280 4737 1364 4793 sic
1418 4738 1590 4793 Caius
1641 4738 1764 4807 ille,
1815 4737 1917 4809 qui

262 4825 378 4882 sub
396 4825 751 4899 Zephyrino,
770 4824 857 4880 vel
888 4840 1011 4881 non
1034 4824 1217 4881 multo
1248 4830 1381 4897 post
1408 4826 1717 4898 scripsisse
1746 4830 1919 4899 puta-

262 4920 366 4970 tur
398 4931 413 4971 :
442 4914 544 4970 Ἦν
606 4909 652 4967 δ’
712 4909 776 4966 ἃν
833 4912 1002 4986 τυχὸν
1035 4912 1257 4967 πιθανὸν
1303 4913 1366 4968 τὸ
1408 4912 1724 4989 λεγόμενον,
1757 4913 1801 4967 εἷ
1837 4915 1913 4987 μή

261 5004 487 5074 πρῶτον
555 5001 653 5073 μὲν
701 4999 1028 5055 ἆντέπιπτον
1074 5001 1260 5061 αὐτοῖς
1294 5001 1348 5055 αἱ
1381 5006 1518 5064 θεῖαι
1569 5000 1794 5078 Γραφαί”
1827 4999 1918 5056 καὶ

260 5087 519 5165 ἆδελφῶν
582 5087 642 5144 δέ
688 5109 855 5144 τινων
896 5087 1010 5144 ἐστὶ
1061 5090 1362 5165 γράμματα
1413 5085 1751 5165 πρεσϐύτερα
1805 5093 1916 5146 τῶν

259 5180 537 5254 Βίκτορος
594 5175 841 5257 χρὸνῶν,
883 5174 915 5232 ἅ
953 5177 1147 5234 ἐκεῖνοι
1205 5179 1343 5253 πρὸς
1363 5180 1431 5235 τὰ
1460 5172 1587 5251 ἔθνη
1648 5179 1780 5255 ὑπὲρ
1819 5186 1918 5250 τῆς

261 5265 549 5338 ἀληθείας,
580 5268 670 5321 καὶ
739 5266 879 5342 πρὸς
908 5267 1007 5329 τὰς
1035 5268 1159 5323 τότε
1188 5267 1421 5345 αἱρέσεις
1452 5261 1707 5344 ἔγραψανο
1767 5267 1916 5346 λέγω

261 5352 320 5411 δί
348 5356 656 5413 ’Ῑουστίνου
696 5355 789 5411 καὶ
821 5352 1154 5424 Μιλτιάδου,
1187 5357 1277 5412 καὶ
1311 5359 1605 5428 Τατιανοῦ,
1645 5356 1735 5412 καὶ
1764 5356 1917 5428 Κλή-

263 5465 489 5517 μεντος,
520 5446 614 5500 καὶ
670 5443 872 5517 ἑτέρων
921 5441 1216 5515 πλειόνων,
1274 5444 1327 5501 ἐν
1384 5446 1467 5509 οἷς
1518 5444 1683 5501 ἅπασι
1734 5444 1921 5502 θεολο-

256 5541 435 5608 γεῖται
463 5536 492 5589 ὁ
525 5533 789 5610 Χριστός.
814 5534 892 5589 Τὰ
922 5533 1024 5610 γὰρ
1074 5534 1366 5610 Εἷρηνοιίου
1412 5556 1472 5591 τε
1531 5535 1621 5590 καὶ
1673 5534 1919 5594 Μελίτω-

254 5641 354 5689 νος
394 5624 486 5680 ιιιὶ
543 5627 659 5680 τῶν
690 5621 907 5679 λοιπῶν
937 5623 1021 5689 τὶς
1074 5623 1263 5701 ἀγνοεῖ
1294 5618 1507 5700 βιϐλία,
1536 5626 1664 5682 Θεὸν
1706 5624 1796 5681 καὶ
1826 5621 1920 5681 ἄν-

594 5745 872 5803 ΡΑι-ιοι..
903 5739 1013 5803 Gn.
1059 5743 1132 5805 V.

2024 4655 2137 4706 κατ’
2171 4644 2520 4718 ἀποκάλυψιν
2570 4641 2840 4703 λαλοῦσα.
2903 4648 3261 4720 Scriptorem
3322 4650 3682 4707 catholicum

2027 4739 2276 4798 secundi
2310 4737 2414 4793 aevi
2445 4752 2521 4792 ne
2551 4752 2736 4792 unum
2760 4735 3000 4807 quidem
3052 4739 3361 4794 nominat:
3414 4739 3463 4794 si
3521 4740 3683 4812 lgna-

2026 4831 2176 4886 tium
2199 4825 2808 4900 praetereat,pra3terit
2831 4830 2889 4881 et
2910 4825 3390 4897 Polycarpum,et
3410 4828 3673 4898 Papiam,

2028 4924 2085 4975 et
2132 4915 2518 4983 Quadratum,
2551 4919 2611 4968 et
2632 4913 2976 4982 Aristidem,
3010 4919 3069 4969 et
3083 4915 3404 4981 Justinum,
3437 4916 3674 4970 etMeli-

2026 5009 2316 5074 tonem,et
2335 5004 2792 5076 Athenagoram,
2825 5006 2885 5058 et
2906 5003 3273 5074 Dionysium,
3307 5007 3366 5058 et
3394 5003 3676 5077 Hippoly-

2027 5098 2242 5161 tum,et
2260 5093 2742 5166 Hegesippum,et
2768 5091 3055 5147 Irenaeum
3082 5109 3095 5157 ;
3129 5109 3277 5163 quos
3298 5108 3506 5148 omnes
3537 5109 3677 5149 eum

2027 5182 2388 5259 ignoravisse
2409 5196 2527 5236 non
2552 5180 2906 5252 puto,magis
2930 5196 3107 5251 quam
3128 5180 3478 5253 magistrum
3501 5197 3677 5238 suum

2027 5275 2400 5330 Pautaenum.
2437 5268 2549 5325 Sed
2578 5267 2782 5323 mirum
2812 5274 2909 5337 est,
2942 5269 3160 5339 inquit,
3191 5271 3290 5339 qui
3319 5270 3404 5325 vel
3435 5287 3503 5326 ea:
3564 5286 3682 5327 una

2031 5362 2313 5419 Clementis
2344 5358 2417 5413 ad
2439 5356 2754 5412 Corinthios
2775 5356 3005 5426 epistola
3027 5358 3137 5413 tria
3159 5363 3461 5428 quatuorve
3488 5361 3603 5417 loca
3623 5362 3684 5417 in

2031 5452 2403 5506 Stromateon
2419 5462 2580 5516 opere
2600 5445 2889 5515 descripsit
2912 5462 2925 5513 ;
2943 5445 3086 5499 nihil
3100 5447 3158 5501 in
3184 5452 3294 5502 tam
3310 5448 3500 5505 multis
3523 5454 3689 5520 lgna-

2031 5538 2194 5607 tii,ne
2210 5534 2543 5593 sententiam
2567 5533 2790 5605 quidem
2802 5550 2971 5588 unum
2982 5535 3244 5605 reperisse
3264 5551 3429 5610 quam
3450 5539 3695 5595 notaret.

2032 5629 2151 5686 Cur
2198 5642 2321 5684 non
2352 5630 2413 5682 et
2444 5622 2777 5683 Barnabam
2809 5623 2988 5681 etiam
3023 5623 3320 5698 producit,
3344 5627 3448 5700 qui
3478 5626 3694 5702 sapius

3341 5746 3379 5802 9
