3990 6136
311 282 427 343 261

1382 274 1446 337 S.
1495 256 1901 337 IGNATIUB.
1940 300 2016 312 —
2058 266 2681 331 PROLEGOMINA.

3607 271 3729 336 268

311 445 377 500 in
410 460 478 500 eo
509 457 687 515 opere
718 439 996 497 laudatur
1026 441 1053 494 Ἰ
1077 455 1184 495 cur
1212 456 1334 495 non
1395 445 1451 494 et
1508 441 1808 503 Hermam,
1859 433 1960 506 qui
1991 434 2042 501 Α
2073 432 2445 505 produceret,
2479 451 2596 507 quo
2626 434 2926 491 refelleret
2948 430 3011 492 et
3040 435 3351 507 refutaret,
3386 454 3503 508 quo
3536 440 3727 511 aperti

309 535 506 592 adhuc
527 531 898 601 frequentius
920 528 1233 584 adducitur
1252 529 1630 600 ?Quicunque
1650 524 1966 581 Clementis

306 625 645 678 Stromateas
673 619 856 691 probe
888 619 1072 687 novit,
1097 634 1408 688 nunquam
1439 616 1760 672 mirabitur
1790 614 1863 670 ab
1898 629 1964 668 eo

305 711 598 783 lgnatium
630 724 756 764 esse
789 706 1181 779 praeteritum,
1214 712 1337 761 tres
1369 706 1637 777 reliquos
1672 704 1849 759 toties
1880 702 1966 757 ci-

304 806 478 855 tatos.
513 798 776 853 Instituit
796 796 920 851 illic
951 796 1287 867 gnosticum
1311 812 1506 863 suum,
1538 811 1660 850 non
1708 792 1959 865 vulgari-

301 890 413 944 bus
443 887 755 957 theologica
787 885 1098 957 principiis
1129 884 1445 953 imbutum,
1481 884 1585 939 sed
1615 884 1772 938 ultra
1822 882 1964 938 alio-

300 996 434 1034 rum
457 978 932 1032 Christianorum
956 982 1177 1030 sortem
1195 976 1573 1043 elevatum,et
1591 979 1658 1029 ut
1683 974 1963 1046 magister

301 1069 567 1139 Origenis
596 1065 844 1136 mystica
874 1081 1124 1135 quaeque
1158 1069 1216 1119 et
1246 1065 1568 1136 anagogica
1587 1064 1813 1134 ubique
1864 1079 1959 1117 se-

299 1162 493 1213 ctatur
525 1173 540 1222 ;
565 1154 764 1225 qualia
794 1155 855 1208 in
888 1155 1171 1210 Barnabas
1204 1153 1548 1225 epistola,et
1572 1154 1802 1208 Hermaa
1824 1152 1959 1207 Pas-

302 1253 415 1301 tore
450 1244 709 1315 plurima
737 1249 1077 1311 occurrunt,
1102 1243 1165 1297 in
1192 1241 1652 1313 simplicissimis
1684 1246 1742 1295 et
1772 1240 1959 1295 moni-

298 1339 496 1388 torum
516 1331 930 1387 tantummodo
954 1332 1283 1387 salubrium
1302 1330 1717 1402 plenislgnatii
1742 1329 1957 1400 episto-

301 1420 375 1475 lis
399 1438 520 1475 non
544 1421 1068 1492 reperiuntur.Sed
1086 1419 1458 1483 dices,etiam
1479 1418 1801 1474 Clementis
1833 1417 1956 1488 epi-

298 1508 452 1565 stola
475 1508 916 1580 simplicitatem
943 1509 1328 1581 apostolicam
1353 1509 1564 1580 spirat:
1588 1524 1658 1563 ex
1688 1506 1793 1562 illa
1821 1523 1955 1561 vero

295 1598 412 1653 tria
441 1604 763 1668 quatuorve
798 1597 927 1652 loco
955 1598 1146 1652 affert.
1179 1599 1267 1652 Ita
1310 1613 1473 1652 sane.
1532 1595 1643 1651 Sed
1684 1595 1956 1651 Clemens

296 1687 743 1743 Alexandrinus
775 1688 954 1741 etiam
986 1687 1047 1741 in
1079 1687 1178 1742 illa
1207 1686 1430 1757 aliquid
1464 1703 1583 1741 non
1616 1685 1866 1759 simplex
1898 1691 1957 1741 et

2073 522 2369 577 mendacii
2394 527 2453 576 et
2482 522 2611 578 falsi
2646 524 2973 580 testimonii
2994 541 3126 581 reos
3156 532 3391 583 teneret
3408 528 3657 583 ?Verum
3675 529 3725 584 si

2073 611 2184 665 hoc
2208 627 2327 665 non
2358 611 2617 679 fecisset,
2644 628 2800 667 suam
2824 616 2939 684 ipse
2987 616 3341 672 traditionem
3388 618 3464 672 ad
3498 617 3725 679 ,harum

2071 716 2321 755 normam
2352 703 2688 757 correxissst.
2716 704 2866 758 Ante
2898 703 3134 759 dixerat
3180 713 3549 776 opportunum
3578 707 3725 764 hunc

2074 790 2250 845 locum
2271 806 2381 845 esse
2416 792 2715 861 Ignatiana
2762 800 2951 847 nostra
3009 796 3486 863 commemorandi,
3539 814 3720 867 nunc,

2072 879 2120 932 si
2153 886 2706 949 commemorasset,
2739 881 3097 937 sententiam
3144 899 3312 938 suam
3344 887 3671 941 correwisset
3703 902 3719 954 ;

2068 973 2130 1023 at
2153 984 2285 1023 eam
2317 968 2491 1023 aliter
2519 968 2813 1041 corrigere
2836 987 2954 1025 non
2982 972 3316 1043 potuit,nisi
3337 978 3519 1029 totam
3543 975 3722 1029 oblit-

2066 1062 2321 1112 terasset
2350 1064 2527 1129 atque
2570 1060 2973 1130 expunxisset.
3010 1061 3267 1116 Hoccine
3324 1069 3523 1117 autem
3582 1064 3721 1120 huic

2066 1146 2192 1201 loco
2217 1153 2618 1219 opportunum
2643 1165 2771 1203 esse
2803 1149 3181 1220 potuit,quod
3212 1155 3399 1206 totum
3432 1158 3722 1210 everteret

2067 1242 2124 1291 et
2148 1237 2555 1309 expungeret?
2580 1238 2715 1293 Haec
2737 1239 2940 1293 omnia
2960 1255 3139 1294 merae
3169 1246 3307 1295 sunt
3335 1243 3716 1314 conjecturae,

2067 1329 2125 1379 et
2154 1324 2396 1394 quidem
2426 1325 2877 1389 infelicissimae,
2902 1343 3011 1383 nec
3041 1329 3248 1400 lgnatii
3285 1330 3576 1401 epistolis,
3607 1348 3719 1388 nec

2064 1413 2369 1483 proposito
2401 1412 2720 1468 Clementis
2754 1413 2873 1469 ullo
2903 1415 3079 1470 modo
3111 1418 3556 1475 convenientes.
3585 1420 3717 1476 Cle-

2064 1517 2235 1555 mens
2265 1518 2385 1556 non
2414 1517 2622 1557 omnes
2639 1502 2897 1558 haereses
2925 1504 3316 1576 respexit,sed
3336 1506 3569 1578 aliquas
3590 1513 3721 1565 tan-

2063 1595 2328 1656 tum,sua
2357 1595 2531 1645 aetate
2552 1591 2810 1646 maxime
2833 1593 3184 1664 conspicuas
3207 1600 3266 1649 et
3284 1596 3520 1667 scriptis
3537 1598 3717 1654 etiam

2059 1677 2282 1749 ubique
2314 1684 2457 1734 tunc
2490 1680 2777 1751 temporis
2802 1680 3308 1754 celebres,quibus
3331 1685 3587 1741 maxime
3619 1703 3715 1742 ca-

294 1777 534 1847 vulgare
557 1776 996 1841 animadvertit,
1029 1775 1134 1831 sed
1183 1779 1385 1849 γνῶσιν
1435 1769 1775 1846 τελειοτέραν
1831 1792 1931 1845 pra

2062 1768 2266 1825 tholici
2299 1770 2827 1840 vexabantur,cum
2851 1774 3219 1844 antiquiores
3251 1774 3381 1829 alia;
3409 1776 3535 1847 jam
3560 1795 3713 1849 pene

297 1881 360 1920 se
386 1865 607 1931 ferens,
641 1863 798 1935 quod
829 1881 899 1919 ex
933 1863 1034 1919 illa
1062 1881 1180 1919 non
1212 1863 1398 1919 semel
1431 1864 1713 1935 excerpit.
1748 1863 1954 1918 Obser.

292 1961 390 2011 vat
436 1955 799 2010 Clementem
830 1956 1162 2009 Romanum
1192 1954 1561 2009 differentias
1616 1970 1823 2009 eorum
1853 1953 1953 2025 qui

300 2050 443 2100 sunt
473 2044 704 2115 probati
736 2044 799 2097 in
822 2043 1106 2109 Ecclesia,
1137 2043 1493 2113 describere,
1526 2049 1584 2098 et
1643 2044 1799 2098 inter
1853 2059 1953 2098 eos

295 2148 518 2206 ponere
547 2130 639 2184 τὸν
674 2125 899 2184 δυνατὸν
931 2133 1135 2203 γνῶσιν
1169 2128 1417 2202 ἐξειπεῖν,
1446 2147 1586 2186 eum
1642 2130 1824 2203 igitur
1870 2130 1952 2185 lo-

296 2237 432 2275 cum
459 2219 551 2275 bis
586 2220 747 2288 citat,
770 2222 912 2291 itum
944 2219 1007 2273 in
1037 2218 1229 2291 primo
1262 2219 1432 2290 libro,
1488 2225 1612 2274 tum
1644 2220 1705 2274 in
1761 2226 1949 2274 sexto.

300 2309 587 2366 Observat
645 2325 779 2364 eum
832 2306 1003 2362 τύπον
1059 2307 1180 2361 τινὰ
1230 2310 1327 2360 τοῦ
1382 2311 1688 2362 Γνωστικοῢ
1721 2307 1953 2382 ὑπογρά-

299 2416 439 2469 φειν,
469 2401 706 2467 formam
737 2397 1041 2466 quamdam
1071 2397 1315 2453 Gnostici
1344 2397 1746 2464 describere,ad
1769 2413 1949 2468 quam

294 2502 501 2542 omnes
522 2501 674 2558 pene
705 2485 971 2557 epistolaa
993 2489 1193 2556 partes
1214 2486 1366 2540 miro
1389 2485 1564 2540 modo
1583 2486 1766 2540 refert
1794 2486 1947 2540 libro

293 2581 526 2646 quarto.
560 2576 734 2630 Notat
764 2580 822 2629 et
850 2575 1081 2629 mundos
1113 2574 1241 2646 ejus
1264 2580 1393 2644 post
1450 2590 1735 2644 oceanum,
1796 2591 1947 2646 quos

292 2681 427 2721 cum
458 2663 782 2719 Platonicis
814 2662 1062 2718 confert.
1110 2662 1272 2718 Talia
1303 2662 1459 2734 apud
1511 2662 1803 2735 Ignatium
1835 2681 1942 2719 no-

291 2746 480 2810 strum
515 2753 780 2808 invenire
810 2768 930 2809 non
964 2757 1109 2807 erat.
1142 2752 1455 2807 Silentium
1486 2752 1665 2824 igitur
1683 2752 1945 2808 Alexan-

296 2844 456 2899 drini
498 2860 619 2899 non
651 2843 878 2898 indicat
932 2843 1241 2915 Ignatiana
1296 2860 1416 2898 non
1474 2843 1680 2908 fuisse,
1735 2843 1837 2898 sed
1869 2843 1944 2899 ad

290 2936 737 2992 informandum
773 2935 1140 3002 Gnosticum,
1161 2936 1234 2990 ad
1263 2934 1611 3007 {mysticam,
1646 2940 1704 2990 et
1732 2951 1944 3007 anago-

291 3027 504 3099 gicam,
532 3024 1080 3096 tropologicamque
1107 3022 1441 3079 doctrinam
1500 3023 1938 3089 illustrandam,

290 3119 391 3169 aut
424 3114 864 3185 philosophiam
896 3113 1280 3168 excolendam
1313 3112 1560 3167 minime
1592 3113 1829 3168 idonea.

365 3202 478 3258 Sed
500 3208 729 3256 certum
762 3206 821 3256 et
858 3201 1173 3257 deﬁnitum
1230 3201 1404 3256 nobis
1461 3200 1658 3255 locum
1719 3200 1944 3257 indicat

287 3294 634 3349 Stromateon
665 3308 843 3362 opere
865 3290 905 3345 l.
960 3308 1050 3355 vn,
1102 3307 1160 3362 p.
1207 3290 1331 3357 764,
1386 3306 1500 3359 quo
1561 3290 1690 3345 sine
1758 3289 1938 3346 dubio

284 3382 489 3455 lgnatii
526 3397 748 3436 nomen
780 3380 1082 3452 posuisset
1109 3378 1462 3446 Clemens,si
1496 3376 1779 3449 epistolas
1811 3379 1943 3451 ejus

281 3489 546 3546 unquam
576 3472 837 3527 vidisset.
874 3471 1025 3525 Mira
1059 3469 1301 3541 quidem
1333 3470 1459 3524 haec
1492 3469 1848 3540 perpicacia,
1883 3475 1942 3525 et

282 3562 580 3618 scribendi
611 3560 795 3615 moris
840 3558 999 3630 apud
1055 3562 1281 3613 veteres
1337 3563 1615 3614 accurata
1662 3558 1937 3615 observa-

280 3653 385 3720 tio,
418 3668 548 3722 quas
577 3666 693 3720 quo
724 3648 976 3719 quisque
1002 3647 1131 3701 loco
1157 3645 1485 3717 quemlibet
1529 3663 1591 3701 se
1636 3646 1932 3717 antiquio-

281 3761 410 3799 rem
441 3742 751 3798 nominare
775 3739 1066 3803 debuerit,
1090 3738 1352 3793 indicare
1381 3737 1591 3809 potuit.
1633 3740 1733 3795 Ubi
1763 3742 1939 3795 tradit

287 3832 675 3888 haereticorum
688 3837 859 3886 sectas
886 3830 1121 3884 Adriani
1149 3828 1366 3882 demum
1400 3829 1642 3898 Augusti
1672 3833 1933 3900 tempori-

288 3923 383 3977 bus
412 3922 707 3976 coalescere
737 3921 978 3989 ccepisse,
1010 3922 1349 3987 opportunus
1406 3923 1524 3971 erat
1575 3918 1721 3973 locus
1767 3920 1936 3988 Igna-

284 4013 439 4066 tiana
474 4016 662 4064 nostra
679 4004 1324 4069 commemorandi.Quid
1354 4021 1594 4075 vero,an
1625 4006 1852 4077 aliquid
1874 4008 1936 4063 in

282 4117 448 4156 suam
471 4098 831 4154 sententiam
866 4112 937 4151 ex
972 4095 1290 4167 lgnatianis
1320 4095 1554 4150 trahere
1585 4096 1824 4167 potuit?
1845 4099 1934 4152 An

277 4190 543 4261 Ignatius
566 4186 651 4241 illi
684 4186 934 4240 idoneus
974 4184 1138 4239 testis
1168 4183 1299 4252 fuit,
1353 4201 1421 4238 ex
1481 4202 1597 4255 quo
1654 4186 1934 4257 probaret

279 4277 597 4331 hmreticos
628 4291 751 4329 non
782 4273 895 4329 nisi
930 4273 1038 4328 sub
1062 4272 1305 4328 Adriani
1368 4274 1619 4345 imperio
1660 4275 1927 4346 coepisse,

277 4381 413 4421 cum
436 4365 563 4435 ipse
595 4370 731 4418 ante
757 4363 1083 4417 Adrianum
1103 4361 1212 4416 sub
1242 4362 1439 4417 medio
1468 4363 1700 4434 'l‘rajani
1749 4365 1931 4436 impe-

277 4454 368 4507 rio
391 4468 603 4523 passus
633 4451 752 4506 sit?
775 4453 900 4506 Non
932 4451 1043 4506 hoc
1076 4450 1200 4504 vult
1250 4450 1337 4504 vir
1382 4449 1802 4519 doctissimus;
1855 4454 1930 4509 ad

2068 1861 2467 1915 evanuissent.
2502 1862 2721 1916 Harum
2754 1861 2927 1917 initia
2974 1862 3174 1934 aliquo
3232 1865 3408 1920 modo
3469 1866 3711 1936 indicat,

2065 1946 2327 2002 Ecclesia
2358 1948 2715 2019 posteriores
2747 1949 3141 2017 ostendit,nec
3162 1955 3281 2006 tam
3306 1953 3547 2023 quidem
3567 1956 3713 2010 anti-

2065 2052 2211 2106 quas
2243 2053 2423 2107 quam
2454 2038 2565 2108 ipsi
2592 2036 2965 2108 jactitabant.
3000 2039 3165 2104 Quod
3215 2040 3372 2096 enim
3423 2043 3713 2100 Basilides

2063 2124 2364 2180 Glauciam
2399 2126 2743 2198 magistrum
2772 2143 2946 2182 suum
2978 2135 3290 2198 assereret,
3326 2147 3500 2201 quem
3533 2131 3714 2188 disci-

2061 2214 2187 2285 puli
2208 2213 2336 2285 ejus
2348 2215 2508 2269 Petri
2530 2216 2918 2287 interpretem
2940 2215 3121 2273 fuisse
3145 2218 3711 2293 affirmabant;quod

2064 2304 2459 2360 Valentiniani
2483 2306 2556 2361 ad
2578 2306 2898 2375 Theodadi,
2933 2314 3217 2381 tanquam
3245 2312 3301 2366 S.
3336 2311 3499 2368 Pauli
3527 2312 3707 2368 disci-

2059 2394 2262 2467 pulum
2275 2395 2572 2451 haereseos
2589 2412 2711 2451 suas
2726 2397 3017 2469 originem
3031 2399 3341 2468 referrent;
3362 2403 3484 2457 haec
3506 2404 3713 2461 omnia

2058 2485 2226 2555 quasi
2257 2501 2379 2540 non
2411 2486 2554 2541 satis
2577 2490 2739 2541 certa
2765 2487 2994 2558 rejecit,
3029 2494 3086 2544 et
3118 2506 3250 2560 quae
3282 2491 3494 2547 harum
3524 2492 3709 2549 haere-

2058 2591 2201 2629 seon
2223 2575 2640 2646 antiquitatem
2688 2576 2937 2632 minime
2971 2577 3313 2649 probarent.
3348 2580 3536 2636 Aliter
3564 2583 3709 2639 satis

2055 2664 2219 2719 novit
2248 2664 2514 2720 omnium
2545 2664 2984 2721 eruditissimus
3016 2667 3438 2736 Clemens,non
3472 2676 3705 2727 tantum

2055 2753 2164 2810 sub
2196 2754 2448 2825 Trajano
2481 2759 2618 2809 ante
2647 2755 3123 2821 Adrianum,non
3153 2763 3385 2815 tantum
3412 2760 3520 2815 sub
3552 2766 3709 2817 tem-

2052 2860 2197 2915 pore
2222 2843 2491 2913 martyrii
2521 2843 2903 2915 lgnatiani,ut
2920 2845 3047 2917 ipse
3074 2846 3327 2916 Ignatius
3352 2849 3577 2905 indicat
3603 2851 3710 2907 sed

2058 2932 2235 2987 etiam
2269 2949 2390 2986 mvo
2424 2933 2832 3003 apostolorum
2861 2934 3175 2991 haereticos
3232 2937 3466 3008 aliquos
3524 2940 3710 2994 exsti-

2052 3022 2216 3090 tisse,
2251 3027 2398 3077 utet
2429 3022 2680 3078 historia
2716 3024 3140 3094 ecclesiastica,
3177 3033 3237 3082 et
3257 3029 3402 3099 ipsae
3435 3030 3614 3085 etiam
3642 3031 3705 3088 S.

1977 3152 2019 3220 Ο
2061 3111 2379 3220 ξεινὶριιιτω
2406 3116 2738 3220 testantur:
2760 3114 3208 3185 Iniquissimum
3240 3117 3418 3189 igitur
3446 3124 3536 3174 est
3591 3119 3706 3175 hoc

2065 3200 2197 3255 loco
2228 3199 2552 3271 postulare,
2585 3206 2651 3256 ut
2680 3201 2951 3258 Clemens
2981 3205 3277 3276 Ignatium
3331 3212 3623 3275 nostrum,
3656 3209 3707 3264 si

2055 3288 2345 3357 scivisset,
2371 3289 2621 3356 citaret;
2654 3291 2726 3345 ab
2758 3292 2920 3346 omni
2955 3294 3184 3348 ratione
3243 3294 3706 3365 alienissimum,

2051 3378 2411 3451 ignoravisse
2461 3395 2625 3449 eum,
2659 3379 2818 3451 quod
2867 3397 2988 3436 non
3012 3383 3300 3452 citaverit,
3324 3385 3703 3442 concludere.

2122 3469 2645 3524 Verumenimvero
2694 3470 2880 3525 eadem
2929 3478 3028 3539 est,
3093 3472 3309 3543 inquit,
3367 3481 3421 3529 et
3466 3474 3706 3531 alterius

2051 3557 2342 3627 cujusdam
2376 3559 2662 3614 Clementis
2691 3561 2970 3615 sententiae
3000 3564 3168 3616 ratio.
3205 3563 3302 3617 Ille
3330 3566 3475 3619 enim
3500 3568 3705 3621 statuit

2050 3646 2325 3702 Christum
2356 3665 2526 3703 unum
2559 3655 2779 3703 tantum
2802 3666 3011 3705 annum
3035 3650 3095 3705 in
3126 3654 3287 3707 terris
3333 3654 3700 3724 praedicasse;

2047 3741 2107 3788 at
2163 3737 2414 3806 Ignatius
2472 3743 2654 3792 noster
2710 3737 2910 3793 diserte
2948 3740 3137 3794 scribit
3166 3741 3459 3796 Dominum
3512 3741 3705 3798 tribus

2045 3831 2181 3896 post
2210 3825 2574 3897 baptismum
2606 3828 2782 3882 annis
2841 3826 3251 3899 praedicavisse
3306 3831 3700 3902 evangelium.

2045 3914 2169 3969 Imo
2201 3931 2338 3971 vero
2370 3921 2576 3971 noster
2604 3917 2864 3989 Ignatius
2895 3918 3023 3973 haac
3079 3934 3388 3989 nunquam
3437 3920 3699 3992 scripsit.

2046 4003 2183 4067 Quae
2214 4005 2377 4059 enim
2409 4004 2622 4060 recitat
2650 4005 2907 4061 Dallaeus
2934 4022 3007 4062 ex
3048 4007 3301 4078 epistola
3348 4008 3423 4063 ad
3451 4008 3705 4065 Trallia-

2044 4108 2152 4147 nos
2183 4093 2397 4166 pagina
2426 4097 2514 4164 76,
2548 4094 2758 4149 eodem
2782 4094 3023 4166 quidem
3050 4095 3181 4151 loco
3205 4097 3361 4167 apud
3394 4098 3699 4153 Usserium

2043 4182 2428 4239 inveniuntur
2460 4201 2474 4250 ;
2510 4183 2615 4238 sed
2646 4187 2767 4239 tota
2796 4183 3011 4257 pagina
3057 4185 3305 4241 miniata
3344 4190 3451 4256 est,
3512 4192 3569 4241 et
3625 4204 3700 4243 ea

2040 4270 2216 4325 verba
2239 4288 2358 4326 non
2378 4271 2451 4326 ad
2475 4273 2910 4336 auctorem,sed
2926 4272 3412 4344 interpolatorem
3431 4274 3698 4345 epistola

2039 4360 2352 4415 referenda
2372 4366 2532 4429 sunt,
2559 4366 2617 4416 et
2649 4361 2723 4416 ad
2753 4378 2863 4417 nos
2885 4378 3004 4416 non
3038 4367 3327 4433 spectant,
3346 4364 3445 4434 qui
3479 4364 3699 4435 episto-

2039 4448 2156 4504 lam
2184 4449 2261 4504 ad
2291 4450 2622 4505 Trallianos
2644 4450 2909 4520 quidem,
2939 4451 3043 4506 sed
3072 4452 3145 4506 ab
3195 4452 3472 4507 omnibus
3519 4468 3691 4508 assu—

275 4541 634 4596 sententiam
664 4556 835 4595 suam
859 4538 1330 4595 confirmandam
1370 4556 1491 4594 non
1551 4541 1742 4611 potuit
1799 4541 1927 4596 Cle-
1962 4526 2007 4589 D
2037 4539 2254 4594 mentis
2285 4539 3039 4607 liberam,defendimus.Et
3066 4546 3266 4597 tamen
3300 4541 3413 4596 hoc
3446 4542 3693 4598 unicum

276 4649 448 4688 mens
478 4632 770 4705 Ignatium
800 4632 1131 4695 nominare,
1167 4629 1371 4684 debuit
1399 4630 1472 4685 ad
1516 4631 1921 4688 refellendam.

272 4723 491 4777 Duram
524 4721 787 4793 profecto
817 4720 1007 4793 legem
1040 4718 1427 4791 scriptoribus
1471 4720 1732 4790 antiquis
1774 4721 1920 4794 ﬁgit,

270 4811 370 4882 qui
401 4811 818 4866 necessitatem
852 4810 926 4864 iis
964 4808 1219 4880 imponit
1275 4807 1495 4862 citandi
1556 4810 1923 4867 clarissimos

268 4900 544 4956 Ecclesia)
575 4899 872 4955 antistites
899 4903 1106 4953 contra
1138 4913 1305 4953 suam
1332 4898 1920 4971 sententiam.Neque

266 4989 380 5044 hoc
408 4989 535 5044 vult
562 4990 651 5042 vir
682 4988 1074 5051 doctissimis;
1127 4987 1269 5057 quid
1320 4985 1548 5058 igitur?
1596 4987 1921 5055 Ignatianas

266 5078 526 5150 epistolas
571 5077 863 5133 traditioni
899 5092 1009 5131 sua:
1059 5075 1404 5146 apertissime
1452 5084 1827 5145 repugnantes
1872 5080 1922 5133 si

262 5169 529 5235 scivisset,
558 5166 785 5236 aliquid
806 5172 964 5220 certe
986 5164 1409 5234 fecisset,quod
1439 5181 1561 5218 non
1591 5164 1918 5237 fecit;quid

264 5262 465 5310 autem
498 5255 608 5309 hoc
642 5261 731 5310 est
759 5254 787 5308 εἴ
815 5253 899 5309 vel
928 5270 1017 5309 eas
1047 5257 1377 5322 refutasset;
1431 5253 1552 5308 imo
1609 5270 1745 5309 vero
1805 5254 1917 5311 hoc

263 5358 573 5412 nunquam
608 5342 867 5397 fecisset.
893 5342 1298 5411 Quisquamne
1330 5347 1593 5397 veterum
1632 5342 1912 5397 Christia-

261 5423 475 5485 norum
509 5446 639 5484 eam
675 5430 746 5485 de
768 5429 1205 5500 antiquioribus
1236 5430 1510 5485 Patribus
1534 5436 1589 5485 et
1621 5430 1915 5502 episcopis

260 5517 332 5573 dc
354 5518 759 5587 apostolorum
780 5517 1085 5589 discipulis
1100 5527 1158 5575 et
1173 5519 1529 5589 martyribus
1545 5519 1910 5589 opinionem,

257 5605 330 5662 de
364 5605 560 5676 seipso
594 5622 725 5662 eam
749 5607 1278 5680 praesumptionem
1311 5607 1539 5676 habuit,
1559 5610 1625 5661 ut
1645 5623 1745 5662 eos
1775 5607 1909 5664 ideo

2035 4636 2452 4702 argumentum
2477 4631 2789 4702 affert,quo
2814 4632 3025 4703 probet
3042 4634 3333 4704 Ignatium
3350 4639 3408 4687 et
3428 4634 3689 4706 Origeni,

2035 4725 2093 4773 et
2120 4720 2275 4775 Julio
2326 4720 2625 4789 Africano,
2685 4726 2743 4776 et
2792 4722 3093 4778 Lactantio
3152 4722 3422 4795 ignotum
3477 4723 3687 4793 fuisse_

2031 4808 2311 4880 Ejusdem
2334 4810 2541 4865 farinae
2568 4815 2857 4881 suntquae
2882 4809 2954 4865 de
2978 4810 3161 4866 Paulo
3185 4812 3591 4884 conjugato,et
3615 4813 3691 4868 de

2030 4899 2465 4953 resurrectione
2488 4898 2701 4953 Christi
2726 4899 2903 4955 habet
2931 4916 2943 4953 :
2969 4917 3101 4971 quea
3118 4900 3190 4956 ad
3222 4901 3502 4956 adversus
3524 4903 3691 4973 Igna-

2029 4988 2177 5042 tium
2203 4988 2585 5056 Baronii,non
2609 4994 2805 5043 autem
2824 4994 3097 5045 nostrum
3118 4996 3258 5045 sunt
3292 4990 3492 5046 allata.
3526 4991 3686 5046 Nihil

2028 5083 2229 5132 tamen
2249 5074 2413 5130 aliud
2435 5077 2699 5144 affert,ut
2711 5077 2921 5148 probet
2940 5080 3233 5151 Ignatium
3259 5079 3441 5135 etiam
3463 5080 3686 5151 Diony-

2030 5165 2115 5220 sio
2149 5164 2547 5221 Alexandrino
2576 5166 2760 5222 fuisse
2781 5167 3068 5239 ignotum.
3090 5168 3258 5233 Quod
3283 5168 3358 5223 ad
3378 5185 3480 5225 eos
3501 5169 3685 5241 igitur

2026 5256 2671 5327 spectat,expungenda
2703 5256 2871 5329 plane
2904 5274 2972 5313 ex
3006 5258 3175 5313 titulo
3206 5259 3418 5330 capitis
3465 5276 3685 5333 magna

2027 5345 2132 5400 illa
2161 5346 2410 5401 nomina
2430 5346 2862 5419 Origenis,lulii
2887 5347 3169 5411 Africani,
3204 5349 3513 5419 Lactantii,
3548 5352 3683 5407 Dio-

2023 5435 2177 5505 nysii
2207 5435 2684 5503 Alexandrini,et
2714 5436 2898 5507 ipsius
2921 5437 3097 5492 etiam
3120 5437 3486 5510 Hieronymi.
3522 5439 3680 5496 Nihil

2024 5528 2182 5578 certe
2216 5524 2505 5581 hactenus
2537 5524 2854 5580 adductum
2886 5529 3117 5596 est,quo
3141 5525 3428 5597 probetur
3457 5532 3562 5584 aut
3586 5547 3678 5585 ve-

2019 5611 2273 5668 risimile
2324 5612 2626 5682 reddatur,
2684 5612 3006 5685 Ignatium'
3060 5619 3333 5672 nostrum
3382 5616 3674 5675 Clementi
