3990 6136
274 358 380 418 269

1011 359 1066 419 J.
1112 357 1534 421 PEABSONII
1575 356 1948 419 VINDICLE
1992 353 2471 416 IGNATIANE.
2521 387 2598 400 -—
2642 354 2841 414 PARS
2886 354 2966 414 II.

3586 359 3707 419 270

277 491 678 548 Alexandrino
711 493 900 549 fuisse
924 493 1183 565 ignotum
1221 510 1233 547 :
1269 496 1328 547 et
1372 511 1481 550 nos
1501 493 1736 550 meliori
1786 493 1923 563 jure
1952 497 2005 560 Α
2037 488 2322 549 Boloariis
2353 492 2454 543 aut
2481 487 2850 556 Ionensibus,
2886 503 3140 558 quorum
3183 487 3476 561 ignoratio
3509 491 3710 548 etiam

277 581 319 634 ei
351 585 565 634 notum
599 582 795 636 fuisse
851 581 1285 637 contendimus.
1344 581 1519 636 Nullo
1569 582 1728 636 enim
1759 582 1937 636 modo

281 669 598 725 verisimile
633 676 729 725 est
759 687 898 726 eum
922 687 1096 742 quem
1118 671 1399 743 Origenes
1419 672 1746 743 discipulus
1760 672 1939 726 etiam

276 759 504 830 juvenis
538 765 662 814 tam
687 759 845 814 bene
877 760 1038 814 novit
1060 759 1146 831 (ut
1179 759 1938 828 ostendimus)Clementem

284 848 630 919 magistrum
665 849 1002 920 ignorasse.

349 938 487 992 Hmc
519 954 656 992 cum
681 954 712 991 e
743 937 1051 992 Clemente
1105 937 1468 1007 adduxisset,
1503 938 1740 994 tandem
1763 955 1939 1011 argu-

288 1033 554 1083 mentum
579 1044 612 1082 a
641 1028 987 1082 testimonio
1018 1029 1418 1101 negativum,a
1449 1028 1940 1093 silentio,scilicet

292 1117 643 1187 scriptorum
677 1121 817 1172 ante
848 1117 1083 1172 Eusebii
1119 1122 1386 1188 tempora
1418 1117 1682 1182 ductum,
1713 1117 1938 1172 varium

292 1206 530 1275 quidem
561 1205 730 1270 illud,
765 1211 824 1260 et
855 1205 1326 1272 miscellaneum,
1361 1211 1417 1260 et
1472 1206 1764 1276 prolixum
1797 1222 1940 1260 con-

287 1294 505 1361 cludit;
538 1312 656 1366 quo
688 1294 1021 1366 Ignatianas
1053 1295 1328 1365 epistolas
1358 1295 1636 1349 omnibus
1657 1301 1794 1350 ante
1824 1296 1940 1349 Eu-

285 1383 514 1439 sebium
538 1384 770 1455 ignotas
822 1399 884 1438 se
913 1383 1193 1453 probasse
1225 1387 1415 1455 putat,
1441 1383 1696 1454 ideoque
1739 1383 1937 1440 nullas

282 1473 484 1528 fuisse.
511 1472 576 1526 ld
603 1478 803 1527 autem
819 1489 956 1527 eum
978 1472 1050 1526 de
1081 1473 1323 1528 nemine
1342 1473 1624 1544 probasse
1636 1473 1896 1528 ostendit
1919 1490 1933 1542 ;

281 1580 399 1619 non
432 1563 511 1617 de
551 1562 800 1627 Irenaeo,
835 1579 955 1617 non
978 1562 1050 1618 de
1079 1563 1520 1630 Alexandrinis,
1557 1568 1658 1618 aut
1713 1563 1932 1617 xEthio-

277 1653 479 1724 pibus,
511 1669 633 1707 non
654 1651 726 1706 de
757 1651 1145 1720 Tertulliano,
1171 1658 1273 1707 aut
1304 1653 1464 1718 Caio,
1502 1657 1602 1708 aut
1631 1651 1934 1708 Clemente

276 1741 689 1798 Alexandrino
727 1758 738 1794 :
766 1741 954 1795 multo
975 1741 1172 1796 minus
1195 1742 1269 1797 de
1301 1742 1569 1810 Origene,
1601 1742 1752 1797 Julio
1779 1741 1931 1796 Afri-

275 1848 450 1893 cano,
512 1831 790 1901 Dionysio
848 1830 1274 1898 Alexandrino,
1306 1836 1409 1886 aut
1457 1832 1781 1899 Lactantio,
1829 1849 1934 1903 pro

275 1937 540 1992 quorum
571 1920 906 1992 ignorantia
931 1919 1079 1974 nihil
1119 1936 1192 1974 ex
1218 1921 1438 1976 nostris
1469 1921 1735 1992 epistolis
1761 1920 1938 1976 addu-

273 2013 395 2078 xit;
431 2027 558 2064 non
598 2009 670 2064 de
727 2007 1057 2082 Epiphanio
1110 2014 1215 2065 aut
1254 2010 1636 2082 Hieronymo,
1691 2027 1811 2065 non
1867 2010 1942 2065 de

2051 579 2303 649 probata
2344 579 2391 632 si
2441 582 2619 647 esset,
2654 577 2877 633 nullam
2911 579 3152 650 neganti
3201 586 3553 651 argumento
3587 582 3706 636 vim

2049 668 2315 723 adderet.
2341 669 2528 731 Quare
2561 683 2670 722 nos
2702 667 2887 724 multo
2923 667 3152 722 meliori
3174 669 3313 738 jure
3342 669 3425 723 sic
3449 669 3708 741 disputa-

2049 759 2352 813 mus.Cum
2385 757 2742 827 Polycarpus
2772 757 2980 828 Ignatii
3001 757 3352 829 discipulus,
3373 775 3508 814 cum
3537 759 3704 816 Philo

2049 853 2108 902 et
2137 848 2476 920 Agathopus
2499 847 2767 919 ejusdem
2801 847 3068 915 comites,
3089 863 3222 902 cum
3248 849 3511 903 Irenaaus
3533 849 3709 923 Poly-

2049 939 2211 1009 carpi
2246 936 2594 1007 discipulus,
2630 952 2764 992 eum
2796 937 3153 1008 TheOphilus
3199 938 3409 1010 Ignatii
3449 939 3512 993 in
3567 939 3706 994 sede

2049 1027 2417 1081 Antiochena
2451 1025 2769 1096 aliquando
2803 1042 3132 1091 successor,
3165 1031 3265 1081 aut
3298 1027 3566 1098 ejusdem
3597 1029 3704 1084 aevi

2049 1115 2430 1185 aliquis,cum
2466 1115 2722 1183 denique
2755 1113 3057 1186 Origenes,
3083 1114 3408 1186 discipulus
3425 1115 3704 1172 Clemen-

2051 1206 2145 1273 tis,
2176 1205 2382 1276 Ignatii
2410 1205 2790 1276 epistolarum
2835 1204 3052 1258 diserte
3103 1205 3465 1273 meminerit,
3497 1213 3599 1261 aut
3628 1208 3703 1263 ad

2047 1311 2148 1350 eas
2179 1300 2379 1366 aperte
2412 1294 2780 1365 respexerint
2797 1311 2810 1360 ;
2829 1311 2962 1349 cum
2982 1294 3021 1348 ii
3045 1295 3382 1365 omnes,qui
3397 1295 3701 1366 ignorasse

2046 1383 2410 1455 perhibetur,
2456 1383 2684 1438 nullam
2735 1383 2906 1438 nobis
2952 1400 3082 1438 eam
3114 1384 3258 1454 ipsis
3304 1384 3703 1456 ignorantiam

2049 1472 2344 1528 tribuendi
2375 1472 2518 1527 satis
2541 1473 2768 1544 justam
2822 1489 3062 1527 causam
3095 1473 3496 1543 prazbuerint;
3531 1491 3703 1548 argu-

2047 1569 2315 1619 mentum
2349 1579 2382 1618 a
2405 1563 2638 1618 silentio
2670 1564 2937 1636 negative
2971 1564 3216 1618 ductum
3249 1564 3400 1618 nihil
3450 1566 3699 1621 omnino

2045 1653 2238 1708 valere
2267 1653 2750 1724 pronuntiamus,
2785 1658 2841 1707 et
2871 1653 2944 1707 ab
2972 1653 3044 1706 iis
3077 1654 3177 1724 qui
3212 1659 3523 1721 noverunt,
3557 1655 3703 1709 reli—

2047 1759 2195 1813 quos
2220 1759 2341 1797 non
2369 1743 2693 1814 ignorasse,
2721 1747 2824 1797 aut
2853 1743 2900 1796 si
2933 1743 3118 1813 aliqui
3153 1759 3222 1797 ex
3253 1743 3326 1796 iis
3360 1742 3509 1797 forte
3533 1744 3700 1815 igno-

1967 1855 2014 1920 Β
2046 1832 2323 1901 raverint,
2355 1838 2772 1903 argumentum
2805 1831 2940 1887 inde
2965 1832 3092 1887 ﬁeri
3117 1848 3238 1886 non
3269 1848 3444 1903 posse
3464 1833 3700 1888 conclu-

2051 1920 2266 1976 dimus.

1617 2251 1888 2345 PARS
1965 2251 2460 2345 SECUNDA-

353 2416 494 2488 Qua
559 2417 936 2491 argumenta
985 2429 1100 2490 pro
1153 2409 1382 2490 Ignatii
1442 2408 1725 2488 epistolis
1775 2407 2088 2548 exfilflisist
2119 2407 2346 2468 educta
2398 2408 2768 2483 afferuntur,
2827 2414 2888 2470 et
2945 2408 3164 2471 Dallaei
3221 2408 3611 2488 objectiones

807 2528 820 2535 -
1573 2519 1575 2521 ι
1793 2506 1856 2548 re
1889 2506 1920 2548 e
1975 2507 2056 2548 un
2093 2507 2187 2548 ur.

807 2528 820 2535 -
1573 2519 1575 2521 ‘
1793 2506 2187 2548 rereuuntur.

822 2746 1054 2801 CAPUT
1100 2745 1398 2802 PRIMUM.

286 2875 636 2936 Argumenta
665 2885 767 2932 pro
794 2871 1116 2933 lgnatianis
1172 2884 1240 2916 ea:
1297 2869 1435 2929 ipsis
1469 2867 1720 2928 epistolis
1767 2867 1935 2915 ducta

344 2947 692 3007 aﬂeruntur.
735 2943 794 2992 δ’.
830 2941 1100 3002 Ignatius
1153 2940 1299 2989 circa
1332 2955 1367 2988 a
1395 2941 1462 2988 D.
1525 2939 1649 2987 107
1683 2938 1930 2999 scripsit.

2045 2743 2223 2810 atque
2253 2743 2505 2807 textura,
2565 2742 2900 2797 auctoritati
2955 2744 3193 2799 testium
3251 2749 3378 2818 pari
3411 2753 3690 2826 suﬂ'ragio

2045 2829 2801 2899 conjuncta,plenissimam
2837 2831 3014 2887 fidem
3033 2838 3431 2905 extorquet,et
3449 2857 3689 2898 omnem

2046 2917 2354 2972 dubitandi
2385 2934 2593 2973 ansam
2633 2920 2934 2990 praecidat.
2972 2921 3077 2976 Ubi
3110 2925 3268 2979 enim
3300 2943 3418 2981 non
3455 2935 3688 2988 tantum

343 3017 446 3064 Illi
475 3015 634 3063 aetati
664 3015 907 3063 materia
934 3013 1303 3073 epistolarum
1333 3013 1394 3061 in
1448 3025 1648 3074 genere
1689 3018 1930 3084 spectata
1961 3009 2002 3075 C
2043 3011 2222 3062 testes
2245 3007 2408 3061 omni
2441 3008 2787 3078 exceptione
2818 3011 3096 3081 majores,
3138 3031 3285 3084 quos
3315 3033 3425 3072 nec
3482 3019 3686 3076 fallere

341 3088 601 3148 apprime
629 3085 902 3133 convenit.
935 3085 1331 3145 Impostorum,
1365 3086 1578 3143 scripta
1631 3082 1808 3130 solent
1838 3081 1930 3129 sui

341 3158 538 3207 saeculi
569 3173 750 3205 mores
781 3157 1040 3206 redolere.
1075 3156 1238 3204 Nihil
1269 3157 1329 3204 in
1360 3155 1448 3203 his
1478 3154 1730 3216 epistolis
1755 3160 1930 3214 poste-

339 3232 497 3278 riora
526 3236 736 3289 spectat
791 3236 1051 3288 tempora.
1105 3227 1402 3288 Episcopos
1437 3229 1498 3275 in
1557 3226 1696 3273 Asia
1749 3225 1931 3285 fuisse

341 3309 554 3349 certum
586 3308 682 3359 est,
711 3314 838 3348 cum
869 3302 928 3348 S.
959 3299 1228 3362 Ignatius
1257 3299 1328 3346 ad
1373 3298 1721 3360 martyrium
1772 3297 1929 3344 duce-

341 3380 520 3420 retur.
559 3370 948 3432 Epistolarum
983 3378 1178 3418 auctor
1206 3370 1288 3418 ita
1318 3369 1592 3430 episcopos
1622 3376 1672 3415 et
1694 3365 1931 3430 presby-

342 3450 485 3490 teros
515 3441 798 3498 describit,
831 3448 894 3489 ut
922 3457 1045 3504 qua
1073 3441 1136 3488 de
1173 3440 1250 3489 iis
1277 3440 1433 3497 dicit,
1465 3440 1560 3488 illi
1615 3438 1783 3492 aetati,
1816 3452 1928 3485 non

337 3522 515 3562 autem
539 3513 843 3574 posteriori
894 3512 1201 3560 conveniat.
1253 3512 1395 3560 Dua!
1448 3511 1674 3559 hereses
1705 3508 1927 3570 Jgnatii

337 3593 582 3644 tempore
613 3584 857 3632 maxime
886 3582 1158 3635 valebant,
1191 3597 1310 3630 una
1362 3597 1488 3646 quae
1518 3582 1802 3629 Christum
1823 3594 1929 3640 pu-

336 3660 509 3708 tative
539 3658 838 3712 hominem,
870 3657 990 3705 alia
1040 3671 1164 3719 qua:
1220 3657 1439 3704 nudum
1477 3656 1758 3705 hominem
1787 3671 1928 3704 asse-

331 3730 509 3779 rebat.
533 3729 642 3777 Has
673 3729 814 3776 duas
869 3737 920 3775 et
974 3727 1121 3775 solas
1159 3728 1504 3789 perstringit
1533 3728 1816 3790 Ignatius,
1875 3735 1926 3775 et

333 3802 622 3851 Christum
651 3799 991 3860 simpliciter
1020 3799 1251 3861 θεολογεῖ.
1303 3800 1629 3861 Apostolicce
1657 3799 1926 3848 doctrinae

333 3874 570 3922 traditio
605 3873 662 3920 in
694 3871 963 3932 epistolis,
1018 3871 1349 3919 traditiones
1378 3886 1486 3919 non
1541 3871 1776 3932 scripta,
1828 3885 1924 3930 po-

330 3945 670 3992 sterioribus
700 3943 924 3991 sceculis
950 3949 1258 3990 memorata.-
1276 3943 1513 3990 minime
1542 3943 1923 3990 continemur.

333 4017 528 4064 Multa
563 4023 840 4078 prwterea
897 4015 959 4062 in
1014 4013 1213 4064 iisdem
1274 4014 1583 4062 traduntur
1637 4030 1756 4077 quae
1813 4032 1922 4063 non

331 4088 516 4136 aliam
539 4101 713 4150 quam
747 4085 969 4147 Ignatii
996 4093 1211 4132 (etatem
1241 4087 1490 4145 sapiunt.
1525 4085 1687 4134 Nihil
1717 4088 1924 4135 certius

326 4157 612 4218 scriptum
667 4156 897 4219 aliquod
949 4155 1355 4216 suppositionis
1413 4157 1706 4210 convincit.
1757 4172 1924 4219 quam

325 4228 564 4276 violatio
623 4236 950 4288 temporum.
1026 4227 1201 4274 Varia
1283 4225 1460 4285 huius
1511 4228 1594 4276 rei
1650 4228 1920 4276 exempla.

329 4303 497 4350 Ficta
520 4301 862 4363 plerumque
916 4314 1083 4360 opera
1139 4314 1205 4346 ex
1255 4306 1563 4360 temporum
1610 4301 1826 4348 ratione
1868 4316 1925 4348 se

314 4373 578 4433 prodere.
615 4371 880 4432 Epistolas
934 4371 1351 4419 Socraticorum
1405 4369 1473 4418 ab
1526 4371 1733 4419 Allatio
1764 4373 1926 4420 editae

325 4443 458 4491 inde
486 4441 769 4503 falsitatis
792 4441 1225 4489 convincuntur.
1253 4441 1460 4489 Dallcei
1477 4445 1710 4502 confusa
1726 4458 1920 4491 rerum

326 4512 592 4562 tractatio
623 4511 1064 4574 reprehenditur.

335 4613 631 4678 Quoniam
691 4616 1042 4684 argumenta
1090 4614 1294 4665 nostra
1350 4628 1455 4682 pro
1517 4612 1751 4684 scriptis
1785 4630 1918 4669 vere

266 4701 672 4772 Ignatianisin
700 4707 944 4756 externa
961 4707 1020 4755 et
1048 4700 1285 4755 interna
1314 4700 1620 4757 divisimus
1646 4709 1921 4767 ;externa

269 4796 469 4845 autem
495 4807 529 4844 a
557 4789 922 4844 testimoniis
951 4790 1136 4861 petita
1156 4789 1340 4860 priori
1370 4789 1918 4847 dissertationelate

267 4879 569 4949 prosecuti
602 4895 832 4946 sumus,
891 4879 963 4933 ab
997 4878 1430 4950 objectionibus
1471 4879 1918 4952 vindicavimus,

268 4973 569 5039 testesque
587 4968 650 5022 in
673 4968 1038 5022 contrarium
1069 4967 1277 5022 allatos
1307 4969 1482 5039 plane
1500 4971 1918 5040 expunximus;

271 5057 509 5114 interna
539 5074 701 5113 nunc
731 5057 1144 5129 proponimus,
1164 5074 1232 5112 ex
1256 5058 1524 5129 epistolis
1545 5060 1690 5130 ipsis
1721 5061 1917 5130 ducta,

271 5165 402 5218 quae
427 5147 668 5203 easdem
699 5146 858 5201 clare
891 5147 1209 5201 ostendant
1238 5147 1463 5202 auctori
1487 5165 1593 5204 suo
1625 5167 1658 5204 a
1690 5150 1783 5205 SS.
1809 5152 1916 5206 Pa-

268 5237 457 5292 tribus
488 5241 836 5292 constanter
886 5236 1186 5308 assignato
1243 5237 1510 5308 apprime
1569 5255 1916 5310 congruere,

267 5325 595 5396 praescripti
615 5325 903 5395 temporis
917 5325 1335 5394 antiquitatem
1355 5326 1574 5396 optime
1588 5327 1920 5392 ferre,tanti

265 5416 454 5483 viri,et
483 5414 885 5485 apostolici,et
907 5413 1255 5484 episc0pi,et
1274 5415 1551 5486 martyris
1580 5423 1708 5471 tum
1740 5418 1920 5488 pieta-

265 5504 460 5559 ti.tum
487 5504 767 5568 zelo,tum
789 5502 1142 5574 prudentius,
1179 5508 1306 5557 tum
1331 5503 1688 5564 itineri.tum
1714 5507 1920 5562 vincu-

262 5591 484 5661 lis,tum
499 5591 1015 5659 concussionibus,
1040 5596 1166 5646 tum
1180 5591 1727 5664 refrigerationibus
1744 5596 1920 5667 plene

265 5683 626 5755 respondere
646 5680 826 5750 ;adeo
850 5686 914 5738 ut
945 5682 1206 5754 ipsarum
1239 5681 1624 5753 epistolarum
1669 5685 1921 5743 materia

2040 3097 2317 3161 voluisse,
2359 3112 2467 3152 nec
2498 3096 2666 3152 facile
2713 3098 2835 3152 falli
2894 3101 3156 3170 potuisse
3210 3105 3540 3174 putandum
3575 3115 3684 3181 est,

2040 3185 2432 3253 adhibentur;
2459 3185 2564 3240 sed
2594 3192 2651 3241 et
2681 3203 2775 3241 res
2805 3187 2952 3259 ipsa,
2990 3190 3082 3244 cui
3124 3192 3532 3251 testimonium
3555 3216 3690 3269 per-

2039 3275 2407 3341 hibent,talis
2440 3291 2566 3330 esse
2598 3282 2862 3347 apparet,
2897 3283 2962 3332 ut
2994 3295 3094 3334 eos
3125 3279 3306 3336 falsos
3324 3282 3506 3341 fuisse
3537 3288 3690 3342 nihil

2041 3363 2325 3431 suadeat;
2359 3380 2432 3419 ne
2464 3381 2596 3419 cum
2656 3365 2972 3435 prudentia
3021 3369 3338 3440 quisquam
3397 3373 3689 3446 dubitare,

2038 3469 2148 3507 nec
2180 3453 2306 3508 sine
2334 3453 2662 3524 pervicacia
2690 3455 2973 3528 refragari
3006 3463 3223 3528 potest.

2110 3609 2181 3662 Ut
2210 3613 2408 3663 autem
2440 3626 2588 3680 opus
2620 3611 2996 3681 epistolicum
3019 3615 3346 3684 apostolico
3374 3618 3496 3673 viro
3529 3627 3689 3677 recte

2036 3702 2372 3766 competere
2417 3699 2786 3766 ostendatur,
2845 3704 3300 3773 supponendum
3359 3706 3421 3760 in'
3476 3709 3684 3778 primis

2035 3785 2325 3858 Ignatium
2348 3786 2684 3855 quemdam,
2710 3788 2781 3842 ab
2813 3791 3096 3860 apostolis
3118 3793 3456 3850 ordinatum
3476 3798 3683 3854 Antio-

2035 3876 2271 3930 chensis
2300 3876 2577 3931 Ecclesiae
2595 3878 3075 3952 episcopum,per
3106 3883 3347 3955 triginta
3362 3887 3677 3946 minimum

2036 3981 2221 4020 annos
2243 3981 2374 4020 eam
2405 3965 2607 4020 sedem
2631 3969 2914 4032 tenuisse,
2948 3975 3012 4024 ut
3043 3971 3323 4043 Georgius
3345 3975 3673 4049 Syncellus,

2038 4061 2095 4109 et
2115 4055 2573 4125 Chronographia
2604 4057 2930 4127 Nicephoro
2960 4059 3243 4116 attributa
3289 4062 3349 4116 in
3378 4066 3674 4124 veteribus

2037 4160 2177 4198 mss.
2204 4144 2418 4213 quibus
2449 4160 2746 4199 consonus
2769 4150 2857 4198 est
2907 4148 3272 4218 Anastasius,
3337 4157 3627 4210 testantur
3661 4173 3676 4224 ;

2037 4232 2278 4286 tandem
2305 4232 2376 4286 ab
2399 4232 2754 4302 imperatore
2780 4235 3118 4305 Trajano,in
3138 4239 3519 4309 expeditione
3535 4245 3680 4299 Par—

2035 4321 2213 4384 thica,
2241 4320 2315 4376 ad
2368 4320 2588 4375 bestias
2647 4321 3086 4393 condematum,
3122 4332 3180 4381 et
3237 4329 3308 4384 ab
3369 4334 3684 4391 Antiochia

1953 4387 1997 4450 Ῑ)
2030 4412 2278 4466 Romam
2310 4416 2587 4477 tractum,
2619 4411 2668 4465 si
2693 4413 2835 4482 quid
2865 4415 3174 4486 scripserit
3203 4419 3266 4474 in
3297 4421 3512 4478 itinere
3539 4427 3680 4481 satis

2029 4498 2280 4554 molesto
2308 4500 2522 4570 partim
2559 4501 3070 4574 Smyrnaa,partim
3100 4509 3412 4580 Troade,et
3441 4515 3684 4585 quidem

2029 4587 2259 4643 decimo
2292 4589 2525 4659 imperii
2552 4589 2810 4660 Trajani,
2843 4593 3096 4664 vulgaris
3146 4615 3276 4652 mraa
3331 4601 3680 4659 Christiana)

2031 4677 2282 4747 septimo
2315 4681 2445 4748 post
2475 4679 2869 4735 centesimum
2884 4697 3065 4750 anno,
3094 4701 3250 4740 anno
3276 4689 3490 4744 Christi
3520 4707 3678 4758 vero,

2028 4771 2093 4820 ut
2123 4783 2225 4839 ego
2260 4767 2501 4837 quidem
2535 4769 2830 4836 existimo,
2868 4775 2967 4826 113
3022 4775 3305 4845 epistolas
3349 4779 3677 4850 scripsisse.

2030 4857 2289 4912 Dicimus
2307 4857 2506 4926 itaque
2527 4857 2633 4913 has
2653 4859 2951 4928 epistolas,
2985 4878 3131 4932 quas
3149 4864 3353 4920 habuit
3370 4867 3677 4934 Eusebius,

2030 4951 2087 5000 et
2107 4962 2216 4999 nos
2238 4961 2395 4999 nunc
2427 4945 2734 5013 habemus,
2771 4948 2818 5002 si
2849 4951 3220 5020 penitissime
3260 4953 3677 5024 inspiciantur,

2031 5035 2079 5088 si
2111 5035 2384 5090 acumine
2415 5035 2506 5089 vel
2536 5037 2792 5090 maxime
2825 5039 3029 5093 critico
3062 5041 3535 5106 discutiantur,si
3562 5060 3682 5098 ma-

2029 5122 2180 5177 teria
2211 5127 2267 5174 et
2299 5122 2510 5176 modus
2539 5123 2880 5193 scriptionis
2905 5127 3677 5200 exactissimetrutinentur,

2030 5218 2089 5267 et
2117 5212 2366 5275 auctori,
2402 5218 2459 5266 et
2493 5213 3152 5282 ten'ipori,etoccasioni
3195 5219 3416 5288 optime
3439 5237 3680 5293 respon-

2030 5301 2168 5356 dere
2196 5320 2209 5366 ;
2246 5315 2354 5354 nec
2385 5300 2614 5354 homini
2641 5302 2902 5356 veritatis
2933 5305 3197 5360 studioso
3229 5306 3319 5361 vel
3370 5309 3679 5367 minimam

2029 5390 2102 5446 de
2132 5391 2334 5444 ﬁctore
2366 5388 2564 5459 aliquo
2589 5390 2886 5461 cogitandi
2919 5407 3127 5449 ansam
3151 5396 3438 5468 praebere,
3463 5405 3521 5455 et
3550 5402 3681 5457 Dal-

2030 5479 2217 5533 lasano
2249 5477 2557 5550 impostori
2618 5484 2750 5549 post
2782 5478 3066 5536 ducentos
3125 5500 3314 5540 annos
3338 5485 3399 5541 in
3441 5505 3679 5546 scenam

2029 5569 2317 5639 producto
2351 5585 2592 5640 prorsus
2617 5586 2968 5640 repugnare.

2100 5695 2355 5749 Joannes
2373 5693 2683 5766 Launoyus
2697 5694 3051 5754 Parisiensis
3082 5698 3677 5773 theologus,veterum
