3990 6136
221 385 336 446 2ἷ1

1321 372 1385 433 S.
1429 365 1829 431 IGNATIUS.
1878 394 1955 409 -—-
1996 360 2638 425 PROLEGOMENA.

3524 360 3647 423 272

222 508 580 591 scriptorum
615 494 829 569 censor
858 508 1205 576 acerrimus,
1237 506 1299 560 in
1341 502 1569 577 judicio
1603 500 1673 555 de
1701 496 1873 554 libris
1901 497 1956 565 Α
1986 495 2156 591 diciis
2185 495 2527 591 proderent,
2560 512 2693 568 qum
2722 495 2905 551 ritum
2931 494 3171 591 nullum
3190 494 3471 591 Ecclesia?
3501 500 3651 569 post

216 608 483 680 Dionysii
518 604 909 676 Areopagitas,
943 600 1014 655 de
1047 595 1604 669 antiquissimorum
1634 593 1878 680 Patrum

214 678 388 773 genio
423 695 691 768 apposite
726 689 1079 747 observavit.
1104 709 1131 736 ‹‹
1166 685 1275 750 Qui
1310 686 1422 739 hoc
1452 688 1718 753 tempore
1742 678 1879 773 scri-

213 769 385 854 bunt,
420 787 482 840 in
513 784 705 838 tribus
734 779 1121 853 potissimum
1169 775 1526 845 scriptorum
1557 769 1876 841 generibus

217 874 596 934 elaborandis
630 868 1049 927 insudant.Alii
1072 884 1179 938 pro
1203 863 1552 919 Christianis
1573 860 1876 932 apologias

218 970 607 1039 componunt,
645 962 865 1034 quibus
924 957 1228 1029 religionis
1275 970 1437 1009 nova:
1471 951 1874 1008 sinceritatem

220 1058 708 1127 interpretentur,
736 1051 829 1105 vel
859 1046 1265 1120 proﬁtentium
1298 1041 1703 1098 innocentiam
1736 1055 1875 1110 pro-

217 1144 476 1213 bent,vel
506 1141 840 1214 principum
872 1138 1103 1193 animos
1132 1152 1167 1189 a
1221 1130 1629 1189 vexationibus
1685 1128 1872 1184 abdu-

218 1232 497 1290 cant.Alii
530 1228 801 1285 scribunt
834 1225 1137 1298 epistolas,
1171 1222 1386 1293 quibus
1411 1218 1778 1275 Christianos
1810 1217 1875 1271 in

218 1326 459 1394 accepta
486 1320 602 1375 ﬁde
636 1316 1042 1384 corroborent,
1072 1312 1161 1368 vel
1179 1310 1565 1367 ecclesiarum
1596 1306 1875 1378 praeposi-

215 1418 307 1469 tos
326 1409 685 1467 salutaribus
700 1404 1075 1463 documentis
1088 1399 1501 1467 instruant,vel
1524 1396 1872 1452 Christiana;

215 1502 503 1558 doctrina)
536 1498 856 1554 utilitatem
889 1502 947 1550 et
977 1500 1351 1549 terrenarum
1388 1504 1587 1544 rerum
1610 1490 1872 1542 contem-

216 1598 385 1666 ptum
418 1592 690 1656 doceant,
719 1586 808 1641 vel
864 1585 940 1640 ad
991 1581 1299 1638 subeunda
1344 1595 1451 1651 pro
1482 1578 1713 1632 Christo
1759 1582 1874 1631 tor-

218 1684 424 1739 menta
452 1678 762 1743 inducant,
794 1673 882 1728 vel
904 1689 1035 1744 quae
1059 1672 1187 1743 jam
1208 1670 1322 1741 ipsi
1354 1668 1711 1740 pertulerint
1742 1666 1871 1721 sine

219 1773 353 1827 fuco
384 1770 706 1839 exponant.
737 1762 851 1818 Alii
884 1761 1142 1831 denique
1174 1756 1633 1813 commentarios
1663 1755 1868 1824 edunt,

219 1858 438 1931 quibus
464 1853 861 1909 Christianam
895 1850 1071 1905 fidem
1091 1845 1869 1921 propugnent,‘eteicontra-
1905 1870 1952 1936 Β

219 1952 359 2016 rias,
389 1965 519 2019 quaa
539 1953 680 2001 tunc
712 1944 1079 2007 oriebantur,
1116 1942 1374 1995 haereses
1403 1937 1703 1993 refellant.
1740 1938 1874 1991 Haec

225 2044 315 2095 est
338 2036 625 2103 conditio,
658 2034 754 2089 hic
786 2033 993 2105 genius
1033 2028 1234 2085 saeculi
1268 2030 1329 2083 in
1361 2045 1478 2099 quo
1507 2027 1654 2082 vixit
1697 2026 1872 2080 Dion-

220 2131 343 2185 sius
370 2125 757 2197 Areopagita:
816 2123 943 2177 haec
998 2118 1305 2190 occupatio
1359 2117 1738 2188 scriptorum,
1771 2114 1874 2186 qui

218 2218 342 2274 suis
371 2215 651 2288 operibus
674 2210 973 2268 nascentis
994 2208 1271 2263 Ecclesim
1289 2206 1554 2278 pondera
1575 2209 1875 2260 sustenta-

216 2309 377 2361 runt.
414 2325 441 2353 »
473 2303 607 2358 llaec
641 2317 674 2355 a
705 2300 982 2368 Launoyo
1015 2300 1173 2351 recte
1206 2294 1515 2348 observata
1534 2297 1601 2347 ut
1622 2291 1875 2347 Pseudo-

217 2393 567 2465 Dionysium
619 2394 819 2462 aperte
852 2386 1155 2451 refellunt,
1186 2386 1269 2439 ita
1301 2385 1353 2439 S.
1392 2383 1684 2456 Ignatium
1716 2382 1874 2438 haud

216 2499 427 2556 parum
453 2482 685 2553 juvant,
720 2476 1047 2533 ostendunt
1077 2474 1237 2529 enim
1271 2473 1552 2545 epistolas
1584 2472 1691 2527 sub
1714 2472 1873 2527 illius

217 2572 461 2628 nomine
491 2568 745 2642 posteris
802 2565 1048 2621 traditas
1108 2562 1436 2618 secundum
1469 2561 1631 2617 illius
1672 2562 1873 2617 saeculi

219 2660 462 2733 genium
494 2660 675 2714 fuisse
707 2655 1096 2726 conscriptas.
1129 2653 1314 2708 Nemo
1365 2652 1524 2707 enim
1566 2668 1690 2707 non
1720 2652 1877 2707 videt

221 2751 284 2805 in
315 2749 435 2805 illis
455 2747 824 2804 Christianos
846 2744 907 2798 in
939 2747 1181 2814 accepta
1202 2742 1319 2797 fide
1341 2741 1733 2811 corroborari,
1766 2741 1872 2796 ad-

225 2854 429 2893 versus
452 2835 774 2892 schismata
819 2838 878 2887 et
897 2832 1155 2887 haereses
1172 2835 1316 2886 tunc
1338 2835 1571 2885 exortas
1603 2829 1824 2884 muniri
1860 2844 1873 2895 ;

223 2925 612 2983 ecclesiarum
632 2922 982 2995 praepositos
1006 2918 1368 2975 salutaribus
1400 2919 1774 2974 documentis
1790 2919 1876 2972 in-

224 3014 588 3085 strui,autob
614 3012 1012 3069 constantiam
1035 3010 1097 3065 in
1123 3008 1345 3065 tuenda
1360 3008 1604 3064 veritate
1622 3007 1873 3075 laudari,

221 3112 281 3161 et
302 3111 587 3175 tanquam
601 3102 840 3174 pietatis
855 3099 1124 3170 exempla
1139 3098 1355 3169 populo
1377 3098 1627 3169 proponi
1646 3115 1659 3164 ;
1677 3114 1807 3151 reru
1819 3113 1873 3151 m

1992 584 2271 655 martyris
2300 590 2553 640 mortem
2586 590 2857 640 exortum
2887 585 3273 657 respicerent,
3296 601 3428 657 qua
3449 586 3641 642 haere-

1989 675 2100 730 sim
2122 674 2349 729 nullam
2380 691 2586 731 earum
2609 691 2739 745 quea
2757 680 2961 746 postea
2972 674 3341 746 pullularunt
3351 664 3639 746 perstrin-

1985 768 2350 835 gerent,qum
2381 762 2709 819 doctrinam
2743 762 2968 818 nullam
2998 780 3034 819 a
3060 768 3260 819 mente
3276 764 3633 836 apostolico-

1984 868 2118 907 rum
2148 852 2408 907 virorum
2435 852 2694 907 alienam
2725 853 3029 922 docerent,
3062 869 3194 924 quae
3220 852 3373 907 nihil
3404 869 3475 908 ex
3505 854 3638 910 Pla-

1984 942 2184 997 tonica
2216 942 2439 1011 schola,
2473 960 2651 1014 quam
2683 942 2784 998 alii
2813 943 3013 998 statim
3064 943 3319 1016 amplexi
3350 950 3491 999 sunt
3535 946 3637 1001 ad-

1983 1030 2294 1100 ducerent,
2326 1047 2457 1101 que)
2504 1031 2942 1102 simplicitatem
2974 1031 3334 1102 primitivam
3366 1032 3429 1086 in
3459 1032 3641 1088 rebus

1984 1121 2265 1178 omnibus
2296 1127 2736 1188 conservarent,
2771 1137 2902 1191 quae
2963 1125 3123 1177 tanto
3147 1121 3268 1176 viro
3300 1127 3360 1176 et
3393 1124 3639 1195 martyri

1981 1210 2204 1282 ubique
2234 1210 3114 1282 responderent,tantorumque
3129 1210 3448 1282 S.Spiritus
3459 1212 3637 1269 dono-

1980 1317 2116 1356 rum
2146 1302 2475 1372 specimina
2504 1301 2647 1356 vivis
2675 1300 2975 1356 coloribus
3012 1301 3425 1374 depingerent.
3457 1304 3634 1360 Recte

1980 1391 2237 1448 Dallaaus
2265 1396 2506 1465 cap.lO:
2540 1413 2568 1443 «
2602 1392 2852 1447 Difﬁcile
2884 1398 2973 1447 est
3000 1393 3180 1448 etiam
3203 1392 3635 1463 peritissimum

1979 1497 2049 1538 ac
2079 1480 2536 1537 callidissimum
2576 1481 2961 1552 impostorem
2988 1482 3073 1536 ita
3101 1481 3213 1536 sibi
3233 1481 3631 1553 undequaque

1980 1577 2280 1641 cavere,ut
2308 1589 2430 1628 non
2459 1573 2512 1627 ei
2537 1572 2762 1643 aliquid
2791 1572 3158 1644 imprudenti
3189 1572 3440 1642 excidat,
3473 1575 3633 1644 quod

1979 1659 2184 1716 dolum
2214 1662 2428 1733 prodat
2455 1684 2484 1711 »
2513 1663 2642 1717 Jam
2671 1678 2807 1717 vero
2860 1661 3021 1717 clare
3054 1666 3113 1716 et
3166 1668 3369 1733 aperte
3402 1679 3626 1731 assero,

1979 1751 2133 1806 nihil
2181 1751 2245 1806 in
2274 1751 2367 1806 his
2413 1751 2677 1822 epistolis
2736 1752 2989 1807 Eusebio
3019 1752 3270 1824 cognitis
3320 1769 3626 1825 apparere,

1982 1840 2140 1911 quod
2171 1856 2301 1896 eam
2334 1845 2568 1897 aetatem
2601 1858 2780 1912 quam
2825 1840 3081 1897 Dallaeus
3111 1842 3329 1907 innuit,
3357 1842 3447 1899 vel
3497 1859 3628 1899 eam

1983 1932 2163 1987 etiam
2190 1949 2371 2002 quam
2395 1931 2757 2002 Blondellus,
2792 1938 2893 1988 aut
2922 1950 3102 2004 quam
3132 1934 3452 1990 Salmasius
3473 1935 3630 1991 indi-—

1980 2027 2092 2088 cat,
2119 2022 2331 2092 sapiat,
2364 2026 2468 2077 aut
2513 2038 2752 2092 quoquo
2810 2023 2987 2078 modo
3016 2022 3301 2079 redoleat.
3327 2024 3486 2080 Nihil
3533 2025 3633 2082 hic

1981 2111 2052 2167 de
2083 2112 2410 2167 hmresibus
2443 2118 2583 2169 tunc
2613 2113 2898 2185 temporis
2929 2114 3208 2183 subortis,
3237 2114 3387 2170 nihil
3409 2114 3480 2170 de
3501 2133 3631 2172 mo-

1978 2200 2146 2255 ribus
2179 2206 2279 2255 aut
2309 2201 2596 2257 institutis
2619 2202 3089 2257 Christianorum
3120 2208 3245 2257 tum
3284 2202 3457 2258 valde
3485 2220 3627 2259 mu-

1980 2291 2139 2359 tatis,
2172 2290 2325 2348 nihil
2357 2291 2428 2346 de
2466 2292 2630 2346 novis
2669 2291 2881 2347 ritibus
2929 2297 3065 2362 post
3118 2292 3325 2364 lgnatii
3372 2298 3622 2348 mortem

1979 2380 2240 2452 primum
2272 2379 2764 2452 usurpatis,nihil
2793 2380 2865 2436 de
2895 2397 3007 2435 usu
3037 2381 3311 2436 Ecclesiaa
3342 2381 3443 2452 qui
3499 2387 3635 2453 post

1978 2468 2191 2540 Ignatii
2225 2474 2477 2523 mortem
2510 2469 2833 2540 primulum
2864 2467 3635 2541 obtinebat,quibussepror

1982 2556 2133 2611 didit
2164 2557 2335 2612 fictus
2361 2557 2676 2628 Dionysius
2707 2573 2719 2611 :
2760 2557 2964 2612 omnia
2991 2558 3188 2629 potius
3220 2558 3292 2612 ab
3331 2559 3426 2614 his
3455 2559 3633 2631 plane

1983 2644 2236 2711 diversa,
2264 2645 2553 2717 proximis
2585 2645 2743 2700 aetati
2760 2644 3099 2716 apostolicae
3119 2647 3487 2718 temporibus
3506 2664 3633 2703 ma-

1983 2734 2138 2790 xime
2173 2735 2520 2802 conformia,
2546 2739 2603 2789 et
2623 2733 2696 2791 ab
2719 2734 3062 2807 impostoris
3092 2736 3309 2791 saeculo
3340 2737 3501 2792 haud
3528 2753 3637 2808 pa-

1983 2839 2112 2878 rum
2138 2822 2523 2879 abhorrentia
2552 2829 3079 2895 repraesentantur.

2056 2930 2136 2983 De
2167 2929 2459 3002 episcopis
2489 2929 2731 3001 quidem
2760 2930 2912 2985 Asiae
2944 2929 3136 2986 multa
3182 2931 3448 3004 loquitur
3466 2933 3628 3006 Igna-

1984 3018 2279 3088 tius,quos
2312 3018 2396 3072 ibi
2422 3023 2563 3074 tunc
2593 3018 2777 3074 fuisse
2807 3025 3075 3076 constat:
3105 3037 3246 3077 nam
3272 3022 3327 3079 S.
3349 3025 3634 3093 Joannes,

1985 3126 2011 3153 ‹‹
2036 3105 2394 3160 novissimus
2415 3105 2682 3161 omnium
2706 3107 3355 3181 scripsitEvangelium,
3386 3116 3632 3183 rogatus

118 3206 121 3209 '
216 3194 476 3263 denique
492 3191 876 3263 praesentium
900 3193 1305 3259 contemptum
1324 3186 1879 3255 doceri,futurarum
1906 3236 1949 3303 Ο
1981 3193 2053 3248 ab
2084 3194 2238 3248 Asia;
2270 3194 2583 3267 episcopis,
2618 3215 2645 3244 »
2674 3200 2739 3250 ut
2787 3212 2857 3251 ex
2878 3198 3057 3252 veteri
3092 3198 3409 3255 traditione
3441 3201 3636 3273 loqui-

221 3286 599 3303 m__-_--a--__
633 3285 683 3303 ,ι
728 3279 1221 3303 -..-..Α..ι..ιέΑ-Α.ρ.ρι
1267 3277 1460 3303 ...η-Ληζ
1503 3280 1555 3303 λι
1604 3276 1869 3303 ..ν-..Αυκζζ
1987 3290 2039 3303 ιη
2102 3284 2487 3303 rI-_,,A,Ax,_-,,-
2540 3285 2609 3303 n,
2666 3302 2672 3303 ,
3041 3288 3093 3303 -ιι
3229 3290 3239 3300 -
3322 3291 3357 3303 η
3403 3297 3412 3303 .
3464 3291 3476 3303 ι

221 3286 604 3356 prospectum
628 3285 688 3335 et
724 3279 1223 3350 exspectationem
1267 3277 1463 3348 urgeri
1501 3280 1559 3330 et
1604 3276 1872 3347 martyrii

220 3388 505 3430 coronam
537 3370 731 3427 modis
753 3369 1034 3425 omnibus
1055 3366 1567 3438 amplificarillaec
1589 3367 1871 3435 conditio,

216 3463 314 3518 hic
347 3462 557 3533 genius
588 3459 811 3528 saeculi,
844 3475 961 3528 quo
1007 3456 1148 3511 vixit
1205 3456 1260 3510 S.
1321 3454 1600 3526 Ignatius,
1662 3455 1724 3510 in
1780 3458 1874 3512 his

219 3551 489 3624 epistolis
538 3549 795 3605 maxime
847 3547 1117 3611 relucet;
1151 3560 1356 3598 earum
1404 3544 1581 3615 igitur
1626 3547 1875 3602 materia

223 3642 287 3697 in
317 3657 531 3714 genere
563 3643 829 3711 spectata
872 3634 1098 3691 auctori
1130 3649 1164 3688 a
1221 3632 1518 3687 veteribus
1576 3635 1872 3706 assignato

226 3732 493 3804 apprime
534 3725 872 3799 respondet.

234 3832 239 3836 '
296 3824 369 3877 Ut
395 3825 594 3876 autem
621 3818 695 3873 ad
736 3816 923 3887 magis
975 3813 1354 3887 particularia
1402 3813 1780 3883 descendam,
1815 3823 1874 3871 et

226 3910 539 3967 ostendam
573 3925 641 3964 ea
673 3925 804 3979 quae
827 3908 889 3961 in
914 3906 1008 3961 his
1031 3904 1299 3977 epistolis
1316 3904 1715 3974 continentur,
1730 3905 1873 3961 talia

222 4017 375 4066 esse,
408 3998 607 4070 qualia
637 3996 708 4052 ab
727 3992 1405 4067 impostore,praesertim
1434 3992 1873 4057 Dallmanomi-

220 4092 383 4146 nime
418 4089 673 4145 conﬁcta
704 4102 833 4141 esse
863 4089 1180 4156 appareat:
1217 4099 1337 4137 non
1370 4081 1488 4137 alio
1520 4087 1655 4137 utar
1675 4083 1870 4154 dispu-

220 4181 468 4236 tationis
494 4177 904 4239 fundamento,
939 4191 1116 4245 quam
1149 4190 1265 4243 quo
1297 4188 1414 4227 non
1449 4173 1631 4227 semel
1685 4174 1872 4229 utitur

217 4269 531 4324 Dallmus.«
558 4265 985 4337 Hujus,inquit,
1019 4262 1433 4335 impostorisin
1456 4262 1548 4317 his
1570 4261 1866 4319 adornan-

218 4357 310 4412 dis
335 4355 676 4428 Ignatioque
699 4353 1022 4409 subdendis
1055 4352 1314 4425 epistolis
1346 4352 1663 4407 consilium
1685 4353 1864 4423 idem,

218 4444 378 4516 quod
409 4443 662 4499 aliorum
692 4443 1113 4514 plerorumque
1148 4442 1416 4512 ejusdem
1445 4442 1651 4498 farina
1681 4443 1868 4498 artiﬁ-

217 4550 353 4590 cum
392 4533 575 4588 fuisse
606 4532 853 4588 videtur.
891 4554 918 4584 ››
951 4537 1035 4587 Ita
1064 4531 1165 4586 ille
1223 4531 1294 4586 de
1352 4547 1457 4586 suo
1489 4548 1617 4603 cap.
1649 4531 1754 4598 38;
1787 4532 1858 4587 de

1985 3290 2081 3340 tur
2102 3284 2515 3355 Hieronymus.
2540 3285 2619 3340 De
2653 3302 2857 3341 eorum
2890 3304 3009 3343 uno
3036 3288 3196 3344 idem
3225 3290 3288 3344 in
3319 3291 3589 3364 Catalogo
3616 3307 3631 3347 :

1985 3395 2013 3423 «
2047 3373 2408 3444 Polycarpus
2437 3374 2679 3429 Joannis
2702 3375 2954 3445 apostoli
2993 3376 3340 3448 discipulus,
3372 3386 3433 3434 et
3459 3380 3533 3435 ab
3564 3398 3635 3436 eo

1984 3462 2251 3534 Smyrnaa
2279 3461 2593 3534 episcopus
2625 3462 2953 3529 ordinatus,
2971 3466 3152 3521 totius
3183 3467 3334 3522 Asiae
3356 3469 3637 3541 princeps

1982 3549 2113 3617 fuit,
2150 3570 2178 3599 »
2212 3549 2370 3620 quod
2392 3549 2494 3605 diu
2524 3555 2662 3605 ante
2694 3567 2827 3605 eum
2863 3553 3058 3608 testati
3093 3559 3230 3609 sunt
3261 3556 3500 3611 secundi
3534 3573 3640 3614 sa:-

1984 3637 2103 3693 culi
2136 3637 2454 3709 scriptores
2480 3637 2595 3694 duo
2609 3638 3074 3711 prmclarissimi,
3096 3643 3357 3698 Irenaeus
3384 3650 3443 3699 et
3471 3645 3638 3717 Poly-

1984 3731 2195 3782 crates.
2229 3728 2310 3782 De
2342 3727 2458 3782 alio
2490 3727 2746 3799 legimus
2804 3730 2866 3784 in
2888 3729 3391 3788 Chalcedonensis
3423 3734 3637 3806 synodi

1985 3815 2216 3871 actione
2246 3815 2603 3871 undecima:
2637 3816 2773 3872 Ἀπὸ
2813 3820 2911 3871 τοῦ
2960 3817 3120 3891 ἁγίου
3148 3820 3426 3891 Τιμοθέου
3461 3822 3635 3896 μέχρι

1981 3906 2074 3955 νῦν
2104 3900 2415 3957 εἰκοσιεπτὰ
2444 3903 2731 3957 ἐπίσκοποι
2774 3903 3037 3980 ἐγένοντο·
3093 3907 3288 3969 πάντες
3339 3906 3390 3961 ἐν
3413 3908 3637 3988 Ἐφξσῳ

1980 3988 2502 4070 ἐχειροτονήθησαν.
2536 4017 2565 4045 ε(
2598 3997 2645 4051 Α
2678 4002 2880 4052 sancto
2912 3997 3218 4054 Timotheo
3249 4016 3437 4071 usque
3468 4017 3636 4057 nunc

1982 4082 2185 4155 viginti
2218 4088 2444 4154 septem
2478 4084 2739 4156 episcopi
2774 4086 2911 4141 facti
2962 4106 2977 4155 ;
3012 4104 3221 4143 omnes
3279 4089 3340 4143 in
3398 4090 3630 4161 Epheso

1981 4178 2121 4228 sunt
2149 4173 2426 4228 ordinati.
2460 4194 2489 4223 »
2522 4178 2585 4228 In
2620 4190 2737 4244 quo
2766 4191 3016 4230 numero
3047 4177 3232 4232 fuisse
3260 4178 3628 4249 Onesimum,

1981 4261 2150 4333 cujus
2182 4261 2456 4316 meminit
2486 4261 2764 4335 lgnatius,
2823 4281 2944 4319 non
3002 4271 3092 4321 est
3147 4283 3253 4322 cur
3301 4267 3627 4326 dubitetur.

1979 4340 2384 4423 Ignatius'ipse
2416 4366 2478 4405 se
2510 4352 2855 4425 episcopum
2887 4354 3067 4426 Syriae
3097 4356 3358 4428 appellat
3384 4375 3399 4425 ;
3434 4357 3537 4414 sed
3570 4363 3634 4413 et

1979 4438 2052 4495 ab
2088 4438 2445 4510 Hieronymo
2478 4462 2507 4489 «
2540 4441 2925 4499 Antiochenaa
2952 4444 3228 4500 Ecclesiae
3260 4446 3468 4502 tertius
3498 4452 3637 4519 post

1979 4528 2222 4583 Petrum
2253 4528 2589 4599 apostolum
2613 4531 2923 4603 episcopus
2960 4553 2988 4581 »
3020 4534 3449 4605 agnoscitur,ut
3468 4540 3529 4606 et
3556 4535 3631 4590 ab

215 4624 347 4681 aliis
379 4640 505 4696 cap.
532 4626 595 4678 4:
632 4646 658 4672 ‹‹
693 4623 969 4694 Plerique
1001 4640 1069 4678 eo
1099 4622 1473 4694 potissimum
1497 4621 1748 4677 consilio
1766 4638 1872 4678 sua
1902 4603 1947 4668 D
1978 4615 2131 4672 aliis.
2167 4616 2247 4671 De
2279 4615 2572 4688 episcopis
2603 4618 2704 4674 diu
2725 4626 2862 4675 ante
2884 4603 3095 4692 Ignati'i
3127 4623 3473 4695 martyrium
3504 4603 3538 4680 a
3569 4625 3625 4679 S.

214 4715 498 4787 ﬁgmenta
515 4713 625 4768 sub
655 4713 910 4769 aliorum
936 4712 1179 4767 nomine
1205 4711 1408 4779 edunt,
1436 4716 1499 4765 ut
1521 4728 1614 4766 res
1630 4711 1719 4766 sui
1750 4728 1859 4766 sm-

214 4804 332 4859 culi
359 4820 541 4859 novas
567 4803 715 4859 falso
739 4801 1112 4873 antiquitatis
1142 4801 1383 4856 nomine
1409 4801 1773 4856 constituant
1794 4819 1863 4858 ac

213 4894 589 4951 confirment.
623 4914 650 4943 »
686 4894 811 4948 Imo
837 4891 948 4946 hoc
996 4891 1103 4945 toti
1135 4891 1347 4945 horum
1396 4890 1860 4947 homuncionum

211 4984 413 5053 generi
431 4983 578 5038 adeo
593 4986 930 5053 competere
955 4979 1275 5035 arbitratus
1298 4982 1406 5047 est,
1438 4980 1861 5036 utnonveritus

213 5075 290 5129 Sit
319 5074 555 5129 dicere:
590 5094 617 5120 ‹‹
652 5072 827 5125 Miros
870 5069 1043 5125 nobis
1090 5085 1297 5123 narras
1350 5068 1724 5138 impostores,
1759 5071 1859 5140 qui

210 5163 602 5234 imposturam
629 5160 871 5232 quidem
896 5159 1429 5227 faciunt,caeterum
1445 5157 1518 5213 ob
1538 5175 1714 5229 quem
1729 5175 1858 5215 eam

206 5252 721 5318 faciunt,fructum
745 5248 979 5305 nullum
999 5264 1068 5302 ex
1099 5263 1169 5302 ea
1197 5247 1502 5319 percipere
1526 5252 1856 5321 satagunt.»

207 5342 305 5409 (De
323 5337 871 5410 pseudo-apostolicis
904 5336 944 5391 l.
971 5353 1029 5402 ιι,
1054 5353 1105 5389 c.
1142 5336 1252 5407 l5.)
1277 5337 1346 5391 Et
1374 5353 1579 5392 revera
1600 5336 1855 5391 incredi-

206 5426 323 5481 bile
354 5427 527 5497 plane
559 5431 737 5495 est,ut
768 5427 1075 5497 impostor,
1110 5425 1211 5494 qui
1239 5424 1346 5479 sub
1368 5424 1545 5480 ﬁnem
1580 5425 1736 5478 tertii
1758 5431 1858 5480 aut

204 5515 442 5571 initium
480 5517 672 5586 quarti
706 5513 906 5569 smculi
956 5513 1185 5582 vixerit,
1221 5514 1497 5586 epistolas
1551 5513 1856 5583 scriberet,

206 5610 266 5661 et
299 5605 353 5659 S.
389 5605 615 5676 lguatio
647 5603 947 5673 subderet,
972 5619 1103 5673 qua:
1130 5620 1316 5658 aavum
1350 5602 1495 5658 illud
1516 5602 1858 5674 impostoris

204 5692 373 5759 nullo
403 5692 582 5750 modo
612 5690 969 5762 redolerent,
1002 5706 1130 5763 qua
1152 5691 1543 5764 imposturam
1562 5690 1745 5747 nullis
1765 5692 1853 5750 in-

1970 4708 2196 4763 Joanne
2223 4707 2512 4762 institutis
2547 4725 2619 4763 ex
2646 4710 2828 4766 veteri
2860 4711 3178 4768 traditione
3201 4713 3467 4784 loquitur
3494 4714 3627 4770 Cle-

1971 4812 2143 4853 mens
2176 4796 2613 4854 Alexandrinus
2666 4798 2824 4871 apud
2872 4801 3196 4858 Eusebium
3224 4803 3265 4858 l.
3299 4819 3383 4868 in,
3417 4820 3468 4860 ο.
3499 4803 3573 4857 23
3606 4819 3623 4861 :

1971 4881 2195 4952 Ἐπειδή
2255 4885 2360 4959 γὰρ
2411 4889 2510 4940 τοῦ
2564 4887 2829 4961 τυράννου
2889 4886 3320 4960 τελευτήσαντος
3349 4888 3459 4945 ἀπὸ
3517 4897 3622 4960 τῆς

1970 4972 2199 5045 Πάτμου
2229 4979 2331 5042 τῆς
2372 4975 2546 5044 νήσου
2577 4973 2846 5048 μετῆλθεν
2895 4976 2984 5031 ἐπὶ
3037 4979 3137 5047 τήν
3164 4980 3423 5058 Ἔφεσον,
3454 4980 3622 5053 ἀπῄει

1968 5064 2451 5140 παρακαλούμενος
2480 5066 2569 5122 καὶ
2600 5067 2689 5122 ἒπὶ
2748 5068 2816 5124 τὰ
2870 5068 3237 5146 κλησιόχωρα
3285 5074 3391 5127 τῶν
3425 5071 3616 5143 ἐθνῶν,

1968 5155 2106 5211 ὅπου
2149 5155 2243 5226 μὶν
2271 5152 2602 5219 ἐπισκόπους
2639 5160 3010 5229 καταστήσων,
3043 5160 3182 5215 ὃπου
3215 5157 3272 5216 δί
3328 5158 3462 5223 ὅλας
3501 5162 3622 5216 Ἐκ-

1967 5243 2199 5315 κλησίας
2231 5244 2510 5320 ἁρμόσων,
2530 5246 2669 5301 ὅπου
2696 5244 3065 5323 δὶκλήρῳὲνα
3084 5249 3278 5324 γέτινα
3304 5248 3614 5325 κληρώσων

1966 5341 2073 5392 τῶν
2134 5335 2238 5391 ὑπὸ
2296 5339 2391 5390 τοῦ
2450 5338 2758 5410 Πνεῦματος
2822 5339 3259 5412 σημαινομένων.
3319 5344 3406 5399 Ita
3456 5351 3616 5400 recte

1967 5429 2127 5485 hunc
2149 5428 2346 5484 locum
2378 5444 2449 5484 ex
2478 5429 2666 5485 tribus
2694 5447 2837 5486 mss.
2871 5431 3175 5488 codicibus
3204 5434 3467 5489 restituit
3486 5434 3623 5491 doc-

1967 5517 2235 5572 tissimus
2270 5515 2573 5573 Valesius:
2608 5539 2637 5568 ‹‹
2661 5521 2801 5573 Cum
2826 5518 2986 5573 enim
3034 5535 3105 5573 ex
3137 5520 3338 5576 insula
3366 5522 3618 5578 Pathmo

1965 5606 2264 5678 Ephesum
2296 5605 2591 5675 rediisset,
2620 5607 2930 5673 Joannem,
2962 5606 3037 5663 ad
3061 5607 3347 5666 ﬁnitimas
3379 5626 3621 5684 quoque

1964 5694 2299 5768 provincias
2318 5698 2558 5767 rogatus
2591 5710 2655 5751 se
2682 5693 2955 5764 contulit,
2976 5696 3195 5769 partim
3216 5702 3283 5755 ut
3311 5699 3637 5775 episcopos.
