  <div class='ocr_page' id='page_1' title='image "/cluster/home/n/w/nwhite01/storage/ocr_20150623/5/mdp.39015015401063/150.png"; bbox 0 0 3990 6136; ppageno 0'>
   <div class='ocr_carea' id='block_1_1' title="bbox 285 370 404 432">
    <p class='ocr_par' dir='ltr' id='par_1_1' title="bbox 285 370 404 432">
     <span class='ocr_line' id='line_1_1' title="bbox 285 370 404 432; baseline 0.017 -2"><span class='ocrx_word' id='word_1_1' title='bbox 285 370 404 432; x_wconf 75' lang='lat'>273</span> 
     </span>
    </p>
   </div>
   <div class='ocr_carea' id='block_1_2' title="bbox 1017 369 2965 437">
    <p class='ocr_par' dir='ltr' id='par_1_2' title="bbox 1017 369 2965 437">
     <span class='ocr_line' id='line_1_2' title="bbox 1017 369 2965 437; baseline 0.001 -3"><span class='ocrx_word' id='word_1_2' title='bbox 1017 371 1073 434; x_wconf 80' lang='lat' dir='ltr'>J.</span> <span class='ocrx_word' id='word_1_3' title='bbox 1121 371 1533 434; x_wconf 83' lang='lat' dir='ltr'>PEARSONII</span> <span class='ocrx_word' id='word_1_4' title='bbox 1576 369 1946 432; x_wconf 68' lang='lat' dir='ltr'>VINDICIIE</span> <span class='ocrx_word' id='word_1_5' title='bbox 1985 370 2473 435; x_wconf 72' lang='lat' dir='ltr'>IGNA&#39;PIANE.</span> <span class='ocrx_word' id='word_1_6' title='bbox 2521 408 2598 420; x_wconf 95' lang='lat'><strong><em>—</em></strong></span> <span class='ocrx_word' id='word_1_7' title='bbox 2643 375 2845 437; x_wconf 79' lang='lat' dir='ltr'>PARS</span> <span class='ocrx_word' id='word_1_8' title='bbox 2887 374 2965 436; x_wconf 95' lang='lat' dir='ltr'>lI.</span> 
     </span>
    </p>
   </div>
   <div class='ocr_carea' id='block_1_3' title="bbox 3587 375 3717 463">
    <p class='ocr_par' dir='ltr' id='par_1_3' title="bbox 3587 375 3717 463">
     <span class='ocr_line' id='line_1_3' title="bbox 3587 375 3717 463; baseline -0.023 -25"><span class='ocrx_word' id='word_1_9' title='bbox 3587 375 3717 463; x_wconf 26' lang='lat' dir='ltr'>2n;</span> 
     </span>
    </p>
   </div>
   <div class='ocr_carea' id='block_1_4' title="bbox 286 504 3705 582">
    <p class='ocr_par' dir='ltr' id='par_1_4' title="bbox 286 504 3705 582">
     <span class='ocr_line' id='line_1_4' title="bbox 286 504 3705 582; baseline 0.001 -22"><span class='ocrx_word' id='word_1_10' title='bbox 286 505 704 574; x_wconf 80' lang='lat' dir='ltr'>constitueret,</span> <span class='ocrx_word' id='word_1_11' title='bbox 735 505 952 577; x_wconf 82' lang='lat' dir='ltr'><strong>partim</strong></span> <span class='ocrx_word' id='word_1_12' title='bbox 990 511 1056 562; x_wconf 91' lang='lat' dir='ltr'>ut</span> <span class='ocrx_word' id='word_1_13' title='bbox 1085 506 1380 563; x_wconf 89' lang='lat' dir='ltr'>Ecclesias</span> <span class='ocrx_word' id='word_1_14' title='bbox 1411 507 1668 578; x_wconf 88' lang='lat' dir='ltr'>integras</span> <span class='ocrx_word' id='word_1_15' title='bbox 1723 504 1942 560; x_wconf 85' lang='lat' dir='ltr'>forma-</span> <span class='ocrx_word' id='word_1_16' title='bbox 1975 507 2022 572; x_wconf 80' lang='grc' dir='ltr'>Α</span> <span class='ocrx_word' id='word_1_17' title='bbox 2057 508 2276 575; x_wconf 91' lang='lat' dir='ltr'>sus,cui</span> <span class='ocrx_word' id='word_1_18' title='bbox 2319 507 2444 564; x_wconf 62' lang='lat' dir='ltr'>haec</span> <span class='ocrx_word' id='word_1_19' title='bbox 2501 510 2689 582; x_wconf 82' lang='lat' dir='ltr'>elegia</span> <span class='ocrx_word' id='word_1_20' title='bbox 2727 527 2761 565; x_wconf 90' lang='lat' dir='ltr'>a</span> <span class='ocrx_word' id='word_1_21' title='bbox 2826 507 3107 581; x_wconf 90' lang='lat' dir='ltr'>quopiam</span> <span class='ocrx_word' id='word_1_22' title='bbox 3159 507 3592 565; x_wconf 89' lang='lat' dir='ltr'>tribuebantur.</span> <span class='ocrx_word' id='word_1_23' title='bbox 3648 511 3705 565; x_wconf 90' lang='lat' dir='ltr'>Si</span> 
     </span>
    </p>
   </div>
   <div class='ocr_carea' id='block_1_5' title="bbox 288 595 1946 668">
    <p class='ocr_par' dir='ltr' id='par_1_5' title="bbox 288 595 1946 668">
     <span class='ocr_line' id='line_1_5' title="bbox 288 595 1946 668; baseline -0.001 -17"><span class='ocrx_word' id='word_1_24' title='bbox 288 602 398 663; x_wconf 88' lang='lat' dir='ltr'>ret,</span> <span class='ocrx_word' id='word_1_25' title='bbox 429 597 651 666; x_wconf 85' lang='lat' dir='ltr'><strong>partim</strong></span> <span class='ocrx_word' id='word_1_26' title='bbox 683 603 751 651; x_wconf 92' lang='lat' dir='ltr'>ut</span> <span class='ocrx_word' id='word_1_27' title='bbox 789 597 1062 653; x_wconf 88' lang='lat' dir='ltr'>homines</span> <span class='ocrx_word' id='word_1_28' title='bbox 1094 597 1205 652; x_wconf 88' lang='lat' dir='ltr'>sibi</span> <span class='ocrx_word' id='word_1_29' title='bbox 1233 613 1267 652; x_wconf 91' lang='lat' dir='ltr'>a</span> <span class='ocrx_word' id='word_1_30' title='bbox 1297 596 1519 668; x_wconf 88' lang='lat' dir='ltr'>Spiritu</span> <span class='ocrx_word' id='word_1_31' title='bbox 1564 595 1854 650; x_wconf 89' lang='lat' dir='ltr'>indicatos</span> <span class='ocrx_word' id='word_1_32' title='bbox 1886 595 1946 650; x_wconf 92' lang='lat' dir='ltr'>in</span> 
     </span>
    </p>
   </div>
   <div class='ocr_carea' id='block_1_6' title="bbox 286 684 1943 757">
    <p class='ocr_par' dir='ltr' id='par_1_6' title="bbox 286 684 1943 757">
     <span class='ocr_line' id='line_1_6' title="bbox 286 684 1943 757; baseline -0.002 -15"><span class='ocrx_word' id='word_1_33' title='bbox 286 687 516 742; x_wconf 87' lang='lat' dir='ltr'>clerum</span> <span class='ocrx_word' id='word_1_34' title='bbox 549 691 892 757; x_wconf 86' lang='lat' dir='ltr'>seponeret.</span> <span class='ocrx_word' id='word_1_35' title='bbox 922 709 949 735; x_wconf 88' lang='lat'><strong>»</strong></span> <span class='ocrx_word' id='word_1_36' title='bbox 973 685 1138 742; x_wconf 87' lang='lat' dir='ltr'>Unde</span> <span class='ocrx_word' id='word_1_37' title='bbox 1162 691 1366 742; x_wconf 85' lang='lat' dir='ltr'>coacta</span> <span class='ocrx_word' id='word_1_38' title='bbox 1387 685 1491 740; x_wconf 91' lang='lat' dir='ltr'>illa</span> <span class='ocrx_word' id='word_1_39' title='bbox 1513 684 1773 739; x_wconf 84' lang='lat' dir='ltr'>Walonis</span> <span class='ocrx_word' id='word_1_40' title='bbox 1796 686 1943 738; x_wconf 87' lang='lat' dir='ltr'>Mes-</span> 
     </span>
    </p>
   </div>
   <div class='ocr_carea' id='block_1_7' title="bbox 287 773 1946 848">
    <p class='ocr_par' dir='ltr' id='par_1_7' title="bbox 287 773 1946 848">
     <span class='ocr_line' id='line_1_7' title="bbox 287 773 1946 848; baseline -0.004 -16"><span class='ocrx_word' id='word_1_41' title='bbox 287 777 462 832; x_wconf 90' lang='lat' dir='ltr'>salini</span> <span class='ocrx_word' id='word_1_42' title='bbox 486 777 905 848; x_wconf 84' lang='lat' dir='ltr'>interpretatio</span> <span class='ocrx_word' id='word_1_43' title='bbox 937 776 1215 841; x_wconf 85' lang='lat' dir='ltr'>concidit,</span> <span class='ocrx_word' id='word_1_44' title='bbox 1247 776 1349 846; x_wconf 87' lang='lat' dir='ltr'>qui</span> <span class='ocrx_word' id='word_1_45' title='bbox 1373 773 1665 846; x_wconf 87' lang='lat' dir='ltr'>episcopis</span> <span class='ocrx_word' id='word_1_46' title='bbox 1691 773 1788 827; x_wconf 91' lang='lat' dir='ltr'>hic</span> <span class='ocrx_word' id='word_1_47' title='bbox 1813 773 1946 843; x_wconf 90' lang='lat' dir='ltr'>plu-</span> 
     </span>
    </p>
   </div>
   <div class='ocr_carea' id='block_1_8' title="bbox 285 857 1944 936">
    <p class='ocr_par' dir='ltr' id='par_1_8' title="bbox 285 857 1944 936">
     <span class='ocr_line' id='line_1_8' title="bbox 285 857 1944 936; baseline -0.003 -16"><span class='ocrx_word' id='word_1_48' title='bbox 285 883 397 929; x_wconf 88' lang='lat' dir='ltr'>res,</span> <span class='ocrx_word' id='word_1_49' title='bbox 406 865 788 936; x_wconf 87' lang='lat' dir='ltr'>presbyteros</span> <span class='ocrx_word' id='word_1_50' title='bbox 820 865 880 919; x_wconf 93' lang='lat' dir='ltr'>in</span> <span class='ocrx_word' id='word_1_51' title='bbox 909 864 1078 932; x_wconf 87' lang='lat' dir='ltr'>urbe,</span> <span class='ocrx_word' id='word_1_52' title='bbox 1110 861 1318 936; x_wconf 80' lang='grc' dir='ltr'>κλῆρον</span> <span class='ocrx_word' id='word_1_53' title='bbox 1346 857 1459 930; x_wconf 71' lang='grc' dir='ltr'>ἕνα,</span> <span class='ocrx_word' id='word_1_54' title='bbox 1485 878 1671 917; x_wconf 90' lang='lat' dir='ltr'>unum</span> <span class='ocrx_word' id='word_1_55' title='bbox 1697 861 1944 932; x_wconf 87' lang='lat' dir='ltr'>presby-</span> 
     </span>
    </p>
   </div>
   <div class='ocr_carea' id='block_1_9' title="bbox 282 951 1944 1026">
    <p class='ocr_par' dir='ltr' id='par_1_9' title="bbox 282 951 1944 1026">
     <span class='ocr_line' id='line_1_9' title="bbox 282 951 1944 1026; baseline -0.004 -16"><span class='ocrx_word' id='word_1_56' title='bbox 282 961 502 1024; x_wconf 93' lang='lat' dir='ltr'>terum,</span> <span class='ocrx_word' id='word_1_57' title='bbox 535 955 654 1010; x_wconf 88' lang='lat' dir='ltr'>sive</span> <span class='ocrx_word' id='word_1_58' title='bbox 688 955 1182 1026; x_wconf 88' lang='lat' dir='ltr'>chorepiscopum</span> <span class='ocrx_word' id='word_1_59' title='bbox 1221 954 1284 1008; x_wconf 91' lang='lat' dir='ltr'>in</span> <span class='ocrx_word' id='word_1_60' title='bbox 1337 969 1507 1024; x_wconf 85' lang='lat' dir='ltr'>pago,</span> <span class='ocrx_word' id='word_1_61' title='bbox 1558 952 1706 1006; x_wconf 89' lang='lat' dir='ltr'>mire</span> <span class='ocrx_word' id='word_1_62' title='bbox 1757 951 1944 1006; x_wconf 89' lang='lat' dir='ltr'>inter-</span> 
     </span>
    </p>
   </div>
   <div class='ocr_carea' id='block_1_10' title="bbox 281 1039 1940 1113">
    <p class='ocr_par' dir='ltr' id='par_1_10' title="bbox 281 1039 1940 1113">
     <span class='ocr_line' id='line_1_10' title="bbox 281 1039 1940 1113; baseline -0.003 -16"><span class='ocrx_word' id='word_1_63' title='bbox 281 1049 572 1113; x_wconf 89' lang='lat' dir='ltr'>pretatur.</span> <span class='ocrx_word' id='word_1_64' title='bbox 605 1045 690 1097; x_wconf 80' lang='lat' dir='ltr'>Ex</span> <span class='ocrx_word' id='word_1_65' title='bbox 721 1043 938 1098; x_wconf 91' lang='lat' dir='ltr'>horum</span> <span class='ocrx_word' id='word_1_66' title='bbox 970 1043 1384 1113; x_wconf 90' lang='lat' dir='ltr'>episcoporum</span> <span class='ocrx_word' id='word_1_67' title='bbox 1417 1040 1794 1095; x_wconf 88' lang='lat' dir='ltr'>successione</span> <span class='ocrx_word' id='word_1_68' title='bbox 1822 1039 1940 1094; x_wconf 90' lang='lat' dir='ltr'>dis-</span> 
     </span>
    </p>
   </div>
   <div class='ocr_carea' id='block_1_11' title="bbox 281 1130 1937 1203">
    <p class='ocr_par' dir='ltr' id='par_1_11' title="bbox 281 1130 1937 1203">
     <span class='ocr_line' id='line_1_11' title="bbox 281 1130 1937 1203; baseline -0.003 -16"><span class='ocrx_word' id='word_1_69' title='bbox 281 1138 450 1203; x_wconf 80' lang='lat' dir='ltr'>putat</span> <span class='ocrx_word' id='word_1_70' title='bbox 473 1133 754 1188; x_wconf 89' lang='lat' dir='ltr'>adversus</span> <span class='ocrx_word' id='word_1_71' title='bbox 774 1133 1086 1188; x_wconf 66' lang='lat' dir='ltr'>haereticos</span> <span class='ocrx_word' id='word_1_72' title='bbox 1126 1130 1547 1197; x_wconf 87' lang='lat' dir='ltr'>Tertullianus,</span> <span class='ocrx_word' id='word_1_73' title='bbox 1571 1138 1758 1185; x_wconf 80' lang='lat' dir='ltr'>contra</span> <span class='ocrx_word' id='word_1_74' title='bbox 1785 1132 1937 1183; x_wconf 80' lang='lat' dir='ltr'>Mar-</span> 
     </span>
    </p>
   </div>
   <div class='ocr_carea' id='block_1_12' title="bbox 281 1209 1938 1287">
    <p class='ocr_par' dir='ltr' id='par_1_12' title="bbox 281 1209 1938 1287">
     <span class='ocr_line' id='line_1_12' title="bbox 281 1209 1938 1287; baseline -0.002 -9"><span class='ocrx_word' id='word_1_75' title='bbox 281 1228 492 1279; x_wconf 81' lang='lat' dir='ltr'>cionem</span> <span class='ocrx_word' id='word_1_76' title='bbox 524 1224 564 1280; x_wconf 94' lang='lat' dir='ltr'>l.</span> <span class='ocrx_word' id='word_1_77' title='bbox 600 1242 674 1287; x_wconf 83' lang='lat' dir='ltr'>1v,</span> <span class='ocrx_word' id='word_1_78' title='bbox 707 1242 758 1280; x_wconf 93' lang='lat' dir='ltr'>c.</span> <span class='ocrx_word' id='word_1_79' title='bbox 792 1227 823 1277; x_wconf 85' lang='lat'><strong>5</strong></span> <span class='ocrx_word' id='word_1_80' title='bbox 859 1241 872 1277; x_wconf 90' lang='lat'>:</span> <span class='ocrx_word' id='word_1_81' title='bbox 907 1246 934 1274; x_wconf 82' lang='lat'><strong>«</strong></span> <span class='ocrx_word' id='word_1_82' title='bbox 969 1223 1265 1279; x_wconf 85' lang='lat' dir='ltr'>Habemus</span> <span class='ocrx_word' id='word_1_83' title='bbox 1297 1228 1355 1276; x_wconf 91' lang='lat' dir='ltr'>et</span> <span class='ocrx_word' id='word_1_84' title='bbox 1379 1209 1624 1276; x_wconf 82' lang='lat' dir='ltr'>Joannis</span> <span class='ocrx_word' id='word_1_85' title='bbox 1664 1219 1938 1275; x_wconf 90' lang='lat' dir='ltr'>alumnas</span> 
     </span>
    </p>
   </div>
   <div class='ocr_carea' id='block_1_13' title="bbox 281 1311 1938 1384">
    <p class='ocr_par' dir='ltr' id='par_1_13' title="bbox 281 1311 1938 1384">
     <span class='ocr_line' id='line_1_13' title="bbox 281 1311 1938 1384; baseline -0.002 -18"><span class='ocrx_word' id='word_1_86' title='bbox 281 1313 599 1368; x_wconf 86' lang='lat' dir='ltr'>Ecclesias.</span> <span class='ocrx_word' id='word_1_87' title='bbox 634 1315 780 1368; x_wconf 85' lang='lat' dir='ltr'>Nam</span> <span class='ocrx_word' id='word_1_88' title='bbox 813 1313 924 1368; x_wconf 89' lang='lat' dir='ltr'>etsi</span> <span class='ocrx_word' id='word_1_89' title='bbox 956 1311 1352 1384; x_wconf 82' lang='lat' dir='ltr'>Apocalypsin</span> <span class='ocrx_word' id='word_1_90' title='bbox 1395 1311 1524 1382; x_wconf 90' lang='lat' dir='ltr'>ejus</span> <span class='ocrx_word' id='word_1_91' title='bbox 1556 1311 1813 1364; x_wconf 89' lang='lat' dir='ltr'>Marcion</span> <span class='ocrx_word' id='word_1_92' title='bbox 1843 1325 1938 1364; x_wconf 79' lang='lat' dir='ltr'>re-~</span> 
     </span>
    </p>
   </div>
   <div class='ocr_carea' id='block_1_14' title="bbox 279 1400 1936 1474">
    <p class='ocr_par' dir='ltr' id='par_1_14' title="bbox 279 1400 1936 1474">
     <span class='ocr_line' id='line_1_14' title="bbox 279 1400 1936 1474; baseline -0.003 -16"><span class='ocrx_word' id='word_1_93' title='bbox 279 1403 612 1474; x_wconf 89' lang='lat' dir='ltr'>spuit,ordo</span> <span class='ocrx_word' id='word_1_94' title='bbox 628 1410 819 1459; x_wconf 80' lang='lat' dir='ltr'>tamen</span> <span class='ocrx_word' id='word_1_95' title='bbox 837 1403 1241 1474; x_wconf 87' lang='lat' dir='ltr'>episcoporum</span> <span class='ocrx_word' id='word_1_96' title='bbox 1255 1401 1328 1455; x_wconf 91' lang='lat' dir='ltr'>ad</span> <span class='ocrx_word' id='word_1_97' title='bbox 1342 1400 1630 1472; x_wconf 79' lang='lat' dir='ltr'>originem</span> <span class='ocrx_word' id='word_1_98' title='bbox 1652 1414 1936 1454; x_wconf 90' lang='lat' dir='ltr'>recensus</span> 
     </span>
    </p>
   </div>
   <div class='ocr_carea' id='block_1_15' title="bbox 273 1488 1933 1559">
    <p class='ocr_par' dir='ltr' id='par_1_15' title="bbox 273 1488 1933 1559">
     <span class='ocr_line' id='line_1_15' title="bbox 273 1488 1933 1559; baseline -0.003 -13"><span class='ocrx_word' id='word_1_99' title='bbox 273 1492 336 1546; x_wconf 93' lang='lat' dir='ltr'>in</span> <span class='ocrx_word' id='word_1_100' title='bbox 357 1492 652 1548; x_wconf 86' lang='lat' dir='ltr'>Joannem</span> <span class='ocrx_word' id='word_1_101' title='bbox 684 1492 866 1547; x_wconf 86' lang='lat' dir='ltr'>stabit</span> <span class='ocrx_word' id='word_1_102' title='bbox 890 1498 1215 1548; x_wconf 86' lang='lat' dir='ltr'>auctorem.</span> <span class='ocrx_word' id='word_1_103' title='bbox 1245 1510 1268 1540; x_wconf 68' lang='grc' dir='ltr'>ο</span> <span class='ocrx_word' id='word_1_104' title='bbox 1299 1491 1371 1545; x_wconf 92' lang='lat' dir='ltr'>Ut</span> <span class='ocrx_word' id='word_1_105' title='bbox 1391 1488 1623 1559; x_wconf 88' lang='lat' dir='ltr'>reliqua</span> <span class='ocrx_word' id='word_1_106' title='bbox 1640 1489 1933 1552; x_wconf 88' lang='lat' dir='ltr'>omittam,</span> 
     </span>
    </p>
   </div>
   <div class='ocr_carea' id='block_1_16' title="bbox 271 1577 1933 1653">
    <p class='ocr_par' dir='ltr' id='par_1_16' title="bbox 271 1577 1933 1653">
     <span class='ocr_line' id='line_1_16' title="bbox 271 1577 1933 1653; baseline -0.002 -18"><span class='ocrx_word' id='word_1_107' title='bbox 271 1581 478 1637; x_wconf 92' lang='lat' dir='ltr'>nullus</span> <span class='ocrx_word' id='word_1_108' title='bbox 509 1597 778 1652; x_wconf 89' lang='lat' dir='ltr'>unquam</span> <span class='ocrx_word' id='word_1_109' title='bbox 810 1582 1064 1653; x_wconf 86' lang='lat' dir='ltr'>scriptor</span> <span class='ocrx_word' id='word_1_110' title='bbox 1093 1580 1465 1635; x_wconf 88' lang='lat' dir='ltr'>Christianus</span> <span class='ocrx_word' id='word_1_111' title='bbox 1498 1584 1556 1633; x_wconf 91' lang='lat' dir='ltr'>et</span> <span class='ocrx_word' id='word_1_112' title='bbox 1604 1577 1933 1633; x_wconf 88' lang='lat' dir='ltr'>catholicus</span> 
     </span>
    </p>
   </div>
   <div class='ocr_carea' id='block_1_17' title="bbox 270 1668 1932 1742">
    <p class='ocr_par' dir='ltr' id='par_1_17' title="bbox 270 1668 1932 1742">
     <span class='ocr_line' id='line_1_17' title="bbox 270 1668 1932 1742; baseline -0.001 -18"><span class='ocrx_word' id='word_1_113' title='bbox 270 1671 420 1726; x_wconf 79' lang='lat' dir='ltr'>dixit</span> <span class='ocrx_word' id='word_1_114' title='bbox 450 1673 764 1742; x_wconf 89' lang='lat' dir='ltr'>pauciores</span> <span class='ocrx_word' id='word_1_115' title='bbox 796 1672 1036 1726; x_wconf 88' lang='lat' dir='ltr'>ordines</span> <span class='ocrx_word' id='word_1_116' title='bbox 1068 1671 1187 1726; x_wconf 91' lang='lat' dir='ltr'>sive</span> <span class='ocrx_word' id='word_1_117' title='bbox 1231 1668 1469 1742; x_wconf 90' lang='lat' dir='ltr'>gradus,</span> <span class='ocrx_word' id='word_1_118' title='bbox 1512 1685 1688 1738; x_wconf 91' lang='lat' dir='ltr'>quam</span> <span class='ocrx_word' id='word_1_119' title='bbox 1721 1673 1840 1723; x_wconf 90' lang='lat' dir='ltr'>tres</span> <span class='ocrx_word' id='word_1_120' title='bbox 1871 1668 1932 1722; x_wconf 91' lang='lat' dir='ltr'>in</span> 
     </span>
    </p>
   </div>
   <div class='ocr_carea' id='block_1_18' title="bbox 270 1755 1932 1827">
    <p class='ocr_par' dir='ltr' id='par_1_18' title="bbox 270 1755 1932 1827">
     <span class='ocr_line' id='line_1_18' title="bbox 270 1755 1932 1827; baseline -0.002 -13"><span class='ocrx_word' id='word_1_121' title='bbox 270 1760 540 1815; x_wconf 82' lang='lat' dir='ltr'>Ecclesia</span> <span class='ocrx_word' id='word_1_122' title='bbox 595 1761 778 1816; x_wconf 84' lang='lat' dir='ltr'>fuisse</span> <span class='ocrx_word' id='word_1_123' title='bbox 838 1761 1099 1816; x_wconf 88' lang='lat' dir='ltr'>secundo</span> <span class='ocrx_word' id='word_1_124' title='bbox 1160 1758 1398 1824; x_wconf 57' lang='lat' dir='ltr'>saeculo,</span> <span class='ocrx_word' id='word_1_125' title='bbox 1459 1762 1562 1812; x_wconf 90' lang='lat' dir='ltr'>aut</span> <span class='ocrx_word' id='word_1_126' title='bbox 1624 1755 1749 1811; x_wconf 91' lang='lat' dir='ltr'>ulla</span> <span class='ocrx_word' id='word_1_127' title='bbox 1804 1757 1932 1827; x_wconf 89' lang='lat' dir='ltr'>ejus</span> 
     </span>
    </p>
   </div>
   <div class='ocr_carea' id='block_1_19' title="bbox 2059 598 3706 670">
    <p class='ocr_par' dir='ltr' id='par_1_19' title="bbox 2059 598 3706 670">
     <span class='ocr_line' id='line_1_19' title="bbox 2059 598 3706 670; baseline 0.003 -21"><span class='ocrx_word' id='word_1_128' title='bbox 2059 598 2260 652; x_wconf 90' lang='lat' dir='ltr'>omnia</span> <span class='ocrx_word' id='word_1_129' title='bbox 2283 599 2446 654; x_wconf 90' lang='lat' dir='ltr'>illius</span> <span class='ocrx_word' id='word_1_130' title='bbox 2478 601 2668 655; x_wconf 83' lang='lat' dir='ltr'>aetatis</span> <span class='ocrx_word' id='word_1_131' title='bbox 2700 600 2919 670; x_wconf 88' lang='lat' dir='ltr'>scripta</span> <span class='ocrx_word' id='word_1_132' title='bbox 2950 615 3385 670; x_wconf 87' lang='lat' dir='ltr'>percurramus,</span> <span class='ocrx_word' id='word_1_133' title='bbox 3410 599 3561 653; x_wconf 86' lang='lat' dir='ltr'>nihil</span> <span class='ocrx_word' id='word_1_134' title='bbox 3585 604 3706 654; x_wconf 90' lang='lat' dir='ltr'>tam</span> 
     </span>
    </p>
   </div>
   <div class='ocr_carea' id='block_1_20' title="bbox 2055 686 3703 759">
    <p class='ocr_par' dir='ltr' id='par_1_20' title="bbox 2055 686 3703 759">
     <span class='ocr_line' id='line_1_20' title="bbox 2055 686 3703 759; baseline 0.004 -21"><span class='ocrx_word' id='word_1_135' title='bbox 2055 686 2382 742; x_wconf 90' lang='lat' dir='ltr'>honoriﬁce</span> <span class='ocrx_word' id='word_1_136' title='bbox 2443 690 2514 744; x_wconf 93' lang='lat' dir='ltr'>de</span> <span class='ocrx_word' id='word_1_137' title='bbox 2546 707 2615 744; x_wconf 94' lang='lat' dir='ltr'>eo</span> <span class='ocrx_word' id='word_1_138' title='bbox 2647 689 2856 744; x_wconf 87' lang='lat' dir='ltr'>ordine</span> <span class='ocrx_word' id='word_1_139' title='bbox 2888 688 3116 743; x_wconf 91' lang='lat' dir='ltr'>dictum</span> <span class='ocrx_word' id='word_1_140' title='bbox 3150 689 3541 759; x_wconf 89' lang='lat' dir='ltr'>reperiemus.</span> <span class='ocrx_word' id='word_1_141' title='bbox 3573 690 3703 744; x_wconf 82' lang='lat' dir='ltr'>Non</span> 
     </span>
    </p>
   </div>
   <div class='ocr_carea' id='block_1_21' title="bbox 2054 775 3695 849">
    <p class='ocr_par' dir='ltr' id='par_1_21' title="bbox 2054 775 3695 849">
     <span class='ocr_line' id='line_1_21' title="bbox 2054 775 3695 849; baseline 0.004 -22"><span class='ocrx_word' id='word_1_142' title='bbox 2054 775 2232 846; x_wconf 89' lang='lat' dir='ltr'>igitur</span> <span class='ocrx_word' id='word_1_143' title='bbox 2245 794 2374 834; x_wconf 88' lang='lat' dir='ltr'>eam</span> <span class='ocrx_word' id='word_1_144' title='bbox 2401 784 2635 834; x_wconf 63' lang='lat' dir='ltr'>{etatem</span> <span class='ocrx_word' id='word_1_145' title='bbox 2659 780 2784 833; x_wconf 63' lang='lat' dir='ltr'>haec</span> <span class='ocrx_word' id='word_1_146' title='bbox 2806 778 3044 849; x_wconf 87' lang='lat' dir='ltr'>sapiunt</span> <span class='ocrx_word' id='word_1_147' title='bbox 3071 797 3086 847; x_wconf 84' lang='lat'><strong>;</strong></span> <span class='ocrx_word' id='word_1_148' title='bbox 3115 782 3172 832; x_wconf 91' lang='lat' dir='ltr'>et</span> <span class='ocrx_word' id='word_1_149' title='bbox 3199 778 3481 832; x_wconf 87' lang='lat' dir='ltr'>deliraret</span> <span class='ocrx_word' id='word_1_150' title='bbox 3503 779 3695 849; x_wconf 83' lang='lat' dir='ltr'>plane,</span> 
     </span>
    </p>
   </div>
   <div class='ocr_carea' id='block_1_22' title="bbox 2055 863 3704 939">
    <p class='ocr_par' dir='ltr' id='par_1_22' title="bbox 2055 863 3704 939">
     <span class='ocr_line' id='line_1_22' title="bbox 2055 863 3704 939; baseline 0.004 -23"><span class='ocrx_word' id='word_1_151' title='bbox 2055 863 2172 919; x_wconf 91' lang='lat' dir='ltr'>imo</span> <span class='ocrx_word' id='word_1_152' title='bbox 2203 866 2496 922; x_wconf 83' lang='lat' dir='ltr'>insaniret</span> <span class='ocrx_word' id='word_1_153' title='bbox 2527 869 2833 938; x_wconf 89' lang='lat' dir='ltr'>impostor,</span> <span class='ocrx_word' id='word_1_154' title='bbox 2860 868 2958 937; x_wconf 88' lang='lat' dir='ltr'>qui</span> <span class='ocrx_word' id='word_1_155' title='bbox 2981 867 3055 922; x_wconf 87' lang='lat' dir='ltr'>ad</span> <span class='ocrx_word' id='word_1_156' title='bbox 3079 867 3457 939; x_wconf 83' lang='lat' dir='ltr'>tyrannidem</span> <span class='ocrx_word' id='word_1_157' title='bbox 3475 868 3704 938; x_wconf 89' lang='lat' dir='ltr'>episco-</span> 
     </span>
    </p>
   </div>
   <div class='ocr_carea' id='block_1_23' title="bbox 2052 958 3698 1030">
    <p class='ocr_par' dir='ltr' id='par_1_23' title="bbox 2052 958 3698 1030">
     <span class='ocr_line' id='line_1_23' title="bbox 2052 958 3698 1030; baseline 0.004 -21"><span class='ocrx_word' id='word_1_158' title='bbox 2052 973 2264 1026; x_wconf 90' lang='lat' dir='ltr'>porum</span> <span class='ocrx_word' id='word_1_159' title='bbox 2287 959 2749 1014; x_wconf 87' lang='lat' dir='ltr'>conﬁrmandam</span> <span class='ocrx_word' id='word_1_160' title='bbox 2772 959 2859 1030; x_wconf 88' lang='lat' dir='ltr'>(ut</span> <span class='ocrx_word' id='word_1_161' title='bbox 2892 958 3078 1013; x_wconf 91' lang='lat' dir='ltr'>voluit</span> <span class='ocrx_word' id='word_1_162' title='bbox 3107 963 3240 1028; x_wconf 87' lang='lat' dir='ltr'>post</span> <span class='ocrx_word' id='word_1_163' title='bbox 3262 959 3538 1013; x_wconf 90' lang='lat' dir='ltr'>Socinum</span> <span class='ocrx_word' id='word_1_164' title='bbox 3564 960 3698 1015; x_wconf 83' lang='lat' dir='ltr'>Dal-</span> 
     </span>
    </p>
   </div>
   <div class='ocr_carea' id='block_1_24' title="bbox 2050 1043 3698 1120">
    <p class='ocr_par' dir='ltr' id='par_1_24' title="bbox 2050 1043 3698 1120">
     <span class='ocr_line' id='line_1_24' title="bbox 2050 1043 3698 1120; baseline 0.004 -23"><span class='ocrx_word' id='word_1_165' title='bbox 2050 1043 2236 1117; x_wconf 71' lang='lat' dir='ltr'>Iasus),</span> <span class='ocrx_word' id='word_1_166' title='bbox 2269 1048 2393 1102; x_wconf 73' lang='lat' dir='ltr'>haec</span> <span class='ocrx_word' id='word_1_167' title='bbox 2433 1048 2814 1120; x_wconf 85' lang='lat' dir='ltr'>excogitaret,</span> <span class='ocrx_word' id='word_1_168' title='bbox 2873 1053 2932 1102; x_wconf 90' lang='lat' dir='ltr'>et</span> <span class='ocrx_word' id='word_1_169' title='bbox 2985 1047 3164 1102; x_wconf 88' lang='lat' dir='ltr'>simul</span> <span class='ocrx_word' id='word_1_170' title='bbox 3213 1047 3698 1119; x_wconf 84' lang='lat' dir='ltr'>presbyterorum</span> 
     </span>
    </p>
   </div>
   <div class='ocr_carea' id='block_1_25' title="bbox 2049 1135 3693 1208">
    <p class='ocr_par' dir='ltr' id='par_1_25' title="bbox 2049 1135 3693 1208">
     <span class='ocr_line' id='line_1_25' title="bbox 2049 1135 3693 1208; baseline 0.001 -20"><span class='ocrx_word' id='word_1_171' title='bbox 2049 1136 2484 1205; x_wconf 86' lang='lat' dir='ltr'>auctoritatem,</span> <span class='ocrx_word' id='word_1_172' title='bbox 2502 1139 2629 1208; x_wconf 88' lang='lat' dir='ltr'>jam</span> <span class='ocrx_word' id='word_1_173' title='bbox 2651 1137 2753 1192; x_wconf 90' lang='lat' dir='ltr'>diu</span> <span class='ocrx_word' id='word_1_174' title='bbox 2769 1136 3126 1190; x_wconf 87' lang='lat' dir='ltr'>diminutam</span> <span class='ocrx_word' id='word_1_175' title='bbox 3149 1141 3325 1206; x_wconf 91' lang='lat' dir='ltr'>atque</span> <span class='ocrx_word' id='word_1_176' title='bbox 3348 1135 3693 1206; x_wconf 87' lang='lat' dir='ltr'>collapsam,</span> 
     </span>
    </p>
   </div>
   <div class='ocr_carea' id='block_1_26' title="bbox 2050 1225 3696 1298">
    <p class='ocr_par' dir='ltr' id='par_1_26' title="bbox 2050 1225 3696 1298">
     <span class='ocr_line' id='line_1_26' title="bbox 2050 1225 3696 1298; baseline 0.001 -20"><span class='ocrx_word' id='word_1_177' title='bbox 2050 1226 2364 1280; x_wconf 89' lang='lat' dir='ltr'>restituere</span> <span class='ocrx_word' id='word_1_178' title='bbox 2386 1231 2446 1281; x_wconf 92' lang='lat' dir='ltr'>et</span> <span class='ocrx_word' id='word_1_179' title='bbox 2465 1226 2869 1298; x_wconf 80' lang='lat' dir='ltr'>redintegrare</span> <span class='ocrx_word' id='word_1_180' title='bbox 2886 1225 3486 1295; x_wconf 86' lang='lat' dir='ltr'>conaretur,lgnatius</span> <span class='ocrx_word' id='word_1_181' title='bbox 3500 1225 3696 1280; x_wconf 88' lang='lat' dir='ltr'>ofﬁcia</span> 
     </span>
    </p>
   </div>
   <div class='ocr_carea' id='block_1_27' title="bbox 2048 1313 3692 1385">
    <p class='ocr_par' dir='ltr' id='par_1_27' title="bbox 2048 1313 3692 1385">
     <span class='ocr_line' id='line_1_27' title="bbox 2048 1313 3692 1385; baseline -0.001 -15"><span class='ocrx_word' id='word_1_182' title='bbox 2048 1314 2451 1371; x_wconf 87' lang='lat' dir='ltr'>ecclesiastica</span> <span class='ocrx_word' id='word_1_183' title='bbox 2480 1315 2639 1370; x_wconf 90' lang='lat' dir='ltr'>unde</span> <span class='ocrx_word' id='word_1_184' title='bbox 2673 1321 2730 1369; x_wconf 92' lang='lat' dir='ltr'>et</span> <span class='ocrx_word' id='word_1_185' title='bbox 2763 1314 3114 1385; x_wconf 85' lang='lat' dir='ltr'>simpliciter</span> <span class='ocrx_word' id='word_1_186' title='bbox 3145 1313 3265 1368; x_wconf 90' lang='lat' dir='ltr'>suis</span> <span class='ocrx_word' id='word_1_187' title='bbox 3290 1313 3692 1369; x_wconf 90' lang='lat' dir='ltr'>fonctionibus</span> 
     </span>
    </p>
   </div>
   <div class='ocr_carea' id='block_1_28' title="bbox 2047 1404 3692 1476">
    <p class='ocr_par' dir='ltr' id='par_1_28' title="bbox 2047 1404 3692 1476">
     <span class='ocr_line' id='line_1_28' title="bbox 2047 1404 3692 1476; baseline 0.001 -18"><span class='ocrx_word' id='word_1_188' title='bbox 2047 1410 2105 1458; x_wconf 92' lang='lat' dir='ltr'>et</span> <span class='ocrx_word' id='word_1_189' title='bbox 2127 1405 2469 1459; x_wconf 91' lang='lat' dir='ltr'>nominibus</span> <span class='ocrx_word' id='word_1_190' title='bbox 2492 1404 2820 1476; x_wconf 86' lang='lat' dir='ltr'>distinguit,</span> <span class='ocrx_word' id='word_1_191' title='bbox 2847 1410 2964 1459; x_wconf 89' lang='lat' dir='ltr'>tres</span> <span class='ocrx_word' id='word_1_192' title='bbox 2987 1409 3218 1458; x_wconf 90' lang='lat' dir='ltr'>tantum</span> <span class='ocrx_word' id='word_1_193' title='bbox 3243 1420 3439 1458; x_wconf 89' lang='lat' dir='ltr'>sacros</span> <span class='ocrx_word' id='word_1_194' title='bbox 3455 1405 3692 1459; x_wconf 90' lang='lat' dir='ltr'>ordines</span> 
     </span>
    </p>
   </div>
   <div class='ocr_carea' id='block_1_29' title="bbox 2044 1494 3694 1566">
    <p class='ocr_par' dir='ltr' id='par_1_29' title="bbox 2044 1494 3694 1566">
     <span class='ocr_line' id='line_1_29' title="bbox 2044 1494 3694 1566; baseline 0.001 -18"><span class='ocrx_word' id='word_1_195' title='bbox 2044 1494 2328 1565; x_wconf 84' lang='lat' dir='ltr'>agnoscit,</span> <span class='ocrx_word' id='word_1_196' title='bbox 2360 1494 2684 1564; x_wconf 89' lang='lat' dir='ltr'>unicuique</span> <span class='ocrx_word' id='word_1_197' title='bbox 2716 1511 2890 1548; x_wconf 91' lang='lat' dir='ltr'>suum</span> <span class='ocrx_word' id='word_1_198' title='bbox 2920 1495 3208 1548; x_wconf 87' lang='lat' dir='ltr'>honorem</span> <span class='ocrx_word' id='word_1_199' title='bbox 3239 1500 3413 1565; x_wconf 89' lang='lat' dir='ltr'>atque</span> <span class='ocrx_word' id='word_1_200' title='bbox 3437 1494 3694 1566; x_wconf 86' lang='lat' dir='ltr'>dignita-</span> 
     </span>
    </p>
   </div>
   <div class='ocr_carea' id='block_1_30' title="bbox 2043 1583 3693 1654">
    <p class='ocr_par' dir='ltr' id='par_1_30' title="bbox 2043 1583 3693 1654">
     <span class='ocr_line' id='line_1_30' title="bbox 2043 1583 3693 1654; baseline 0.002 -19"><span class='ocrx_word' id='word_1_201' title='bbox 2043 1586 2164 1636; x_wconf 91' lang='lat' dir='ltr'>tem</span> <span class='ocrx_word' id='word_1_202' title='bbox 2197 1583 2422 1647; x_wconf 88' lang='lat' dir='ltr'>tribuit,</span> <span class='ocrx_word' id='word_1_203' title='bbox 2457 1583 2606 1637; x_wconf 86' lang='lat' dir='ltr'>nulli</span> <span class='ocrx_word' id='word_1_204' title='bbox 2639 1583 2882 1654; x_wconf 88' lang='lat' dir='ltr'>derogat</span> <span class='ocrx_word' id='word_1_205' title='bbox 2911 1588 2968 1638; x_wconf 88' lang='lat' dir='ltr'>et</span> <span class='ocrx_word' id='word_1_206' title='bbox 2997 1583 3166 1638; x_wconf 85' lang='lat' dir='ltr'>alteri</span> <span class='ocrx_word' id='word_1_207' title='bbox 3190 1584 3693 1650; x_wconf 86' lang='lat' dir='ltr'>inserviat,omni-</span> 
     </span>
    </p>
   </div>
   <div class='ocr_carea' id='block_1_31' title="bbox 2042 1669 3688 1745">
    <p class='ocr_par' dir='ltr' id='par_1_31' title="bbox 2042 1669 3688 1745">
     <span class='ocr_line' id='line_1_31' title="bbox 2042 1669 3688 1745; baseline 0.002 -20"><span class='ocrx_word' id='word_1_208' title='bbox 2042 1669 2152 1725; x_wconf 92' lang='lat' dir='ltr'>bus</span> <span class='ocrx_word' id='word_1_209' title='bbox 2233 1671 2636 1726; x_wconf 87' lang='lat' dir='ltr'>obedientiam</span> <span class='ocrx_word' id='word_1_210' title='bbox 2713 1672 3110 1742; x_wconf 63' lang='lat' dir='ltr'>praestandam</span> <span class='ocrx_word' id='word_1_211' title='bbox 3194 1690 3323 1728; x_wconf 92' lang='lat' dir='ltr'>esse</span> <span class='ocrx_word' id='word_1_212' title='bbox 3381 1690 3416 1728; x_wconf 89' lang='lat' dir='ltr'>a</span> <span class='ocrx_word' id='word_1_213' title='bbox 3471 1674 3688 1745; x_wconf 89' lang='lat' dir='ltr'>populo</span> 
     </span>
    </p>
   </div>
   <div class='ocr_carea' id='block_1_32' title="bbox 2041 1761 3690 1832">
    <p class='ocr_par' dir='ltr' id='par_1_32' title="bbox 2041 1761 3690 1832">
     <span class='ocr_line' id='line_1_32' title="bbox 2041 1761 3690 1832; baseline 0.002 -17"><span class='ocrx_word' id='word_1_214' title='bbox 2041 1765 2264 1829; x_wconf 90' lang='lat' dir='ltr'>monet,</span> <span class='ocrx_word' id='word_1_215' title='bbox 2289 1761 2467 1832; x_wconf 86' lang='lat' dir='ltr'>idque</span> <span class='ocrx_word' id='word_1_216' title='bbox 2500 1761 2561 1816; x_wconf 92' lang='lat' dir='ltr'>in</span> <span class='ocrx_word' id='word_1_217' title='bbox 2599 1778 2736 1816; x_wconf 91' lang='lat' dir='ltr'>eum</span> <span class='ocrx_word' id='word_1_218' title='bbox 2783 1766 3017 1817; x_wconf 90' lang='lat' dir='ltr'>tantum</span> <span class='ocrx_word' id='word_1_219' title='bbox 3064 1762 3267 1830; x_wconf 83' lang='lat' dir='ltr'>ﬁnem,</span> <span class='ocrx_word' id='word_1_220' title='bbox 3318 1768 3384 1817; x_wconf 91' lang='lat' dir='ltr'>ut</span> <span class='ocrx_word' id='word_1_221' title='bbox 3431 1764 3690 1819; x_wconf 88' lang='lat' dir='ltr'>schisma</span> 
     </span>
    </p>
   </div>
   <div class='ocr_carea' id='block_1_33' title="bbox 266 1844 3034 1944">
    <p class='ocr_par' dir='ltr' id='par_1_33' title="bbox 266 1844 3034 1944">
     <span class='ocr_line' id='line_1_33' title="bbox 266 1844 3034 1944; baseline 0.001 -41"><span class='ocrx_word' id='word_1_222' title='bbox 266 1855 440 1920; x_wconf 88' lang='lat' dir='ltr'>parte</span> <span class='ocrx_word' id='word_1_223' title='bbox 470 1865 485 1915; x_wconf 91' lang='lat'><strong>;</strong></span> <span class='ocrx_word' id='word_1_224' title='bbox 520 1866 637 1921; x_wconf 89' lang='lat' dir='ltr'>quo</span> <span class='ocrx_word' id='word_1_225' title='bbox 669 1849 911 1921; x_wconf 89' lang='lat' dir='ltr'>quidem</span> <span class='ocrx_word' id='word_1_226' title='bbox 943 1848 1157 1904; x_wconf 75' lang='lat' dir='ltr'>saeculo</span> <span class='ocrx_word' id='word_1_227' title='bbox 1188 1848 1451 1919; x_wconf 87' lang='lat' dir='ltr'>Ignatius</span> <span class='ocrx_word' id='word_1_228' title='bbox 1472 1845 1727 1917; x_wconf 81' lang='lat' dir='ltr'>scripsit.</span> <span class='ocrx_word' id='word_1_229' title='bbox 1757 1844 1929 1900; x_wconf 88' lang='lat' dir='ltr'>Nullo</span> <span class='ocrx_word' id='word_1_230' title='bbox 1961 1879 2010 1944; x_wconf 80' lang='grc' dir='ltr'><strong>Β</strong></span> <span class='ocrx_word' id='word_1_231' title='bbox 2042 1852 2289 1908; x_wconf 89' lang='lat' dir='ltr'>evitetur</span> <span class='ocrx_word' id='word_1_232' title='bbox 2318 1857 2377 1907; x_wconf 93' lang='lat' dir='ltr'>et</span> <span class='ocrx_word' id='word_1_233' title='bbox 2405 1853 2604 1908; x_wconf 88' lang='lat' dir='ltr'>unitas</span> <span class='ocrx_word' id='word_1_234' title='bbox 2635 1858 3034 1908; x_wconf 82' lang='lat' dir='ltr'>conservetur.</span> 
     </span>
    </p>
   </div>
   <div class='ocr_carea' id='block_1_34' title="bbox 268 1935 1932 2011">
    <p class='ocr_par' dir='ltr' id='par_1_34' title="bbox 268 1935 1932 2011">
     <span class='ocr_line' id='line_1_34' title="bbox 268 1935 1932 2011; baseline -0.002 -18"><span class='ocrx_word' id='word_1_235' title='bbox 268 1939 448 1994; x_wconf 90' lang='lat' dir='ltr'>modo</span> <span class='ocrx_word' id='word_1_236' title='bbox 478 1940 664 2011; x_wconf 83' lang='lat' dir='ltr'>igitur</span> <span class='ocrx_word' id='word_1_237' title='bbox 691 1939 1014 1994; x_wconf 80' lang='lat' dir='ltr'>verisimile</span> <span class='ocrx_word' id='word_1_238' title='bbox 1073 1943 1164 1993; x_wconf 89' lang='lat' dir='ltr'>est</span> <span class='ocrx_word' id='word_1_239' title='bbox 1209 1937 1520 2009; x_wconf 84' lang='lat' dir='ltr'>pauciores</span> <span class='ocrx_word' id='word_1_240' title='bbox 1568 1941 1708 1990; x_wconf 91' lang='lat' dir='ltr'>tunc</span> <span class='ocrx_word' id='word_1_241' title='bbox 1757 1935 1932 1990; x_wconf 73' lang='lat' dir='ltr'>exsti-</span> 
     </span>
    </p>
   </div>
   <div class='ocr_carea' id='block_1_35' title="bbox 264 2024 1935 2100">
    <p class='ocr_par' dir='ltr' id='par_1_35' title="bbox 264 2024 1935 2100">
     <span class='ocr_line' id='line_1_35' title="bbox 264 2024 1935 2100; baseline -0.003 -18"><span class='ocrx_word' id='word_1_242' title='bbox 264 2031 435 2084; x_wconf 88' lang='lat' dir='ltr'>tisse.</span> <span class='ocrx_word' id='word_1_243' title='bbox 469 2030 531 2084; x_wconf 93' lang='lat' dir='ltr'>Si</span> <span class='ocrx_word' id='word_1_244' title='bbox 562 2031 878 2100; x_wconf 86' lang='lat' dir='ltr'>quisquam</span> <span class='ocrx_word' id='word_1_245' title='bbox 909 2029 969 2083; x_wconf 92' lang='lat' dir='ltr'>id</span> <span class='ocrx_word' id='word_1_246' title='bbox 1001 2028 1219 2082; x_wconf 82' lang='lat' dir='ltr'>dixisse</span> <span class='ocrx_word' id='word_1_247' title='bbox 1251 2026 1550 2097; x_wconf 88' lang='lat' dir='ltr'>putandus</span> <span class='ocrx_word' id='word_1_248' title='bbox 1571 2029 1750 2091; x_wconf 86' lang='lat' dir='ltr'>esset,</span> <span class='ocrx_word' id='word_1_249' title='bbox 1778 2024 1935 2078; x_wconf 91' lang='lat' dir='ltr'>inter</span> 
     </span>
    </p>
   </div>
   <div class='ocr_carea' id='block_1_36' title="bbox 265 2113 1929 2189">
    <p class='ocr_par' dir='ltr' id='par_1_36' title="bbox 265 2113 1929 2189">
     <span class='ocr_line' id='line_1_36' title="bbox 265 2113 1929 2189; baseline -0.003 -17"><span class='ocrx_word' id='word_1_250' title='bbox 265 2118 409 2173; x_wconf 81' lang='lat' dir='ltr'>illos</span> <span class='ocrx_word' id='word_1_251' title='bbox 441 2125 606 2173; x_wconf 86' lang='lat' dir='ltr'>certe</span> <span class='ocrx_word' id='word_1_252' title='bbox 635 2119 1018 2189; x_wconf 88' lang='lat' dir='ltr'>reperiretur,</span> <span class='ocrx_word' id='word_1_253' title='bbox 1052 2117 1152 2188; x_wconf 90' lang='lat' dir='ltr'>qui</span> <span class='ocrx_word' id='word_1_254' title='bbox 1179 2115 1441 2187; x_wconf 87' lang='lat' dir='ltr'>episcopi</span> <span class='ocrx_word' id='word_1_255' title='bbox 1492 2120 1551 2169; x_wconf 92' lang='lat' dir='ltr'>et</span> <span class='ocrx_word' id='word_1_256' title='bbox 1597 2113 1929 2185; x_wconf 88' lang='lat' dir='ltr'>presbyteri</span> 
     </span>
    </p>
   </div>
   <div class='ocr_carea' id='block_1_37' title="bbox 262 2203 1930 2280">
    <p class='ocr_par' dir='ltr' id='par_1_37' title="bbox 262 2203 1930 2280">
     <span class='ocr_line' id='line_1_37' title="bbox 262 2203 1930 2280; baseline -0.003 -19"><span class='ocrx_word' id='word_1_257' title='bbox 262 2209 523 2264; x_wconf 88' lang='lat' dir='ltr'>nomina</span> <span class='ocrx_word' id='word_1_258' title='bbox 542 2208 601 2262; x_wconf 89' lang='lat' dir='ltr'>in</span> <span class='ocrx_word' id='word_1_259' title='bbox 625 2209 1028 2280; x_wconf 88' lang='lat' dir='ltr'>apostolorum</span> <span class='ocrx_word' id='word_1_260' title='bbox 1052 2206 1288 2276; x_wconf 89' lang='lat' dir='ltr'>scriptis</span> <span class='ocrx_word' id='word_1_261' title='bbox 1310 2204 1560 2260; x_wconf 88' lang='lat' dir='ltr'>confusa</span> <span class='ocrx_word' id='word_1_262' title='bbox 1582 2219 1711 2258; x_wconf 89' lang='lat' dir='ltr'>esse</span> <span class='ocrx_word' id='word_1_263' title='bbox 1735 2203 1930 2258; x_wconf 85' lang='lat' dir='ltr'>existi-</span> 
     </span>
    </p>
   </div>
   <div class='ocr_carea' id='block_1_38' title="bbox 259 2295 1928 2369">
    <p class='ocr_par' dir='ltr' id='par_1_38' title="bbox 259 2295 1928 2369">
     <span class='ocr_line' id='line_1_38' title="bbox 259 2295 1928 2369; baseline -0.004 -15"><span class='ocrx_word' id='word_1_264' title='bbox 259 2299 537 2354; x_wconf 87' lang='lat' dir='ltr'>mabant.</span> <span class='ocrx_word' id='word_1_265' title='bbox 570 2304 643 2354; x_wconf 77' lang='lat' dir='ltr'>At</span> <span class='ocrx_word' id='word_1_266' title='bbox 672 2299 732 2352; x_wconf 90' lang='lat' dir='ltr'>hi</span> <span class='ocrx_word' id='word_1_267' title='bbox 763 2298 877 2369; x_wconf 89' lang='lat' dir='ltr'>ipsi</span> <span class='ocrx_word' id='word_1_268' title='bbox 911 2313 1118 2352; x_wconf 89' lang='lat' dir='ltr'>omnes</span> <span class='ocrx_word' id='word_1_269' title='bbox 1148 2302 1291 2351; x_wconf 91' lang='lat' dir='ltr'>tunc</span> <span class='ocrx_word' id='word_1_270' title='bbox 1323 2312 1456 2350; x_wconf 90' lang='lat' dir='ltr'>cum</span> <span class='ocrx_word' id='word_1_271' title='bbox 1487 2295 1735 2348; x_wconf 90' lang='lat' dir='ltr'>nomina</span> <span class='ocrx_word' id='word_1_272' title='bbox 1785 2310 1928 2348; x_wconf 93' lang='lat' dir='ltr'>con-</span> 
     </span>
    </p>
   </div>
   <div class='ocr_carea' id='block_1_39' title="bbox 257 2383 1925 2453">
    <p class='ocr_par' dir='ltr' id='par_1_39' title="bbox 257 2383 1925 2453">
     <span class='ocr_line' id='line_1_39' title="bbox 257 2383 1925 2453; baseline -0.004 -10"><span class='ocrx_word' id='word_1_273' title='bbox 257 2389 396 2444; x_wconf 86' lang='lat' dir='ltr'>fusa</span> <span class='ocrx_word' id='word_1_274' title='bbox 429 2404 564 2443; x_wconf 90' lang='lat' dir='ltr'>esse</span> <span class='ocrx_word' id='word_1_275' title='bbox 595 2387 1000 2453; x_wconf 84' lang='lat' dir='ltr'>crediderunt,</span> <span class='ocrx_word' id='word_1_276' title='bbox 1033 2391 1134 2442; x_wconf 91' lang='lat' dir='ltr'>aut</span> <span class='ocrx_word' id='word_1_277' title='bbox 1166 2386 1377 2440; x_wconf 90' lang='lat' dir='ltr'>saltem</span> <span class='ocrx_word' id='word_1_278' title='bbox 1410 2389 1546 2439; x_wconf 88' lang='lat' dir='ltr'>ante</span> <span class='ocrx_word' id='word_1_279' title='bbox 1597 2383 1925 2438; x_wconf 90' lang='lat' dir='ltr'>secundum</span> 
     </span>
    </p>
   </div>
   <div class='ocr_carea' id='block_1_40' title="bbox 262 2473 1922 2545">
    <p class='ocr_par' dir='ltr' id='par_1_40' title="bbox 262 2473 1922 2545">
     <span class='ocr_line' id='line_1_40' title="bbox 262 2473 1922 2545; baseline -0.004 -13"><span class='ocrx_word' id='word_1_280' title='bbox 262 2477 574 2545; x_wconf 62' lang='lat' dir='ltr'>saeculum,</span> <span class='ocrx_word' id='word_1_281' title='bbox 606 2477 887 2533; x_wconf 84' lang='lat' dir='ltr'>dixerunt</span> <span class='ocrx_word' id='word_1_282' title='bbox 917 2476 1160 2532; x_wconf 92' lang='lat' dir='ltr'>ordines</span> <span class='ocrx_word' id='word_1_283' title='bbox 1191 2475 1309 2530; x_wconf 87' lang='lat' dir='ltr'>sive</span> <span class='ocrx_word' id='word_1_284' title='bbox 1351 2473 1567 2544; x_wconf 82' lang='lat' dir='ltr'>gradus</span> <span class='ocrx_word' id='word_1_285' title='bbox 1610 2473 1790 2528; x_wconf 86' lang='lat' dir='ltr'>fuisse</span> <span class='ocrx_word' id='word_1_286' title='bbox 1835 2473 1922 2528; x_wconf 90' lang='lat' dir='ltr'>di-</span> 
     </span>
    </p>
   </div>
   <div class='ocr_carea' id='block_1_41' title="bbox 259 2563 1922 2637">
    <p class='ocr_par' dir='ltr' id='par_1_41' title="bbox 259 2563 1922 2637">
     <span class='ocr_line' id='line_1_41' title="bbox 259 2563 1922 2637; baseline -0.002 -15"><span class='ocrx_word' id='word_1_287' title='bbox 259 2569 533 2637; x_wconf 85' lang='lat' dir='ltr'>stinctos,</span> <span class='ocrx_word' id='word_1_288' title='bbox 566 2573 635 2622; x_wconf 90' lang='lat' dir='ltr'>ut</span> <span class='ocrx_word' id='word_1_289' title='bbox 671 2584 776 2624; x_wconf 90' lang='lat' dir='ltr'>suo</span> <span class='ocrx_word' id='word_1_290' title='bbox 823 2567 954 2623; x_wconf 92' lang='lat' dir='ltr'>loco</span> <span class='ocrx_word' id='word_1_291' title='bbox 1005 2564 1448 2622; x_wconf 85' lang='lat' dir='ltr'>demonstrabo.</span> <span class='ocrx_word' id='word_1_292' title='bbox 1500 2563 1634 2619; x_wconf 91' lang='lat' dir='ltr'>Sine</span> <span class='ocrx_word' id='word_1_293' title='bbox 1685 2567 1922 2619; x_wconf 84' lang='lat' dir='ltr'>contro-</span> 
     </span>
    </p>
   </div>
   <div class='ocr_carea' id='block_1_42' title="bbox 257 2654 1916 2730">
    <p class='ocr_par' dir='ltr' id='par_1_42' title="bbox 257 2654 1916 2730">
     <span class='ocr_line' id='line_1_42' title="bbox 257 2654 1916 2730; baseline -0.001 -17"><span class='ocrx_word' id='word_1_294' title='bbox 257 2659 450 2714; x_wconf 81' lang='lat' dir='ltr'>versia</span> <span class='ocrx_word' id='word_1_295' title='bbox 481 2659 664 2730; x_wconf 83' lang='lat' dir='ltr'>igitur</span> <span class='ocrx_word' id='word_1_296' title='bbox 691 2675 845 2730; x_wconf 91' lang='lat' dir='ltr'>pono</span> <span class='ocrx_word' id='word_1_297' title='bbox 877 2659 1188 2730; x_wconf 90' lang='lat' dir='ltr'>episcopos</span> <span class='ocrx_word' id='word_1_298' title='bbox 1237 2655 1299 2710; x_wconf 90' lang='lat' dir='ltr'>in</span> <span class='ocrx_word' id='word_1_299' title='bbox 1339 2655 1476 2711; x_wconf 86' lang='lat' dir='ltr'>Asia</span> <span class='ocrx_word' id='word_1_300' title='bbox 1524 2660 1664 2710; x_wconf 90' lang='lat' dir='ltr'>tunc</span> <span class='ocrx_word' id='word_1_301' title='bbox 1711 2654 1916 2725; x_wconf 88' lang='lat' dir='ltr'>fuisse,</span> 
     </span>
    </p>
   </div>
   <div class='ocr_carea' id='block_1_43' title="bbox 261 2745 1916 2819">
    <p class='ocr_par' dir='ltr' id='par_1_43' title="bbox 261 2745 1916 2819">
     <span class='ocr_line' id='line_1_43' title="bbox 261 2745 1916 2819; baseline -0.001 -17"><span class='ocrx_word' id='word_1_302' title='bbox 261 2765 392 2803; x_wconf 91' lang='lat' dir='ltr'>cum</span> <span class='ocrx_word' id='word_1_303' title='bbox 423 2749 694 2819; x_wconf 87' lang='lat' dir='ltr'>Ignatius</span> <span class='ocrx_word' id='word_1_304' title='bbox 724 2748 799 2802; x_wconf 90' lang='lat' dir='ltr'>ad</span> <span class='ocrx_word' id='word_1_305' title='bbox 831 2748 1183 2819; x_wconf 83' lang='lat' dir='ltr'>martyrium</span> <span class='ocrx_word' id='word_1_306' title='bbox 1224 2745 1555 2800; x_wconf 85' lang='lat' dir='ltr'>festinaret.</span> <span class='ocrx_word' id='word_1_307' title='bbox 1604 2745 1732 2799; x_wconf 87' lang='lat' dir='ltr'>Jam</span> <span class='ocrx_word' id='word_1_308' title='bbox 1780 2762 1916 2800; x_wconf 87' lang='lat' dir='ltr'>vero</span> 
     </span>
    </p>
   </div>
   <div class='ocr_carea' id='block_1_44' title="bbox 260 2833 1916 2908">
    <p class='ocr_par' dir='ltr' id='par_1_44' title="bbox 260 2833 1916 2908">
     <span class='ocr_line' id='line_1_44' title="bbox 260 2833 1916 2908; baseline -0.001 -18"><span class='ocrx_word' id='word_1_309' title='bbox 260 2839 341 2892; x_wconf 85' lang='lat' dir='ltr'>ita</span> <span class='ocrx_word' id='word_1_310' title='bbox 370 2838 688 2908; x_wconf 89' lang='lat' dir='ltr'>episcopos</span> <span class='ocrx_word' id='word_1_311' title='bbox 723 2837 812 2892; x_wconf 91' lang='lat' dir='ltr'>sui</span> <span class='ocrx_word' id='word_1_312' title='bbox 863 2835 1148 2908; x_wconf 90' lang='lat' dir='ltr'>temporis</span> <span class='ocrx_word' id='word_1_313' title='bbox 1196 2834 1480 2890; x_wconf 89' lang='lat' dir='ltr'>describit</span> <span class='ocrx_word' id='word_1_314' title='bbox 1528 2833 1916 2905; x_wconf 90' lang='lat' dir='ltr'>epistolarum</span> 
     </span>
    </p>
   </div>
   <div class='ocr_carea' id='block_1_45' title="bbox 263 2922 1916 2996">
    <p class='ocr_par' dir='ltr' id='par_1_45' title="bbox 263 2922 1916 2996">
     <span class='ocr_line' id='line_1_45' title="bbox 263 2922 1916 2996; baseline -0.001 -17"><span class='ocrx_word' id='word_1_315' title='bbox 263 2931 469 2980; x_wconf 84' lang='lat' dir='ltr'>auctor</span> <span class='ocrx_word' id='word_1_316' title='bbox 496 2926 578 2980; x_wconf 89' lang='lat' dir='ltr'>ita</span> <span class='ocrx_word' id='word_1_317' title='bbox 608 2942 844 2996; x_wconf 91' lang='lat' dir='ltr'>semper</span> <span class='ocrx_word' id='word_1_318' title='bbox 873 2925 944 2979; x_wconf 91' lang='lat' dir='ltr'>de</span> <span class='ocrx_word' id='word_1_319' title='bbox 975 2925 1050 2979; x_wconf 90' lang='lat' dir='ltr'>iis</span> <span class='ocrx_word' id='word_1_320' title='bbox 1080 2924 1366 2996; x_wconf 85' lang='lat' dir='ltr'>loquitur,</span> <span class='ocrx_word' id='word_1_321' title='bbox 1397 2928 1464 2977; x_wconf 90' lang='lat' dir='ltr'>ut</span> <span class='ocrx_word' id='word_1_322' title='bbox 1506 2922 1764 2978; x_wconf 91' lang='lat' dir='ltr'>dubitari</span> <span class='ocrx_word' id='word_1_323' title='bbox 1797 2940 1916 2978; x_wconf 91' lang='lat' dir='ltr'>non</span> 
     </span>
    </p>
   </div>
   <div class='ocr_carea' id='block_1_46' title="bbox 263 3013 1917 3086">
    <p class='ocr_par' dir='ltr' id='par_1_46' title="bbox 263 3013 1917 3086">
     <span class='ocr_line' id='line_1_46' title="bbox 263 3013 1917 3086; baseline -0.001 -16"><span class='ocrx_word' id='word_1_324' title='bbox 263 3016 468 3085; x_wconf 84' lang='lat' dir='ltr'>possit,</span> <span class='ocrx_word' id='word_1_325' title='bbox 502 3015 650 3086; x_wconf 89' lang='lat' dir='ltr'>quin</span> <span class='ocrx_word' id='word_1_326' title='bbox 682 3015 883 3070; x_wconf 90' lang='lat' dir='ltr'>omnia</span> <span class='ocrx_word' id='word_1_327' title='bbox 912 3014 982 3069; x_wconf 90' lang='lat' dir='ltr'>ab</span> <span class='ocrx_word' id='word_1_328' title='bbox 1015 3031 1082 3069; x_wconf 94' lang='lat' dir='ltr'>eo</span> <span class='ocrx_word' id='word_1_329' title='bbox 1114 3014 1271 3069; x_wconf 90' lang='lat' dir='ltr'>dicta</span> <span class='ocrx_word' id='word_1_330' title='bbox 1319 3013 1424 3068; x_wconf 89' lang='lat' dir='ltr'>illa</span> <span class='ocrx_word' id='word_1_331' title='bbox 1476 3013 1606 3084; x_wconf 90' lang='lat' dir='ltr'>ipsa</span> <span class='ocrx_word' id='word_1_332' title='bbox 1648 3017 1917 3083; x_wconf 88' lang='lat' dir='ltr'>tempora</span> 
     </span>
    </p>
   </div>
   <div class='ocr_carea' id='block_1_47' title="bbox 260 3101 1914 3174">
    <p class='ocr_par' dir='ltr' id='par_1_47' title="bbox 260 3101 1914 3174">
     <span class='ocr_line' id='line_1_47' title="bbox 260 3101 1914 3174; baseline 0 -18"><span class='ocrx_word' id='word_1_333' title='bbox 260 3104 602 3174; x_wconf 89' lang='lat' dir='ltr'>respiciant.</span> <span class='ocrx_word' id='word_1_334' title='bbox 635 3105 780 3159; x_wconf 91' lang='lat' dir='ltr'>Nam</span> <span class='ocrx_word' id='word_1_335' title='bbox 812 3103 1038 3158; x_wconf 91' lang='lat' dir='ltr'>nudum</span> <span class='ocrx_word' id='word_1_336' title='bbox 1069 3120 1290 3158; x_wconf 88' lang='lat' dir='ltr'>nomen</span> <span class='ocrx_word' id='word_1_337' title='bbox 1320 3101 1501 3157; x_wconf 88' lang='lat' dir='ltr'>ofﬁcii</span> <span class='ocrx_word' id='word_1_338' title='bbox 1533 3117 1638 3156; x_wconf 91' lang='lat' dir='ltr'>seu</span> <span class='ocrx_word' id='word_1_339' title='bbox 1687 3102 1914 3157; x_wconf 90' lang='lat' dir='ltr'>ordinis</span> 
     </span>
    </p>
   </div>
   <div class='ocr_carea' id='block_1_48' title="bbox 258 3191 1906 3264">
    <p class='ocr_par' dir='ltr' id='par_1_48' title="bbox 258 3191 1906 3264">
     <span class='ocr_line' id='line_1_48' title="bbox 258 3191 1906 3264; baseline -0.001 -17"><span class='ocrx_word' id='word_1_340' title='bbox 258 3193 446 3264; x_wconf 87' lang='lat' dir='ltr'>ponit,</span> <span class='ocrx_word' id='word_1_341' title='bbox 479 3192 712 3249; x_wconf 90' lang='lat' dir='ltr'>nullum</span> <span class='ocrx_word' id='word_1_342' title='bbox 730 3193 848 3248; x_wconf 88' lang='lat' dir='ltr'>illis</span> <span class='ocrx_word' id='word_1_343' title='bbox 878 3192 1324 3248; x_wconf 90' lang='lat' dir='ltr'>insolentiorem</span> <span class='ocrx_word' id='word_1_344' title='bbox 1348 3191 1586 3246; x_wconf 91' lang='lat' dir='ltr'>titulum</span> <span class='ocrx_word' id='word_1_345' title='bbox 1609 3191 1906 3258; x_wconf 89' lang='lat' dir='ltr'>attribuit;</span> 
     </span>
    </p>
   </div>
   <div class='ocr_carea' id='block_1_49' title="bbox 2115 1941 3683 2013">
    <p class='ocr_par' dir='ltr' id='par_1_49' title="bbox 2115 1941 3683 2013">
     <span class='ocr_line' id='line_1_49' title="bbox 2115 1941 3683 2013; baseline 0.003 -18"><span class='ocrx_word' id='word_1_346' title='bbox 2115 1941 2384 1997; x_wconf 85' lang='lat' dir='ltr'>Secundo</span> <span class='ocrx_word' id='word_1_347' title='bbox 2443 1941 2714 1997; x_wconf 84' lang='lat' dir='ltr'>observat</span> <span class='ocrx_word' id='word_1_348' title='bbox 2769 1941 3058 1997; x_wconf 86' lang='lat' dir='ltr'>Eusebius</span> <span class='ocrx_word' id='word_1_349' title='bbox 3109 1943 3401 2013; x_wconf 90' lang='lat' dir='ltr'>Ignatium</span> <span class='ocrx_word' id='word_1_350' title='bbox 3451 1945 3683 1999; x_wconf 87' lang='lat' dir='ltr'>munire</span> 
     </span>
    </p>
   </div>
   <div class='ocr_carea' id='block_1_50' title="bbox 2041 2031 3683 2104">
    <p class='ocr_par' dir='ltr' id='par_1_50' title="bbox 2041 2031 3683 2104">
     <span class='ocr_line' id='line_1_50' title="bbox 2041 2031 3683 2104; baseline 0.002 -19"><span class='ocrx_word' id='word_1_351' title='bbox 2041 2031 2417 2101; x_wconf 91' lang='lat' dir='ltr'>potissimum</span> <span class='ocrx_word' id='word_1_352' title='bbox 2432 2032 2709 2088; x_wconf 87' lang='lat' dir='ltr'>ecclesias</span> <span class='ocrx_word' id='word_1_353' title='bbox 2721 2031 3000 2087; x_wconf 87' lang='lat' dir='ltr'>adversus</span> <span class='ocrx_word' id='word_1_354' title='bbox 3014 2049 3119 2086; x_wconf 89' lang='lat' dir='ltr'>sua</span> <span class='ocrx_word' id='word_1_355' title='bbox 3131 2037 3301 2086; x_wconf 65' lang='lat' dir='ltr'>aatate</span> <span class='ocrx_word' id='word_1_356' title='bbox 3317 2033 3683 2104; x_wconf 85' lang='lat' dir='ltr'>pollulantes</span> 
     </span>
    </p>
   </div>
   <div class='ocr_carea' id='block_1_51' title="bbox 2040 2121 3680 2193">
    <p class='ocr_par' dir='ltr' id='par_1_51' title="bbox 2040 2121 3680 2193">
     <span class='ocr_line' id='line_1_51' title="bbox 2040 2121 3680 2193; baseline 0.001 -19"><span class='ocrx_word' id='word_1_357' title='bbox 2040 2124 2098 2174; x_wconf 92' lang='lat' dir='ltr'>et</span> <span class='ocrx_word' id='word_1_358' title='bbox 2126 2121 2245 2175; x_wconf 91' lang='lat' dir='ltr'>late</span> <span class='ocrx_word' id='word_1_359' title='bbox 2275 2125 2611 2193; x_wconf 85' lang='lat' dir='ltr'>grassantes</span> <span class='ocrx_word' id='word_1_360' title='bbox 2637 2123 2932 2187; x_wconf 70' lang='lat' dir='ltr'>haereses;</span> <span class='ocrx_word' id='word_1_361' title='bbox 2967 2121 3123 2192; x_wconf 91' lang='lat' dir='ltr'>quod</span> <span class='ocrx_word' id='word_1_362' title='bbox 3170 2138 3305 2175; x_wconf 91' lang='lat' dir='ltr'>cum</span> <span class='ocrx_word' id='word_1_363' title='bbox 3353 2123 3430 2176; x_wconf 90' lang='lat' dir='ltr'>sit</span> <span class='ocrx_word' id='word_1_364' title='bbox 3474 2139 3580 2192; x_wconf 88' lang='lat' dir='ltr'>per</span> <span class='ocrx_word' id='word_1_365' title='bbox 3619 2139 3680 2176; x_wconf 89' lang='lat' dir='ltr'>se</span> 
     </span>
    </p>
   </div>
   <div class='ocr_carea' id='block_1_52' title="bbox 2037 2209 3683 2282">
    <p class='ocr_par' dir='ltr' id='par_1_52' title="bbox 2037 2209 3683 2282">
     <span class='ocr_line' id='line_1_52' title="bbox 2037 2209 3683 2282; baseline 0.002 -20"><span class='ocrx_word' id='word_1_366' title='bbox 2037 2209 2358 2265; x_wconf 89' lang='lat' dir='ltr'>verisimile</span> <span class='ocrx_word' id='word_1_367' title='bbox 2391 2210 2557 2282; x_wconf 89' lang='lat' dir='ltr'>(quid</span> <span class='ocrx_word' id='word_1_368' title='bbox 2581 2210 2738 2265; x_wconf 91' lang='lat' dir='ltr'>enim</span> <span class='ocrx_word' id='word_1_369' title='bbox 2762 2225 2830 2264; x_wconf 89' lang='lat' dir='ltr'>ea</span> <span class='ocrx_word' id='word_1_370' title='bbox 2851 2209 3256 2266; x_wconf 88' lang='lat' dir='ltr'>admonitione</span> <span class='ocrx_word' id='word_1_371' title='bbox 3272 2212 3683 2280; x_wconf 88' lang='lat' dir='ltr'>opportunius,</span> 
     </span>
    </p>
   </div>
   <div class='ocr_carea' id='block_1_53' title="bbox 2037 2298 3684 2371">
    <p class='ocr_par' dir='ltr' id='par_1_53' title="bbox 2037 2298 3684 2371">
     <span class='ocr_line' id='line_1_53' title="bbox 2037 2298 3684 2371; baseline 0.001 -17"><span class='ocrx_word' id='word_1_372' title='bbox 2037 2305 2138 2354; x_wconf 89' lang='lat' dir='ltr'>aut</span> <span class='ocrx_word' id='word_1_373' title='bbox 2167 2300 2288 2354; x_wconf 88' lang='lat' dir='ltr'>viro</span> <span class='ocrx_word' id='word_1_374' title='bbox 2320 2299 2646 2371; x_wconf 88' lang='lat' dir='ltr'>apostolico</span> <span class='ocrx_word' id='word_1_375' title='bbox 2678 2298 2914 2369; x_wconf 88' lang='lat' dir='ltr'>dignius</span> <span class='ocrx_word' id='word_1_376' title='bbox 2942 2298 3053 2353; x_wconf 87' lang='lat' dir='ltr'>fuit</span> <span class='ocrx_word' id='word_1_377' title='bbox 3081 2299 3149 2369; x_wconf 75' lang='grc'>7),</span> <span class='ocrx_word' id='word_1_378' title='bbox 3179 2314 3251 2352; x_wconf 81' lang='lat' dir='ltr'>ex</span> <span class='ocrx_word' id='word_1_379' title='bbox 3282 2299 3374 2353; x_wconf 91' lang='lat' dir='ltr'>his</span> <span class='ocrx_word' id='word_1_380' title='bbox 3419 2301 3684 2370; x_wconf 92' lang='lat' dir='ltr'>epistolis</span> 
     </span>
    </p>
   </div>
   <div class='ocr_carea' id='block_1_54' title="bbox 2033 2388 3681 2459">
    <p class='ocr_par' dir='ltr' id='par_1_54' title="bbox 2033 2388 3681 2459">
     <span class='ocr_line' id='line_1_54' title="bbox 2033 2388 3681 2459; baseline 0.001 -15"><span class='ocrx_word' id='word_1_381' title='bbox 2033 2389 2410 2444; x_wconf 89' lang='lat' dir='ltr'>verissimum</span> <span class='ocrx_word' id='word_1_382' title='bbox 2469 2405 2597 2444; x_wconf 87' lang='lat' dir='ltr'>esse</span> <span class='ocrx_word' id='word_1_383' title='bbox 2647 2388 3067 2458; x_wconf 86' lang='lat' dir='ltr'>comperimus.</span> <span class='ocrx_word' id='word_1_384' title='bbox 3119 2389 3256 2443; x_wconf 80' lang='lat' dir='ltr'>Duae</span> <span class='ocrx_word' id='word_1_385' title='bbox 3304 2388 3681 2459; x_wconf 90' lang='lat' dir='ltr'>potissimum</span> 
     </span>
    </p>
   </div>
   <div class='ocr_carea' id='block_1_55' title="bbox 2032 2477 3676 2551">
    <p class='ocr_par' dir='ltr' id='par_1_55' title="bbox 2032 2477 3676 2551">
     <span class='ocr_line' id='line_1_55' title="bbox 2032 2477 3676 2551; baseline 0.001 -19"><span class='ocrx_word' id='word_1_386' title='bbox 2032 2478 2290 2534; x_wconf 74' lang='lat' dir='ltr'>haereses</span> <span class='ocrx_word' id='word_1_387' title='bbox 2305 2478 2376 2533; x_wconf 90' lang='lat' dir='ltr'>de</span> <span class='ocrx_word' id='word_1_388' title='bbox 2397 2483 2610 2533; x_wconf 89' lang='lat' dir='ltr'>natura</span> <span class='ocrx_word' id='word_1_389' title='bbox 2623 2477 2837 2532; x_wconf 88' lang='lat' dir='ltr'>Christi</span> <span class='ocrx_word' id='word_1_390' title='bbox 2861 2493 2930 2531; x_wconf 90' lang='lat' dir='ltr'>ea</span> <span class='ocrx_word' id='word_1_391' title='bbox 2942 2482 3294 2548; x_wconf 87' lang='lat' dir='ltr'>tempestate</span> <span class='ocrx_word' id='word_1_392' title='bbox 3309 2477 3676 2551; x_wconf 89' lang='lat' dir='ltr'>obtinebant,</span> 
     </span>
    </p>
   </div>
   <div class='ocr_carea' id='block_1_56' title="bbox 2031 2565 3676 2638">
    <p class='ocr_par' dir='ltr' id='par_1_56' title="bbox 2031 2565 3676 2638">
     <span class='ocr_line' id='line_1_56' title="bbox 2031 2565 3676 2638; baseline 0.002 -17"><span class='ocrx_word' id='word_1_393' title='bbox 2031 2573 2096 2622; x_wconf 91' lang='lat' dir='ltr'>ut</span> <span class='ocrx_word' id='word_1_394' title='bbox 2118 2567 2345 2622; x_wconf 88' lang='lat' dir='ltr'>veritati</span> <span class='ocrx_word' id='word_1_395' title='bbox 2367 2567 2670 2622; x_wconf 63' lang='lat' dir='ltr'>catholica;</span> <span class='ocrx_word' id='word_1_396' title='bbox 2699 2566 2781 2621; x_wconf 90' lang='lat' dir='ltr'>ita</span> <span class='ocrx_word' id='word_1_397' title='bbox 2805 2571 2861 2620; x_wconf 92' lang='lat' dir='ltr'>et</span> <span class='ocrx_word' id='word_1_398' title='bbox 2883 2565 2994 2621; x_wconf 91' lang='lat' dir='ltr'>sibi</span> <span class='ocrx_word' id='word_1_399' title='bbox 3017 2566 3164 2638; x_wconf 90' lang='lat' dir='ltr'>ipsis</span> <span class='ocrx_word' id='word_1_400' title='bbox 3185 2584 3426 2638; x_wconf 87' lang='lat' dir='ltr'>prorsus</span> <span class='ocrx_word' id='word_1_401' title='bbox 3443 2573 3676 2625; x_wconf 90' lang='lat' dir='ltr'>contra-</span> 
     </span>
    </p>
   </div>
   <div class='ocr_carea' id='block_1_57' title="bbox 2029 2656 3674 2727">
    <p class='ocr_par' dir='ltr' id='par_1_57' title="bbox 2029 2656 3674 2727">
     <span class='ocr_line' id='line_1_57' title="bbox 2029 2656 3674 2727; baseline 0.003 -17"><span class='ocrx_word' id='word_1_402' title='bbox 2029 2658 2129 2713; x_wconf 71' lang='lat' dir='ltr'>riaa</span> <span class='ocrx_word' id='word_1_403' title='bbox 2156 2675 2168 2712; x_wconf 94' lang='lat'><strong><em>:</em></strong></span> <span class='ocrx_word' id='word_1_404' title='bbox 2203 2675 2454 2727; x_wconf 89' lang='lat' dir='ltr'>quarum</span> <span class='ocrx_word' id='word_1_405' title='bbox 2487 2658 2674 2713; x_wconf 90' lang='lat' dir='ltr'>altera</span> <span class='ocrx_word' id='word_1_406' title='bbox 2703 2658 3053 2712; x_wconf 82' lang='lat' dir='ltr'>Docetarum</span> <span class='ocrx_word' id='word_1_407' title='bbox 3085 2656 3215 2724; x_wconf 87' lang='lat' dir='ltr'>fuit,</span> <span class='ocrx_word' id='word_1_408' title='bbox 3251 2675 3284 2713; x_wconf 94' lang='lat' dir='ltr'>a</span> <span class='ocrx_word' id='word_1_409' title='bbox 3317 2659 3674 2715; x_wconf 88' lang='lat' dir='ltr'>Simonianis</span> 
     </span>
    </p>
   </div>
   <div class='ocr_carea' id='block_1_58' title="bbox 2027 2747 3672 2814">
    <p class='ocr_par' dir='ltr' id='par_1_58' title="bbox 2027 2747 3672 2814">
     <span class='ocr_line' id='line_1_58' title="bbox 2027 2747 3672 2814; baseline 0.001 -13"><span class='ocrx_word' id='word_1_410' title='bbox 2027 2753 2310 2814; x_wconf 89' lang='lat' dir='ltr'>ortorum,</span> <span class='ocrx_word' id='word_1_411' title='bbox 2373 2748 2647 2801; x_wconf 68' lang='lat' dir='ltr'>humanm</span> <span class='ocrx_word' id='word_1_412' title='bbox 2700 2751 2925 2800; x_wconf 67' lang='lat' dir='ltr'>naturas</span> <span class='ocrx_word' id='word_1_413' title='bbox 2974 2747 3281 2801; x_wconf 90' lang='lat' dir='ltr'>veritatem</span> <span class='ocrx_word' id='word_1_414' title='bbox 3331 2748 3392 2801; x_wconf 94' lang='lat' dir='ltr'>in</span> <span class='ocrx_word' id='word_1_415' title='bbox 3441 2748 3672 2804; x_wconf 86' lang='lat' dir='ltr'>Christo</span> 
     </span>
    </p>
   </div>
   <div class='ocr_carea' id='block_1_59' title="bbox 2027 2834 3671 2907">
    <p class='ocr_par' dir='ltr' id='par_1_59' title="bbox 2027 2834 3671 2907">
     <span class='ocr_line' id='line_1_59' title="bbox 2027 2834 3671 2907; baseline 0.002 -16"><span class='ocrx_word' id='word_1_416' title='bbox 2027 2836 2460 2892; x_wconf 89' lang='lat' dir='ltr'>destruentium</span> <span class='ocrx_word' id='word_1_417' title='bbox 2477 2861 2490 2901; x_wconf 76' lang='grc' dir='ltr'>ς</span> <span class='ocrx_word' id='word_1_418' title='bbox 2505 2835 2694 2890; x_wconf 89' lang='lat' dir='ltr'>altera</span> <span class='ocrx_word' id='word_1_419' title='bbox 2715 2834 3414 2902; x_wconf 86' lang='lat' dir='ltr'>Ebionitarum,divinam</span> <span class='ocrx_word' id='word_1_420' title='bbox 3428 2854 3671 2907; x_wconf 91' lang='lat' dir='ltr'>prorsus</span> 
     </span>
    </p>
   </div>
   <div class='ocr_carea' id='block_1_60' title="bbox 2026 2925 3668 2998">
    <p class='ocr_par' dir='ltr' id='par_1_60' title="bbox 2026 2925 3668 2998">
     <span class='ocr_line' id='line_1_60' title="bbox 2026 2925 3668 2998; baseline 0.001 -17"><span class='ocrx_word' id='word_1_421' title='bbox 2026 2931 2299 2982; x_wconf 90' lang='lat' dir='ltr'>naturam</span> <span class='ocrx_word' id='word_1_422' title='bbox 2332 2931 2391 2980; x_wconf 93' lang='lat' dir='ltr'>et</span> <span class='ocrx_word' id='word_1_423' title='bbox 2419 2930 2700 2980; x_wconf 73' lang='lat' dir='ltr'>aeternam</span> <span class='ocrx_word' id='word_1_424' title='bbox 2750 2925 3193 2997; x_wconf 88' lang='lat' dir='ltr'>generationem</span> <span class='ocrx_word' id='word_1_425' title='bbox 3224 2925 3668 2998; x_wconf 89' lang='lat' dir='ltr'>denegantium,</span> 
     </span>
    </p>
   </div>
   <div class='ocr_carea' id='block_1_61' title="bbox 2025 3015 3668 3087">
    <p class='ocr_par' dir='ltr' id='par_1_61' title="bbox 2025 3015 3668 3087">
     <span class='ocr_line' id='line_1_61' title="bbox 2025 3015 3668 3087; baseline 0.002 -18"><span class='ocrx_word' id='word_1_426' title='bbox 2025 3015 2288 3087; x_wconf 83' lang='lat' dir='ltr'>legisque</span> <span class='ocrx_word' id='word_1_427' title='bbox 2319 3015 2705 3070; x_wconf 74' lang='lat' dir='ltr'>caaremonias</span> <span class='ocrx_word' id='word_1_428' title='bbox 2735 3015 3094 3086; x_wconf 87' lang='lat' dir='ltr'>urgentium.</span> <span class='ocrx_word' id='word_1_429' title='bbox 3129 3016 3241 3070; x_wconf 87' lang='lat' dir='ltr'>Has</span> <span class='ocrx_word' id='word_1_430' title='bbox 3263 3015 3439 3086; x_wconf 90' lang='lat' dir='ltr'>primi</span> <span class='ocrx_word' id='word_1_431' title='bbox 3467 3017 3668 3072; x_wconf 76' lang='lat' dir='ltr'>saeculi</span> 
     </span>
    </p>
   </div>
   <div class='ocr_carea' id='block_1_62' title="bbox 2024 3104 3666 3175">
    <p class='ocr_par' dir='ltr' id='par_1_62' title="bbox 2024 3104 3666 3175">
     <span class='ocr_line' id='line_1_62' title="bbox 2024 3104 3666 3175; baseline 0.002 -16"><span class='ocrx_word' id='word_1_432' title='bbox 2024 3106 2281 3161; x_wconf 64' lang='lat' dir='ltr'>haereses</span> <span class='ocrx_word' id='word_1_433' title='bbox 2313 3105 2541 3175; x_wconf 89' lang='lat' dir='ltr'>antiqui</span> <span class='ocrx_word' id='word_1_434' title='bbox 2603 3104 2921 3175; x_wconf 89' lang='lat' dir='ltr'>scriptores</span> <span class='ocrx_word' id='word_1_435' title='bbox 2964 3110 3326 3174; x_wconf 91' lang='lat' dir='ltr'>agnoscunt;</span> <span class='ocrx_word' id='word_1_436' title='bbox 3362 3106 3666 3175; x_wconf 87' lang='lat' dir='ltr'>lgnatiano</span> 
     </span>
    </p>
   </div>
   <div class='ocr_carea' id='block_1_63' title="bbox 2024 3190 3666 3264">
    <p class='ocr_par' dir='ltr' id='par_1_63' title="bbox 2024 3190 3666 3264">
     <span class='ocr_line' id='line_1_63' title="bbox 2024 3190 3666 3264; baseline 0.001 -17"><span class='ocrx_word' id='word_1_437' title='bbox 2024 3209 2143 3247; x_wconf 64' lang='grc' dir='ltr'>εεγο</span> <span class='ocrx_word' id='word_1_438' title='bbox 2177 3193 2430 3247; x_wconf 90' lang='lat' dir='ltr'>nimium</span> <span class='ocrx_word' id='word_1_439' title='bbox 2462 3191 2712 3264; x_wconf 88' lang='lat' dir='ltr'>viguisse</span> <span class='ocrx_word' id='word_1_440' title='bbox 2736 3207 2942 3246; x_wconf 89' lang='lat' dir='ltr'>omnes</span> <span class='ocrx_word' id='word_1_441' title='bbox 2973 3190 3252 3248; x_wconf 83' lang='lat' dir='ltr'>fatentur.</span> <span class='ocrx_word' id='word_1_442' title='bbox 3283 3193 3445 3248; x_wconf 91' lang='lat' dir='ltr'>Unde</span> <span class='ocrx_word' id='word_1_443' title='bbox 3476 3194 3666 3248; x_wconf 89' lang='lat' dir='ltr'>Theo-</span> 
     </span>
    </p>
   </div>
   <div class='ocr_carea' id='block_1_64' title="bbox 257 3254 1898 3358">
    <p class='ocr_par' dir='ltr' id='par_1_64' title="bbox 257 3254 1898 3356">
     <span class='ocr_line' id='line_1_64' title="bbox 257 3254 1898 3356; baseline -0.002 -19"><span class='ocrx_word' id='word_1_444' title='bbox 257 3254 373 3337; x_wconf 77' lang='lat' dir='ltr'>non</span> <span class='ocrx_word' id='word_1_445' title='bbox 404 3254 719 3356; x_wconf 71' lang='grc' dir='ltr'>ἀρχιερέας,</span> <span class='ocrx_word' id='word_1_446' title='bbox 753 3289 855 3339; x_wconf 88' lang='lat' dir='ltr'>aut</span> <span class='ocrx_word' id='word_1_447' title='bbox 881 3280 1078 3354; x_wconf 68' lang='grc' dir='ltr'>ἱερέας,</span> <span class='ocrx_word' id='word_1_448' title='bbox 1112 3297 1234 3336; x_wconf 91' lang='lat' dir='ltr'>non</span> <span class='ocrx_word' id='word_1_449' title='bbox 1263 3277 1558 3356; x_wconf 80' lang='grc' dir='ltr'>ἂρχοντας,</span> <span class='ocrx_word' id='word_1_450' title='bbox 1591 3285 1658 3334; x_wconf 94' lang='lat' dir='ltr'>ut</span> <span class='ocrx_word' id='word_1_451' title='bbox 1686 3254 1898 3351; x_wconf 73' lang='lat' dir='ltr'>posteri</span> 
     </span>
    </p>
   </div>
   <div class='ocr_carea' id='block_1_65' title="bbox 2026 3254 3666 3358">
    <p class='ocr_par' dir='ltr' id='par_1_65' title="bbox 2026 3254 3666 3358">
     <span class='ocr_line' id='line_1_65' title="bbox 2026 3254 3666 3358; baseline 0.001 -18"><span class='ocrx_word' id='word_1_452' title='bbox 2026 3286 2258 3340; x_wconf 85' lang='lat' dir='ltr'>doretus</span> <span class='ocrx_word' id='word_1_453' title='bbox 2291 3285 2372 3340; x_wconf 90' lang='lat' dir='ltr'>ita</span> <span class='ocrx_word' id='word_1_454' title='bbox 2404 3254 2810 3342; x_wconf 51' lang='lat' dir='ltr'>Haereticarum</span> <span class='ocrx_word' id='word_1_455' title='bbox 2839 3284 3160 3352; x_wconf 80' lang='lat' dir='ltr'>fabularum</span> <span class='ocrx_word' id='word_1_456' title='bbox 3201 3285 3384 3341; x_wconf 87' lang='lat' dir='ltr'>libros</span> <span class='ocrx_word' id='word_1_457' title='bbox 3413 3287 3666 3358; x_wconf 86' lang='lat' dir='ltr'>partitus</span> 
     </span>
    </p>
   </div>
   <div class='ocr_carea' id='block_1_66' title="bbox 257 3369 1911 3444">
    <p class='ocr_par' dir='ltr' id='par_1_66' title="bbox 257 3369 1911 3444">
     <span class='ocr_line' id='line_1_66' title="bbox 257 3369 1911 3444; baseline -0.001 -18"><span class='ocrx_word' id='word_1_458' title='bbox 257 3372 552 3443; x_wconf 89' lang='lat' dir='ltr'>solebant,</span> <span class='ocrx_word' id='word_1_459' title='bbox 577 3373 858 3444; x_wconf 88' lang='lat' dir='ltr'>appellat.</span> <span class='ocrx_word' id='word_1_460' title='bbox 892 3371 1064 3427; x_wconf 91' lang='lat' dir='ltr'>Nulla</span> <span class='ocrx_word' id='word_1_461' title='bbox 1097 3370 1255 3442; x_wconf 92' lang='lat' dir='ltr'>apud</span> <span class='ocrx_word' id='word_1_462' title='bbox 1307 3387 1444 3426; x_wconf 92' lang='lat' dir='ltr'>eum</span> <span class='ocrx_word' id='word_1_463' title='bbox 1493 3370 1566 3425; x_wconf 92' lang='lat' dir='ltr'>de</span> <span class='ocrx_word' id='word_1_464' title='bbox 1612 3369 1911 3426; x_wconf 87' lang='lat' dir='ltr'>cathedris</span> 
     </span>
    </p>
   </div>
   <div class='ocr_carea' id='block_1_67' title="bbox 252 3458 1912 3529">
    <p class='ocr_par' dir='ltr' id='par_1_67' title="bbox 252 3458 1912 3529">
     <span class='ocr_line' id='line_1_67' title="bbox 252 3458 1912 3529; baseline -0.001 -14"><span class='ocrx_word' id='word_1_465' title='bbox 252 3462 506 3529; x_wconf 89' lang='lat' dir='ltr'>mentio,</span> <span class='ocrx_word' id='word_1_466' title='bbox 539 3461 706 3517; x_wconf 89' lang='lat' dir='ltr'>nulla</span> <span class='ocrx_word' id='word_1_467' title='bbox 735 3461 807 3516; x_wconf 91' lang='lat' dir='ltr'>de</span> <span class='ocrx_word' id='word_1_468' title='bbox 847 3459 1244 3526; x_wconf 91' lang='lat' dir='ltr'>ordinatione,</span> <span class='ocrx_word' id='word_1_469' title='bbox 1295 3463 1396 3515; x_wconf 86' lang='lat' dir='ltr'>aut</span> <span class='ocrx_word' id='word_1_470' title='bbox 1450 3458 1760 3524; x_wconf 88' lang='lat' dir='ltr'>electione,</span> <span class='ocrx_word' id='word_1_471' title='bbox 1811 3464 1912 3514; x_wconf 90' lang='lat' dir='ltr'>aut</span> 
     </span>
    </p>
   </div>
   <div class='ocr_carea' id='block_1_68' title="bbox 253 3547 1911 3620">
    <p class='ocr_par' dir='ltr' id='par_1_68' title="bbox 253 3547 1911 3620">
     <span class='ocr_line' id='line_1_68' title="bbox 253 3547 1911 3620; baseline -0.002 -14"><span class='ocrx_word' id='word_1_472' title='bbox 253 3551 653 3606; x_wconf 88' lang='lat' dir='ltr'>successione.</span> <span class='ocrx_word' id='word_1_473' title='bbox 687 3550 861 3606; x_wconf 89' lang='lat' dir='ltr'>Nulla</span> <span class='ocrx_word' id='word_1_474' title='bbox 899 3550 994 3604; x_wconf 88' lang='lat' dir='ltr'>hic</span> <span class='ocrx_word' id='word_1_475' title='bbox 1043 3548 1398 3620; x_wconf 88' lang='lat' dir='ltr'>episcopalis</span> <span class='ocrx_word' id='word_1_476' title='bbox 1447 3547 1704 3619; x_wconf 88' lang='lat' dir='ltr'>alicujus</span> <span class='ocrx_word' id='word_1_477' title='bbox 1755 3547 1911 3602; x_wconf 91' lang='lat' dir='ltr'>sedis</span> 
     </span>
    </p>
   </div>
   <div class='ocr_carea' id='block_1_69' title="bbox 250 3637 1908 3711">
    <p class='ocr_par' dir='ltr' id='par_1_69' title="bbox 250 3637 1908 3711">
     <span class='ocr_line' id='line_1_69' title="bbox 250 3637 1908 3711; baseline -0.002 -18"><span class='ocrx_word' id='word_1_478' title='bbox 250 3639 645 3710; x_wconf 70' lang='lat' dir='ltr'>praerogativa</span> <span class='ocrx_word' id='word_1_479' title='bbox 676 3639 1062 3711; x_wconf 80' lang='lat' dir='ltr'>depingitur;</span> <span class='ocrx_word' id='word_1_480' title='bbox 1115 3637 1282 3692; x_wconf 90' lang='lat' dir='ltr'>nulla</span> <span class='ocrx_word' id='word_1_481' title='bbox 1320 3637 1396 3692; x_wconf 89' lang='lat' dir='ltr'>ad</span> <span class='ocrx_word' id='word_1_482' title='bbox 1443 3637 1749 3691; x_wconf 90' lang='lat' dir='ltr'>ecclesiam</span> <span class='ocrx_word' id='word_1_483' title='bbox 1796 3637 1908 3692; x_wconf 85' lang='lat' dir='ltr'>ali-</span> 
     </span>
    </p>
   </div>
   <div class='ocr_carea' id='block_1_70' title="bbox 250 3726 1908 3801">
    <p class='ocr_par' dir='ltr' id='par_1_70' title="bbox 250 3726 1908 3801">
     <span class='ocr_line' id='line_1_70' title="bbox 250 3726 1908 3801; baseline -0.002 -18"><span class='ocrx_word' id='word_1_484' title='bbox 250 3745 433 3799; x_wconf 86' lang='lat' dir='ltr'>quam</span> <span class='ocrx_word' id='word_1_485' title='bbox 465 3746 589 3801; x_wconf 59' lang='lat' dir='ltr'>pra:</span> <span class='ocrx_word' id='word_1_486' title='bbox 620 3728 751 3784; x_wconf 90' lang='lat' dir='ltr'>aliis</span> <span class='ocrx_word' id='word_1_487' title='bbox 779 3727 1099 3800; x_wconf 87' lang='lat' dir='ltr'>appellatio</span> <span class='ocrx_word' id='word_1_488' title='bbox 1130 3731 1534 3793; x_wconf 89' lang='lat' dir='ltr'>memoratur;</span> <span class='ocrx_word' id='word_1_489' title='bbox 1569 3726 1737 3781; x_wconf 88' lang='lat' dir='ltr'>nulla</span> <span class='ocrx_word' id='word_1_490' title='bbox 1767 3726 1908 3780; x_wconf 90' lang='lat' dir='ltr'>obe-</span> 
     </span>
    </p>
   </div>
   <div class='ocr_carea' id='block_1_71' title="bbox 250 3813 1911 3888">
    <p class='ocr_par' dir='ltr' id='par_1_71' title="bbox 250 3813 1911 3888">
     <span class='ocr_line' id='line_1_71' title="bbox 250 3813 1911 3888; baseline -0.001 -17"><span class='ocrx_word' id='word_1_491' title='bbox 250 3818 501 3885; x_wconf 91' lang='lat' dir='ltr'>dientia,</span> <span class='ocrx_word' id='word_1_492' title='bbox 534 3818 651 3872; x_wconf 91' lang='lat' dir='ltr'>nisi</span> <span class='ocrx_word' id='word_1_493' title='bbox 701 3835 769 3873; x_wconf 89' lang='lat' dir='ltr'>ea</span> <span class='ocrx_word' id='word_1_494' title='bbox 826 3834 958 3888; x_wconf 71' lang='lat' dir='ltr'>quaa</span> <span class='ocrx_word' id='word_1_495' title='bbox 1014 3816 1352 3872; x_wconf 87' lang='lat' dir='ltr'>necessaria</span> <span class='ocrx_word' id='word_1_496' title='bbox 1409 3821 1498 3869; x_wconf 89' lang='lat' dir='ltr'>est</span> <span class='ocrx_word' id='word_1_497' title='bbox 1545 3816 1618 3870; x_wconf 90' lang='lat' dir='ltr'>ad</span> <span class='ocrx_word' id='word_1_498' title='bbox 1675 3813 1911 3870; x_wconf 86' lang='lat' dir='ltr'>vitanda</span> 
     </span>
    </p>
   </div>
   <div class='ocr_carea' id='block_1_72' title="bbox 248 3905 1910 3978">
    <p class='ocr_par' dir='ltr' id='par_1_72' title="bbox 248 3905 1910 3978">
     <span class='ocr_line' id='line_1_72' title="bbox 248 3905 1910 3978; baseline 0 -17"><span class='ocrx_word' id='word_1_499' title='bbox 248 3908 578 3962; x_wconf 89' lang='lat' dir='ltr'>schismata</span> <span class='ocrx_word' id='word_1_500' title='bbox 589 3913 646 3962; x_wconf 92' lang='lat' dir='ltr'>et</span> <span class='ocrx_word' id='word_1_501' title='bbox 666 3907 942 3963; x_wconf 61' lang='lat' dir='ltr'>Ecclesia</span> <span class='ocrx_word' id='word_1_502' title='bbox 955 3905 1243 3962; x_wconf 88' lang='lat' dir='ltr'>unitatem</span> <span class='ocrx_word' id='word_1_503' title='bbox 1267 3906 1910 3978; x_wconf 74' lang='lat' dir='ltr'>conservandam,praa&#39;</span> 
     </span>
    </p>
   </div>
   <div class='ocr_carea' id='block_1_73' title="bbox 247 3995 1907 4068">
    <p class='ocr_par' dir='ltr' id='par_1_73' title="bbox 247 3995 1907 4068">
     <span class='ocr_line' id='line_1_73' title="bbox 247 3995 1907 4068; baseline 0 -17"><span class='ocrx_word' id='word_1_504' title='bbox 247 3997 489 4068; x_wconf 90' lang='lat' dir='ltr'>cipitur.</span> <span class='ocrx_word' id='word_1_505' title='bbox 521 3996 908 4067; x_wconf 84' lang='lat' dir='ltr'>Presbyteros</span> <span class='ocrx_word' id='word_1_506' title='bbox 946 3997 1185 4051; x_wconf 88' lang='lat' dir='ltr'>interim</span> <span class='ocrx_word' id='word_1_507' title='bbox 1239 4012 1358 4050; x_wconf 90' lang='lat' dir='ltr'>non</span> <span class='ocrx_word' id='word_1_508' title='bbox 1403 3995 1704 4066; x_wconf 87' lang='lat' dir='ltr'>deprimit,</span> <span class='ocrx_word' id='word_1_509' title='bbox 1758 4011 1907 4065; x_wconf 91' lang='lat' dir='ltr'>quos</span> 
     </span>
    </p>
   </div>
   <div class='ocr_carea' id='block_1_74' title="bbox 245 4084 1909 4158">
    <p class='ocr_par' dir='ltr' id='par_1_74' title="bbox 245 4084 1909 4158">
     <span class='ocr_line' id='line_1_74' title="bbox 245 4084 1909 4158; baseline -0.001 -18"><span class='ocrx_word' id='word_1_510' title='bbox 245 4104 490 4157; x_wconf 88' lang='lat' dir='ltr'>semper</span> <span class='ocrx_word' id='word_1_511' title='bbox 519 4087 816 4158; x_wconf 90' lang='lat' dir='ltr'>episcopis</span> <span class='ocrx_word' id='word_1_512' title='bbox 845 4086 1154 4157; x_wconf 88' lang='lat' dir='ltr'>adjungit;</span> <span class='ocrx_word' id='word_1_513' title='bbox 1189 4101 1393 4140; x_wconf 90' lang='lat' dir='ltr'>eorum</span> <span class='ocrx_word' id='word_1_514' title='bbox 1453 4084 1799 4154; x_wconf 83' lang='lat' dir='ltr'>dignitatem</span> <span class='ocrx_word' id='word_1_515' title='bbox 1849 4089 1909 4139; x_wconf 93' lang='lat' dir='ltr'>et</span> 
     </span>
    </p>
   </div>
   <div class='ocr_carea' id='block_1_75' title="bbox 244 4173 1900 4246">
    <p class='ocr_par' dir='ltr' id='par_1_75' title="bbox 244 4173 1900 4246">
     <span class='ocr_line' id='line_1_75' title="bbox 244 4173 1900 4246; baseline -0.002 -15"><span class='ocrx_word' id='word_1_516' title='bbox 244 4176 685 4231; x_wconf 89' lang='lat' dir='ltr'>auctoritatem</span> <span class='ocrx_word' id='word_1_517' title='bbox 725 4175 1027 4246; x_wconf 57' lang='lat' dir='ltr'>praedicat,</span> <span class='ocrx_word' id='word_1_518' title='bbox 1062 4191 1128 4229; x_wconf 91' lang='lat' dir='ltr'>ac</span> <span class='ocrx_word' id='word_1_519' title='bbox 1180 4173 1614 4228; x_wconf 89' lang='lat' dir='ltr'>studiosissime</span> <span class='ocrx_word' id='word_1_520' title='bbox 1666 4180 1900 4229; x_wconf 91' lang='lat' dir='ltr'>tuetur:</span> 
     </span>
    </p>
   </div>
   <div class='ocr_carea' id='block_1_76' title="bbox 244 4259 1902 4337">
    <p class='ocr_par' dir='ltr' id='par_1_76' title="bbox 244 4259 1902 4337">
     <span class='ocr_line' id='line_1_76' title="bbox 244 4259 1902 4337; baseline -0.001 -19"><span class='ocrx_word' id='word_1_521' title='bbox 244 4259 721 4337; x_wconf 78' lang='grc' dir='ltr'>Θεοπρεπέστατον</span> <span class='ocrx_word' id='word_1_522' title='bbox 762 4271 820 4320; x_wconf 90' lang='lat' dir='ltr'>et</span> <span class='ocrx_word' id='word_1_523' title='bbox 865 4262 1278 4333; x_wconf 71' lang='grc' dir='ltr'>ἀξιονόμαστον,</span> <span class='ocrx_word' id='word_1_524' title='bbox 1313 4269 1372 4317; x_wconf 90' lang='lat' dir='ltr'>et</span> <span class='ocrx_word' id='word_1_525' title='bbox 1420 4265 1516 4315; x_wconf 79' lang='grc' dir='ltr'>τοῦ</span> <span class='ocrx_word' id='word_1_526' title='bbox 1570 4265 1702 4315; x_wconf 81' lang='grc' dir='ltr'>Θεοῦ</span> <span class='ocrx_word' id='word_1_527' title='bbox 1752 4263 1902 4332; x_wconf 78' lang='grc' dir='ltr'>ἄξιον</span> 
     </span>
    </p>
   </div>
   <div class='ocr_carea' id='block_1_77' title="bbox 243 4347 1901 4426">
    <p class='ocr_par' dir='ltr' id='par_1_77' title="bbox 243 4347 1901 4426">
     <span class='ocr_line' id='line_1_77' title="bbox 243 4347 1901 4426; baseline -0.001 -20"><span class='ocrx_word' id='word_1_528' title='bbox 243 4347 638 4426; x_wconf 74' lang='grc' dir='ltr'>πρεσϐυτέριον</span> <span class='ocrx_word' id='word_1_529' title='bbox 672 4359 860 4420; x_wconf 77' lang='lat' dir='ltr'>vocat,</span> <span class='ocrx_word' id='word_1_530' title='bbox 892 4351 967 4412; x_wconf 79' lang='grc' dir='ltr'>εἷς</span> <span class='ocrx_word' id='word_1_531' title='bbox 1005 4351 1170 4406; x_wconf 84' lang='grc' dir='ltr'>τόπον</span> <span class='ocrx_word' id='word_1_532' title='bbox 1198 4347 1476 4426; x_wconf 82' lang='grc' dir='ltr'>συνεδρίου</span> <span class='ocrx_word' id='word_1_533' title='bbox 1505 4355 1614 4404; x_wconf 80' lang='grc' dir='ltr'>τῶν</span> <span class='ocrx_word' id='word_1_534' title='bbox 1664 4350 1901 4406; x_wconf 84' lang='grc' dir='ltr'>ἀποστό-</span> 
     </span>
    </p>
   </div>
   <div class='ocr_carea' id='block_1_78' title="bbox 247 4438 1900 4514">
    <p class='ocr_par' dir='ltr' id='par_1_78' title="bbox 247 4438 1900 4514">
     <span class='ocr_line' id='line_1_78' title="bbox 247 4438 1900 4514; baseline -0.002 -18"><span class='ocrx_word' id='word_1_535' title='bbox 247 4441 360 4496; x_wconf 80' lang='grc' dir='ltr'>λων</span> <span class='ocrx_word' id='word_1_536' title='bbox 391 4443 670 4507; x_wconf 81' lang='lat' dir='ltr'>collocat,</span> <span class='ocrx_word' id='word_1_537' title='bbox 700 4442 870 4514; x_wconf 82' lang='grc' dir='ltr'>νόμον</span> <span class='ocrx_word' id='word_1_538' title='bbox 905 4443 1085 4512; x_wconf 81' lang='grc' dir='ltr'><strong>Ἰησοῦ</strong></span> <span class='ocrx_word' id='word_1_539' title='bbox 1126 4443 1362 4514; x_wconf 75' lang='grc' dir='ltr'>Χριστοῦ</span> <span class='ocrx_word' id='word_1_540' title='bbox 1412 4441 1704 4512; x_wconf 83' lang='lat' dir='ltr'>indigitat,</span> <span class='ocrx_word' id='word_1_541' title='bbox 1755 4438 1900 4510; x_wconf 74' lang='grc' dir='ltr'>ἄξιό-</span> 
     </span>
    </p>
   </div>
   <div class='ocr_carea' id='block_1_79' title="bbox 248 4524 1896 4605">
    <p class='ocr_par' dir='ltr' id='par_1_79' title="bbox 248 4524 1896 4605">
     <span class='ocr_line' id='line_1_79' title="bbox 248 4524 1896 4605; baseline -0.001 -19"><span class='ocrx_word' id='word_1_542' title='bbox 248 4531 455 4586; x_wconf 64' lang='grc' dir='ltr'>πλοιον</span> <span class='ocrx_word' id='word_1_543' title='bbox 484 4531 855 4603; x_wconf 79' lang='grc' dir='ltr'>πνευματικὸν</span> <span class='ocrx_word' id='word_1_544' title='bbox 889 4529 1145 4605; x_wconf 78' lang='grc' dir='ltr'>στέφανον</span> <span class='ocrx_word' id='word_1_545' title='bbox 1190 4524 1578 4604; x_wconf 72' lang='grc' dir='ltr'>πρεσϐυτερίου</span> <span class='ocrx_word' id='word_1_546' title='bbox 1617 4531 1896 4600; x_wconf 82' lang='lat' dir='ltr'>celebrat,</span> 
     </span>
    </p>
   </div>
   <div class='ocr_carea' id='block_1_80' title="bbox 2019 3373 3665 3445">
    <p class='ocr_par' dir='ltr' id='par_1_80' title="bbox 2019 3373 3665 3445">
     <span class='ocr_line' id='line_1_80' title="bbox 2019 3373 3665 3445; baseline 0.002 -17"><span class='ocrx_word' id='word_1_547' title='bbox 2019 3381 2126 3442; x_wconf 88' lang='lat' dir='ltr'>est,</span> <span class='ocrx_word' id='word_1_548' title='bbox 2158 3380 2224 3429; x_wconf 91' lang='lat' dir='ltr'>ut</span> <span class='ocrx_word' id='word_1_549' title='bbox 2243 3375 2470 3445; x_wconf 92' lang='lat' dir='ltr'>primus</span> <span class='ocrx_word' id='word_1_550' title='bbox 2497 3391 2599 3429; x_wconf 92' lang='lat' dir='ltr'>eos</span> <span class='ocrx_word' id='word_1_551' title='bbox 2626 3374 2724 3444; x_wconf 90' lang='lat' dir='ltr'>qui</span> <span class='ocrx_word' id='word_1_552' title='bbox 2744 3373 2994 3429; x_wconf 90' lang='lat' dir='ltr'>alterum</span> <span class='ocrx_word' id='word_1_553' title='bbox 3019 3379 3347 3430; x_wconf 89' lang='lat' dir='ltr'>creatorem</span> <span class='ocrx_word' id='word_1_554' title='bbox 3362 3377 3665 3431; x_wconf 86' lang='lat' dir='ltr'>conﬁnxe-</span> 
     </span>
    </p>
   </div>
   <div class='ocr_carea' id='block_1_81' title="bbox 2016 3459 3664 3539">
    <p class='ocr_par' dir='ltr' id='par_1_81' title="bbox 2016 3459 3664 3539">
     <span class='ocr_line' id='line_1_81' title="bbox 2016 3459 3664 3539; baseline -0.001 -20"><span class='ocrx_word' id='word_1_555' title='bbox 2016 3470 2158 3519; x_wconf 90' lang='lat' dir='ltr'>runt</span> <span class='ocrx_word' id='word_1_556' title='bbox 2184 3459 2402 3532; x_wconf 74' lang='grc' dir='ltr'>δοκήσει</span> <span class='ocrx_word' id='word_1_557' title='bbox 2439 3459 2495 3516; x_wconf 76' lang='grc' dir='ltr'>δὲ</span> <span class='ocrx_word' id='word_1_558' title='bbox 2544 3467 2772 3539; x_wconf 68' lang='grc' dir='ltr'>φανῆναι</span> <span class='ocrx_word' id='word_1_559' title='bbox 2826 3461 2920 3516; x_wconf 89' lang='grc' dir='ltr'>τὸν</span> <span class='ocrx_word' id='word_1_560' title='bbox 2973 3460 3168 3535; x_wconf 77' lang='grc' dir='ltr'>Κύριον</span> <span class='ocrx_word' id='word_1_561' title='bbox 3217 3461 3292 3523; x_wconf 65' lang='grc' dir='ltr'>εἷς</span> <span class='ocrx_word' id='word_1_562' title='bbox 3350 3461 3664 3538; x_wconf 80' lang='grc' dir='ltr'>ἀνθρώπους</span> 
     </span>
    </p>
   </div>
   <div class='ocr_carea' id='block_1_82' title="bbox 2016 3547 3662 3626">
    <p class='ocr_par' dir='ltr' id='par_1_82' title="bbox 2016 3547 3662 3626">
     <span class='ocr_line' id='line_1_82' title="bbox 2016 3547 3662 3626; baseline 0.002 -21"><span class='ocrx_word' id='word_1_563' title='bbox 2016 3547 2234 3622; x_wconf 76' lang='grc' dir='ltr'>ἔφασαν,</span> <span class='ocrx_word' id='word_1_564' title='bbox 2270 3553 2566 3608; x_wconf 90' lang='lat' dir='ltr'>secundus</span> <span class='ocrx_word' id='word_1_565' title='bbox 2597 3557 2794 3607; x_wconf 91' lang='lat' dir='ltr'>autem</span> <span class='ocrx_word' id='word_1_566' title='bbox 2828 3551 2963 3606; x_wconf 92' lang='lat' dir='ltr'>illos</span> <span class='ocrx_word' id='word_1_567' title='bbox 3008 3551 3108 3622; x_wconf 90' lang='lat' dir='ltr'>qui</span> <span class='ocrx_word' id='word_1_568' title='bbox 3163 3548 3322 3624; x_wconf 76' lang='grc' dir='ltr'>ψιλὸν</span> <span class='ocrx_word' id='word_1_569' title='bbox 3377 3550 3662 3626; x_wconf 80' lang='grc' dir='ltr'>ἄνθρωπον</span> 
     </span>
    </p>
   </div>
   <div class='ocr_carea' id='block_1_83' title="bbox 2017 3640 3667 3714">
    <p class='ocr_par' dir='ltr' id='par_1_83' title="bbox 2017 3640 3667 3714">
     <span class='ocr_line' id='line_1_83' title="bbox 2017 3640 3667 3714; baseline 0.002 -19"><span class='ocrx_word' id='word_1_570' title='bbox 2017 3641 2108 3695; x_wconf 88' lang='grc' dir='ltr'>τὸν</span> <span class='ocrx_word' id='word_1_571' title='bbox 2142 3641 2338 3714; x_wconf 72' lang='grc' dir='ltr'>Κυριον</span> <span class='ocrx_word' id='word_1_572' title='bbox 2367 3640 2833 3714; x_wconf 79' lang='grc' dir='ltr'>προσηγόρευσαν,</span> <span class='ocrx_word' id='word_1_573' title='bbox 2863 3640 3377 3712; x_wconf 83' lang='lat' dir='ltr'>complecteretur.</span> <span class='ocrx_word' id='word_1_574' title='bbox 3412 3644 3490 3698; x_wconf 89' lang='lat' dir='ltr'>De</span> <span class='ocrx_word' id='word_1_575' title='bbox 3513 3645 3667 3714; x_wconf 87' lang='lat' dir='ltr'>prio-</span> 
     </span>
    </p>
   </div>
   <div class='ocr_carea' id='block_1_84' title="bbox 2015 3730 3665 3804">
    <p class='ocr_par' dir='ltr' id='par_1_84' title="bbox 2015 3730 3665 3804">
     <span class='ocr_line' id='line_1_84' title="bbox 2015 3730 3665 3804; baseline 0.001 -18"><span class='ocrx_word' id='word_1_576' title='bbox 2015 3731 2180 3786; x_wconf 90' lang='lat' dir='ltr'>ribus</span> <span class='ocrx_word' id='word_1_577' title='bbox 2230 3732 2622 3802; x_wconf 85' lang='lat' dir='ltr'>Hieronymus</span> <span class='ocrx_word' id='word_1_578' title='bbox 2679 3731 2932 3786; x_wconf 76' lang='lat' dir='ltr'>adversus</span> <span class='ocrx_word' id='word_1_579' title='bbox 2987 3730 3406 3799; x_wconf 77' lang='lat' dir='ltr'>Lucz&#39;fcrianos:</span> <span class='ocrx_word' id='word_1_580' title='bbox 3451 3755 3478 3782; x_wconf 89' lang='grc'>‹‹</span> <span class='ocrx_word' id='word_1_581' title='bbox 3506 3734 3665 3804; x_wconf 85' lang='lat' dir='ltr'>Apo-</span> 
     </span>
    </p>
   </div>
   <div class='ocr_carea' id='block_1_85' title="bbox 2016 3818 3660 3890">
    <p class='ocr_par' dir='ltr' id='par_1_85' title="bbox 2016 3818 3660 3890">
     <span class='ocr_line' id='line_1_85' title="bbox 2016 3818 3660 3890; baseline 0.001 -16"><span class='ocrx_word' id='word_1_582' title='bbox 2016 3821 2186 3875; x_wconf 88' lang='lat' dir='ltr'>stolis</span> <span class='ocrx_word' id='word_1_583' title='bbox 2215 3820 2407 3875; x_wconf 90' lang='lat' dir='ltr'>adhuc</span> <span class='ocrx_word' id='word_1_584' title='bbox 2437 3819 2498 3873; x_wconf 91' lang='lat' dir='ltr'>in</span> <span class='ocrx_word' id='word_1_585' title='bbox 2523 3818 2738 3874; x_wconf 60' lang='lat' dir='ltr'>saeculo</span> <span class='ocrx_word' id='word_1_586' title='bbox 2770 3818 3204 3890; x_wconf 90' lang='lat' dir='ltr'>superstitibus,</span> <span class='ocrx_word' id='word_1_587' title='bbox 3222 3819 3379 3890; x_wconf 91' lang='lat' dir='ltr'>apud</span> <span class='ocrx_word' id='word_1_588' title='bbox 3399 3820 3660 3876; x_wconf 73' lang='lat' dir='ltr'>Judaaam</span> 
     </span>
    </p>
   </div>
   <div class='ocr_carea' id='block_1_86' title="bbox 2014 3908 3661 3981">
    <p class='ocr_par' dir='ltr' id='par_1_86' title="bbox 2014 3908 3661 3981">
     <span class='ocr_line' id='line_1_86' title="bbox 2014 3908 3661 3981; baseline 0.001 -17"><span class='ocrx_word' id='word_1_589' title='bbox 2014 3909 2229 3964; x_wconf 89' lang='lat' dir='ltr'>Christi</span> <span class='ocrx_word' id='word_1_590' title='bbox 2260 3909 2545 3981; x_wconf 83' lang='lat' dir='ltr'>sanguine</span> <span class='ocrx_word' id='word_1_591' title='bbox 2575 3909 2821 3978; x_wconf 87' lang='lat' dir='ltr'>recenti,</span> <span class='ocrx_word' id='word_1_592' title='bbox 2855 3908 3210 3979; x_wconf 87' lang='lat' dir='ltr'>phantasma</span> <span class='ocrx_word' id='word_1_593' title='bbox 3256 3910 3490 3964; x_wconf 90' lang='lat' dir='ltr'>Domini</span> <span class='ocrx_word' id='word_1_594' title='bbox 3529 3928 3661 3966; x_wconf 92' lang='lat' dir='ltr'>cor-</span> 
     </span>
    </p>
   </div>
   <div class='ocr_carea' id='block_1_87' title="bbox 2013 3997 3656 4071">
    <p class='ocr_par' dir='ltr' id='par_1_87' title="bbox 2013 3997 3656 4071">
     <span class='ocr_line' id='line_1_87' title="bbox 2013 3997 3656 4071; baseline 0.002 -18"><span class='ocrx_word' id='word_1_595' title='bbox 2013 4014 2122 4070; x_wconf 92' lang='lat' dir='ltr'>pus</span> <span class='ocrx_word' id='word_1_596' title='bbox 2153 3998 2548 4053; x_wconf 90' lang='lat' dir='ltr'>asserebatur.</span> <span class='ocrx_word' id='word_1_597' title='bbox 2581 4019 2607 4046; x_wconf 72' lang='grc' dir='ltr'>η</span> <span class='ocrx_word' id='word_1_598' title='bbox 2641 3999 2721 4053; x_wconf 94' lang='lat' dir='ltr'>De</span> <span class='ocrx_word' id='word_1_599' title='bbox 2752 3997 3030 4052; x_wconf 90' lang='lat' dir='ltr'>secundis</span> <span class='ocrx_word' id='word_1_600' title='bbox 3061 3998 3215 4052; x_wconf 90' lang='lat' dir='ltr'>idem</span> <span class='ocrx_word' id='word_1_601' title='bbox 3250 3998 3310 4053; x_wconf 91' lang='lat' dir='ltr'>in</span> <span class='ocrx_word' id='word_1_602' title='bbox 3342 4000 3617 4071; x_wconf 89' lang='lat' dir='ltr'>Catalogo</span> <span class='ocrx_word' id='word_1_603' title='bbox 3643 4017 3656 4056; x_wconf 88' lang='lat'><strong>:</strong></span> 
     </span>
    </p>
   </div>
   <div class='ocr_carea' id='block_1_88' title="bbox 2015 4085 3662 4159">
    <p class='ocr_par' dir='ltr' id='par_1_88' title="bbox 2015 4085 3662 4159">
     <span class='ocr_line' id='line_1_88' title="bbox 2015 4085 3662 4159; baseline 0.003 -21"><span class='ocrx_word' id='word_1_604' title='bbox 2015 4110 2042 4138; x_wconf 81' lang='grc' dir='ltr'>(ι</span> <span class='ocrx_word' id='word_1_605' title='bbox 2074 4089 2328 4142; x_wconf 85' lang='lat' dir='ltr'>Joannes</span> <span class='ocrx_word' id='word_1_606' title='bbox 2361 4085 2663 4159; x_wconf 86' lang='lat' dir='ltr'>apostolus</span> <span class='ocrx_word' id='word_1_607' title='bbox 2705 4086 3059 4140; x_wconf 85' lang='lat' dir='ltr'>novissimus</span> <span class='ocrx_word' id='word_1_608' title='bbox 3109 4087 3377 4141; x_wconf 91' lang='lat' dir='ltr'>omnium</span> <span class='ocrx_word' id='word_1_609' title='bbox 3426 4087 3662 4158; x_wconf 90' lang='lat' dir='ltr'>scripsit</span> 
     </span>
    </p>
   </div>
   <div class='ocr_carea' id='block_1_89' title="bbox 2011 4175 3658 4248">
    <p class='ocr_par' dir='ltr' id='par_1_89' title="bbox 2011 4175 3658 4248">
     <span class='ocr_line' id='line_1_89' title="bbox 2011 4175 3658 4248; baseline 0.002 -18"><span class='ocrx_word' id='word_1_610' title='bbox 2011 4176 2411 4248; x_wconf 87' lang='lat' dir='ltr'>Evangelium,</span> <span class='ocrx_word' id='word_1_611' title='bbox 2445 4180 2682 4245; x_wconf 83' lang='lat' dir='ltr'>rogatus</span> <span class='ocrx_word' id='word_1_612' title='bbox 2725 4175 2796 4229; x_wconf 90' lang='lat' dir='ltr'>ab</span> <span class='ocrx_word' id='word_1_613' title='bbox 2843 4175 2996 4230; x_wconf 77' lang='lat' dir='ltr'>Asiaa</span> <span class='ocrx_word' id='word_1_614' title='bbox 3039 4175 3330 4246; x_wconf 86' lang='lat' dir='ltr'>episcopis</span> <span class='ocrx_word' id='word_1_615' title='bbox 3379 4176 3658 4233; x_wconf 85' lang='lat' dir='ltr'>adversus</span> 
     </span>
    </p>
   </div>
   <div class='ocr_carea' id='block_1_90' title="bbox 2011 4263 3658 4334">
    <p class='ocr_par' dir='ltr' id='par_1_90' title="bbox 2011 4263 3658 4334">
     <span class='ocr_line' id='line_1_90' title="bbox 2011 4263 3658 4334; baseline 0.001 -15"><span class='ocrx_word' id='word_1_616' title='bbox 2011 4265 2357 4319; x_wconf 87' lang='lat' dir='ltr'>Cerinthum</span> <span class='ocrx_word' id='word_1_617' title='bbox 2397 4263 2663 4333; x_wconf 88' lang='lat' dir='ltr'>aliosque</span> <span class='ocrx_word' id='word_1_618' title='bbox 2718 4264 3050 4334; x_wconf 62' lang='lat' dir='ltr'>haereticos,</span> <span class='ocrx_word' id='word_1_619' title='bbox 3101 4270 3159 4318; x_wconf 91' lang='lat' dir='ltr'>et</span> <span class='ocrx_word' id='word_1_620' title='bbox 3210 4265 3468 4320; x_wconf 89' lang='lat' dir='ltr'>maxime</span> <span class='ocrx_word' id='word_1_621' title='bbox 3517 4271 3658 4321; x_wconf 89' lang='lat' dir='ltr'>tunc</span> 
     </span>
    </p>
   </div>
   <div class='ocr_carea' id='block_1_91' title="bbox 2010 4352 3658 4424">
    <p class='ocr_par' dir='ltr' id='par_1_91' title="bbox 2010 4352 3658 4424">
     <span class='ocr_line' id='line_1_91' title="bbox 2010 4352 3658 4424; baseline 0.002 -16"><span class='ocrx_word' id='word_1_622' title='bbox 2010 4354 2416 4408; x_wconf 90' lang='lat' dir='ltr'>Ebionitarum</span> <span class='ocrx_word' id='word_1_623' title='bbox 2447 4352 2660 4424; x_wconf 88' lang='lat' dir='ltr'>dogma</span> <span class='ocrx_word' id='word_1_624' title='bbox 2689 4354 3179 4424; x_wconf 87' lang='lat' dir='ltr'>consurgens,qui</span> <span class='ocrx_word' id='word_1_625' title='bbox 3203 4360 3478 4411; x_wconf 90' lang='lat' dir='ltr'>asserunt</span> <span class='ocrx_word' id='word_1_626' title='bbox 3497 4356 3658 4411; x_wconf 89' lang='lat' dir='ltr'>Chri-</span> 
     </span>
    </p>
   </div>
   <div class='ocr_carea' id='block_1_92' title="bbox 2009 4442 3659 4507">
    <p class='ocr_par' dir='ltr' id='par_1_92' title="bbox 2009 4442 3659 4507">
     <span class='ocr_line' id='line_1_92' title="bbox 2009 4442 3659 4507; baseline 0.003 -9"><span class='ocrx_word' id='word_1_627' title='bbox 2009 4449 2166 4499; x_wconf 91' lang='lat' dir='ltr'>stum</span> <span class='ocrx_word' id='word_1_628' title='bbox 2198 4448 2334 4498; x_wconf 86' lang='lat' dir='ltr'>ante</span> <span class='ocrx_word' id='word_1_629' title='bbox 2366 4442 2609 4497; x_wconf 85' lang='lat' dir='ltr'>Mariam</span> <span class='ocrx_word' id='word_1_630' title='bbox 2635 4459 2754 4497; x_wconf 92' lang='lat' dir='ltr'>non</span> <span class='ocrx_word' id='word_1_631' title='bbox 2782 4442 2984 4497; x_wconf 89' lang='lat' dir='ltr'>fuisse.</span> <span class='ocrx_word' id='word_1_632' title='bbox 3010 4465 3034 4490; x_wconf 83' lang='grc'><strong>››</strong></span> <span class='ocrx_word' id='word_1_633' title='bbox 3059 4445 3212 4507; x_wconf 88' lang='lat' dir='ltr'>Quas</span> <span class='ocrx_word' id='word_1_634' title='bbox 3237 4445 3414 4500; x_wconf 89' lang='lat' dir='ltr'>etiam</span> <span class='ocrx_word' id='word_1_635' title='bbox 3441 4446 3503 4500; x_wconf 91' lang='lat' dir='ltr'>in</span> <span class='ocrx_word' id='word_1_636' title='bbox 3518 4447 3659 4504; x_wconf 85' lang='lat' dir='ltr'>Asia</span> 
     </span>
    </p>
   </div>
   <div class='ocr_carea' id='block_1_93' title="bbox 2009 4531 3649 4603">
    <p class='ocr_par' dir='ltr' id='par_1_93' title="bbox 2009 4531 3649 4603">
     <span class='ocr_line' id='line_1_93' title="bbox 2009 4531 3649 4603; baseline 0.002 -15"><span class='ocrx_word' id='word_1_637' title='bbox 2009 4533 2267 4588; x_wconf 82' lang='lat' dir='ltr'>maxime</span> <span class='ocrx_word' id='word_1_638' title='bbox 2295 4531 2553 4603; x_wconf 87' lang='lat' dir='ltr'>viguisse</span> <span class='ocrx_word' id='word_1_639' title='bbox 2585 4531 2857 4586; x_wconf 89' lang='lat' dir='ltr'>observat</span> <span class='ocrx_word' id='word_1_640' title='bbox 2886 4533 3251 4603; x_wconf 86' lang='lat' dir='ltr'>Epiphanius</span> <span class='ocrx_word' id='word_1_641' title='bbox 3301 4535 3513 4590; x_wconf 72' lang='lat' dir='ltr'>haeresi</span> <span class='ocrx_word' id='word_1_642' title='bbox 3545 4538 3606 4590; x_wconf 83' lang='grc'><strong>51</strong></span> <span class='ocrx_word' id='word_1_643' title='bbox 3636 4551 3649 4592; x_wconf 89' lang='lat'><strong>:</strong></span> 
     </span>
    </p>
   </div>
   <div class='ocr_carea' id='block_1_94' title="bbox 248 4615 1898 4698">
    <p class='ocr_par' dir='ltr' id='par_1_94' title="bbox 248 4616 1898 4693">
     <span class='ocr_line' id='line_1_94' title="bbox 248 4616 1898 4693; baseline -0.001 -15"><span class='ocrx_word' id='word_1_644' title='bbox 248 4629 312 4678; x_wconf 91' lang='lat' dir='ltr'>ut</span> <span class='ocrx_word' id='word_1_645' title='bbox 344 4623 427 4678; x_wconf 84' lang='lat' dir='ltr'>eis</span> <span class='ocrx_word' id='word_1_646' title='bbox 459 4621 741 4677; x_wconf 82' lang='lat' dir='ltr'>obediant</span> <span class='ocrx_word' id='word_1_647' title='bbox 770 4621 1088 4676; x_wconf 81' lang='lat' dir='ltr'>Christiani</span> <span class='ocrx_word' id='word_1_648' title='bbox 1105 4617 1494 4693; x_wconf 80' lang='grc' dir='ltr'>ἀπερισπάστῳ</span> <span class='ocrx_word' id='word_1_649' title='bbox 1527 4616 1734 4689; x_wconf 83' lang='grc' dir='ltr'>διανοίᾳ</span> <span class='ocrx_word' id='word_1_650' title='bbox 1765 4637 1898 4676; x_wconf 89' lang='lat' dir='ltr'>sua-</span> 
     </span>
    </p>
   </div>
   <div class='ocr_carea' id='block_1_95' title="bbox 2026 4615 3654 4698">
    <p class='ocr_par' dir='ltr' id='par_1_95' title="bbox 2026 4615 3654 4698">
     <span class='ocr_line' id='line_1_95' title="bbox 2026 4615 3654 4698; baseline -0.005 -23"><span class='ocrx_word' id='word_1_651' title='bbox 2026 4621 2172 4683; x_wconf 83' lang='grc' dir='ltr'>Ἐνθα</span> <span class='ocrx_word' id='word_1_652' title='bbox 2202 4619 2304 4693; x_wconf 86' lang='grc' dir='ltr'>γὰρ</span> <span class='ocrx_word' id='word_1_653' title='bbox 2333 4619 2424 4672; x_wconf 85' lang='grc' dir='ltr'>τὸν</span> <span class='ocrx_word' id='word_1_654' title='bbox 2460 4619 2688 4692; x_wconf 83' lang='grc' dir='ltr'>Χριστὸν</span> <span class='ocrx_word' id='word_1_655' title='bbox 2745 4616 2806 4672; x_wconf 73' lang='grc' dir='ltr'><strong>ἐκ</strong></span> <span class='ocrx_word' id='word_1_656' title='bbox 2853 4615 3194 4693; x_wconf 75' lang='grc' dir='ltr'>παρατριϐῆς</span> <span class='ocrx_word' id='word_1_657' title='bbox 3237 4620 3398 4694; x_wconf 82' lang='grc' dir='ltr'>ψιλὸν</span> <span class='ocrx_word' id='word_1_658' title='bbox 3449 4621 3654 4698; x_wconf 77' lang='grc' dir='ltr'>ἂνθρω-</span> 
     </span>
    </p>
   </div>
   <div class='ocr_carea' id='block_1_96' title="bbox 251 4709 1893 4780">
    <p class='ocr_par' dir='ltr' id='par_1_96' title="bbox 251 4709 1893 4780">
     <span class='ocr_line' id='line_1_96' title="bbox 251 4709 1893 4780; baseline -0.001 -15"><span class='ocrx_word' id='word_1_659' title='bbox 251 4711 368 4766; x_wconf 88' lang='lat' dir='ltr'>det.</span> <span class='ocrx_word' id='word_1_660' title='bbox 399 4710 568 4767; x_wconf 90' lang='lat' dir='ltr'>Unde</span> <span class='ocrx_word' id='word_1_661' title='bbox 598 4710 763 4764; x_wconf 81' lang='lat' dir='ltr'>Walo</span> <span class='ocrx_word' id='word_1_662' title='bbox 795 4709 1144 4766; x_wconf 83' lang='lat' dir='ltr'>Messalinus</span> <span class='ocrx_word' id='word_1_663' title='bbox 1181 4726 1193 4763; x_wconf 93' lang='lat'><strong>:</strong></span> <span class='ocrx_word' id='word_1_664' title='bbox 1227 4731 1255 4759; x_wconf 91' lang='lat'><strong>«</strong></span> <span class='ocrx_word' id='word_1_665' title='bbox 1288 4709 1411 4773; x_wconf 88' lang='lat' dir='ltr'>Quo</span> <span class='ocrx_word' id='word_1_666' title='bbox 1452 4709 1710 4780; x_wconf 89' lang='lat' dir='ltr'>primum</span> <span class='ocrx_word' id='word_1_667' title='bbox 1742 4714 1893 4764; x_wconf 89' lang='lat' dir='ltr'>tem-</span> 
     </span>
    </p>
   </div>
   <div class='ocr_carea' id='block_1_97' title="bbox 252 4801 1891 4876">
    <p class='ocr_par' dir='ltr' id='par_1_97' title="bbox 252 4801 1891 4876">
     <span class='ocr_line' id='line_1_97' title="bbox 252 4801 1891 4876; baseline -0.003 -17"><span class='ocrx_word' id='word_1_668' title='bbox 252 4821 391 4875; x_wconf 90' lang='lat' dir='ltr'>pore</span> <span class='ocrx_word' id='word_1_669' title='bbox 417 4809 644 4876; x_wconf 76' lang='lat' dir='ltr'>cceptus</span> <span class='ocrx_word' id='word_1_670' title='bbox 677 4808 768 4858; x_wconf 92' lang='lat' dir='ltr'>est</span> <span class='ocrx_word' id='word_1_671' title='bbox 797 4803 1176 4873; x_wconf 88' lang='lat' dir='ltr'>episcopatus</span> <span class='ocrx_word' id='word_1_672' title='bbox 1224 4801 1552 4872; x_wconf 88' lang='lat' dir='ltr'>superstrui</span> <span class='ocrx_word' id='word_1_673' title='bbox 1583 4818 1650 4856; x_wconf 89' lang='lat' dir='ltr'>ac</span> <span class='ocrx_word' id='word_1_674' title='bbox 1683 4817 1891 4872; x_wconf 87' lang='lat' dir='ltr'>super-</span> 
     </span>
    </p>
   </div>
   <div class='ocr_carea' id='block_1_98' title="bbox 252 4890 1895 4966">
    <p class='ocr_par' dir='ltr' id='par_1_98' title="bbox 252 4890 1895 4966">
     <span class='ocr_line' id='line_1_98' title="bbox 252 4890 1895 4966; baseline -0.003 -17"><span class='ocrx_word' id='word_1_675' title='bbox 252 4896 386 4965; x_wconf 90' lang='lat' dir='ltr'>poni</span> <span class='ocrx_word' id='word_1_676' title='bbox 420 4892 884 4966; x_wconf 86' lang='lat' dir='ltr'>presbyteratrui</span> <span class='ocrx_word' id='word_1_677' title='bbox 917 4892 1202 4962; x_wconf 88' lang='lat' dir='ltr'>scriptum</span> <span class='ocrx_word' id='word_1_678' title='bbox 1227 4890 1370 4946; x_wconf 89' lang='lat' dir='ltr'>illud</span> <span class='ocrx_word' id='word_1_679' title='bbox 1403 4890 1780 4961; x_wconf 87' lang='lat' dir='ltr'>prodiisse,id</span> <span class='ocrx_word' id='word_1_680' title='bbox 1810 4907 1895 4946; x_wconf 91' lang='lat' dir='ltr'>ar-</span> 
     </span>
    </p>
   </div>
   <div class='ocr_carea' id='block_1_99' title="bbox 252 4979 1894 5054">
    <p class='ocr_par' dir='ltr' id='par_1_99' title="bbox 252 4979 1894 5054">
     <span class='ocr_line' id='line_1_99' title="bbox 252 4979 1894 5054; baseline -0.003 -14"><span class='ocrx_word' id='word_1_681' title='bbox 252 4989 527 5054; x_wconf 76' lang='lat' dir='ltr'>gumento</span> <span class='ocrx_word' id='word_1_682' title='bbox 581 4987 692 5051; x_wconf 90' lang='lat' dir='ltr'>est,</span> <span class='ocrx_word' id='word_1_683' title='bbox 740 4980 900 5052; x_wconf 88' lang='lat' dir='ltr'>quod</span> <span class='ocrx_word' id='word_1_684' title='bbox 945 4981 1029 5035; x_wconf 89' lang='lat' dir='ltr'>ita</span> <span class='ocrx_word' id='word_1_685' title='bbox 1086 4981 1493 5051; x_wconf 85' lang='lat' dir='ltr'>episcopatum</span> <span class='ocrx_word' id='word_1_686' title='bbox 1550 4979 1797 5047; x_wconf 82' lang='lat' dir='ltr'>extollit,</span> <span class='ocrx_word' id='word_1_687' title='bbox 1829 4986 1894 5035; x_wconf 92' lang='lat' dir='ltr'>ut</span> 
     </span>
    </p>
   </div>
   <div class='ocr_carea' id='block_1_100' title="bbox 251 5067 1892 5143">
    <p class='ocr_par' dir='ltr' id='par_1_100' title="bbox 251 5067 1892 5143">
     <span class='ocr_line' id='line_1_100' title="bbox 251 5067 1892 5143; baseline -0.003 -16"><span class='ocrx_word' id='word_1_688' title='bbox 251 5073 621 5143; x_wconf 86' lang='lat' dir='ltr'>presbyteros</span> <span class='ocrx_word' id='word_1_689' title='bbox 646 5087 770 5125; x_wconf 91' lang='lat' dir='ltr'>non</span> <span class='ocrx_word' id='word_1_690' title='bbox 803 5069 1115 5140; x_wconf 90' lang='lat' dir='ltr'>deprimat.</span> <span class='ocrx_word' id='word_1_691' title='bbox 1147 5070 1324 5124; x_wconf 91' lang='lat' dir='ltr'>Suam</span> <span class='ocrx_word' id='word_1_692' title='bbox 1357 5068 1516 5123; x_wconf 90' lang='lat' dir='ltr'>enim</span> <span class='ocrx_word' id='word_1_693' title='bbox 1549 5067 1669 5122; x_wconf 92' lang='lat' dir='ltr'>illis</span> <span class='ocrx_word' id='word_1_694' title='bbox 1700 5068 1892 5140; x_wconf 87' lang='lat' dir='ltr'>digni-</span> 
     </span>
    </p>
   </div>
   <div class='ocr_carea' id='block_1_101' title="bbox 249 5157 1892 5230">
    <p class='ocr_par' dir='ltr' id='par_1_101' title="bbox 249 5157 1892 5230">
     <span class='ocr_line' id='line_1_101' title="bbox 249 5157 1892 5230; baseline -0.003 -13"><span class='ocrx_word' id='word_1_695' title='bbox 249 5169 424 5217; x_wconf 85' lang='lat' dir='ltr'>tatem</span> <span class='ocrx_word' id='word_1_696' title='bbox 455 5165 976 5230; x_wconf 86' lang='lat' dir='ltr'>conservat,quam</span> <span class='ocrx_word' id='word_1_697' title='bbox 1011 5159 1072 5212; x_wconf 92' lang='lat' dir='ltr'>in</span> <span class='ocrx_word' id='word_1_698' title='bbox 1100 5159 1294 5229; x_wconf 91' lang='lat' dir='ltr'>prima</span> <span class='ocrx_word' id='word_1_699' title='bbox 1323 5157 1587 5212; x_wconf 88' lang='lat' dir='ltr'>Ecclesia</span> <span class='ocrx_word' id='word_1_700' title='bbox 1617 5157 1892 5212; x_wconf 84' lang='lat' dir='ltr'>obtinue-</span> 
     </span>
    </p>
   </div>
   <div class='ocr_carea' id='block_1_102' title="bbox 246 5245 1891 5318">
    <p class='ocr_par' dir='ltr' id='par_1_102' title="bbox 246 5245 1891 5318">
     <span class='ocr_line' id='line_1_102' title="bbox 246 5245 1891 5318; baseline -0.004 -12"><span class='ocrx_word' id='word_1_701' title='bbox 246 5256 401 5318; x_wconf 90' lang='lat' dir='ltr'>runt,</span> <span class='ocrx_word' id='word_1_702' title='bbox 433 5250 578 5305; x_wconf 89' lang='lat' dir='ltr'>dum</span> <span class='ocrx_word' id='word_1_703' title='bbox 628 5248 747 5303; x_wconf 91' lang='lat' dir='ltr'>illis</span> <span class='ocrx_word' id='word_1_704' title='bbox 783 5253 1064 5317; x_wconf 87' lang='lat' dir='ltr'>tanquam</span> <span class='ocrx_word' id='word_1_705' title='bbox 1113 5247 1396 5318; x_wconf 89' lang='lat' dir='ltr'>apostolis</span> <span class='ocrx_word' id='word_1_706' title='bbox 1427 5245 1572 5317; x_wconf 90' lang='lat' dir='ltr'>ipsis</span> <span class='ocrx_word' id='word_1_707' title='bbox 1601 5246 1891 5301; x_wconf 87' lang='lat' dir='ltr'>honorem</span> 
     </span>
    </p>
   </div>
   <div class='ocr_carea' id='block_1_103' title="bbox 250 5335 1890 5408">
    <p class='ocr_par' dir='ltr' id='par_1_103' title="bbox 250 5335 1890 5408">
     <span class='ocr_line' id='line_1_103' title="bbox 250 5335 1890 5408; baseline -0.004 -14"><span class='ocrx_word' id='word_1_708' title='bbox 250 5357 372 5396; x_wconf 89' lang='lat' dir='ltr'>esse</span> <span class='ocrx_word' id='word_1_709' title='bbox 398 5337 742 5394; x_wconf 87' lang='lat' dir='ltr'>habendum</span> <span class='ocrx_word' id='word_1_710' title='bbox 775 5336 1144 5408; x_wconf 84' lang='lat' dir='ltr'>pronuntiat,</span> <span class='ocrx_word' id='word_1_711' title='bbox 1171 5340 1229 5390; x_wconf 89' lang='lat' dir='ltr'>et</span> <span class='ocrx_word' id='word_1_712' title='bbox 1259 5335 1453 5391; x_wconf 89' lang='lat' dir='ltr'>locum</span> <span class='ocrx_word' id='word_1_713' title='bbox 1486 5335 1890 5405; x_wconf 88' lang='lat' dir='ltr'>apostolorum</span> 
     </span>
    </p>
   </div>
   <div class='ocr_carea' id='block_1_104' title="bbox 249 5424 1892 5492">
    <p class='ocr_par' dir='ltr' id='par_1_104' title="bbox 249 5424 1892 5492">
     <span class='ocr_line' id='line_1_104' title="bbox 249 5424 1892 5492; baseline -0.005 -6"><span class='ocrx_word' id='word_1_714' title='bbox 249 5436 443 5486; x_wconf 81' lang='lat' dir='ltr'>tenere</span> <span class='ocrx_word' id='word_1_715' title='bbox 476 5428 758 5484; x_wconf 85' lang='lat' dir='ltr'>afﬁrmat.</span> <span class='ocrx_word' id='word_1_716' title='bbox 796 5449 823 5476; x_wconf 87' lang='lat'>»</span> <span class='ocrx_word' id='word_1_717' title='bbox 853 5428 927 5480; x_wconf 82' lang='lat' dir='ltr'>At</span> <span class='ocrx_word' id='word_1_718' title='bbox 947 5425 1183 5482; x_wconf 89' lang='lat' dir='ltr'>labente</span> <span class='ocrx_word' id='word_1_719' title='bbox 1207 5426 1379 5480; x_wconf 90' lang='lat' dir='ltr'>tertio</span> <span class='ocrx_word' id='word_1_720' title='bbox 1413 5424 1650 5492; x_wconf 66' lang='lat' dir='ltr'>saeculo,</span> <span class='ocrx_word' id='word_1_721' title='bbox 1671 5430 1772 5479; x_wconf 86' lang='lat' dir='ltr'>aut</span> <span class='ocrx_word' id='word_1_722' title='bbox 1804 5424 1892 5478; x_wconf 91' lang='lat' dir='ltr'>in-</span> 
     </span>
    </p>
   </div>
   <div class='ocr_carea' id='block_1_105' title="bbox 249 5512 1890 5588">
    <p class='ocr_par' dir='ltr' id='par_1_105' title="bbox 249 5512 1890 5588">
     <span class='ocr_line' id='line_1_105' title="bbox 249 5512 1890 5588; baseline -0.004 -14"><span class='ocrx_word' id='word_1_723' title='bbox 249 5527 420 5574; x_wconf 84' lang='lat' dir='ltr'>eunte</span> <span class='ocrx_word' id='word_1_724' title='bbox 451 5523 688 5588; x_wconf 86' lang='lat' dir='ltr'>quarto,</span> <span class='ocrx_word' id='word_1_725' title='bbox 721 5514 1162 5586; x_wconf 86' lang='lat' dir='ltr'>presbyteratus</span> <span class='ocrx_word' id='word_1_726' title='bbox 1217 5514 1558 5581; x_wconf 88' lang='lat' dir='ltr'>auctoritas,</span> <span class='ocrx_word' id='word_1_727' title='bbox 1593 5513 1770 5567; x_wconf 91' lang='lat' dir='ltr'>etiam</span> <span class='ocrx_word' id='word_1_728' title='bbox 1801 5512 1890 5567; x_wconf 87' lang='lat' dir='ltr'>fa-</span> 
     </span>
    </p>
   </div>
   <div class='ocr_carea' id='block_1_106' title="bbox 247 5601 1889 5672">
    <p class='ocr_par' dir='ltr' id='par_1_106' title="bbox 247 5601 1889 5672">
     <span class='ocr_line' id='line_1_106' title="bbox 247 5601 1889 5672; baseline -0.006 -7"><span class='ocrx_word' id='word_1_729' title='bbox 247 5608 506 5666; x_wconf 89' lang='lat' dir='ltr'>tentibus</span> <span class='ocrx_word' id='word_1_730' title='bbox 537 5605 910 5672; x_wconf 87' lang='lat' dir='ltr'>adversariis,</span> <span class='ocrx_word' id='word_1_731' title='bbox 943 5603 1111 5659; x_wconf 91' lang='lat' dir='ltr'>valde</span> <span class='ocrx_word' id='word_1_732' title='bbox 1143 5609 1269 5658; x_wconf 88' lang='lat' dir='ltr'>erat</span> <span class='ocrx_word' id='word_1_733' title='bbox 1314 5603 1647 5658; x_wconf 89' lang='lat' dir='ltr'>imminuta.</span> <span class='ocrx_word' id='word_1_734' title='bbox 1682 5601 1889 5655; x_wconf 90' lang='lat' dir='ltr'>Nullus</span> 
     </span>
    </p>
   </div>
   <div class='ocr_carea' id='block_1_107' title="bbox 246 5692 1886 5764">
    <p class='ocr_par' dir='ltr' id='par_1_107' title="bbox 246 5692 1886 5764">
     <span class='ocr_line' id='line_1_107' title="bbox 246 5692 1886 5764; baseline -0.007 -7"><span class='ocrx_word' id='word_1_735' title='bbox 246 5704 372 5757; x_wconf 76' lang='lat' dir='ltr'>erat</span> <span class='ocrx_word' id='word_1_736' title='bbox 384 5705 528 5754; x_wconf 86' lang='lat' dir='ltr'>tunc</span> <span class='ocrx_word' id='word_1_737' title='bbox 543 5697 609 5753; x_wconf 92' lang='lat' dir='ltr'>in</span> <span class='ocrx_word' id='word_1_738' title='bbox 625 5693 766 5755; x_wconf 79' lang='lat' dir='ltr'>orbe</span> <span class='ocrx_word' id='word_1_739' title='bbox 785 5694 1117 5750; x_wconf 84' lang='lat' dir='ltr'>Christiano</span> <span class='ocrx_word' id='word_1_740' title='bbox 1135 5692 1613 5764; x_wconf 86' lang='lat' dir='ltr'>presbyterorum</span> <span class='ocrx_word' id='word_1_741' title='bbox 1644 5707 1853 5751; x_wconf 88' lang='lat' dir='ltr'>conses</span> <span class='ocrx_word' id='word_1_742' title='bbox 1865 5721 1886 5732; x_wconf 90' lang='lat'><strong>-</strong></span> 
     </span>
    </p>
   </div>
   <div class='ocr_carea' id='block_1_108' title="bbox 2003 4704 3651 4787">
    <p class='ocr_par' dir='ltr' id='par_1_108' title="bbox 2003 4704 3651 4787">
     <span class='ocr_line' id='line_1_108' title="bbox 2003 4704 3651 4787; baseline 0.002 -24"><span class='ocrx_word' id='word_1_743' title='bbox 2003 4729 2103 4763; x_wconf 92' lang='grc' dir='ltr'>πον</span> <span class='ocrx_word' id='word_1_744' title='bbox 2137 4707 2423 4783; x_wconf 82' lang='grc' dir='ltr'>ἐκήρυττεν</span> <span class='ocrx_word' id='word_1_745' title='bbox 2454 4709 2482 4761; x_wconf 86' lang='grc' dir='ltr'>ὁ</span> <span class='ocrx_word' id='word_1_746' title='bbox 2511 4704 2712 4764; x_wconf 76' lang='grc' dir='ltr'>Ἐϐίων</span> <span class='ocrx_word' id='word_1_747' title='bbox 2760 4709 2848 4762; x_wconf 75' lang='grc' dir='ltr'>καὶ</span> <span class='ocrx_word' id='word_1_748' title='bbox 2884 4710 2910 4762; x_wconf 88' lang='grc' dir='ltr'>ὁ</span> <span class='ocrx_word' id='word_1_749' title='bbox 2939 4711 3230 4781; x_wconf 74' lang='grc' dir='ltr'>Κήρινοος,</span> <span class='ocrx_word' id='word_1_750' title='bbox 3281 4711 3370 4765; x_wconf 79' lang='grc' dir='ltr'>καὶ</span> <span class='ocrx_word' id='word_1_751' title='bbox 3416 4713 3468 4766; x_wconf 82' lang='grc' dir='ltr'>οἱ</span> <span class='ocrx_word' id='word_1_752' title='bbox 3515 4712 3651 4787; x_wconf 77' lang='grc' dir='ltr'>ἀμφ’</span> 
     </span>
    </p>
   </div>
   <div class='ocr_carea' id='block_1_109' title="bbox 2002 4794 3652 4874">
    <p class='ocr_par' dir='ltr' id='par_1_109' title="bbox 2002 4794 3652 4874">
     <span class='ocr_line' id='line_1_109' title="bbox 2002 4794 3652 4874; baseline 0.003 -24"><span class='ocrx_word' id='word_1_753' title='bbox 2002 4799 2223 4866; x_wconf 80' lang='grc' dir='ltr'>αὐτοὺς,</span> <span class='ocrx_word' id='word_1_754' title='bbox 2257 4799 2401 4874; x_wconf 81' lang='grc' dir='ltr'>φημὶ</span> <span class='ocrx_word' id='word_1_755' title='bbox 2435 4794 2491 4850; x_wconf 69' lang='grc' dir='ltr'>δὲ</span> <span class='ocrx_word' id='word_1_756' title='bbox 2532 4797 2582 4851; x_wconf 83' lang='grc' dir='ltr'>ἐν</span> <span class='ocrx_word' id='word_1_757' title='bbox 2614 4803 2682 4871; x_wconf 79' lang='grc' dir='ltr'>τῇ</span> <span class='ocrx_word' id='word_1_758' title='bbox 2715 4799 2884 4868; x_wconf 83' lang='grc' dir='ltr'>Ἀσίᾳ.</span> <span class='ocrx_word' id='word_1_759' title='bbox 2947 4802 3204 4872; x_wconf 89' lang='lat' dir='ltr'>Ignatius</span> <span class='ocrx_word' id='word_1_760' title='bbox 3245 4819 3380 4856; x_wconf 92' lang='lat' dir='ltr'>cum</span> <span class='ocrx_word' id='word_1_761' title='bbox 3430 4819 3463 4856; x_wconf 91' lang='lat' dir='ltr'>a</span> <span class='ocrx_word' id='word_1_762' title='bbox 3493 4802 3652 4856; x_wconf 83' lang='lat' dir='ltr'>schi-</span> 
     </span>
    </p>
   </div>
   <div class='ocr_carea' id='block_1_110' title="bbox 2005 4889 3646 4961">
    <p class='ocr_par' dir='ltr' id='par_1_110' title="bbox 2005 4889 3646 4961">
     <span class='ocr_line' id='line_1_110' title="bbox 2005 4889 3646 4961; baseline 0.001 -18"><span class='ocrx_word' id='word_1_763' title='bbox 2005 4890 2268 4944; x_wconf 88' lang='lat' dir='ltr'>smaticis</span> <span class='ocrx_word' id='word_1_764' title='bbox 2291 4889 2656 4943; x_wconf 65' lang='lat' dir='ltr'>ethaarelicis</span> <span class='ocrx_word' id='word_1_765' title='bbox 2681 4906 2918 4961; x_wconf 89' lang='lat' dir='ltr'>semper</span> <span class='ocrx_word' id='word_1_766' title='bbox 2930 4890 3256 4944; x_wconf 84' lang='lat' dir='ltr'>cavendum</span> <span class='ocrx_word' id='word_1_767' title='bbox 3277 4907 3403 4944; x_wconf 90' lang='lat' dir='ltr'>esse</span> <span class='ocrx_word' id='word_1_768' title='bbox 3419 4890 3646 4956; x_wconf 90' lang='lat' dir='ltr'>doceat,</span> 
     </span>
    </p>
   </div>
   <div class='ocr_carea' id='block_1_111' title="bbox 2004 4977 3648 5049">
    <p class='ocr_par' dir='ltr' id='par_1_111' title="bbox 2004 4977 3648 5049">
     <span class='ocr_line' id='line_1_111' title="bbox 2004 4977 3648 5049; baseline 0 -17"><span class='ocrx_word' id='word_1_769' title='bbox 2004 4978 2110 5032; x_wconf 91' lang='lat' dir='ltr'>has</span> <span class='ocrx_word' id='word_1_770' title='bbox 2139 4977 2436 5049; x_wconf 76' lang='lat' dir='ltr'>praecipue</span> <span class='ocrx_word' id='word_1_771' title='bbox 2467 4977 2722 5031; x_wconf 66' lang='lat' dir='ltr'>haereses</span> <span class='ocrx_word' id='word_1_772' title='bbox 2763 4978 2929 5048; x_wconf 90' lang='lat' dir='ltr'>petit,</span> <span class='ocrx_word' id='word_1_773' title='bbox 2981 4977 3115 5032; x_wconf 91' lang='lat' dir='ltr'>illas</span> <span class='ocrx_word' id='word_1_774' title='bbox 3163 4979 3523 5048; x_wconf 90' lang='lat' dir='ltr'>frequenter,</span> <span class='ocrx_word' id='word_1_775' title='bbox 3557 4995 3648 5032; x_wconf 91' lang='lat' dir='ltr'>se-</span> 
     </span>
    </p>
   </div>
   <div class='ocr_carea' id='block_1_112' title="bbox 2003 5065 3650 5136">
    <p class='ocr_par' dir='ltr' id='par_1_112' title="bbox 2003 5065 3650 5136">
     <span class='ocr_line' id='line_1_112' title="bbox 2003 5065 3650 5136; baseline 0 -15"><span class='ocrx_word' id='word_1_776' title='bbox 2003 5067 2142 5122; x_wconf 94' lang='lat' dir='ltr'>dulo</span> <span class='ocrx_word' id='word_1_777' title='bbox 2177 5071 2234 5120; x_wconf 91' lang='lat' dir='ltr'>et</span> <span class='ocrx_word' id='word_1_778' title='bbox 2262 5071 2462 5136; x_wconf 90' lang='lat' dir='ltr'>aperte</span> <span class='ocrx_word' id='word_1_779' title='bbox 2493 5065 2666 5119; x_wconf 88' lang='lat' dir='ltr'>ferit:</span> <span class='ocrx_word' id='word_1_780' title='bbox 2700 5067 2960 5136; x_wconf 88' lang='lat' dir='ltr'>priorem</span> <span class='ocrx_word' id='word_1_781' title='bbox 3012 5067 3383 5135; x_wconf 91' lang='lat' dir='ltr'>Docetarum,</span> <span class='ocrx_word' id='word_1_782' title='bbox 3414 5083 3448 5121; x_wconf 90' lang='lat' dir='ltr'>a</span> <span class='ocrx_word' id='word_1_783' title='bbox 3477 5067 3650 5121; x_wconf 90' lang='lat' dir='ltr'>disci-</span> 
     </span>
    </p>
   </div>
   <div class='ocr_carea' id='block_1_113' title="bbox 2002 5153 3645 5227">
    <p class='ocr_par' dir='ltr' id='par_1_113' title="bbox 2002 5153 3645 5227">
     <span class='ocr_line' id='line_1_113' title="bbox 2002 5153 3645 5227; baseline 0.002 -19"><span class='ocrx_word' id='word_1_784' title='bbox 2002 5155 2158 5226; x_wconf 88' lang='lat' dir='ltr'>pulis</span> <span class='ocrx_word' id='word_1_785' title='bbox 2174 5153 2476 5207; x_wconf 80' lang='lat' dir='ltr'>Menandri</span> <span class='ocrx_word' id='word_1_786' title='bbox 2501 5159 2638 5206; x_wconf 91' lang='lat' dir='ltr'>tunc</span> <span class='ocrx_word' id='word_1_787' title='bbox 2662 5153 2944 5224; x_wconf 91' lang='lat' dir='ltr'>temporis</span> <span class='ocrx_word' id='word_1_788' title='bbox 2967 5153 3645 5227; x_wconf 88' lang='lat' dir='ltr'>disseminatam,atque,</span> 
     </span>
    </p>
   </div>
   <div class='ocr_carea' id='block_1_114' title="bbox 2001 5243 3647 5316">
    <p class='ocr_par' dir='ltr' id='par_1_114' title="bbox 2001 5243 3647 5316">
     <span class='ocr_line' id='line_1_114' title="bbox 2001 5243 3647 5316; baseline 0.001 -17"><span class='ocrx_word' id='word_1_789' title='bbox 2001 5250 2067 5299; x_wconf 93' lang='lat' dir='ltr'>ut</span> <span class='ocrx_word' id='word_1_790' title='bbox 2087 5243 2368 5299; x_wconf 89' lang='lat' dir='ltr'>credibile</span> <span class='ocrx_word' id='word_1_791' title='bbox 2402 5246 2508 5308; x_wconf 86' lang='lat' dir='ltr'>est,</span> <span class='ocrx_word' id='word_1_792' title='bbox 2543 5258 2576 5296; x_wconf 92' lang='lat' dir='ltr'>a</span> <span class='ocrx_word' id='word_1_793' title='bbox 2607 5243 2907 5297; x_wconf 89' lang='lat' dir='ltr'>Saturnilo</span> <span class='ocrx_word' id='word_1_794' title='bbox 2939 5244 3094 5313; x_wconf 87' lang='lat' dir='ltr'>apud</span> <span class='ocrx_word' id='word_1_795' title='bbox 3121 5245 3493 5300; x_wconf 84' lang='lat' dir='ltr'>Antiochiam</span> <span class='ocrx_word' id='word_1_796' title='bbox 3519 5246 3647 5316; x_wconf 88' lang='lat' dir='ltr'>jam</span> 
     </span>
    </p>
   </div>
   <div class='ocr_carea' id='block_1_115' title="bbox 1999 5330 3648 5402">
    <p class='ocr_par' dir='ltr' id='par_1_115' title="bbox 1999 5330 3648 5402">
     <span class='ocr_line' id='line_1_115' title="bbox 1999 5330 3648 5402; baseline 0.001 -14"><span class='ocrx_word' id='word_1_797' title='bbox 1999 5340 2125 5388; x_wconf 91' lang='lat' dir='ltr'>tum</span> <span class='ocrx_word' id='word_1_798' title='bbox 2159 5331 2485 5397; x_wconf 87' lang='lat' dir='ltr'>defensam,</span> <span class='ocrx_word' id='word_1_799' title='bbox 2522 5330 2773 5399; x_wconf 91' lang='lat' dir='ltr'>epistola</span> <span class='ocrx_word' id='word_1_800' title='bbox 2793 5331 2866 5385; x_wconf 92' lang='lat' dir='ltr'>ad</span> <span class='ocrx_word' id='word_1_801' title='bbox 2894 5332 3224 5402; x_wconf 74' lang='lat' dir='ltr'>Smyrnznos</span> <span class='ocrx_word' id='word_1_802' title='bbox 3247 5338 3422 5402; x_wconf 87' lang='lat' dir='ltr'>atque</span> <span class='ocrx_word' id='word_1_803' title='bbox 3436 5335 3648 5390; x_wconf 87' lang='lat' dir='ltr'>Tralle-</span> 
     </span>
    </p>
   </div>
   <div class='ocr_carea' id='block_1_116' title="bbox 2001 5419 3646 5496">
    <p class='ocr_par' dir='ltr' id='par_1_116' title="bbox 2001 5419 3646 5496">
     <span class='ocr_line' id='line_1_116' title="bbox 2001 5419 3646 5496; baseline 0.002 -18"><span class='ocrx_word' id='word_1_804' title='bbox 2001 5423 2120 5478; x_wconf 90' lang='lat' dir='ltr'>sios</span> <span class='ocrx_word' id='word_1_805' title='bbox 2146 5421 2378 5492; x_wconf 87' lang='lat' dir='ltr'>jugulat</span> <span class='ocrx_word' id='word_1_806' title='bbox 2406 5436 2418 5474; x_wconf 87' lang='lat'>:</span> <span class='ocrx_word' id='word_1_807' title='bbox 2451 5419 2700 5473; x_wconf 87' lang='lat' dir='ltr'>alteram</span> <span class='ocrx_word' id='word_1_808' title='bbox 2721 5419 2794 5474; x_wconf 89' lang='lat' dir='ltr'>ab</span> <span class='ocrx_word' id='word_1_809' title='bbox 2817 5420 3038 5475; x_wconf 89' lang='lat' dir='ltr'>Ebione</span> <span class='ocrx_word' id='word_1_810' title='bbox 3062 5423 3384 5494; x_wconf 86' lang='lat' dir='ltr'>profectam</span> <span class='ocrx_word' id='word_1_811' title='bbox 3407 5424 3646 5496; x_wconf 89' lang='lat' dir='ltr'>lateque</span> 
     </span>
    </p>
   </div>
   <div class='ocr_carea' id='block_1_117' title="bbox 2001 5510 3646 5585">
    <p class='ocr_par' dir='ltr' id='par_1_117' title="bbox 2001 5510 3646 5585">
     <span class='ocr_line' id='line_1_117' title="bbox 2001 5510 3646 5585; baseline 0.002 -19"><span class='ocrx_word' id='word_1_812' title='bbox 2001 5529 2104 5583; x_wconf 90' lang='lat' dir='ltr'>per</span> <span class='ocrx_word' id='word_1_813' title='bbox 2134 5512 2432 5566; x_wconf 87' lang='lat' dir='ltr'>Orientem</span> <span class='ocrx_word' id='word_1_814' title='bbox 2466 5525 2732 5580; x_wconf 86' lang='lat' dir='ltr'>sparsam</span> <span class='ocrx_word' id='word_1_815' title='bbox 2764 5510 3013 5581; x_wconf 85' lang='lat' dir='ltr'>epistola</span> <span class='ocrx_word' id='word_1_816' title='bbox 3034 5512 3106 5566; x_wconf 90' lang='lat' dir='ltr'>ad</span> <span class='ocrx_word' id='word_1_817' title='bbox 3131 5513 3546 5585; x_wconf 86' lang='lat' dir='ltr'>Polycarpum,</span> <span class='ocrx_word' id='word_1_818' title='bbox 3572 5514 3646 5570; x_wconf 90' lang='lat' dir='ltr'>ad</span> 
     </span>
    </p>
   </div>
   <div class='ocr_carea' id='block_1_118' title="bbox 2000 5599 3643 5673">
    <p class='ocr_par' dir='ltr' id='par_1_118' title="bbox 2000 5599 3643 5673">
     <span class='ocr_line' id='line_1_118' title="bbox 2000 5599 3643 5673; baseline 0.003 -17"><span class='ocrx_word' id='word_1_819' title='bbox 2000 5602 2306 5672; x_wconf 90' lang='lat' dir='ltr'>Ephesios,</span> <span class='ocrx_word' id='word_1_820' title='bbox 2340 5600 2744 5672; x_wconf 83' lang='lat' dir='ltr'>Magnesianos</span> <span class='ocrx_word' id='word_1_821' title='bbox 2774 5605 2832 5653; x_wconf 79' lang='lat' dir='ltr'>et</span> <span class='ocrx_word' id='word_1_822' title='bbox 2869 5599 3370 5673; x_wconf 90' lang='lat' dir='ltr'>Philadelphenos</span> <span class='ocrx_word' id='word_1_823' title='bbox 3402 5605 3643 5660; x_wconf 89' lang='lat' dir='ltr'>refellit.</span> 
     </span>
    </p>
   </div>
   <div class='ocr_carea' id='block_1_119' title="bbox 1999 5689 3672 5767">
    <p class='ocr_par' dir='ltr' id='par_1_119' title="bbox 1999 5689 3672 5767">
     <span class='ocr_line' id='line_1_119' title="bbox 1999 5689 3672 5767; baseline 0.003 -21"><span class='ocrx_word' id='word_1_824' title='bbox 1999 5693 2221 5746; x_wconf 80' lang='lat' dir='ltr'>Praeter</span> <span class='ocrx_word' id='word_1_825' title='bbox 2250 5691 2356 5746; x_wconf 89' lang='lat' dir='ltr'>has</span> <span class='ocrx_word' id='word_1_826' title='bbox 2387 5689 2532 5746; x_wconf 90' lang='lat' dir='ltr'>duas</span> <span class='ocrx_word' id='word_1_827' title='bbox 2564 5689 2819 5746; x_wconf 79' lang='lat' dir='ltr'>haereses</span> <span class='ocrx_word' id='word_1_828' title='bbox 2850 5689 3074 5747; x_wconf 90' lang='lat' dir='ltr'>nullam</span> <span class='ocrx_word' id='word_1_829' title='bbox 3108 5693 3351 5750; x_wconf 90' lang='lat' dir='ltr'>omnino</span> <span class='ocrx_word' id='word_1_830' title='bbox 3374 5694 3637 5767; x_wconf 86' lang='lat' dir='ltr'>attingit:</span> <span class='ocrx_word' id='word_1_831' title='bbox 3665 5755 3672 5762; x_wconf 60' lang='grc'><strong><em>,</em></strong></span> 
     </span>
    </p>
   </div>
  </div>
