3990 6136
237 361 357 421 275

1306 351 1369 411 S.
1417 345 1820 410 IGNATIUS.
1871 380 1944 391 —
1989 339 2604 410 PROLEGOMENA.

3536 346 3656 409 276

241 493 529 566 quidquid
561 495 620 548 in
653 492 744 547 his
775 489 1041 562 epistolis
1073 488 1143 543 de
1174 484 1514 558 particulari
1539 484 1738 555 aliqua
1767 483 1889 538 hae-
1919 488 1971 554 Α
2005 485 2190 538 virum
2207 485 2596 554 apostolicum
2612 484 2942 538 doctrinam
2957 483 3565 556 evangelicam,quam
3586 483 3657 538 ab

240 585 428 638 retica
459 582 729 637 doctrina
759 580 1046 650 scriptum
1078 583 1185 642 est,
1220 576 1293 630 ad
1345 591 1548 629 earum
1587 590 1768 628 unam
1801 589 1894 626 re-

241 671 382 724 ferri
418 675 474 724 et
515 674 707 740 potest
737 674 795 723 et
833 667 1028 722 debet.
1064 667 1197 719 Haec
1228 665 1408 735 igitur
1430 663 1633 718 omnia
1656 668 1712 716 et
1735 660 1895 727 ﬁdei,

246 764 304 813 et
334 758 639 824 doctrinae,
675 762 730 811 et
763 756 1013 826 tempori
1046 756 1101 810 S.
1154 753 1359 824 Ignatii
1406 753 1629 822 optime
1683 767 1897 805 conve—

243 849 438 902 niunt.
476 849 614 902 Erat
644 852 799 901 certe
832 845 1089 916 lgnatius
1118 844 1273 897 inter
1302 858 1402 896 eos
1450 841 1548 910 qui
1597 840 1893 894 Christum

238 931 584 1008 ἓθεολόγουν,
616 942 681 989 ut
710 933 987 989 catholici
1020 932 1180 986 illius
1211 929 1401 985 atatis
1429 929 1895 985 faciebanLNam

243 1025 344 1095 qui
411 1025 762 1096 religionem
816 1028 1080 1077 nostram
1143 1021 1553 1084 deseruerant,
1603 1018 1896 1072 referente

240 1113 489 1183 Plinio,«
516 1113 1063 1182 afﬁrmabantLhanc
1085 1110 1264 1164 fuisse
1289 1124 1582 1163 summam
1605 1105 1894 1176 velculpaa

239 1219 381 1270 suae,
408 1203 499 1257 vel
531 1203 771 1269 erroris,
807 1201 965 1272 quod
999 1205 1201 1254 essent
1235 1198 1392 1253 soliti
1427 1203 1578 1252 stato
1611 1196 1705 1251 die
1757 1200 1893 1250 ante

235 1292 433 1348 lucem
466 1293 804 1360 convenire,
838 1305 1197 1358 carmenque
1230 1287 1509 1356 Christo;
1525 1286 1693 1356 quasi
1750 1285 1890 1347 Deo,

241 1383 436 1438 dicere
466 1399 668 1437 secum
696 1381 972 1436 invicem.
1009 1401 1036 1428 ››
1070 1380 1142 1434 Ut
1172 1383 1329 1432 recte
1370 1375 1704 1432 observavit
1731 1379 1896 1428 vetus

239 1473 344 1526 ille
379 1477 583 1527 auctor
605 1470 758 1542 apud
790 1469 1107 1524 Eusebium
1142 1467 1180 1522 1.
1215 1484 1265 1532 ν,
1301 1483 1349 1520 c.
1394 1469 1498 1518 28:
1554 1460 1781 1533 Ψαλμοὶ
1839 1457 1896 1514 δὲ

239 1558 357 1614 ὅσοι
390 1559 482 1613 καὶ
513 1556 651 1630 ᾠδαὶ
710 1554 962 1633 ἀδελφῶν
1024 1555 1275 1628 ἁπαρχῆς
1336 1552 1438 1606 ὑπὸ
1498 1554 1701 1605 πιστῶν
1758 1569 1891 1624 γρα-

243 1654 422 1726 φεῖσαι
478 1649 570 1703 τὸν
632 1647 804 1721 Λόγον
854 1650 952 1700 τοῦ
1011 1647 1144 1699 Θεοῦ
1202 1642 1294 1696 τὸν
1350 1641 1582 1716 Χριστὸν
1668 1639 1893 1710 ὑμνοῦσι

241 1743 652 1816 θεολογοῦντες.
689 1765 717 1792 ‹‹
749 1741 969 1796 Psalmi
1029 1745 1085 1795 et
1133 1739 1364 1795 cantica
1412 1739 1683 1803 fratrum,
1735 1753 1892 1806 quaa-

243 1850 478 1904 cunque
510 1833 582 1887 ab
615 1832 784 1886 initio
817 1849 849 1886 a
880 1829 1153 1885 ﬁdelibus
1185 1828 1521 1897 conscripta
1541 1832 1698 1894 sunt,
1725 1826 1893 1880 Chri-

245 1927 405 1978 stum
437 1921 692 1976 Verbum
729 1920 828 1975 Dei
861 1916 1676 1986 concelebrant,divinitatem
1713 1915 1766 1970 ei
1799 1914 1896 1969 tri-

240 2011 499 2068 buendo.
522 2035 544 2064 ι
574 2013 659 2066 Ita
675 2010 918 2081 quidem
939 2010 1200 2082 lgnatius
1223 2008 1575 2079 simpliciter
1595 2006 1893 2061 Christum

241 2103 426 2159 Deum
458 2101 736 2173 appellat,
769 2106 835 2155 ut
855 2100 1038 2170 Epist.
1071 2098 1143 2154 ad
1177 2099 1529 2169 Smyrnaeos:
1554 2094 1768 2166 Δοξάζω
1793 2095 1892 2163 Ἰη-

241 2195 364 2245 σοῦν
399 2189 635 2266 Χριστὸν
667 2189 757 2243 τὸν
786 2187 963 2262 ίΘεόν,
1024 2194 1081 2242 et
1121 2206 1132 2243 :
1185 2183 1600 2257 ’Υποδεξάμενοι
1646 2183 1721 2245 ὡς
1776 2180 1890 2236 δια-

241 2279 434 2340 κόνους
466 2281 697 2354 Χριστοῦ
729 2282 883 2344 Θεοῦ,
918 2279 991 2333 ad
1021 2278 1410 2348 Polycarpum
1437 2292 1449 2329 :
1487 2275 1571 2329 'Ev
1593 2277 1708 2345 Θεῷ
1730 2275 1890 2344 ἡμῶν

243 2369 430 2438 Ἰησοῦ
453 2368 776 2442 Χριστῷ,θ.ᾱ
799 2367 1115 2438 Ephesios:
1148 2365 1208 2420 '0
1229 2364 1328 2437 γὰρ
1353 2364 1483 2424 Θεὸς
1507 2365 1667 2434 ἡμῶν
1683 2362 1891 2430 Ἰησοῦς

247 2458 274 2513 ὁ
307 2459 542 2532 Χριστὸς
575 2458 922 2536 ἐκυοφορῆθη
987 2455 1089 2510 ὑπὸ
1140 2454 1374 2530 Μαρίας,
1425 2455 1497 2510 ad
1554 2457 1888 2509 Romanos:

243 2548 394 2604 Κατὰ
451 2548 633 2602 πίστιν
691 2547 782 2601 καὶ
839 2547 1056 2622 ἀγάπην
1115 2549 1210 2599 τοῦ
1285 2546 1520 2619 Χριστοῦ
1577 2540 1672 2596 τοῦ
1759 2545 1891 2597 Θεοῦ

241 2639 426 2710 ἡμῶν.
458 2641 598 2694 Post
627 2644 824 2694 autem
857 2642 1155 2708 receptam
1187 2637 1248 2690 in
1271 2635 1534 2690 Ecclesia
1559 2633 1890 2688 doctrinam

243 2728 634 2795 Platonicam,
670 2733 793 2783 tum
822 2727 1068 2784 secundi
1101 2732 1225 2781 tum
1246 2725 1404 2780 tertii
1425 2724 1626 2780 saaculi
1651 2723 1894 2794 scripto-

243 2835 340 2873 res
369 2836 488 2874 non
520 2818 680 2873 soliti
708 2824 845 2874 sunt
873 2817 1020 2873 adeo
1053 2816 1404 2887 simpliciter
1453 2815 1750 2869 Christum
1796 2810 1889 2865 τὸν

240 2906 374 2961 Οεὸν
404 2907 624 2977 ubique
656 2906 1000 2978 praedicare,
1035 2912 1099 2960 ut
1128 2906 1254 2959 hmo
1302 2904 1477 2974 plane
1528 2903 1889 2974 Ignatianam

237 3002 473 3052 aatatem
497 2997 751 3068 sapiant.
786 2994 1112 3066 Objiciebat
1145 2992 1463 3062 aliquando
1495 2992 1738 3045 Photius
1760 2989 1890 3045 Cle—

237 3086 424 3140 menti
474 3087 785 3140 Romano:
832 3083 954 3138 Ὃτι
1005 3082 1262 3156 ἀρχιερέα
1317 3079 1408 3134 καὶ
1447 3078 1753 3154 προστάτην
1799 3077 1889 3131 τὸν

239 3173 442 3244 Κύριον
473 3173 634 3242 ἡμῶν
670 3173 881 3240 Ἰησοῦι
939 3171 1176 3244 Χριστὸν
1223 3167 1590 3240 ἐξονομάζων,
1624 3163 1748 3220 οὐδὲ
1795 3166 1889 3227 τὰς

245 3266 563 3334 θεοπρεπεῖς
593 3261 679 3314 καὶ
713 3258 1056 3333 ὑψηλοτέρας
1089 3258 1262 3336 ἀφῆκε
1291 3259 1411 3332 περὶ
1447 3258 1615 3311 αὐτοῦ
1662 3259 1838 3333 φωνάς
1874 3276 1887 3324 ;
1930 3229 1973 3294 C

251 3373 278 3402 ‹‹
311 3351 474 3418 Quod
507 3368 806 3407 summum
837 3353 1203 3408 sacerdotem
1235 3351 1668 3423 prmsidemque
1700 3350 1895 3404 Domi-

252 3460 398 3497 num
431 3448 698 3498 nostrum
730 3445 929 3498 Jesum
955 3443 1256 3498 Christum
1288 3441 1612 3513 appellans,
1645 3455 1717 3494 ne
1762 3439 1897 3494 illas

253 3531 492 3602 quidem
524 3532 643 3586 Deo
699 3533 1117 3586 convenientes
1165 3537 1221 3585 et
1275 3530 1655 3585 sublimiores
1703 3527 1774 3583 de
1829 3545 1897 3582 eo

250 3637 422 3676 voces
442 3621 932 3692 pronuntiaverit.
967 3644 986 3670 ι
1023 3623 1091 3675 Et
1123 3619 1395 3675 secundae
1457 3619 1585 3691 ejus
1634 3617 1894 3689 epistolas

250 3711 451 3766 minus
481 3716 733 3782 receptas
765 3711 876 3766 hoc
907 3709 1336 3765 adminiculum
1369 3708 1632 3772 adhibet,
1666 3705 1824 3778 quod
1845 3704 1895 3758 ἐν

250 3797 400 3873 ἀρχῇ
432 3798 659 3872 Χριστὸν
691 3799 783 3851 τὸν
843 3799 971 3852 Θεὸν
1023 3796 1291 3870 κηρύσσῃ,
1355 3799 1476 3852 «in
1537 3798 1664 3868 ipso
1724 3796 1894 3850 initio

248 3887 547 3942 Christum
581 3890 765 3943 Deum
796 3889 1096 3961 praedicet.
1124 3907 1150 3940 ιι
1187 3888 1385 3942 Prima
1405 3888 1565 3942 enim
1588 3887 1745 3942 illius
1767 3887 1898 3957 Epi-

249 3977 416 4031 stolze
445 3977 620 4033 verba
651 3985 791 4033 sunt
820 3996 832 4032 :
867 3973 1148 4054 Ἀδελφοὶ,
1184 3975 1356 4037 οὕτως
1390 3972 1471 4028 δεῖ
1499 3977 1646 4046 ἡμᾶς
1677 3978 1891 4046 φρονεῖν

248 4067 372 4140 περὶ
407 4067 586 4136 Ἰησοῦ
614 4071 873 4143 Χριστοῦ,
935 4068 1007 4129 ὡς
1065 4066 1188 4140 περὶ
1247 4069 1402 4135 Θεοῦ,
1455 4067 1762 4132 «Fratres,
1813 4067 1895 4121 ita

250 4163 481 4228 oportet
512 4176 620 4214 nos
653 4159 725 4213 de
755 4159 985 4214 Christo
1010 4157 1252 4226 sentire,
1285 4161 1353 4212 ut
1373 4155 1444 4210 de
1469 4157 1656 4210 Deo.»
1680 4155 1894 4209 Primis

246 4247 448 4318 itaque
486 4248 762 4303 Ecclesiaa
815 4248 1178 4319 temporibus
1225 4247 1378 4301 hanc
1429 4245 1890 4316 appellationem

246 4337 504 4390 maxime
537 4337 986 4392 convenientem
1007 4335 1232 4406 putavit
1252 4336 1508 4405 optimus
1523 4351 1734 4389 censor
1747 4334 1892 4389 Pho-

244 4425 402 4490 tius;
437 4442 507 4480 ea
558 4431 757 4480 autem
815 4427 990 4480 toties
1047 4425 1119 4480 ab
1174 4425 1394 4496 lgnatio
1457 4425 1723 4494 repetita,
1782 4441 1891 4478 nec

245 4530 379 4569 cum
413 4514 554 4569 ullis
584 4515 978 4585 posteriorum
1011 4515 1464 4570 limitationibus
1505 4514 1754 4585 prolata,
1788 4513 1889 4568 sed

2013 573 2301 644 apostolis
2328 590 2564 644 quoquo
2578 573 2753 628 modo
2778 578 3104 644 acceperat,
3121 573 3390 643 epistolis
3413 573 3536 627 suis
3566 590 3659 629 re-

2009 662 2790 732 przesentasse,etEcclesias
2808 668 2870 716 ut
2885 662 2972 715 illi
2986 661 3657 731 adhmrerentﬁmpense

2009 766 2278 822 rogasse:
2299 752 2558 822 seipsum
2580 751 2738 806 enim
2757 751 2898 806 satis
2911 750 3168 822 explicat
3183 749 3493 815 Eusebius,
3516 750 3657 805 dum

2011 840 2325 910 profitetur
2352 857 2412 895 se
2444 857 2542 894 eos
2575 840 2985 895 tantummodo
3029 845 3660 910 commemoraturum,

2012 930 2074 984 in
2106 946 2358 1000 quorum
2393 930 2799 984 monumentis
2856 927 3258 996 Ἀποστολικῆς
3309 924 3658 988 διδασκαλίας

2011 1014 2308 1090 παράδοσις
2339 1017 2578 1090 φέρεται,
2635 1040 2663 1067 ‹‹
2705 1025 2792 1086 ut,
2846 1018 3005 1073 verbi
3072 1018 3279 1090 gratia,
3337 1019 3546 1090 lgnatii
3608 1024 3666 1074 et

2009 1107 2325 1163 Clementis
2352 1127 2366 1174 ;
2402 1132 2422 1159 ι
2464 1125 2709 1179 prorsus
2740 1108 2825 1162 uti
2859 1107 3123 1178 loquitur
3156 1107 3415 1162 Irenaaus
3439 1107 3510 1163 de
3533 1108 3664 1163 Cle-

2011 1197 2227 1251 mentis
2259 1197 2532 1267 epistola,
2565 1213 2740 1266 quam
2776 1197 2940 1252 misit
2968 1196 3225 1252 Ecclesia
3277 1199 3543 1252 Romana
3586 1198 3658 1253 ad

2009 1286 2365 1352 Corinthios,
2426 1282 2718 1338 ἄνανεοῦσα
2773 1284 2875 1351 τὴν
2930 1283 3110 1338 πίστιν
3170 1281 3370 1350 αὐτῶν,
3441 1284 3532 1338 καὶ
3588 1285 3656 1353 ἤν

2006 1373 2202 1428 νεωστὶ
2232 1371 2337 1426 ἀπὸ
2367 1376 2473 1427 τῶν
2504 1371 2824 1427 ἀποστόλων
2877 1369 3172 1446 παράδοσιν
3225 1371 3463 1450 εἰλήφει,
3501 1397 3528 1424 ι(
3559 1393 3652 1430 re-

2007 1479 2224 1534 parans
2256 1461 2431 1517 ﬁdem
2457 1479 2685 1528 eorum,
2712 1469 2771 1518 et
2791 1479 2968 1533 quam
2989 1464 3051 1517 in
3072 1463 3298 1518 recenti
3321 1462 3392 1518 ab
3417 1469 3656 1534 aposto-

2005 1553 2077 1607 lis
2100 1559 2448 1625 receperant
2478 1553 2876 1609 traditionem.
2915 1576 2942 1602 »
2995 1555 3066 1609 Ut
3113 1553 3291 1625 igitur
3336 1553 3657 1609 Clementis

2008 1642 2258 1713 epistola
2290 1643 2762 1714 promptuarium
2797 1659 2918 1698 non
2961 1649 3051 1697 est
3097 1642 3485 1698 traditionum
3539 1659 3659 1697 non

2007 1732 2385 1803 scriptarum,
2424 1733 2505 1788 ita
2536 1748 2646 1787 nec
2674 1733 2902 1802 lgnatii.
2938 1731 3137 1787 Nullas
3171 1732 3271 1788 ille
3311 1733 3660 1788 traditiones

2007 1837 2126 1876 non
2161 1821 2432 1893 scriptas,
2467 1838 2614 1892 quas
2646 1821 2762 1875 sive
2795 1837 2948 1886 vere,
2983 1821 3100 1875 sive
3133 1821 3281 1876 falso
3304 1821 3660 1892 apostolicas

2009 1916 2245 1976 uocant,
2280 1910 2451 1965 nobis
2483 1911 2543 1964 in
2575 1910 2850 1983 genuinis
2893 1910 3156 1980 epistolis
3201 1910 3656 1966 commendavit.

2008 1999 2164 2053 Nihil
2195 1999 2266 2053 de
2300 1999 2482 2067 festis,
2517 1999 2670 2053 nihil
2701 1999 2773 2053 de
2806 2000 2972 2054 statis
3025 1999 3396 2071 jejuniorum
3440 2005 3663 2070 tempo-

2007 2088 2192 2156 ribus,
2228 2088 2378 2142 nihil
2410 2088 2482 2142 de
2509 2104 2673 2142 more
2705 2088 3010 2142 Paschatis
3035 2087 3398 2155 celebrandi,
3419 2087 3566 2141 nihil
3588 2087 3661 2142 de

2007 2179 2386 2231 Pentecostes
2409 2181 2511 2232 aut
2534 2176 2769 2232 Sabbati
2797 2176 3387 2242 observatione,nihil
3405 2176 3663 2247 denique

2007 2266 2079 2321 de
2113 2282 2467 2336 quocunque
2497 2266 2642 2331 ritu,
2676 2265 2848 2336 cujus
2877 2266 3201 2336 antiquitas
3241 2267 3301 2320 in
3333 2272 3666 2322 controver-

2008 2355 2156 2411 siam
2189 2356 2388 2410 venire
2419 2361 2636 2426 potest,
2665 2356 2866 2410 tradit.
2901 2356 3062 2410 Talia
3093 2355 3328 2426 quidem
3349 2355 3658 2426 quamplu-

2005 2445 2159 2500 rima
2188 2449 2314 2500 tum
2346 2446 2407 2499 in
2438 2445 3026 2516 interpolationibus,
3061 2450 3185 2500 tum
3213 2446 3275 2500 in
3326 2445 3477 2500 ﬁctis
3532 2447 3653 2516 epi-

2005 2535 2174 2590 stolis
2205 2535 2585 2606 reperiuntur
2614 2551 2840 2605 :neque
2869 2536 3181 2605 quisquam
3198 2535 3334 2604 jure
3359 2533 3655 2589 afﬁrmare

2002 2630 2197 2695 potest
2226 2630 2328 2680 aut
2360 2624 2624 2691 credere,
2687 2624 3072 2694 impostorem
3123 2624 3279 2678 tertii
3332 2623 3530 2679 saeculi
3582 2623 3655 2678 ab

2004 2714 2284 2769 omnibus
2339 2712 2679 2784 hujusmodi
2737 2712 2947 2767 ritibus
2987 2730 3095 2769 sua
3141 2719 3312 2767 aetate
3356 2714 3658 2784 usurpatis

2002 2802 2300 2857 abstinere
2325 2802 2602 2856 voluisse.
2639 2801 2793 2855 Nulli
2825 2801 3002 2872 igitur
3032 2817 3151 2856 aavo
3184 2801 3296 2855 nisi
3349 2800 3652 2873 lgnatiano

2002 2891 2126 2946 haec
2158 2891 2471 2946 convenire
2501 2891 2832 2945 videantur.

2073 2998 2290 3061 Quarto
2323 2997 2745 3052 charismatum
2779 2997 3052 3051 meminit
3095 3002 3234 3052 tunc
3273 2997 3334 3051 in
3391 2997 3652 3053 Ecclesia

2001 3086 2255 3140 maxime
2287 3086 2658 3155 florentium,
2684 3093 2739 3140 et
2767 3086 3021 3157 Spiritus
3053 3087 3240 3141 sancti
3283 3087 3355 3140 ad
3404 3103 3465 3140 se
3511 3103 3655 3142 non-

2000 3190 2306 3244 nunquam
2339 3175 2663 3245 loquentis,
2698 3175 2855 3246 quod
2887 3177 3247 3246 posteriores
3287 3176 3481 3230 facere
3532 3192 3653 3230 non

2004 3264 2218 3318 solent.
2248 3263 2603 3320 Parcissime
2634 3265 2823 3320 utitur
2853 3265 3210 3320 testimoniis
3233 3265 3288 3321 S.
3314 3265 3652 3336 Scriptura).

2005 3352 2283 3408 Paulinas
2315 3354 2553 3425 quidem
2589 3355 2867 3426 epistolas
2901 3355 3122 3426 ubique
3183 3355 3470 3423 imitatur,
3522 3372 3654 3426 quae

2005 3457 2038 3495 a
2068 3442 2363 3513 principio
2407 3445 2470 3497 in
2501 3443 2765 3498 ecclesiis
2813 3443 3090 3498 omnibus
3146 3443 3312 3498 fuere
3370 3444 3655 3515 receptis-

2005 3531 2170 3586 sima)
2206 3549 2220 3597 ;
2251 3533 2566 3605 Evangelia
2602 3533 2838 3604 parcius
2893 3533 3052 3597 citat,
3095 3550 3224 3604 qua:
3277 3534 3466 3588 serius
3511 3533 3658 3587 reci-

2003 3619 2313 3690 piebantar
2343 3627 2401 3676 et
2438 3639 2472 3676 a
2519 3623 2734 3694 spuriis
2793 3622 3347 3694 distinguebantur;
3403 3638 3652 3692 quaeque

2007 3709 2251 3764 secundi
2312 3710 2512 3765 saeculi
2566 3712 2690 3782 jam
2749 3711 2934 3766 adulti
2981 3717 3039 3765 et
3092 3711 3250 3765 tertii
3331 3712 3650 3781 scriptores

2002 3797 2485 3868 freq'uentissime
2514 3801 2899 3872 usurpabant.
2933 3801 3129 3871 Ipsum
3181 3801 3520 3871 scriptionis
3549 3815 3649 3871 ge-

2005 3903 2118 3941 nus
2141 3905 2258 3942 non
2282 3889 2594 3944 minimum
2619 3895 2706 3945 est
2730 3889 2996 3962 ejusdem
3019 3891 3122 3944 aevi
3156 3890 3462 3944 indicium.
3489 3889 3650 3944 Nihil

2003 3976 2065 4029 in
2098 3977 2189 4031 his
2231 3978 2496 4049 epistolis
2553 3985 2922 4048 extraneum,
2989 3979 3140 4033 nihil
3189 3996 3258 4034 ex
3319 3978 3655 4034 eruditione

2003 4068 2312 4140 gentilium
2344 4070 2676 4140 profectum
2704 4088 2715 4136 ;
2741 4072 2941 4126 omnia
2964 4071 3294 4126 doctrinam
3320 4087 3466 4143 pure
3489 4087 3658 4125 evan-

2003 4159 2268 4232 gelicam,
2303 4165 2360 4214 et
2390 4161 2830 4232 simplicitatem
2862 4163 2972 4217 viri
3004 4162 3316 4234 apostolici
3359 4161 3650 4216 redolent.

2002 4249 2112 4313 Qui
2143 4256 2350 4320 postea
2367 4251 2989 4321 scripsere,doctorum
3015 4251 3167 4322 apud
3195 4255 3397 4322 gentes
3419 4255 3655 4305 senten-

2002 4338 2113 4393 tias
2161 4355 2467 4410 usurpare,
2517 4339 2570 4394 el
2599 4358 2802 4395 eorum
2853 4357 3283 4410 nonnunquam
3317 4340 3494 4395 etiam
3549 4339 3654 4395 do-

2001 4433 2197 4497 gmata
2224 4428 2571 4483 Christianaa
2597 4430 2866 4502 religioni
2893 4431 3228 4486 immiscere
3253 4429 3520 4485 solebant
3553 4447 3564 4483 :
3593 4429 3653 4484 id

2001 4521 2198 4571 autem
2231 4533 2299 4570 ex
2332 4533 2401 4572 ea
2425 4533 2624 4572 rerum
2658 4519 2925 4585 scientia,
2957 4535 3096 4589 qua,
3127 4524 3446 4589 antequam
3479 4519 3644 4573 Chri-

243 4604 402 4657 nude
437 4608 495 4656 et
525 4603 876 4674 simpliciter
925 4606 1145 4677 ubique
1205 4607 1522 4677 praedicata
1571 4605 1887 4660 maximam
1922 4587 1968 4647 D
1999 4605 2173 4658 stiani
2215 4605 2445 4673 ﬁerent,
2498 4607 2732 4676 praediti
2791 4587 3048 4677 fuerant,
3108 4587 3532 4679 praestiterunt,
3583 4612 3651 4661 ut

243 4691 598 4748 venerandae
627 4692 788 4748 illius
819 4695 1189 4765 antiquitatis
1221 4701 1280 4750 et
1309 4695 1703 4766 simplicitatis
1762 4710 1888 4765 spe-

242 4783 395 4838 ciem
427 4782 684 4838 exhibet.

315 4873 510 4927 Tertio
541 4874 828 4930 Eusebius
855 4875 1065 4945 Ignatii
1093 4875 1374 4946 epistolas
1392 4880 1556 4929 tanta
1585 4891 1718 4928 cum
1752 4872 1885 4926 dili-

244 4963 443 5034 gentia
476 4963 808 5034 descripsit,
843 4964 1000 5034 quod
1031 4965 1138 5036 ipsi
1172 4965 1309 5018 visae
1355 4965 1473 5017 sint
1510 4962 1885 5016 traditionem

243 5053 626 5123 apostolicam
659 5071 1027 5122 conservare,
1060 5053 1417 5126 προύτρεπεν,
1461 5053 1673 5123 inquit,
1729 5048 1888 5124 ἀπρὶξ

244 5134 462 5212 ἔχεσθαι
496 5143 594 5205 τῆς
625 5146 733 5195 τῶν
768 5141 1087 5196 ἀποστόλων
1122 5138 1491 5213 παραδόσεως.
1526 5143 1643 5196 Hoc
1690 5146 1887 5195 autem

242 5225 694 5298 intelligendum
728 5245 1062 5297 monemus,
1087 5235 1151 5282 ut
1174 5229 1280 5298 ipsi
1310 5234 1532 5282 veteres
1555 5228 1885 5292 voluerunt,

240 5330 361 5369 non
389 5318 674 5387 utnuperi
703 5319 1020 5388 scriptores
1043 5319 1385 5388 intelligunt
1407 5317 1603 5386 ;quasi
1629 5316 1886 5387 lgnatius

241 5403 477 5473 scriptis
510 5407 790 5461 mandare
823 5408 881 5462 in
915 5408 1114 5461 animo
1147 5407 1420 5460 habuerit
1442 5406 1788 5460 traditiones
1814 5403 1886 5458 ab

243 5493 526 5562 apostolis
558 5502 850 5566 acceptas,
885 5513 1032 5566 quas
1065 5496 1148 5550 illi
1183 5497 1401 5566 scripta
1425 5496 1667 5550 minime
1692 5494 1887 5549 consi-

242 5587 558 5653 gnassent;
583 5585 738 5652 quod
762 5585 1121 5640 cardinalem
1153 5584 1719 5652 Baronium,etalius
1741 5584 1887 5639 adeo

244 5671 474 5732 fefellit.
507 5672 667 5727 Nihil
688 5675 850 5729 aliud
872 5674 1053 5730 voluit
1072 5676 1569 5745 Eusebius,quam
1594 5675 1884 5744 lgnatium

1995 4693 2394 4750 Tertullianus
2424 4695 2718 4751 observat.
2751 4698 3014 4769 lgnatius
3044 4697 3146 4753 diu
3173 4697 3298 4767 jam
3331 4697 3646 4768 episcopus

1993 4783 2207 4848 fuerat,
2241 4788 2300 4838 et
2355 4784 2748 4841 Christianam
2808 4786 3157 4858 religionem
3211 4792 3334 4842 tum
3380 4785 3641 4857 primum

1998 4878 2358 4943 susceperat,
2391 4890 2525 4927 cum
2559 4875 2834 4944 perpauci
2869 4892 2934 4929 ex
2968 4876 3242 4946 gentibus
3288 4875 3444 4929 docti
3475 4875 3650 4929 Chri—

1998 4959 2173 5015 stiani
2206 4961 2340 5015 facti
2374 4967 2545 5031 sunt;
2579 4963 2640 5016 in
2673 4979 2740 5016 eo
2761 4964 2940 5034 igitur
2969 4965 3364 5035 perspicimus
3386 4963 3652 5017 animam

1995 5065 2142 5120 pure
2173 5050 2590 5113 Christianam,
2642 5074 2662 5100 ε
2700 5068 2819 5106 non
2871 5053 3092 5107 scholis
3142 5053 3478 5121 formatam,
3529 5069 3653 5106 non

1996 5137 2368 5194 bibliothecis
2383 5139 2762 5196 exercitatam
2781 5159 2898 5196 non
2915 5142 3236 5197 academiis
3253 5140 3652 5213 etporticibus

1995 5228 2202 5281 Atticis
2234 5233 2483 5297 pastam.
2521 5251 2548 5279 ››
2582 5231 2639 5284 Si
2671 5237 2905 5301 gentem
2949 5237 3007 5285 et
3049 5230 3363 5285 ecclesiam
3414 5234 3651 5301 spectes

1997 5316 2088 5371 cui
2118 5317 2371 5387 praefuit,
2405 5318 2527 5372 viro
2579 5320 2734 5390 apud
2790 5321 2962 5390 Syros
3014 5325 3104 5374 tot
3150 5336 3338 5374 annos
3396 5324 3656 5382 morato,

1997 5406 2044 5461 si
2076 5423 2196 5461 non
2227 5412 2284 5459 et
2323 5406 2478 5477 apud
2510 5408 2747 5463 eosdem
2781 5415 2922 5463 nato
2956 5407 3348 5478 educatoque,
3391 5407 3655 5461 maxime

1998 5497 2271 5552 convenit
2300 5496 2558 5568 plurium
2588 5499 2984 5569 epithetorum
3013 5497 3336 5568 congestio,
3357 5503 3422 5552 ut
3448 5496 3658 5552 etlon-

1994 5587 2371 5658 gissimarum
2405 5587 2460 5640 S.
2491 5587 2656 5641 Pauli
2688 5587 3103 5658 prmfationum
3129 5586 3404 5641 imitatio.
3438 5587 3654 5657 Marty-

1992 5691 2118 5731 rem
2149 5674 2222 5730 ab
2265 5675 2393 5745 ipso
2443 5676 2797 5746 imperatore
2848 5676 3113 5732 Romano
3154 5673 3643 5749 condemnatum,
