3990 6136
295 339 409 398 2'11
1029 337 1086 397 J.
1136 337 1553 400 PEARSONII
1597 340 1970 402 VINDIOUE
2014 344 2496 412 IGNATIANE.
2541 383 2620 398 —
2661 357 2872 419 PARS
2917 357 2995 418 ll.
3603 368 3723 429 278

293 489 329 529 a
355 471 682 542 metmpoli
715 471 898 542 Syrias
927 471 1239 527 Antiochia
1259 472 1334 528 ad
1360 474 1519 528 orbis
1551 474 1855 530 dominam
1886 477 1948 531 in
1979 482 2038 546 Α
2068 479 2170 535 xit.
2206 483 2486 556 Origenes
2516 488 2693 560 igitur
2718 491 2934 547 Plotini
2962 494 3404 567 condiscipulus
3426 499 3719 558 Adaman-

290 561 547 617 vinculis
580 561 1079 629 circumductum,
1110 561 1330 617 factum
1363 563 1586 635 angelis
1609 569 1667 618 et
1697 566 1953 620 homini-
2067 569 2182 624 tius
2212 580 2416 629 noster
2446 594 2575 633 esse
2609 597 2728 634 non
2752 583 2960 652 potuit.
2989 561 3371 642 Susarionem
3404 595 3460 643 et
3491 591 3716 664 Sanny-

291 651 399 706 bus
432 651 872 722 spectaculum,
931 651 1185 705 maxime
1243 651 1575 707 decuerunt
1623 655 1800 710 ardor
1831 655 1950 723 ille,
2062 659 2288 716 rionem
2325 667 2598 722 eumdem
2632 651 2868 740 poetam
2891 671 3073 727 fuisse
3096 675 3301 730 volunt
3331 680 3626 749 nonnulli,
3655 651 3718 736 et

291 748 468 813 atque
492 741 865 796 desiderium
883 759 987 812 pro
1005 741 1336 797 Christiana
1354 744 1639 815 religione
1663 746 1947 816 patiendi,
2060 750 2355 820 praecipue
2389 754 2674 812 Seldenus
2706 760 2781 814 ad
2812 762 3102 816 Marmora
3134 741 3712 841 Arundellianaﬁgo

289 849 611 903 morasque
644 847 857 887 omnes
880 837 1056 902 atque
1079 831 1386 888 obstacula
1409 835 1748 889 removendi
1783 836 1948 890 fortis
2060 843 2256 892 autem
2292 846 2354 894 ut
2386 844 2624 899 credam
2656 848 2922 903 animum
2972 851 3253 908 inducere
3286 871 3405 910 non
3445 831 3710 927 possum,

288 928 345 976 et
379 927 665 977 constans
698 921 914 992 cupido
941 941 956 986 ;
989 937 1119 992 quae
1147 938 1278 976 cum
1313 922 1374 976 in
1405 923 1562 993 aliis,
1593 930 1720 978 tum
1753 925 1812 978 in
1845 925 1949 980 illa
2057 941 2190 981 cum
2223 931 2372 999 ratio
2406 938 2738 1005 temporum
2775 945 3078 1010 repugnet.
3114 941 3260 997 Nam
3317 921 3551 1001 Susario
3585 921 3712 1003 lca;

283 1011 622 1082 praesertim
655 1010 732 1065 ad
761 1012 1058 1065 Romanos
1088 1011 1338 1081 epistola
1367 1012 1560 1066 verbis
1591 1013 1688 1084 pio
1718 1013 1946 1068 fervore
2056 1014 2269 1072 riensis
2300 1020 2529 1088 primus
2561 1026 2861 1081 commdize
2894 1027 3166 1084 inventor
3207 1033 3364 1102 apud
3396 1035 3713 1091 Athenien-

281 1101 655 1172 plenissimis
688 1102 997 1172 expressit.
2055 1118 2149 1157 ses
2178 1103 2308 1170 fuit,
2341 1111 2591 1166 testibus
2624 1113 2925 1170 Clemente
2966 1101 3391 1188 Alexandrino,
3426 1124 3707 1179 Diomede

352 1192 822 1248 Concedendum
855 1191 1095 1261 quidem
1128 1197 1217 1246 est
1246 1192 1396 1246 nihil
1427 1194 1647 1248 certius
1677 1199 1779 1248 aut
1807 1193 1944 1249 soli-
2053 1193 2428 1264 scholastico,
2463 1205 2520 1254 et
2550 1204 2725 1257 veteri
2779 1210 3018 1261 auctore
3054 1207 3115 1260 in
3147 1211 3451 1279 prooemiis
3483 1214 3704 1268 Aristo-

282 1281 412 1336 dius
443 1281 738 1352 scriptum
770 1281 1033 1351 aliquod,
1084 1286 1186 1336 aut
1237 1283 1643 1337 narrationem
1675 1285 1938 1353 spuriam
2050 1281 2230 1370 phani
2265 1287 2542 1354 praeﬁxis.
2579 1291 2730 1344 Ante
2762 1299 2961 1348 autem
2999 1296 3288 1352 Pisistrati
3321 1302 3702 1370 tyrannidem

277 1370 548 1440 probare,
585 1386 769 1440 quam
819 1369 997 1423 fidem
1028 1375 1364 1440 temporum
1410 1371 1707 1426 violatam.
1741 1371 1940 1426 Tradit
2049 1369 2428 1429 Susarionem
2474 1377 2632 1432 hunc
2689 1383 3037 1438 comcediam
3095 1369 3390 1442 invenisse
3450 1407 3521 1444 ex
3569 1392 3698 1462 ipso

278 1459 544 1514 Laertius
569 1462 984 1530 Anaxagoram
1043 1459 1465 1530 philosophum
1517 1461 1640 1514 viso
1690 1461 1934 1515 Mausoli
2046 1477 2344 1518 marmore
2375 1468 2800 1526 Arundelliano
2827 1481 3078 1530 constat.
3114 1480 3180 1531 At
3211 1479 3522 1552 Sannyrio,
3549 1459 3698 1538 teste

275 1550 548 1618 sepulcro
581 1549 739 1604 hanc
772 1548 1132 1602 sententiam
1163 1549 1520 1619 protulisse:
1557 1549 1741 1626 Τάφος
1767 1547 1851 1603 ποῖ

2129 1551 2226 1606 ida
2256 1556 2318 1610 V.
2348 1561 2609 1625 Διοκλῆς,
2671 1566 2797 1615 tum
2858 1564 3041 1618 Diocli
3093 1571 3216 1622 tum
3250 1547 3526 1640 Phil'yllio
3560 1590 3698 1643 syn-

270 1633 434 1704 τελής
469 1634 852 1709 λελιθωμένης
895 1634 1038 1690 ἐστὶν
1071 1635 1258 1697 οὐσίας
1291 1634 1545 1693 εἶ’δωλον.
1571 1641 1697 1692 Non
1730 1656 1846 1693 cre(

2119 1658 2303 1698 ronus
2332 1643 2479 1699 fuit:
2514 1653 2573 1702 et
2602 1665 2806 1705 revera
2859 1652 3002 1706 vixit
3055 1660 3227 1710 aetate
3259 1633 3693 1731 Aristophanis.

269 1727 651 1798 Anaxagoras
683 1727 845 1781 enim
871 1727 972 1781 ille
996 1726 1216 1797 olymp.
1241 1743 1491 1781 LXXXVIII
1519 1732 1788 1781 mortuus
1812 1732 1926 1792 est;
2040 1731 2207 1787 Certe
2257 1741 2390 1804 post
2447 1739 2665 1794 editam
2724 1743 3021 1813 Euripidis
3081 1749 3425 1818 tragoediam
3458 1726 3694 1808 Orestem

267 1815 518 1869 Mausoli
552 1820 751 1871 autem
805 1816 1145 1887 sepulcrum
1196 1820 1332 1870 ante
1382 1813 1597 1886 olymp.
1649 1832 1758 1870 cvu
1788 1833 1926 1870 con-
1959 1845 2006 1911 Β
2040 1821 2315 1892 scripsit:
2351 1831 2584 1882 exstant
2616 1831 2775 1884 enim
2801 1832 2926 1902 ejus
2952 1849 3156 1889 versus
3177 1813 3259 1890 'ex
3290 1837 3478 1908 ipsius
3512 1841 3693 1896 Danae

264 1903 458 1958 ditum
493 1921 617 1959 non
658 1910 766 1960 est.
803 1908 918 1960 Aut
948 1905 1127 1977 igitur
1170 1905 1297 1960 haec
1328 1904 1505 1959 verba
1535 1905 1925 1999 philosophus
1959 1903 2002 1911 ”
2036 1913 2160 1999 tum
2186 1912 2340 1982 apud
2363 1914 2681 1988 Euripidis,
2705 1925 2829 1974 tum
2852 1922 3265 1994 Aristophanis
3296 1903 3688 1999 Scholiasten,

261 1992 364 2046 ille
397 2009 713 2064 nunquam
745 1993 1025 2056 dixit,aut
1053 1993 1173 2048 alia
1202 1999 1360 2048 certe
1396 1994 1704 2048 occasione
1738 1994 1921 2060 dixit;
2031 1998 2248 2068 quibus
2280 2005 2538 2075 exagitat
2576 2009 2997 2080 Hegelochum,
3031 1992 3330 2084 Euripidis
3363 1992 3686 2090 onoxpctﬁv,

258 2083 633 2137 Mausoleum
663 2084 825 2137 enim
883 2099 1192 2153 nunquam
1250 2082 1430 2137 vidit:
1489 2083 1646 2153 quod
1685 2082 1756 2138 ab
1788 2082 1924 2138 illu-
2029 2087 2129 2156 qui
2161 2090 2426 2147 Orestem
2458 2111 2638 2165 agens
2666 2099 3022 2155 versiculum
3055 2082 3248 2159 illum.

258 2172 621 2226 stratoribus
650 2173 864 2226 Laertii
917 2172 1204 2240 nondum,
1256 2173 1489 2243 opinor,
1546 2172 1920 2228 observatum
2239 2234 2328 2262 mu
2362 2239 2557 2262 ..ΜΔ-Δ
2816 2238 2876 2262 ν-
3019 2243 3046 2262 Τ
3173 2243 3192 2262 κ
3234 2246 3246 2262 ι
3285 2246 3297 2262 ,
3338 2247 3352 2262 ⁷
3400 2251 3428 2261 η

259 2267 367 2315 est.
403 2261 494 2315 Ita
525 2260 766 2331 quidem
798 2239 1250 2316 Stesimbrotum
1295 2239 1540 2331 sugillat
1568 2260 1835 2316 Plutarch

1884 2278 1920 2315 .3
2239 2239 2332 2289 Ἐκ
2362 2239 2616 2308 κυμάτων
2647 2240 2750 2314 γὰρ
2783 2239 2934 2304 αὖθις
2984 2243 3048 2296 αὗ
3099 2243 3297 2320 γαλήν’
3329 2247 3460 2320 ὁρῶ,

254 2351 316 2404 in
349 2351 484 2449 Vita
514 2351 946 2449 Themistoclis,
976 2351 1134 2449 quod
1182 2368 1315 2449 etim
1350 2350 1660 2449 tradiderit
1686 2354 1918 2449 Αξιευιξιο
2024 2365 2180 2421 male
2210 2373 2714 2439 pronuntiaverat.
2749 2373 2954 2430 Plures
2984 2376 3163 2448 igitur
3194 2395 3375 2449 quam
3407 2381 3508 2435 140
3535 2383 3679 2437 anni

253 2457 412 2512 gora;
445 2440 808 2512 discipulum
839 2442 1040 2509 fuisse,
1073 2439 1173 2493 οὐκ
1212 2440 1269 2492 εὗ
1325 2443 1434 2494 τῶν
1491 2441 1708 2517 χρόνων
1738 2441 1829 2494 ἁπσι

2099 2460 2179 2510 ter
2209 2457 2610 2526 Susarionem,
2642 2463 2901 2532 primum
2957 2467 3258 2522 commdiaa
3291 2469 3447 2540 apud
3500 2471 3675 2525 Athe-

258 2549 444 2600 μενος.
479 2532 568 2585 Ita
614 2529 684 2584 de
743 2535 934 2585 morte
987 2529 1292 2601 Eupolidis
1323 2530 1741 2586 historicorum
1773 2548 1834 2586 co

2097 2561 2258 2599 enses
2285 2547 2677 2617 inventorem,
2729 2557 2787 2606 et
2836 2553 3292 2626 Sannyrionem,
3327 2559 3540 2614 veteris
3573 2577 3673 2615 co-

256 2639 505 2677 sensum
538 2622 844 2694 diligentia
871 2623 1278 2677 Eratosthenis
1300 2622 1622 2678 refutatum
1647 2641 1775 2678 esse
1807 2623 1913 2678 ob-
2017 2633 2248 2688 mmdim
2280 2637 2651 2707 scriptorem,
2685 2622 3173 2699 intercesserunt,
3224 2622 3460 2702 sﬁsario
3494 2649 3674 2719 igitur

255 2718 450 2766 servat
478 2711 682 2767 Cicero
717 2713 790 2767 ad
836 2713 1116 2803 Atticum,
1153 2711 1258 2766 lib.
1292 2727 1365 2780 τι,
1391 2713 1571 2803 epist.
1608 2713 1631 2766 1
1662 2728 1738 2803 :g«
1773 2714 1911 2803 Quis
2016 2728 2074 2776 et
2105 2723 2395 2795 Sannyrio
2429 2726 2585 2781 idem
2617 2735 2792 2798 poeta
2823 2747 2950 2786 esse
2983 2748 3102 2786 non
3134 2734 3348 2803 potuit.
3383 2738 3452 2789 Et
3482 2711 3668 2791 miror

253 2801 414 2855 enim
447 2817 572 2856 non
605 2799 756 2855 dixit
786 2795 1027 2854 Εὔπολιν
1083 2799 1176 2853 τὸν
1234 2801 1333 2863 τῆς
1379 2798 1617 2872 ἀρχαίας
1649 2801 1722 2856 ab
1755 2801 1821 2855 Al

2093 2828 2280 2867 Lacum
2312 2815 2726 2873 Casaubonum
2776 2820 2856 2873 ita
2914 2821 3106 2892 decipi
3139 2823 3423 2893 potuisse,
3458 2831 3524 2879 ut
3554 2827 3669 2882 ista

249 2889 424 2943 biade
448 2890 764 2960 navigante
787 2890 849 2943 in
872 2889 1134 2944 Siciliam
1162 2888 1460 2959 dejectum
1484 2905 1611 2944 esse
1633 2890 1694 2944 in
1718 2890 1910 2944 mare?
2013 2901 2300 2956 scriberet
2321 2902 2396 2958 ad
2415 2906 2680 2961 Athenaei
2705 2907 2805 2962 lib,
2833 2927 2928 2976 νη,
2954 2888 3081 2980 ρης,
3105 2888 3176 2965 9’;
3221 2935 3248 2963 ι,
3272 2913 3396 2968 Νοη
3413 2888 3667 2970 memini

251 2978 573 3050 Redarguit
603 2979 1045 3046 Eratosthenes,
1076 2979 1248 3033 affert
1276 2979 1436 3033 enim
1468 2995 1615 3049 quas
1646 2979 1745 3074 ille
1775 2985 1909 3074 p_09t
2012 2987 2239 3044 laudari
2273 2991 2412 3046 alibi
2463 2994 2521 3048 in
2581 2996 2672 3050 his
2730 2997 2896 3052 libris
2927 2978 3392 3057 vetustissimum
3425 3009 3663 3074 poetam

249 3067 306 3122 id
335 3074 573 3138 tempus
625 3068 858 3124 fabulas
917 3067 1204 3123 docuerit.
1241 3090 1269 3116 »
1321 3069 1530 3124 Narrat
1569 3069 1904 3124 Holstenius
2010 3079 2443 3152 Sannyrionem
2503 3085 2616 3140 nisi
2674 3087 2770 3143 hic
2827 3089 2929 3143 ubi
2989 3091 3304 3148 scribitur;
3359 3067 3664 3166 Σοξννυρίων

245 3157 667 3227 Porphyrium,
703 3173 838 3211 eum
887 3157 1080 3227 prima
1135 3157 1468 3212 litterarum
1501 3173 1568 3211 ac
1599 3157 1821 3228 sapient

2087 3167 2138 3221 ἐν
2167 3167 2372 3224 Γέλωτι
2415 3173 2478 3225 ’Θ
2510 3171 2750 3246 βατίδες,
2798 3176 2844 3228 ὦ
2891 3176 3144 3252 γλαύκων
3194 3180 3352 3254 κάρα.
3385 3157 3657 3255 Antiqua

362 3219 382 3226 _
450 3219 468 3227 _
655 3219 664 3226 1
889 3219 906 3227 _
1665 3219 1685 3228 ,
2020 3219 2029 3220 ,
2092 3219 2127 3221 -.
2167 3219 2371 3224 ---τη
2444 3219 2469 3225 -
2510 3219 2750 3246 ,_..--,,
2799 3219 2842 3228 νυ
2930 3219 3142 3233 mw..."
3197 3219 3262 3233 ,η
3301 3219 3352 3236 υ..
3385 3219 3656 3239 ua)

243 3244 636 3300 fundamenta
665 3246 1049 3317 percepisset,
1072 3262 1323 3316 puerum
1344 3245 1530 3301 ferme
1551 3245 1746 3300 adhuc
1771 3246 1896 3299 Ori-
1933 3219 1974 3285 (ἶ
2005 3260 2307 3314 σοιῃωάίω
2357 3267 2530 3332 poeta
2587 3263 2682 3319 hic
2737 3266 2851 3320 fuit
2905 3219 3379 3339 lamiquissinfus,
3413 3272 3484 3327 de
3517 3219 3656 3344 (ἐκ),

242 3335 408 3405 genis
428 3334 591 3389 fama
607 3335 863 3390 excitum
884 3335 1300 3390 Alexandriam
1317 3335 1391 3389 ad
1413 3335 1745 3430 doctrinam
1757 3337 1898 3430 .ejus
1997 3353 2056 3401 et,
2086 3348 2198 3402 ista
2221 3349 2349 3419 ejus
2372 3353 2680 3419 comoedia,
2706 3353 2920 3425 legitur
2943 3358 3001 3410 in
3035 3334 3446 3430 Aristophaﬁis
3479 3334 3656 3417 δέξιοζ

242 3423 688 3494 percipiendam
739 3424 1070 3495 profectum
1099 3424 1303 3479 fuisse.
1333 3425 1461 3478 Non
1511 3424 1686 3479 credo
1714 3443 1726 3491 ;
1757 3425 1818 3480 lit

2077 3453 2132 3490 5:
2163 3437 2266 3491 Καὶ
2300 3437 2439 3506 αὐτή
2476 3436 2532 3492 δὲ
2563 3441 2597 3508 ἡ
2631 3423 2841 3496 παλαιὰ
2889 3443 3085 3513 ἑαυτῆς
3135 3423 3398 3520 διαῷἑρει,
3430 3449 3518 3502 καὶ
3550 3450 3653 3526 γὰρ

237 3511 353 3566 hoc
385 3529 453 3565 ex
486 3512 738 3566 Eusebio
773 3518 831 3566 et
879 3513 1188 3568 Vincentio
1248 3513 1552 3568 Lirinense
1583 3514 1813 3586 Porphy

2081 3521 2132 3577 ἐν
2167 3525 2392 3600 Ἀττικῃ
2454 3534 2673 3601 πρῶτον
2734 3534 3132 3605 συστησάμενοι
3194 3534 3256 3588 τὸ
3314 3533 3653 3610 ἐπιτήδευμα

233 3602 589 3656 auctoritate
614 3619 674 3656 se
707 3602 1039 3657 ostendisse
1069 3607 1254 3673 putet.
1286 3603 1627 3657 Vincentius
1650 3604 1809 3673 quidt

2073 3635 2094 3675 ς
2126 3613 2424 3688 κωμῳδίας
2472 3620 2624 3689 (ἦσαν
2683 3617 2739 3674 δὲ
2793 3622 2843 3674 οἱ
2896 3622 3020 3696 περὶ
3076 3627 3436 3701 Σαννυρίωνα)
3467 3629 3649 3686 καὶτὰ

232 3690 393 3745 idem
425 3691 630 3760 tradit,
661 3693 765 3746 sed
797 3708 869 3746 ex
913 3693 1068 3748 male
1100 3693 1358 3763 acceptis
1391 3694 1700 3764 Porphyrii
1732 3711 1804 3764 ap

2071 3702 2260 3758 όσωπα
2317 3706 2534 3781 εῗσῆγον
2599 3708 2866 3777 ἀτάκτως,
2925 3713 3016 3766 καὶ
3079 3690 3342 3786 μόνος-ἧν
3377 3717 3554 3792 γὲλως
3582 3721 3644 3774 τὸ

225 3780 555 3836 Eusebium
583 3781 800 3849 verbis,
825 3798 955 3851 quae
977 3799 1114 3837 eum
1145 3781 1562 3837 Alexandriam
1586 3783 1659 3837 ad
1687 3783 1801 3838 vide

2065 3780 2539 3864 τασκευαζόμενον.
2576 3820 2603 3847 ››
2661 3801 2805 3854 Nam
2864 3780 3088 3872 primo'
3126 3806 3267 3860 alibi
3301 3780 3641 3866 Athenaeus

225 3869 372 3925 dum
403 3871 723 3941 Origenem
772 3871 1102 3942 profectum
1161 3887 1307 3966 esse‘
1351 3871 1598 3966 miniﬂie
1629 3872 1884 3966 ςοοςὲηις
1991 3882 2281 3955 Sannyrio
2311 3887 2605 3954 meminit,
2639 3894 2699 3943 et
2753 3869 3023 3958 ejusdem
3081 3895 3259 3951 etiam
3315 3897 3548 3966 fabulae,
3591 3906 3638 3957 1.

232 3965 465 4063 tantum
497 3961 660 4015 enim
690 3961 804 4016 ait:
849 3963 920 4060 ἐξ
958 3958 1112 4035 κάγὼ
1142 3955 1347 4063 κομιδῆ
1380 3957 1496 4020 νέος
1528 3956 1600 4012 ὤν
1621 3953 1884 4063 ,ἔτιὶἶντε-
1988 3990 2091 4039 χιι,
2125 3953 2174 4030 οξ
2210 3977 2274 4028 13
2301 3991 2312 4029 :
2343 3976 2471 4049 Περὶ
2521 3953 2599 4030 at
2631 3953 2886 4048 Μελήτου
2936 3981 3095 4044 αὐτὸς
3155 3986 3183 4039 ὁ
3253 3953 3554 4063 Σαννυρίων

229 4047 473 4122 τύχηκα,
511 4073 540 4099 ‹‹
565 4067 742 4120 quem
770 4067 873 4122 ego
899 4050 1134 4120 juvenis
1166 4051 1359 4106 adhuc
1390 4052 1688 4108 conveni.»
1717 4053 1805 4108 Ce1

2067 4060 2194 4116 λωτι
2237 4061 2384 4138 λέγει
2422 4047 2633 4132 Ἵυῦτως,
2677 4047 2936 4138 Μέλητον
2982 4071 3072 4125 τὸν
3123 4073 3229 4128 ἀπὸ
3287 4047 3522 4145 Ληναίου
3556 4101 3643 4134 νε-

229 4137 608 4192 Alexandriae
666 4139 934 4209 Origenis
989 4139 1177 4194 nostri
1234 4139 1557 4210 discipulus
1605 4157 1733 4195 esse
1762 4158 1883 4195 non
1986 4145 2137 4220 κρὸν.
2176 4137 2321 4205 Dein
2351 4151 2412 4206 in
2442 4153 2637 4208 verbis
2660 4137 2996 4212 Scholiasta:
3029 4165 3196 4230 putat
3227 4137 3428 4219 vocem
3459 4162 3639 4238 γέλως

229 4228 421 4297 potuit
449 4228 837 4300 Porphyrius,
868 4229 970 4299 qui
1019 4230 1079 4283 in
1132 4229 1349 4284 finibus
1393 4231 1526 4300 Tyri
1556 4247 1713 4286 anno
1745 4231 1884 4286 Ale-
1986 4236 2374 4309 Sannyrionis
2429 4240 2692 4296 fabulam
2744 4228 3048 4312 denotare;
3082 4267 3215 4306 cum
3266 4253 3418 4307 nihil
3473 4228 3640 4312 aliud

227 4317 439 4372 xandri
483 4317 678 4372 Severi
725 4317 952 4373 decimo
1001 4324 1176 4374 natus
1224 4324 1348 4384 est;
1415 4320 1624 4375 eodem
1682 4325 1880 4376 autem
1985 4324 2081 4379 hic
2109 4327 2402 4398 signiﬁcet
2431 4345 2609 4399 quam
2658 4332 2845 4388 risum
2895 4335 3268 4408 simpliciter,
3303 4360 3480 4412 quem
3510 4350 3639 4402 tan-

230 4419 386 4459 anno
447 4406 728 4477 Origenes
785 4406 1142 4462 Alexandria
1198 4407 1404 4477 pulsus
1437 4413 1543 4462 est.
1606 4408 1881 4463 Scribunt
1985 4417 2292 4472 tummodo
2329 4419 2676 4489 spectabant
2708 4423 2885 4492 primi
2907 4406 3338 4486 comoediarum
3355 4433 3632 4500 editores,

234 4502 516 4562 praeterea
537 4501 766 4550 veteres
788 4497 1097 4567 Origenem
1116 4495 1433 4567 quemdam
1455 4497 1638 4552 fuisse
1660 4497 1810 4553 Ploti

2067 4520 2131 4558 os
2171 4513 2339 4562 vocat
2393 4505 2522 4568 τοὺς
2579 4513 2795 4583 πρῶτον
2855 4516 3296 4588 συστησαμένους
3344 4521 3407 4574 τὸ
3449 4521 3640 4592 ἐπιτή-

231 4583 727 4655 condiscipulum,
759 4591 817 4639 et
839 4585 1014 4640 simul
1038 4602 1172 4640 cum
1203 4586 1458 4640 maximo
1491 4585 1587 4640 illo
1622 4586 1807 4656 philos

2063 4613 2160 4663 ιμα
2189 4601 2288 4663 τῆς
2318 4581 2629 4669 κωμῳδίας.
2697 4602 2961 4673 Denique
3011 4581 3137 4662 non
3181 4609 3328 4664 vidit
3354 4581 3639 4669 mendum

231 4671 347 4741 pho
377 4674 672 4731 audivisse
715 4675 1096 4730 Ammonium
1128 4692 1232 4746 per
1261 4676 1540 4731 undecim
1565 4677 1750 4731 ferme
1782 4694 1880 4731 an-
1990 4679 2170 4739 latere
2203 4685 2264 4739 in
2295 4687 2539 4742 nomine
2567 4705 2580 4754 ;
2619 4706 2759 4745 nam
2802 4671 2908 4762 pro
2957 4696 3299 4768 Σαννυρίωνα
3330 4699 3644 4770 legendum

231 4775 337 4814 nos
363 4761 756 4818 Alexandrim.
800 4765 966 4818 Hunc
1024 4765 1332 4836 Origenem
1395 4771 1665 4821 nostrum
1693 4767 1877 4821 fuisse
1991 4787 2120 4826 esse
2154 4773 2503 4847 Σουσαρίωνα
2533 4783 2760 4833 certum
2793 4761 2918 4835 est:
2962 4788 3028 4838 ut
3058 4761 3233 4855 paulo
3267 4761 3498 4857 post'in
3529 4789 3642 4844 alio

233 4848 430 4904 volunt
462 4852 701 4921 eruditi,
725 4858 785 4907 et
805 4853 1100 4924 przecipue
1126 4854 1488 4910 Holstenius.
1513 4857 1638 4909 Non
1668 4855 1806 4911 cred

2060 4868 2338 4931 gumento
2375 4865 2645 4936 legimus,
2694 4867 2794 4934 τὴν
2849 4848 3148 4941 κωμῳδίαν
3178 4848 3448 4947 ηὖρἤσθαί
3481 4895 3636 4952 φασιν

232 4941 492 5010 tempora
523 4941 684 4996 enim
733 4959 852 4996 non
902 4942 1102 4997 minus
1151 4959 1328 5012 quam
1376 4944 1493 4999 alia
1522 4950 1872 5017 repugnant.
1990 4946 2092 5001 ὕπὸ
2129 4950 2524 5025 Σουσαρίωνος.
2551 4955 2863 5012 Diomedes
2895 4941 3324 5017 Grammaticus
3347 4979 3359 5016 :
3384 4984 3412 5012 «
3441 4941 3634 5020 Poeta)

232 5029 490 5086 Plotinus
513 5048 635 5086 non
660 5031 804 5086 vidit
831 5032 1240 5087 Alexandriam
1264 5039 1400 5089 ante
1432 5051 1654 5090 annum
1687 5035 1872 5090 unde-
1984 5040 2161 5110 primi
2195 5043 2403 5097 comici
2428 5043 2670 5099 fuerunt
2693 5046 2991 5113 Susarion,
3017 5049 3225 5104 Mullus
3256 5056 3313 5104 et
3337 5053 3631 5123 Magnes.»

231 5119 443 5175 cimum
466 5121 790 5176 Alexandri
813 5123 1224 5187 Mammmaamt
1243 5128 1492 5178 testatur
1511 5125 1571 5179 in
1594 5125 1723 5195 ejus
1748 5126 1873 5181 Vita
1983 5131 2256 5186 Clemens
2288 5133 2726 5190 Alexandrinus
2759 5137 3022 5192 Stromat.
3076 5139 3179 5194 lib.
3215 5159 3230 5194 1
3257 5159 3268 5196 :
3325 5119 3634 5214 Κωμῳδίας)

230 5207 606 5280 Porphyrius,
628 5216 687 5265 et
715 5210 892 5282 paulo
914 5218 1046 5282 post
1075 5213 1388 5267 Ammonio
1420 5215 1767 5285 praeceptori

2051 5217 2265 5286 ενὸησεν
2340 5220 2608 5294 Σισαρίων
2692 5225 2755 5294 [Ι.
2823 5227 3158 5298 Σουσαρίων]
3246 5230 3273 5281 ὁ
3348 5207 3627 5301 Ἰκαοιεύᾳ

229 5298 485 5365 tradidit,
536 5316 671 5354 cum
713 5301 842 5370 jam
893 5300 1174 5372 Origenes
1217 5307 1421 5356 noster
1461 5303 1872 5359 Alexandriam
1980 5309 2293 5364 Diomedes
2318 5311 2713 5366 Scholasticus
2733 5313 2793 5366 in
2815 5313 3190 5370 bibliothecae
3214 5319 3406 5390 Regia:
3431 5298 3539 5378 ms.
3567 5324 3630 5378 in

225 5386 558 5459 relinquere
590 5394 831 5444 coactus
863 5393 1042 5455 esset,
1067 5406 1182 5460 quo
1209 5406 1516 5461 nunquam
1548 5398 1752 5463 postea
1781 5409 1867 5447 re-
1977 5400 2338 5467 Expositione
2368 5400 2776 5458 Grammatice
2804 5402 3069 5473 Dionysii
3097 5386 3369 5462 Thracis:
3405 5413 3626 5482 Πρῶτον

223 5491 415 5533 versus
447 5484 556 5533 est.
591 5479 718 5533 Non
767 5478 945 5549 igitur
999 5478 1101 5532 ille
1155 5479 1525 5536 Alexandria;
1564 5482 1696 5547 fuit,
1729 5499 1799 5538 cu

2051 5507 2066 5538 ν
2103 5489 2420 5561 Σουσαρίων
2452 5509 2534 5549 τις
2569 5494 2669 5557 τῆς
2721 5487 2996 5562 ἐμμέτρου
3053 5491 3350 5566 κωμῳδίας
3378 5478 3627 5576 ἀρχηγὸς

221 5565 484 5622 Plotinus
542 5568 923 5622 Ammonium
981 5567 1222 5632 audivit,
1253 5568 1441 5624 multo
1498 5570 1697 5625 minus
1727 5589 1797 5626 cu

2048 5573 2206 5644 ἓνετο,
2269 5577 2330 5631 οὗ
2386 5577 2453 5632 τὰ
2509 5577 2602 5644 μὲν
2661 5577 2910 5654 δράματα
2970 5578 3114 5655 λήθῃ
3165 5589 3624 5660 κατενεμήθησαν.

218 5655 482 5712 Plotinus
512 5656 693 5712 simul
723 5661 782 5711 et
810 5657 1121 5713 Ammonio
1152 5662 1212 5712 et
1239 5657 1474 5730 Origeni
1505 5676 1612 5714 suo
1644 5661 1861 5716 valedi-
1972 5666 2038 5720 In
2070 5667 2469 5724 vetustissimo
2524 5685 2820 5726 marmore
2878 5672 3304 5733 Arundelliano
3329 5655 3366 5736 εἰ
3405 5655 3524 5763 "Ago"
3563 5675 3626 5736 οὗ
