3990 6136
244 394 362 454 279

1313 388 1376 446 S.
1427 381 1829 445 IGNATIUS.
1877 411 1955 421 —
1999 374 2612 438 PROLEGUMENA.

3541 373 3659 433 280

249 527 300 582 ἐν
327 527 593 596 Ἀθήναις
619 516 888 595 κωμῳδία
944 522 1163 593 πρῶτον
1220 516 1374 588 ἐτέθη
1433 514 1521 570 ἐπὶ
1581 513 1753 569 σανίσι
1795 516 1902 568 τῶν

2029 517 2158 567 tunc
2187 527 2308 566 non
2339 507 2647 581 fuerit,qui
2680 506 2928 563 Athenis
2981 509 3145 562 recta
3194 505 3254 560 in
3299 505 3497 561 Asiam
3530 510 3670 561 ante

251 615 526 689 Ἰκαρίεων
589 611 842 686 εὑρόντος
903 607 1306 684 Σουσαρίωνος.
1373 609 1441 663 In
1498 606 1685 662 Icario
1746 604 1906 660 enim

252 707 459 762 Atticae
491 703 709 776 populo
742 704 1043 757 inventam
1075 701 1256 756 fuisse
1281 699 1525 754 tradunt
1545 705 1672 753 tum
1696 713 1910 752 comas-

256 797 416 851 diam
474 799 600 849 tum
655 792 999 864 tragoediam
1057 796 1304 845 veteres.
1340 789 1659 843 Athenaeus
1710 786 1816 843 lib.
1851 802 1907 855 ιι,

258 904 386 958 cap.
420 888 449 939 3
479 902 490 939 :
527 883 663 940 Ἀπὸ
698 882 864 954 μέθης
896 880 988 934 καὶ
1045 881 1078 949 ἡ
1134 885 1234 947 τῆς
1291 874 1590 950 κωμῳδίας
1621 876 1706 930 καὶ
1807 879 1907 942 τῆς

258 971 566 1050 τραγῳδίας
625 969 829 1046 εὕρεσις
889 969 939 1022 ἐν
993 970 1212 1043 Ἰκαρίῳ
1263 975 1364 1036 τῆς
1415 969 1664 1034 Ἀττικῆς
1696 962 1906 1038 εὑρέθη.

262 1064 425 1118 Unde
483 1061 640 1133 apud
720 1060 1005 1116 Suidam:
1087 1059 1304 1126 Θέσπις,
1376 1055 1635 1130 Ἰκαρίου,
1692 1051 1909 1114 πόλεως

260 1155 537 1220 ’Δττικῆς,
594 1151 872 1224 τραγικός.
933 1150 1097 1222 Apud
1152 1149 1478 1205 Icarienses
1530 1148 1708 1220 igitur
1737 1146 1910 1201 Susa-

258 1244 391 1298 rion
423 1241 770 1297 comoediam
803 1241 1045 1309 invenit,
1088 1239 1248 1294 unde
1295 1256 1431 1294 eum
1480 1237 1754 1292 Clemens
1787 1236 1910 1289 [ca-

258 1333 519 1387 riensem
550 1337 752 1394 vocat;
790 1347 910 1385 non
942 1329 1097 1399 quod
1129 1329 1191 1382 in
1220 1345 1287 1383 eo
1341 1344 1486 1399 pago
1532 1332 1705 1381 natus
1737 1329 1910 1390 esset,

259 1428 360 1476 aut
391 1438 462 1476 ex
512 1420 705 1474 Attica
761 1418 1081 1483 oriendus;
1142 1424 1316 1472 natus
1363 1418 1524 1472 enim
1565 1420 1653 1471 est
1683 1415 1743 1469 in
1774 1431 1911 1485 agro

258 1511 531 1581 proximo
593 1509 939 1581 Megarensi,
997 1513 1063 1562 ut
1121 1508 1246 1578 ipse
1305 1507 1376 1561 de
1430 1523 1492 1560 se
1545 1510 1796 1559 testatur
1851 1503 1913 1556 in

262 1600 476 1655 iambis
510 1599 612 1670 qui
643 1599 974 1654 etiamnum
1007 1597 1163 1669 apud
1219 1596 1564 1651 Diomedem
1597 1592 1913 1648 Scholasti-

265 1707 399 1746 cum
432 1694 772 1761 supersunt,
807 1692 866 1742 et
921 1687 982 1740 in
1042 1687 1199 1742 hunc
1259 1686 1501 1740 modum
1546 1687 1820 1754 corrupte
1852 1681 1913 1735 in

264 1796 376 1835 ms.
409 1780 687 1850 leguntur
712 1794 724 1831 :

415 1934 668 2005 ’Δκούετε
697 1930 916 2002 λέξεως·
953 1930 1264 2005 Σουσαρίων
1294 1928 1421 2005 τᾴδε
1463 1928 1633 2005 λέγει,

414 2007 538 2069 Υἱὸς
569 2000 799 2060 Φιλίνου
830 2000 1526 2079 γεγαρὸθουτριποδίσκος.

345 2125 456 2181 Scd
486 2142 591 2196 pro
618 2123 919 2197 γεγαρὸθου
951 2117 1310 2195 Τριποδίσκος
1354 2121 1664 2193 legendum
1712 2121 1918 2192 procul

274 2215 453 2270 dubio
507 2212 821 2286 Μεγαρόθεν
866 2209 1273 2286 Τριποδίσκιος,
1317 2216 1382 2266 ut
1429 2212 1603 2266 metri
1633 2211 1784 2266 ratio
1817 2227 1921 2281 p0-

275 2306 471 2360 stnlat.
501 2306 602 2358 Est
631 2308 829 2358 autem
859 2297 1242 2374 Τριποδίσκιος
1273 2317 1381 2355 vox
1411 2299 1922 2371 gentilisStepha-

271 2411 407 2460 nus,
439 2392 502 2446 τὸ
533 2390 742 2454 ἐθνικὸν
797 2389 1139 2465 βορμίσκιος,
1199 2388 1272 2449 ὡς
1327 2385 1723 2463 τριποδίσκιος,
1757 2384 1921 2461 δωρί-

271 2502 443 2550 σκιος,
477 2483 603 2554 lege
636 2477 928 2553 δορίσκιος.
963 2483 1035 2535 Ut
1063 2482 1188 2552 ipse
1240 2480 1404 2548 alibi,
1425 2478 1488 2532 τὸ
1521 2477 1724 2532 ἐθνικὸν
1757 2475 1924 2550 διορί-

273 2591 445 2639 σκιος,
480 2570 556 2631 ὡς
580 2567 926 2644 δορμίσκιος,
949 2569 1073 2640 lege
1094 2570 1377 2638 vicissim,
1401 2567 1923 2642 βορμίσκιοςᾸΙΠάθ

199 2721 202 2724 ,
275 2667 474 2716 autem
509 2656 904 2732 Τριποδίσκιος
937 2658 1091 2714 clare
1139 2659 1312 2713 docet
1355 2659 1512 2712 idem
1545 2659 1922 2730 Stephonus:

274 2745 664 2822 Τριποδίσκος,
696 2747 785 2801 καὶ
840 2743 1196 2822 Τριποδίσκοι
1254 2746 1419 2817 κώμη
1468 2749 1568 2810 τῆς
1596 2743 1923 2820 Μεγαρίδος,

277 2839 306 2892 ὀ
336 2839 572 2908 πολίτης
601 2834 1016 2910 Τριποδίσκιος.
1071 2838 1447 2909 Tripodiscus
1487 2838 1665 2908 igitur
1694 2837 1754 2891 in
1788 2853 1926 2909 agro

277 2928 602 3000 Megarensi
633 2945 815 2998 pagus
846 2934 972 2982 est:
1006 2928 1066 2980 in
1101 2944 1215 2996 quo
1267 2927 1367 2998 qui
1399 2933 1573 2980 natus
1606 2932 1694 2980 est
1723 2931 1930 2996 Τριπο-

282 3013 487 3077 Sto-mo:
536 3017 861 3072 dicebatur.
924 3017 1015 3070 Sic
1071 3016 1250 3087 igitur
1307 3016 1642 3071 Susarionis
1700 3015 1928 3071 iambos

279 3108 640 3178 interpretor
660 3123 672 3159 :

411 3243 618 3296 Audite
647 3243 854 3296 dictum
880 3256 892 3294 :
927 3242 1190 3295 Susarion
1218 3241 1329 3296 haec
1359 3245 1461 3308 ait,

411 3315 585 3368 Filius
615 3312 850 3380 Philini,
881 3329 907 3365 e
936 3313 1216 3381 Megaride
1249 3314 1621 3384 Tripodiscius

342 3453 414 3506 Ut
443 3455 642 3505 autem
675 3449 986 3520 Origenem
1019 3447 1238 3502 Plotini
1270 3448 1744 3519 condiscipulum
1766 3447 1922 3503 Ada-

273 3540 566 3595 mantium
598 3543 892 3606 nostrum,
925 3543 985 3591 et
1015 3537 1445 3608 Sannyrionem
1477 3537 1770 3592 comicum
1811 3538 1920 3593 Su-

273 3631 569 3686 sarionem
601 3627 902 3684 comoediae
952 3627 1323 3681 inventorem
1371 3627 1552 3682 fuisse
1585 3634 1920 3698 temporum

274 3721 424 3775 ratio
455 3736 575 3774 non
609 3716 905 3782 admittit;
961 3717 1042 3770 ita
1086 3716 1133 3770 si
1168 3715 1312 3786 quid
1341 3716 1401 3770 in
1433 3717 1700 3788 epistolis
1743 3715 1920 3770 ﬁdem

274 3816 609 3881 temporum
641 3824 845 3862 revera
891 3805 1174 3876 pulsaret,
1224 3806 1513 3877 Ignatium
1545 3807 1922 3878 epistolicum

272 3916 395 3954 non
435 3899 617 3953 fuisse
675 3896 1066 3967 apostolicum
1125 3894 1295 3949 illum
1349 3895 1605 3950 libenter
1633 3896 1922 3952 concede-

274 4004 423 4042 rem.

349 4079 562 4132 Verum
613 4081 678 4131 ut
720 4075 872 4129 nihil
928 4074 1146 4128 certius
1196 4074 1482 4145 scriptum
1522 4075 1765 4145 aliquod
1794 4092 1927 4145 spu-

275 4168 432 4223 rium
465 4183 593 4222 esse
623 4165 853 4236 probat,
888 4181 1066 4236 quam
1107 4165 1254 4219 ﬁdes
1305 4171 1639 4235 temporum
1670 4165 1924 4233 violata;

276 4259 360 4313 ita
382 4274 562 4329 opera
590 4257 814 4312 auctori
841 4255 1017 4310 alicui
1045 4255 1320 4325 ascripta,
1349 4254 1451 4309 sed
1483 4255 1794 4326 posteriori
1826 4255 1930 4310 ali-

279 4366 396 4418 quo
429 4348 642 4402 saaculo
674 4363 708 4402 a
739 4347 941 4401 ﬁctore
991 4346 1342 4416 conscripta,
1394 4346 1518 4400 fere
1555 4363 1790 4417 semper
1820 4348 1930 4402 hac

280 4438 412 4508 ipsa
440 4437 673 4490 vatione
696 4453 757 4490 se
781 4434 1060 4505 produnt,
1086 4440 1143 4489 et
1164 4452 1234 4490 ex
1255 4435 1572 4491 violatione
1597 4441 1928 4506 temporum

281 4524 711 4595 suppositionis
769 4523 1217 4578 convincuntur.
1278 4523 1475 4578 Edidit
1528 4524 1638 4578 Leo
1695 4523 1925 4579 Allatus

1955 1899 2004 1964 B

2015 606 2269 656 mortem
2325 601 2580 655 Socratis
2632 599 2933 671 profectus
3016 601 3125 664 est,
3189 611 3300 650 nec
3359 595 3476 650 nisi
3535 599 3671 666 post

2017 691 2369 746 sexennium
2400 691 2461 744 in
2496 706 2625 744 eam
2660 688 2868 743 urbem
2901 687 3077 742 venit.
3111 687 3182 740 Et
3210 685 3350 740 dum
3383 684 3523 740 huic
3557 684 3677 757 epi-

2018 781 2183 836 stolae
2206 780 2534 851 Xenophon
2558 778 2895 850 respondet,
2922 776 3185 831 Platonis
3213 775 3436 845 scripta
3458 775 3674 846 saapius

2019 869 2476 942 suggillat,quod
2506 873 2710 938 poetas
2733 883 2853 922 non
2881 864 3193 920 admiserit
3224 880 3359 918 eum
3391 863 3678 934 perstrin-

2017 964 2120 1036 git,
2154 979 2286 1017 cum
2318 962 2443 1032 ipse
2489 977 2550 1015 se
2593 959 2771 1014 talem
2825 958 2884 1012 in
2939 957 3107 1012 libris
3138 956 3519 1028 praestiterit;
3552 956 3672 1010 imo

2021 1051 2382 1107 sententiam
2414 1067 2482 1105 ex
2515 1049 2766 1121 epistola
2797 1047 3062 1103 Platonis
3091 1046 3163 1101 ad
3208 1045 3553 1117 Dionysium
3585 1045 3676 1098 Si-

2019 1142 2172 1196 ciliae
2207 1145 2521 1212 tyrannum
2553 1139 2780 1210 carpit;
2837 1153 2969 1207 quae
3019 1135 3223 1190 omnia
3260 1133 3362 1189 diu
3394 1139 3529 1205 post
3559 1135 3673 1189 So-

2021 1230 2199 1286 cratis
2231 1234 2484 1284 mortem
2533 1227 2800 1299 evulgata
2847 1230 3003 1280 sunt.
3041 1227 3123 1279 lta
3153 1224 3562 1295 Xenophontis
3593 1224 3674 1277 si-

2019 1321 2189 1387 mius,
2222 1335 2356 1374 cum
2389 1317 2632 1372 vidisset
2652 1317 2714 1370 in
2740 1316 2997 1385 genuina
3022 1314 3182 1369 illius
3208 1313 3481 1386 epistola,
3506 1313 3677 1384 cujus

2020 1411 2417 1481 fragmentum
2443 1407 2598 1478 apud
2621 1405 2940 1461 Eusebium
2970 1409 3181 1473 exstat,
3206 1403 3523 1475 perstringi
3547 1402 3679 1457 Pla-

2023 1506 2223 1554 tonem
2256 1499 2329 1552 ob
2363 1495 2687 1550 Σικελιῶτιν
2727 1496 3016 1567 τράπεζαν,
3049 1495 3174 1566 ipse
3222 1495 3401 1548 etiam
3445 1509 3514 1548 ea
3543 1508 3682 1562 sug-

2023 1590 2248 1662 gillavit
2279 1606 2410 1659 quas
2443 1587 2516 1642 ad
2549 1586 2804 1641 Siciliam
2833 1585 3217 1657 spectabant;
3253 1584 3357 1640 sed
3391 1584 3532 1638 dum
3565 1583 3684 1654 epi-

2025 1679 2239 1734 stolam
2265 1678 2462 1733 statim
2485 1681 2619 1748 post
2636 1681 2887 1732 mortem
2908 1675 3164 1730 Socratis
3186 1675 3467 1745 scriptam
3490 1673 3678 1745 ﬁngit,

2027 1774 2084 1823 et
2113 1773 2448 1839 temporum
2480 1767 2774 1820 rationem
2831 1765 3025 1824 violat.
3081 1769 3139 1818 et
3170 1763 3429 1834 seipsum
3460 1763 3678 1834 prodit.

2031 1859 2343 1921 Praeterea,
2375 1855 2706 1926 Aristippus
2741 1853 2813 1909 ad
2846 1853 3029 1908 ﬁliam
3071 1869 3236 1908 suam
3271 1853 3582 1923 epistolam
3612 1854 3680 1905 27

2030 1947 2233 2015 mittit,
2267 1961 2401 2001 cum
2419 1945 2546 2015 jam
2569 1944 2783 1999 Siciliae
2810 1949 3129 2015 tyrannum
3162 1945 3288 2014 ipse
3317 1943 3679 2013 reliquisset,

2027 2041 2083 2091 et
2109 2038 2234 2109 jam
2267 2036 2328 2090 in
2361 2035 2571 2106 Lipara
2592 2033 2786 2088 insula
2812 2035 2985 2088 morti
3011 2034 3236 2088 vicinus
3264 2039 3440 2102 esset,
3471 2033 3682 2089 ﬁliam-

2029 2143 2142 2196 que
2176 2128 2378 2180 monet
2406 2129 2471 2179 ut
2503 2123 2762 2178 Athenas
2792 2123 3227 2195 proﬁciscatur,
3252 2128 3311 2177 et
3341 2140 3473 2178 cum
3498 2125 3682 2194 Myrto

2029 2221 2085 2270 et
2115 2215 2407 2286 Xantippe
2439 2218 2703 2269 sanctam
2735 2213 2914 2268 vitam
2969 2213 3124 2268 colat
3151 2231 3163 2278 ;
3199 2213 3365 2283 quasi
3396 2218 3483 2267 tot
3509 2213 3684 2268 annis

2027 2309 2163 2376 post
2192 2319 2402 2358 necem
2463 2303 2718 2357 Socratis
2774 2302 2893 2356 illae
2955 2302 3084 2356 duas
3131 2319 3347 2357 uxores
3379 2302 3439 2356 in
3473 2301 3682 2356 eadem

2029 2393 2203 2447 domo
2236 2394 2515 2458 viverent,
2551 2397 2610 2446 et
2664 2391 2919 2446 feminas
2978 2391 3383 2463 philosophice
3415 2391 3686 2445 institue-

2030 2487 2194 2549 rent;
2229 2497 2365 2536 cum
2396 2483 2602 2553 Myrto,
2636 2481 2683 2534 si
2717 2497 2983 2550 unquam
3019 2482 3275 2536 Socratis
3305 2497 3452 2535 uxor
3480 2481 3682 2549 fuerit,

2032 2575 2168 2625 ante
2193 2571 2386 2640 ipsum
2414 2575 2646 2624 mortua
2663 2570 2756 2623 sit.
2774 2569 3025 2624 Allatius
3048 2569 3289 2639 quidem
3310 2573 3374 2622 16
3394 2568 3468 2624 ad
3487 2569 3689 2623 minus

2032 2675 2221 2715 annos
2251 2663 2383 2729 post
2415 2659 2681 2713 Lachetis
2705 2659 3115 2730 magistratum
3138 2659 3351 2714 vixisse
3385 2660 3691 2715 Socratem

2033 2749 2176 2814 vult,
2208 2749 2308 2803 sed
2340 2754 2547 2803 contra
2567 2749 2837 2803 omnium
2859 2754 3124 2804 veterum
3156 2749 3536 2804 sententiam.
3573 2750 3692 2802 De-

2033 2839 2282 2893 metrius
2313 2838 2632 2892 Phalereus
2656 2838 2796 2892 satis
2825 2838 3074 2893 idoneus
3097 2843 3303 2893 auctor
3332 2838 3486 2909 apud
3521 2839 3693 2892 Laer-

2036 2929 2204 2993 tium,
2222 2927 2508 2981 Diodorus
2530 2926 2780 2996 Siculus,
2807 2926 3113 2994 Aristides,
3140 2928 3358 2997 quibus
3388 2927 3693 2982 consentit

2035 3016 2313 3086 antiquus
2345 3015 2446 3069 ille
2477 3016 2539 3068 in
2560 3017 2846 3070 Marmore
2869 3016 3294 3070 Arundelliano
3327 3016 3691 3086 chronogra—

2035 3105 2210 3175 phus,
2245 3103 2366 3177 Ἀφ’
2399 3101 2460 3154 οὗ
2492 3102 2858 3174 [μετανῆλοον
2898 3103 2948 3156 οἳ
2999 3105 3120 3176 μετ]
3159 3103 3191 3157 ἆ
3225 3103 3405 3176 Κύρου
3459 3096 3693 3157 ἀναϐάν.

2035 3211 2144 3263 τες,
2176 3192 2263 3245 καὶ
2296 3192 2594 3264 Σωκράτης
2614 3189 2851 3266 φιλόσοφ
2874 3193 2958 3263 [ος
2983 3190 3061 3263 Et]
3083 3189 3238 3246 ελεύτ
3269 3193 3388 3263 [ησε
3422 3192 3504 3264 βι]
3534 3211 3562 3244 ο
3587 3189 3696 3263 [bc]

1953 3260 1996 3328 c
2034 3260 2559 3352 ἔτη-ἐϐδομήκοντα,
2588 3260 2694 3334 ἔτει
2729 3260 2891 3348 pici,—
2917 3260 3092 3355 ἄρχον
3119 3260 3551 3353 [τοςίἈΘήτνγίσι
3584 3260 3700 3332 λάξ

2030 3389 2225 3447 χητοςτ
2261 3371 2493 3441 Optime
2522 3375 2682 3426 certe
2710 3371 2812 3425 ille
2836 3370 2942 3425 sub
2970 3371 3180 3425 eodem
3214 3370 3499 3425 archonte
3529 3370 3704 3440 ponit

2033 3460 2289 3515 reditum
2325 3476 2531 3515 eorum
2555 3461 2655 3531 qui
2679 3477 2814 3515 cum
2839 3461 2986 3531 Cyro
3009 3460 3428 3527 ascenderunt,
3454 3465 3513 3515 et
3532 3475 3701 3514 mor—

2032 3554 2152 3603 tem
2186 3549 2460 3604 Socratis.
2497 3550 2828 3621 Xenophon
2852 3549 3035 3615 enim,
3061 3566 3177 3620 quo
3208 3548 3356 3604 duce
3388 3548 3473 3603 illi
3506 3547 3702 3602 redie-

2033 3644 2192 3704 runt,
2226 3632 2530 3707 ἀναϐέϐηκε
2561 3635 2653 3691 σὺν
2688 3637 2848 3712 Κύρῳ
2901 3635 2990 3691 ἐπὶ
3050 3635 3320 3711 ἄρχοντος
3348 3637 3696 3706 Ξεναινέτου,

2035 3725 2111 3779 ἒνί
2141 3727 2392 3802 προτέρῳ
2421 3720 2525 3780 ἔτει
2557 3733 2659 3795 τῆς
2694 3726 3023 3802 Σωκράτους
3050 3725 3333 3798 τελευτῆς,
3365 3750 3392 3777 ι(
3419 3726 3696 3782 ascendit

2036 3834 2171 3873 cum
2201 3819 2349 3890 Cyro
2382 3818 2490 3873 sub
2521 3819 2802 3874 archonte
2833 3820 3175 3885 Xenaaneto,
3214 3834 3368 3873 anno
3401 3834 3521 3872 uno
3553 3823 3695 3873 ante

2037 3908 2291 3962 Socratis
2345 3913 2682 3976 mortem,»
2733 3913 2799 3962 ut
2856 3924 2926 3962 ex
2973 3913 3238 3963 veterum
3271 3907 3472 3977 aliquo
3510 3907 3698 3962 refert

2038 3996 2322 4051 Laertius.
2358 3997 2514 4051 Nihil
2545 3996 2724 4068 igitur
2753 3997 2816 4050 in
2866 3997 3112 4051 historia
3141 3997 3373 4051 videtur
3403 4012 3529 4051 esse
3563 4012 3693 4051 cer-

2037 4085 2179 4153 tius,
2211 4101 2387 4154 quam
2417 4084 2515 4139 illa
2546 4085 2813 4138 omnium
2845 4085 2904 4138 in
2936 4101 2999 4138 re
3027 4086 3339 4140 notissima
3375 4085 3694 4151 sententia,

2042 4175 2340 4229 Socratem
2374 4174 2482 4228 sub
2514 4175 2797 4229 archonte
2829 4174 3078 4228 Lachete
3106 4179 3407 4229 mortuum
3442 4189 3590 4228 esse.
3625 4174 3702 4226 Et

2039 4264 2496 4318 fundamentum
2529 4280 2643 4333 quo
2669 4263 2879 4317 nititur
2899 4262 3167 4329 Allatius,
3192 4264 3353 4334 quod
3376 4261 3529 4334 apud
3560 4261 3700 4315 Pla-

2043 4359 2241 4408 tonem
2275 4355 2542 4408 Socrates
2586 4353 2648 4407 in
2695 4352 2938 4421 Dialogis
2967 4352 3282 4423 aliquoties
3313 4353 3384 4408 de
3416 4352 3487 4407 iis
3517 4351 3702 4406 rebus

2041 4443 2336 4512 loquatur,
2370 4459 2500 4512 quas
2532 4441 2634 4496 diu
2663 4447 2795 4512 post
2833 4442 3100 4496 Lachetis
3122 4443 3532 4515 magistratum
3563 4456 3708 4496 con-

2046 4532 2326 4603 tigerunt,
2361 4531 2838 4586 inﬁrmissimum
2868 4537 2975 4586 est.
3002 4532 3228 4587 Veritas
3260 4533 3420 4587 enim
3452 4532 3706 4586 chrono-

286 4615 720 4671 Socraticorum
751 4613 1053 4684 epistolas,
1113 4631 1261 4684 quas
1317 4613 1389 4669 ab
1441 4614 1558 4669 illis
1599 4615 1743 4686 ipsis
1777 4616 1934 4683 viris,
1969 4619 2014 4683 D
2044 4618 2237 4690 logica
2291 4635 2360 4672 ex
2395 4616 2648 4672 Platonis
2680 4617 2933 4687 Dialogis
2963 4619 3253 4675 sumenda
3281 4635 3401 4674 non
3434 4625 3541 4673 est.
3577 4619 3706 4673 Sci-

288 4719 540 4775 quorum
571 4703 816 4758 nomina
848 4703 1193 4773 praeferunt,
1223 4704 1587 4774 conscriptas
1608 4703 1789 4758 fuisse
1821 4705 1940 4759 dia-

283 4798 412 4870 logo
453 4797 597 4851 satis
637 4795 865 4867 prolixo
899 4797 1282 4850 vehementer
1329 4795 1656 4863 contendit,
1687 4795 1789 4850 sed
1813 4795 1941 4851 fru-

287 4893 444 4952 stra;
479 4890 812 4958 temporum
873 4885 1029 4940 enim
1088 4884 1237 4940 ratio
1297 4886 1546 4940 minime
1579 4885 1817 4955 patitur.
1853 4884 1940 4939 Ad

286 4978 530 5032 unicum
561 4979 974 5047 argumentum
1004 4974 1140 5029 inde
1164 4974 1410 5030 ductum
1435 4975 1506 5028 de
1530 4975 1795 5029 oratione
1829 4977 1940 5029 Po-

287 5066 529 5136 lycratis
560 5066 620 5119 in
643 5063 873 5136 judicio
899 5063 1156 5117 Socratis
1177 5062 1579 5132 habita,cujus
1604 5063 1856 5132 epistola
1880 5065 1944 5116 14

289 5157 656 5210 mentionem
715 5153 878 5220 facit,
939 5153 1019 5207 ita
1059 5152 1380 5223 respondet
1410 5158 1477 5206 ut
1534 5151 1604 5205 de
1635 5168 1792 5206 anno
1827 5169 1942 5222 quo

292 5247 559 5301 Socrates
604 5250 875 5300 mortuus
937 5247 1046 5309 est,
1110 5242 1404 5297 veteribus
1455 5241 1731 5297 omnibus
1781 5242 1944 5296 litem

290 5340 541 5402 moveat,
566 5351 675 5390 nec
703 5339 898 5390 tamen
923 5332 1111 5386 hilum
1135 5331 1428 5402 proﬁciat.
1455 5332 1666 5386 Omnia
1699 5333 1858 5387 enim
1883 5332 1944 5386 in

292 5441 362 5479 ea
393 5424 644 5494 epistola
675 5429 732 5478 et
757 5423 1030 5492 sequenti
1062 5422 1143 5475 ita
1174 5427 1464 5492 concepta
1495 5426 1652 5488 sunt,
1686 5425 1752 5474 ut
1780 5421 1947 5475 nulla

290 5513 577 5583 temporis
599 5513 750 5567 ratio
783 5511 1091 5576 habeatur,
1123 5510 1390 5581 adeoque
1419 5515 1633 5565 cuncta
1655 5511 1792 5564 ﬁcta
1819 5527 1947 5565 esse

295 5601 554 5659 dilucide
586 5607 885 5672 appareat.
922 5599 1190 5654 Euclides
1221 5606 1277 5654 et
1307 5600 1586 5670 Terpsion
1620 5605 1950 5669 queruntur

293 5691 766 5765 XenOphontem,
791 5706 927 5746 cum
949 5691 1218 5747 Socrates
1239 5695 1594 5758 moreretur,
1617 5705 1738 5744 non
1769 5689 1948 5744 Athe-

297 5783 415 5854 nis,
443 5781 544 5839 sed
571 5779 988 5838 Lacedaemone
1012 5779 1224 5854 fuisse;
1249 5797 1384 5837 cum
1408 5779 1509 5836 ille
1533 5777 1950 5837 Lacedaemone

2048 4713 2174 4762 tum
2233 4713 2322 4761 est
2381 4707 2526 4760 illud
2583 4707 2863 4761 Macrobii
2919 4708 3204 4764 δοίην-παι.
3249 4709 3351 4762 lib.
3394 4725 3432 4772 ι,
3465 4723 3594 4778 cap.
3631 4711 3703 4762 t:

2053 4817 2080 4850 ι
2103 4801 2304 4851 Annos
2333 4797 2675 4852 coeuntium
2727 4796 2882 4851 mitti
2915 4797 2977 4851 in
3009 4798 3244 4870 digitos,
3277 4797 3543 4870 exemplo
3576 4797 3708 4851 Pla-

2050 4887 2206 4942 tonis
2236 4885 2406 4941 nobis
2436 4885 2814 4958 suffragante,
2862 4903 2980 4941 non
3014 4889 3306 4943 convenit.
3341 4910 3370 4937 »
3403 4890 3516 4942 Eos
3545 4891 3709 4941 certe

2052 4977 2217 5033 Plato
2250 4977 2418 5047 quasi
2441 4975 2739 5046 colloquia
2760 4977 3048 5032 habentes
3079 4978 3530 5048 introducit,qui
3558 4992 3715 5030 nun-

2053 5083 2232 5136 quam
2267 5066 2582 5130 collocuti;
2616 5071 2675 5118 et
2717 5082 2787 5120 ea
2831 5067 3156 5122 nonnullos
3207 5083 3364 5138 saepe
3395 5067 3715 5137 loquentes

2053 5158 2462 5226 repraesentat,
2488 5155 2558 5208 de
2587 5154 2804 5224 quibus
2827 5155 2914 5209 illi
2941 5173 3252 5226 nunquam
3277 5157 3629 5227 cogitarunt,
3651 5158 3718 5207 et

2056 5261 2185 5314 qua)
2230 5245 2380 5298 scire
2415 5244 2661 5297 minime
2716 5248 3057 5315 potuerunt.
3095 5242 3383 5316 Ἀναγνοὺς
3414 5244 3440 5296 ὁ
3476 5241 3717 5315 Γοργίας

2053 5332 2146 5386 τὸν
2181 5331 2474 5392 Πλάτωνος
2528 5327 2784 5404 ’διάλογον
2842 5332 2978 5405 πρὸς
3037 5330 3166 5393 τοὺς
3227 5332 3500 5406 παρόντας
3540 5329 3716 5398 εἶπεν,

2055 5423 2138 5476 ὃτι
2171 5419 2332 5476 οὐδὶν
2361 5420 2569 5475 τούτων
2603 5416 2727 5474 οὕτε
2759 5420 2924 5489 εἶπεν,
2977 5417 3099 5474 οὔτε
3144 5421 3347 5488 ἢκουσε
3376 5419 3521 5492 παρὰ
3561 5415 3723 5472 Πλά-

2054 5531 2252 5573 τωνος.
2285 5535 2313 5562 ‹‹
2346 5512 2583 5583 Gorgias
2617 5527 2752 5564 eum
2804 5510 3067 5565 Platonis
3117 5512 3416 5583 dialogum
3450 5509 3721 5582 legisset,

2055 5603 2132 5656 iis
2163 5602 2264 5672 qui
2313 5601 2562 5656 aderant
2611 5598 2779 5667 dixit,
2813 5598 2972 5668 quod
3018 5599 3169 5654 nihil
3210 5601 3423 5657 horum
3453 5605 3554 5655 aut
3585 5599 3721 5668 ipse

2060 5691 2298 5760 dixerit,
2355 5696 2458 5746 aut
2487 5706 2522 5744 a
2549 5688 2796 5744 Platone
2847 5688 3156 5747 audiverit.
3190 5711 3219 5741 »
3251 5690 3414 5746 Idem
3446 5688 3518 5744 de
3555 5687 3725 5743 Phae.

2060 5781 2200 5840 done
2227 5778 2408 5836 tradit
2435 5779 2756 5836 Athenaeus
2780 5793 2798 5850 ς
2822 5776 3004 5836 etiam
3033 5779 3105 5836 de
3137 5780 3375 5837 Socrate
3409 5777 3676 5835 Laertius
3704 5790 3726 5849 ε
