3990 6136
283 338 398 399 281
1019 339 1074 400 J.
1124 308 1961 400 PEABSONII'VINBICDE
2000 334 2480 399 lGNA'l‘IANjE.
2523 336 2592 386 ·-
2641 339 2850 401 PARS
2896 338 2974 400 Π.
3585 339 3703 404 282

287 471 426 526 Φασὶ
459 472 518 526 δὲ
549 471 642 526 καὶ
702 471 1005 547 Σωκράτην
1045 473 1344 529 ἀκούσαντα
1397 473 1490 528 τὸν
1532 471 1696 527 Λύσιν
1749 473 1912 544 ἀναγιι

2065 472 2454 528 Vindiciarum
2500 479 2688 544 parte,
2749 475 3074 530 necessitas
3122 473 3434 542 incumbit,
3484 474 3589 529 sed
3647 478 3709 530 et

289 563 612 624 νώσκοντος
671 561 992 630 Πλάτωνος,
1046 563 1353 637 Ἡράκλεις,
1414 563 1604 631 εἰπεῖν,
1656 562 1730 624 ὡς
1759 559 1908 616 πολλ

2049 561 2277 629 lectori,
2303 562 2402 631 qui
2435 562 2547 617 sibi
2571 562 2770 618 fucum
2817 563 2943 618 ﬁeri
2989 562 3156 627 nolit,
3190 562 3436 618 nimiam
3487 563 3708 618 sollicic

291 672 397 724 μου
428 648 784 724 κατεψΕὖδεΎ
827 653 855 706 ὁ
885 652 1182 725 νεανίσκος,
1239 653 1338 708 οὐκ
1389 651 1553 724 ὀλίγα
1580 651 1679 726 γὰρ
1723 652 1795 704 ὧν
1847 651 1948 705 οὐκ

289 737 479 811 εἴρηκε
510 739 815 814 Σωκράτης
873 741 1141 817 γέγραφεν
1201 741 1356 815 ἀνήρ.
1417 764 1446 791 ‹‹
1492 742 1710 796 Ferunt
1767 741 1946 795 etiam

287 830 592 884 Socratem
623 847 756 884 cum
788 831 1092 886 Platonem
1132 834 1314 903 Lysim
1364 831 1716 886 recitantem
1754 828 1947 884 audis-

287 919 558 990 set,proh
575 920 863 976 llercules
887 919 1542 991 lexclamavisse,quam
1557 920 1746 975 multa
1762 919 1832 973 de
1850 935 1944 973 me

284 1008 775 1064 adolescentulus
806 1011 1093 1065 mentitus
1116 1011 1251 1065 est?
1277 1011 1405 1064 Non
1455 1025 1644 1082 pauca
1675 1009 1828 1063 enim
1877 1024 1946 1062 ex

282 1097 376 1151 his
405 1114 537 1168 quae
571 1099 842 1154 Socrates
876 1116 1181 1170 nunquam
1242 1099 1408 1166 dixit,
1468 1100 1556 1152 vir
1601 1099 1700 1152 ille
1733 1097 1946 1151 litteris

281 1187 607 1243 mandavit.
643 1210 670 1237 »
699 1189 844 1242 Cum
878 1188 1059 1261 igitur
1080 1190 1350 1244 Socrates
1382 1186 1698 1258 aliquando
1729 1187 1792 1240 in
1815 1185 1945 1240 dia-

282 1277 414 1349 logo
443 1279 716 1333 Platonis
751 1279 1148 1334 introducitur
1177 1279 1248 1334 de
1279 1279 1351 1333 iis
1405 1278 1583 1334 rebus
1623 1278 1942 1350 disserens,

283 1386 412 1441 qua:
445 1375 584 1441 post
613 1369 1028 1441 magistratum
1089 1370 1357 1426 Lachetis
1395 1370 1792 1440 contigerunt,
1825 1384 1946 1423 non

279 1459 634 1531 potestinde
664 1460 861 1532 colligi
894 1461 1192 1514 Socratem
1213 1476 1280 1514 ea
1295 1464 1464 1514 aetate
1499 1459 1556 1512 in
1580 1458 1720 1512 vivis
1740 1458 1944 1524 fuisse,

278 1547 381 1602 sed
412 1547 729 1602 Platonem
763 1554 899 1619 post
930 1555 1182 1604 mortem
1207 1548 1464 1604 Socratis
1486 1547 1785 1618 dialogum
1808 1547 1946 1602 scri-

277 1637 495 1706 psisse,
527 1636 738 1706 illique
774 1653 923 1706 quos
945 1638 1068 1708 ipse
1088 1636 1274 1692 voluit
1304 1652 1612 1692 sermones
1635 1635 1942 1691 tribuisse-

281 1725 504 1779 Omnes
564 1725 745 1796 igitur
792 1726 1226 1781 Socraticorum
1284 1725 1566 1797 epistolas
1614 1724 1686 1780 ab
1725 1724 1944 1779 Allatio

2051 649 2319 705 tudinem
2352 658 2532 718 creat,
2559 652 2658 723 qui
2690 653 2890 708 minus
2923 658 3147 707 attente
3179 652 3411 724 singula
3433 653 3706 708 conside-

2053 744 2161 802 ret,
2196 745 2255 793 et
2275 757 2474 794 rerum
2529 741 2897 796 differentias
2966 757 3205 813 semper
3261 741 3574 796 observare
3606 748 3708 797 aut

2052 844 2171 881 non
2205 829 2361 896 velit,
2398 837 2499 884 aut
2531 847 2650 885 non
2707 831 2916 901 possit,
2952 831 3327 886 manifestam
3371 831 3705 902 praejudicii

2052 918 2426 972 occasionem
2470 919 2785 975 ministrat.
2819 921 3095 974 Fatemur
3150 937 3260 974 nos
3317 919 3702 976 libentissime

2052 1005 2240 1061 multa
2263 1007 2323 1060 in
2354 1008 2572 1078 spuriis
2604 1008 2892 1079 epistolis,
2950 1009 3136 1064 multa
3171 1010 3232 1064 in
3291 1009 3703 1082 interpolatio-

2051 1093 2227 1148 nibus
2260 1100 2319 1148 et
2339 1101 2674 1168 temporum
2710 1098 2885 1153 fidem
2919 1099 3253 1169 pulsare,et
3280 1101 3467 1156 sancti
3496 1099 3702 1172 lgnatii

2051 1182 2316 1237 moribus
2362 1201 2714 1258 repugnare.
2773 1193 2831 1242 et
2886 1187 3209 1243 dictionem
3268 1189 3396 1258 ejus
3452 1189 3700 1243 minime

2049 1271 2292 1327 referre.
2328 1275 2525 1345 Neque
2557 1276 2730 1331 aliter
2777 1277 2903 1332 fieri
2929 1279 3194 1347 potuisse
3224 1285 3500 1349 putamus
3531 1295 3546 1332 :
3578 1279 3698 1332 imo

2053 1361 2192 1416 inde
2223 1371 2637 1436 argumentum
2670 1367 2944 1423 ducimus
2975 1369 3118 1422 satis
3161 1374 3432 1439 apertum
3465 1374 3522 1424 et
3569 1369 3702 1423 effi-

2053 1454 2375 1524 cax,quod,
2409 1471 2541 1510 cum
2577 1456 2746 1511 ﬁctor
2775 1458 3027 1512 aliarum
3061 1458 3470 1528 epistolarum,
3527 1463 3585 1513 et
3605 1459 3701 1513 in-

2053 1542 2376 1612 terpolator
2404 1549 2674 1600 verarum
2711 1551 2963 1617 uterque
2994 1549 3114 1602 veri
3145 1549 3352 1619 lgnatii
3385 1548 3614 1616 simius,
3641 1553 3700 1602 et

2052 1646 2158 1700 pro
2188 1648 2294 1686 suo
2317 1633 2556 1688 modulo
2602 1635 2986 1707 archetypum
3019 1642 3187 1692 caute
3235 1643 3693 1710 reprwsentans,

2052 1723 2173 1774 tam
2200 1719 2374 1776 facile
2415 1728 2591 1793 atque
2636 1724 2948 1780 manifeste
3004 1726 3346 1797 imposturze
3399 1733 3695 1796 teneatur,

281 1813 499 1882 editas,
536 1832 671 1869 cum
708 1815 972 1881 aliunde,
1007 1821 1133 1870 tum
1169 1833 1239 1870 ex
1297 1821 1631 1886 temporum
1686 1815 1937 1884 ratione,
1970 1844 2016 1909 B
2051 1814 2172 1863 tam
2197 1827 2353 1881 saepe
2377 1816 2645 1883 tempora
2667 1813 3138 1882 confundat,tam
3163 1814 3402 1871 alienae
3418 1817 3695 1887 martyris

278 1919 402 1958 non
425 1904 500 1958 ab
534 1905 608 1958 iis
638 1905 855 1975 quibus
879 1905 1221 1960 tribuuntur
1245 1904 1626 1975 scriptas,sed
1644 1903 1715 1959 ab
1734 1904 1932 1974 aliquo

268 1993 584 2065 philologo
614 1993 900 2048 confictas
931 1993 1114 2049 fuisse
1147 1998 1398 2050 constat.

343 2082 542 2146 Quare
577 2100 710 2137 cum
735 2083 955 2155 scripta
1003 2082 1111 2138 sub
1143 2082 1356 2138 alienis
1379 2083 1722 2138 nominibus
1755 2083 1932 2154 edita,

272 2187 340 2225 ac
371 2171 708 2242 prasertim
748 2171 1035 2244 epistolas,
1069 2173 1178 2227 hoc
1232 2172 1407 2226 modo
1465 2171 1716 2243 prodere
1748 2190 1809 2228 se
1840 2191 1929 2229 so-

273 2261 462 2328 leant,
496 2277 618 2315 non
649 2261 899 2317 minimo
953 2267 1298 2333 argumento
1357 2266 1466 2327 est,
1499 2263 1711 2334 lgnatii
1743 2264 1931 2318 nostri

273 2351 564 2423 epistolas
596 2352 885 2423 genuinas
917 2367 1064 2420 esse,
1086 2350 1244 2422 quod
1277 2351 1428 2405 nihil
1459 2352 1518 2406 in
1543 2351 1658 2406 illis
1683 2353 1930 2422 reperiri

271 2442 485 2513 possit,
521 2441 679 2512 quod
701 2443 876 2497 aliam
910 2459 1015 2497 seu
1045 2442 1436 2514 posteriorem
1461 2447 1695 2497 aetatem
1718 2443 1928 2514 sapiat,

274 2533 436 2605 quod
458 2539 595 2606 post
627 2539 691 2588 lO
713 2536 948 2608 Trajani
1005 2552 1231 2590 annum
1285 2535 1532 2607 scriptas
1563 2535 1744 2591 fuisse
1776 2535 1929 2590 evin-

274 2633 387 2682 cat.
421 2626 681 2682 Dallaeus
714 2627 996 2697 epistolas
1027 2626 1184 2698 ipsas
1208 2648 1236 2675 «
1269 2625 1716 2681 accuratissime
1740 2626 1928 2697 inspi-

276 2716 458 2784 ciens,
493 2720 554 2770 et
583 2715 1037 2786 diligentissime
1071 2716 1316 2784 rimans,
1352 2735 1380 2764 »
1411 2713 1561 2769 nihil
1593 2714 1786 2770 adhuc
1815 2715 1928 2769 hu-

267 2806 365 2876 jus
394 2804 657 2878 generis,
687 2811 752 2860 ut
783 2822 917 2859 mox
949 2804 1355 2872 ostendemus,
1388 2803 1653 2860 offendit.
1682 2803 1847 2870 Quod
1879 2804 1927 2859 si

276 2896 368 2949 hic
395 2895 928 2966 circumspectator
950 2911 1084 2948 cum
1107 2893 1411 2949 emissitiis
1433 2892 1614 2948 oculis
1637 2892 1752 2948 tale
1775 2892 1927 2947 nihil

276 2983 543 3038 invenire
577 2984 790 3055 potuit,
825 2982 1210 3038 metuendum
1244 2999 1362 3036 non
1418 2982 1529 3037 erit
1584 2998 1659 3037 ne
1708 2981 1780 3037 ab
1810 2983 1926 3037 alio

274 3078 482 3142 postea
511 3072 573 3127 id
604 3073 728 3127 ﬁat.
761 3071 983 3137 Quibus
1014 3071 1088 3126 ad
1117 3071 1474 3126 sententiam
1497 3077 1763 3126 nostram
1783 3088 1924 3126 con-

275 3162 632 3217 ﬁrmandam
664 3161 1008 3234 praelibatis,
1041 3161 1115 3216 ad
1147 3177 1216 3216 ea
1254 3160 1477 3230 aliquid
1513 3160 1924 3232 reponendum

275 3251 612 3322 est,quibus
640 3251 890 3322 probare
922 3250 1131 3305 nititur
1161 3251 1248 3304 vir
1279 3250 1678 3316 doctissimus,
1702 3251 1922 3323 episto-

271 3339 357 3394 las
379 3341 592 3411 lgnatii
652 3340 904 3395 Eusebio
962 3341 1314 3411 cognitas,et
1343 3345 1427 3394 tot
1453 3340 1688 3395 saeculis
1717 3357 1922 3411 appro-

268 3430 459 3500 batas,
492 3448 600 3486 nec
633 3431 789 3485 aetati
823 3447 938 3500 qua
969 3431 1223 3501 scriptas,
1255 3446 1367 3485 nec
1398 3431 1503 3484 viri
1537 3447 1571 3486 a
1601 3448 1716 3501 quo
1750 3431 1922 3486 editae

270 3535 401 3574 esse
434 3520 734 3584 dicuntur,
767 3519 1003 3591 ingenio
1033 3524 1091 3574 et
1119 3518 1386 3574 moribus
1431 3535 1776 3590 congruere.

341 3609 455 3663 Sed
511 3610 859 3680 priusquam
909 3609 984 3664 ad
1049 3615 1396 3681 argumenta
1446 3609 1918 3665 adversariorum

265 3699 617 3753 ventilanda
649 3715 741 3753 me
773 3700 1100 3770 accingam,
1134 3715 1253 3752 non
1285 3715 1526 3770 possum
1551 3715 1672 3753 non
1722 3699 1919 3754 obser-

267 3804 402 3842 vare
450 3787 759 3855 Dalleeum,
810 3788 912 3859 qui
956 3787 1249 3860 Ignatium
1293 3787 1665 3859 epistolicum
1698 3788 1759 3842 in
1789 3789 1917 3860 ipso

262 3877 466 3948 operis
489 3877 580 3932 sui
608 3877 816 3932 limine
851 3877 1018 3948 quasi
1052 3877 1378 3948 Geryonem
1401 3877 1685 3948 depinxit,
1721 3878 1781 3932 in
1803 3878 1917 3933 dis-

263 3965 530 4038 putando
562 3965 968 4037 bicorporeum
1003 3965 1202 4037 plane,
1226 3965 1316 4020 vel
1351 3967 1776 4036 tricorporeum
1809 3985 1910 4038 ap-

263 4072 496 4127 parere,
526 4061 585 4110 et
604 4061 953 4127 argumenta
1003 4072 1109 4110 sua
1158 4060 1283 4109 tum
1315 4061 1523 4110 contra
1552 4057 1914 4112 Eusebianas

261 4149 492 4197 veteres
514 4143 817 4214 epistolas,
839 4149 966 4197 tum
989 4147 1196 4197 contra
1208 4144 1733 4210 commentitias,et
1753 4145 1913 4215 ipsas

259 4232 442 4287 etiam
475 4231 965 4302 interpolationes
988 4231 1262 4288 fabricari
1290 4237 1466 4302 atque
1497 4232 1786 4305 dirigere;
1810 4232 1911 4287 ad-

260 4339 450 4392 eoque
481 4337 603 4377 non
636 4327 862 4376 tantum
893 4322 1176 4378 adversus
1198 4323 1497 4379 Usserium
1521 4328 1580 4377 et
1599 4324 1914 4378 Hammon-

259 4410 422 4480 dum,
461 4411 566 4466 sed
599 4418 657 4465 et
687 4417 892 4467 contra
924 4413 1620 4480 Baronium,Halloixium
1643 4413 1911 4482 aliosque

258 4518 330 4556 ex
374 4502 598 4556 Latinis
657 4502 936 4570 militare,
987 4519 1145 4557 nunc
1186 4502 1297 4571 his,
1341 4519 1499 4557 nunc
1531 4503 1650 4557 illis
1675 4503 1908 4574 alapam

2047 1897 2314 1952 moribus
2348 1899 2561 1967 tradat,
2594 1907 2802 1956 auctor
2829 1901 3298 1959 Eusebianarum
3346 1902 3437 1958 vel
3466 1920 3535 1958 eo
3567 1905 3694 1975 ipso

2044 2005 2215 2044 verus
2239 1991 2496 2062 Ignatius
2537 2001 2838 2064 appareat,
2873 1995 3031 2065 quod
3090 2001 3358 2068 tempora
3387 2010 3695 2066 nunquam

2043 2079 2386 2147 confundat,
2417 2081 2576 2152 quod
2607 2083 2757 2138 nihil
2789 2083 2862 2139 ab
2896 2085 3118 2157 Ignatio
3169 2085 3432 2140 alienum
3464 2084 3691 2143 doceat.

2699 2194 2930 2248 CAPUT
2965 2195 3036 2251 ΙΙ.

2041 2281 2440 2352 Argumentum
2475 2280 2664 2336 Dallaei
2710 2299 2743 2336 a
2803 2289 3048 2352 tempore
3104 2284 3329 2339 ductum
3386 2283 3686 2352 refellitur.

2109 2351 2362 2424 Ignatius
2392 2352 2622 2424 inultum
2673 2351 2984 2409 haereticum
3032 2356 3361 2410 nominavit.
3421 2351 3686 2424 Cteobius,

2109 2423 2575 2498 sivegleobulus,
2607 2424 2780 2492 primi
2836 2426 3026 2482 swculi
3082 2427 3388 2484 haereticus.
3449 2423 3687 2498 Insignis

2107 2493 2164 2570 S.
2202 2495 2526 2570 Hieronymi
2557 2495 2703 2570 locus
2731 2499 2851 2565 fuse
2904 2498 3236 2570 explicatur,
3287 2508 3335 2554 et
3387 2501 3455 2553 ab
3485 2493 3689 2570 impor-

2110 2566 2256 2640 tunis
2287 2566 2483 2640 Dallaai
2511 2567 2842 2640 conjecturis
2893 2566 3233 2636 defenditur.
3297 2566 3686 2640 lgnatiusnon

2106 2637 2328 2712 scripsit
2370 2643 2571 2712 contra
2597 2711 2604 2712 ί
2630 2639 2981 2705 Theodotum,
3037 2641 3131 2695 sed
3177 2637 3425 2696 haeresim
3461 2644 3578 2712 ejus
3627 2645 3686 2696 in

2111 2706 2316 2761 Ebione
2347 2707 2650 2763 damnavit.

2109 2814 2181 2867 Ut
2210 2830 2279 2869 ea
2337 2832 2468 2884 quas
2525 2817 2614 2871 vir
2643 2816 3023 2874 doctissimus
3081 2819 3360 2874 adversus
3399 2819 3680 2891 epistolas

2036 2902 2287 2958 Eusebio
2319 2905 2584 2976 cognitas
2633 2923 2702 2962 ex
2732 2907 2878 2978 ipsis
2909 2908 3254 2976 observavit,
3289 2908 3512 2964 nullam
3558 2926 3682 2965 om-

2035 2992 2179 3046 nino
2199 2993 2271 3048 ad
2296 3010 2500 3050 earum
2523 2997 2934 3053 auctoritatem
2961 2998 3432 3054 imminuendam
3451 2999 3566 3054 vim
3581 3000 3683 3054 ha-

2034 3081 2175 3137 bere
2198 3083 2530 3153 ostendam,
2565 3085 2775 3142 eodem
2805 3088 3012 3143 ordine
3063 3103 3180 3159 quo
3213 3089 3314 3144 ille
3336 3089 3683 3160 perscripsit

2036 3171 2376 3243 singulatim
2408 3175 2609 3229 omnia
2630 3192 2974 3248 persequar.
3004 3178 3218 3249 Incipit
3246 3184 3446 3233 autem
3491 3177 3564 3234 ab
3586 3195 3682 3233 ar-

2033 3266 2314 3331 gumento
2347 3267 2668 3334 atempore
2733 3265 2931 3335 ducto,
2995 3271 3053 3321 et
3085 3268 3277 3338 capite
3329 3269 3394 3322 10
3423 3267 3684 3322 affirmat

2035 3370 2062 3398 «
2096 3366 2216 3403 non
2238 3366 2424 3420 pauca
2454 3353 2675 3421 passim
2727 3370 3036 3408 occurrere
3066 3373 3197 3426 quas
3254 3362 3467 3410 statam
3499 3363 3678 3426 atque

2031 3438 2338 3494 immotam
2371 3445 2704 3512 temporum
2738 3443 2938 3508 fidem,
2970 3445 3366 3499 certissimum
3414 3445 3677 3500 veritatis

2027 3528 2330 3600 κριτήριον,
2389 3530 2641 3600 graviter
2686 3532 2926 3602 pulsant
2981 3550 3048 3588 ac
3105 3533 3462 3588 convellunt.
3498 3556 3527 3584 ››
3562 3539 3674 3605 Ego

2026 3633 2216 3671 veroe
2247 3619 2544 3673 contrario
2603 3636 2825 3689 assero,
2877 3621 2937 3675 in
2986 3621 3139 3676 fictis
3197 3628 3254 3676 et
3301 3622 3675 3692 interpolatis

2027 3707 2485 3776 quamplurima,
2521 3709 2624 3763 sed
2647 3726 2839 3780 neque
2869 3711 3090 3781 passim
3124 3727 3316 3780 neque
3340 3727 3459 3764 non
3487 3727 3676 3781 pauca

2024 3794 2379 3858 istiusmodi,
2417 3797 2534 3850 imo
2567 3797 2738 3868 plane
2761 3814 2827 3853 ac
2851 3815 3092 3869 prorsus
3114 3800 3280 3853 nulla
3308 3801 3369 3854 in
3402 3799 3671 3870 epistolis

2025 3899 2172 3952 quas
2194 3885 2381 3939 nostri
2413 3885 3160 3957 defendunt,reperiri.Sed
3183 3909 3209 3937 «
3231 3904 3436 3942 earum
3458 3893 3669 3944 auctor

2022 3973 2093 4028 de
2125 3974 2328 4029 multis
2352 3975 2646 4030 haereticis
2678 3981 2854 4046 atque
2884 3976 3212 4031 lizeresibus
3233 3983 3367 4048 post
3386 3977 3663 4046 martyris

2021 4062 2261 4118 demum
2280 4070 2533 4119 mortem
2554 4065 2794 4132 exortis,
2829 4066 3048 4136 passim
3071 4065 3391 4136 loquitur.»
3421 4067 3509 4120 Ita
3537 4066 3663 4120 ille.

2019 4153 2135 4206 Nos
2165 4158 2363 4207 autem
2395 4170 2530 4208 cum
2560 4153 2812 4209 Eusebio
2841 4154 3259 4224 antiquitatum
3308 4154 3665 4210 ecclesiasti-

2023 4257 2224 4296 carum
2256 4242 2620 4312 peritissimo
2651 4243 2926 4312 fatemur,
2961 4244 3253 4315 Ignatium
3284 4244 3513 4314 aliquas
3544 4245 3670 4300 has-

2022 4344 2182 4382 reses
2212 4329 2766 4398 perstrinxisse,sed
2799 4346 2897 4384 eas
2928 4330 3359 4399 tantummodo,
3379 4349 3510 4402 quin
3530 4338 3671 4387 tunc

2021 4418 2469 4488 temporis,cum
2500 4418 2599 4472 ille
2627 4419 2948 4489 scripsit,et
2968 4426 3287 4491 antequam
3318 4423 3670 4493 martyrium

2019 4524 2231 4578 passus
2254 4512 2359 4571 est,
2381 4513 2597 4563 exortes
2620 4509 2857 4564 fuerant
2882 4525 2894 4574 ;
2931 4510 3108 4580 idque
3137 4511 3512 4566 verissimum
3537 4527 3664 4566 esse

256 4591 606 4663 impingere.
643 4592 761 4646 Hoc
809 4596 1005 4646 autem
1054 4597 1175 4646 tam
1226 4592 1498 4664 perplexe
1547 4593 1707 4658 facit,
1740 4599 1806 4647 ut
1853 4599 1912 4648 et
1941 4585 1986 4651 D
2019 4595 2452 4651 contendimus.
2514 4600 2789 4663 Rursum,
2824 4620 2850 4648 ι(
2917 4599 3226 4669 quosdam,
3273 4601 3488 4671 inquit,
3539 4601 3667 4671 ejus

257 4678 545 4735 lectorum
589 4680 780 4735 oculis
821 4681 1102 4736 nebulam
1151 4682 1453 4752 obtendat,
1496 4688 1554 4737 et
1595 4683 1907 4737 sententias

257 4775 475 4824 nostras
507 4787 665 4840 saepe
726 4770 976 4826 insidias
1035 4776 1270 4835 struat;
1320 4772 1460 4826 dum
1521 4772 1907 4840 Eusebianas,

257 4878 399 4931 quas
429 4861 618 4916 nostri
655 4861 944 4932 genuinas
991 4877 1120 4915 esse
1179 4861 1568 4933 contendunt,
1602 4879 1724 4918 non
1774 4862 1908 4918 aliis

258 4952 435 5005 armis
467 4950 729 5022 dejicere
763 4955 1030 5017 conatur,
1057 4968 1236 5022 quam
1271 4949 1342 5004 iis
1374 4953 1592 5022 quibus
1643 4953 1909 5023 interpo-

254 5036 504 5094 lationes
535 5039 840 5109 rejiciunt,
874 5044 932 5092 et
960 5056 1144 5095 novas
1174 5045 1232 5094 et
1280 5041 1722 5096 commentitias
1781 5041 1904 5113 epi-

253 5129 429 5182 stolas
461 5133 776 5199 respuunt.
810 5127 1130 5183 Profitetur
1176 5131 1301 5200 ipse
1335 5147 1396 5184 se
1426 5151 1454 5179 «
1511 5131 1621 5185 hoc
1653 5131 1903 5203 lgnatia-

252 5232 456 5271 narum
477 5217 865 5287 epistolarum
877 5218 1176 5289 negotium
1207 5219 1386 5273 simul
1409 5219 1710 5290 semelque
1729 5225 1908 5280 totum

253 5311 502 5362 tractare
553 5328 580 5356 ιο
642 5306 814 5369 velle.
851 5307 1009 5377 quod
1065 5323 1175 5362 nos
1228 5313 1286 5363 et
1344 5326 1494 5382 aegre
1535 5310 1803 5381 ferimus,
1846 5317 1903 5367 et

253 5395 493 5449 minime
529 5394 659 5449 ﬁeri
687 5393 962 5450 debuisse
995 5395 1427 5452 contendimus.
1463 5399 1596 5454 Haec
1625 5401 1787 5455 enim
1809 5418 1899 5456 re-

2016 4686 2327 4740 commatis
2354 4687 2627 4742 nominat
2655 4687 2896 4755 diserte,
2931 4693 2988 4742 et
3040 4706 3188 4759 quos
3219 4707 3340 4745 non
3374 4691 3665 4755 nominat,

2018 4791 2223 4829 eorum
2247 4780 2446 4829 tamen
2470 4775 2745 4845 dogma-ta
2767 4777 2849 4831 ita
2870 4777 3047 4846 plane
3069 4795 3137 4832 ac
3157 4780 3467 4848 perspicue
3486 4778 3667 4830 inter-

2017 4864 2157 4919 dum
2192 4865 2450 4935 exponit,
2475 4869 2541 4918 ut
2586 4881 2735 4934 quos
2768 4865 3058 4936 intelligat
3078 4866 3336 4920 dubitari
3359 4882 3479 4919 non
3528 4882 3667 4934 pos-

2015 4954 2110 5008 sit.
2144 4973 2166 5004 ν
2201 4955 2316 5008 Nos
2343 4958 2662 5024 utrumque
2685 4954 2868 5008 libere
2921 4961 2979 5008 et
3020 4959 3220 5026 aperte
3272 4955 3484 5010 falsum
3535 4970 3663 5008 esse

2015 5041 2268 5096 dicimus
2293 5058 2306 5094 :
2333 5047 2389 5096 et
2410 5042 2717 5111 hucusque
2739 5042 3136 5097 assertionum
3167 5042 3330 5097 nuda
3358 5041 3660 5096 contentio

2014 5136 2104 5185 est
2136 5129 2257 5195 ;ait
2279 5128 2398 5198 ille,
2426 5146 2535 5184 nos
2566 5147 2870 5201 negamus.

2084 5218 2348 5272 Priorem
2380 5218 2648 5272 ordinem
2679 5219 2856 5273 unico
2885 5219 2996 5273 hoc
3027 5224 3374 5290 argumento
3407 5219 3656 5290 probare

2010 5309 2256 5365 nititur:
2286 5308 2683 5380 Epistolarum
2741 5315 2948 5364 auctor
2976 5332 3003 5360 ‹‹
3038 5311 3330 5378 Basilidis,
3372 5312 3656 5369 Theodoti

2011 5405 2069 5454 et
2097 5397 2360 5455 Cleobuli
2382 5397 2506 5452 edit
2524 5398 2770 5453 nomina
2799 5399 2862 5452 in
2893 5399 3144 5469 epistola
3189 5401 3263 5456 ad
3308 5403 3658 5459 Trallianos.

253 5499 377 5537 rum
409 5483 662 5538 confusa
691 5485 964 5539 tractatio
1005 5500 1127 5538 nou
1159 5491 1387 5540 tantum
1420 5487 1564 5541 mihi
1597 5489 1900 5560 negotium
2007 5489 2213 5544 Athos
2247 5494 2365 5543 tres
2394 5493 2528 5558 post
2556 5487 2764 5555 lgnatii
2799 5489 3147 5560 martyrium
3179 5493 3446 5563 erupisse
3495 5498 3656 5549 certo

249 5571 483 5628 facessit
514 5573 609 5627 cui
664 5577 954 5644 perpetua
1005 5573 1408 5646 distinguendi
1459 5580 1516 5631 et
1561 5578 1820 5650 genuina
1866 5595 1902 5634 a
2007 5582 2320 5633 constat.»
2365 5577 2443 5631 De
2475 5577 2890 5634 haereticorum
2921 5578 3136 5635 horum
3157 5586 3327 5637 astate
3359 5599 3655 5640 nuncnon

247 5661 461 5731 spur-iis
492 5660 970 5728 discriminandi,
1028 5661 1139 5718 hac
1185 5664 1518 5735 praesertim
1581 5667 1899 5737 posteriori
2007 5667 2268 5737 disputo,
2291 5666 2362 5723 de
2412 5666 2665 5724 Basilide
2688 5674 2897 5742 postea
2923 5674 3166 5728 acturus
3202 5689 3218 5743 ;
3247 5671 3394 5730 illud
3424 5677 3658 5738 tantum
