3990 6136
266 322 383 382 283

1324 329 1390 388 Ξ.
1435 319 1827 387 IGNATIUS.
1872 349 1951 364 --
1993 311 2612 378 PROLEGOMENA.

3557 318 3674 378 284

266 456 785 528 inpraesentiarum
815 477 1050 528 moneo,
1086 461 1244 534 quod
1272 461 1411 516 huic
1441 463 1789 532 argumento
1814 473 1906 511 re-
1941 458 1984 520 Α
2021 449 2262 516 mentio,
2294 447 2466 516 nihil,
2498 451 2563 502 ut
2601 446 2833 518 opinor,
2884 445 3057 518 cogit.
3086 468 3113 498 ››
3165 448 3288 503 Imo
3322 465 3455 504 vero
3534 451 3687 522 cogit

267 545 522 602 fellendo
571 548 806 604 abunde
868 551 1146 619 sufﬁciat,
1181 555 1486 606 auctorem
1529 547 1917 620 epistolarum

265 635 682 692 haereticorum
700 640 996 694 neminem
1025 641 1330 696 nominare
1353 638 1706 706 voluisse,ab
1726 653 1918 691 eorum

266 726 534 780 omnium
597 729 1049 783 nomenclatura
1081 730 1151 784 de
1204 729 1498 783 industria
1520 727 1908 782 abstinuisse.

262 813 350 867 Ita
381 815 543 869 enim
567 816 693 886 ipse
714 816 977 886 loquitur
1021 818 1092 872 de
1145 818 1440 873 haereticis
1476 817 1549 871 ad
1583 817 1916 886 Smyrnaaos

265 903 680 958 scribens.sz
737 902 796 957 δὲ
846 905 1088 977 ὀνόματα
1146 905 1322 960 αὐτῶν
1382 903 1513 959 ὄντα
1565 905 1766 958 ἄπιστα
1818 903 1918 957 οὐκ

264 985 412 1060 ἕδοξὲ
437 1013 531 1062 μοι
553 991 832 1066 ἐγγράψαι·
867 993 1013 1049 ἀλλὰ
1048 993 1189 1067 μηδὲ
1217 994 1430 1070 γένοιτό
1467 995 1753 1067 μοιαύτῶν
1780 1013 1913 1065 μνη-

269 1079 509 1149 μονεύειν
547 1080 742 1156 μέχρις
777 1083 838 1136 οὗ
872 1087 1302 1155 μετανοήσωσιν.
1357 1088 1534 1140 Vetus
1572 1085 1867 1154 interpres
1899 1100 1912 1137 :

265 1188 293 1217 ‹‹
336 1169 586 1225 Nomina
615 1177 812 1226 autem
836 1173 1099 1244 ipsorum
1134 1175 1479 1230 exsistentia
1500 1173 1768 1228 inﬁdelia
1796 1190 1916 1227 non

267 1258 453 1312 visum
513 1268 602 1314 est
649 1263 794 1316 mihi
858 1264 1219 1319 inscribere:
1255 1265 1357 1319 sed
1390 1280 1583 1333 neque
1641 1264 1741 1316 ﬁat
1773 1262 1915 1316 mihi

263 1347 528 1418 ipsorum
560 1352 856 1406 recordari
890 1370 1077 1423 usque
1139 1371 1253 1423 quo
1315 1353 1657 1424 pueniteant.
1693 1375 1720 1401 »
1752 1350 1917 1414 Quod

263 1438 446 1491 animi
489 1441 858 1510 propositum
911 1443 1184 1514 religiose
1216 1444 1277 1496 in
1303 1442 1548 1512 reliquis
1580 1443 1757 1494 etiam
1791 1440 1915 1510 epi-

264 1526 430 1580 stolis
463 1531 849 1598 conservavit,
879 1531 1024 1586 adeo
1069 1538 1132 1586 ut
1162 1533 1386 1587 nullius
1419 1547 1678 1602 unquam
1726 1530 1915 1583 haere-

263 1613 361 1668 tici
395 1615 656 1672 hominis
691 1636 909 1673 nomen
959 1621 1231 1676 ediderit.
1282 1623 1506 1676 Auctor
1561 1625 1719 1674 certe
1780 1618 1913 1688 epi-

267 1707 433 1762 stolas
459 1709 533 1762 ad
585 1709 931 1776 Trallianos,
985 1710 1011 1762 6
1068 1706 1407 1783 δημιουργὸς
1474 1713 1571 1773 τῆς
1632 1705 1914 1771 θεσπεσίας

263 1793 583 1864 ὶπιστολῆς,
615 1802 680 1851 ut
729 1797 990 1867 loquitur
1029 1800 1330 1868 Synesius,
1365 1797 1700 1863 Basilidem,
1734 1797 1916 1851 Theo-
1946 1819 1992 1884 Β

264 1883 470 1938 dotum
501 1891 601 1940 aut
657 1887 1006 1942 Cleobulum
1071 1904 1378 1958 nunquam
1411 1887 1756 1955 nominavit,
1805 1885 1908 1940 sed

263 1974 688 2044 interpolator;
729 1997 756 2026 ‹‹
786 1977 982 2032 omnis
996 1977 1588 2048 auteminterpolatio
1620 1977 1911 2048 posterior

262 2063 559 2118 credenda
590 2071 697 2132 est,
733 2089 760 2114 ››
810 2071 874 2121 ut
933 2066 1198 2136 loquitur
1225 2066 1642 2122 Tertullianus.
1693 2067 1908 2120 Eorum

263 2153 506 2207 nomina
547 2154 608 2208 in
660 2155 893 2210 laciniis
926 2156 1082 2210 illius
1141 2155 1407 2226 epistola:
1458 2156 1614 2210 inter
1663 2155 1911 2209 miniata

262 2242 641 2312 reperiuntur
674 2260 686 2309 ;
721 2245 782 2297 in
815 2245 1016 2299 codice
1049 2245 1476 2310 Florentino,et
1507 2245 1709 2299 Latino
1733 2244 1909 2298 inter-

260 2336 425 2401 prete
448 2331 680 2388 sincero
713 2351 833 2389 non
855 2339 1180 2405 apparent;
1215 2335 1288 2389 ad
1321 2335 1637 2390 Baronium
1658 2334 1908 2388 fortasse

263 2426 319 2474 et
349 2421 727 2490 Halloixium,
760 2424 834 2477 ad
866 2440 976 2478 nos
1005 2440 1126 2477 non
1159 2424 1403 2478 omnino
1442 2425 1761 2493 pertinent.

335 2532 520 2598 Atque
542 2530 668 2584 haec
689 2529 764 2584 ad
789 2533 848 2584 lO
870 2536 1045 2602 caput
1062 2531 1367 2601 responsio
1392 2530 1664 2585 sufﬁcere
1687 2535 1906 2602 posset,

260 2617 374 2670 nisi
396 2634 530 2672 cum
553 2618 656 2672 illa
683 2619 862 2674 verba
885 2636 953 2674 ex
985 2644 1004 2668 π
1043 2637 1148 2675 suo
1171 2620 1380 2691 lgnatii
1416 2619 1588 2674 simio
1615 2641 1642 2668 »
1667 2619 1740 2673 ad
1757 2619 1911 2673 Tral-

262 2705 453 2761 lianos
471 2707 712 2762 adducit
732 2725 745 2762 :
773 2729 800 2757 ‹‹
818 2709 1017 2777 Fugite
1036 2710 1213 2764 etiam
1238 2709 1424 2780 ipsius
1447 2709 1912 2777 nequissimine-

261 2801 451 2865 potes,
482 2797 849 2852 Theodotum
883 2804 940 2852 et
969 2798 1339 2865 Cleobulum,
1374 2821 1401 2847 ››
1421 2797 1793 2852 occasionem
1817 2814 1908 2852 ar-

259 2885 484 2955 riperet
497 2888 798 2942 Usserium
817 2889 994 2943 etiam
1010 2894 1068 2943 et
1085 2887 1515 2943 llammondum
1536 2886 1904 2960 suggillandi.

269 2992 290 3020 ι
325 2974 669 3042 Ceobulum,
698 2977 1108 3046 inquit,iistum
1133 2994 1239 3031 sua
1272 2977 1602 3032 obscuritas
1631 2978 1711 3031 ita
1744 2977 1906 3047 tegit,

251 3064 497 3134 utargui
523 3081 642 3118 non
669 3066 923 3133 possit.»
951 3067 1072 3120 lmo
1096 3083 1230 3120 vero
1254 3067 1400 3120 adeo
1420 3065 1799 3136 perspicuum
1822 3071 1910 3119 est

253 3151 603 3205 Cleobulum
637 3152 803 3206 illum
853 3153 1010 3208 inter
1035 3155 1466 3209 vetustissimos
1525 3155 1832 3209 haereticos
1863 3172 1897 3208 a

250 3239 344 3293 SS.
378 3240 650 3294 Patribus
689 3257 818 3296 esse
846 3245 1228 3307 recensitum,
1259 3249 1326 3298 ut
1346 3243 1393 3297 si
1426 3259 1562 3298 eum
1590 3244 1893 3299 nominas-

251 3333 340 3384 set
360 3328 486 3398 ipse
508 3331 988 3400 auctorepistolze
1014 3331 1088 3386 ad
1117 3333 1467 3399 Trallianos,
1493 3332 1659 3387 nulla
1678 3333 1816 3388 inde
1841 3334 1894 3387 ei

250 3416 322 3472 de
354 3418 708 3488 antiquitate
754 3419 826 3473 lis
859 3421 1077 3474 moveri
1109 3427 1335 3491 posset.
1363 3421 1679 3475 Cleobulus
1712 3423 1893 3491 enim,

248 3507 370 3561 sive
402 3507 695 3576 Cleobius,
731 3510 986 3564 Simonis
1017 3509 1344 3580 discipulus
1375 3511 1480 3565 fuit
1508 3527 1522 3577 ;
1560 3510 1715 3565 unde
1737 3511 1898 3566 Cleo-

250 3596 412 3652 biani
445 3614 579 3653 cum
620 3598 999 3654 Dositheanis
1022 3605 1080 3654 et
1111 3600 1423 3654 Gorthenis
1453 3599 1702 3670 aliisque
1733 3602 1893 3655 anti-

252 3687 557 3757 quissimis
589 3688 1193 3743 hzereticisnumerati
1215 3694 1372 3744 sunt.
1409 3691 1470 3745 Β.
1493 3688 1895 3745 Theodoretus

248 3777 448 3830 Berct.
475 3778 592 3844 fab.
630 3777 734 3832 lib.
767 3796 805 3844 ι,
830 3795 958 3849 cap.
993 3782 1044 3846 1,
1077 3777 1150 3832 de
1181 3778 1541 3833 Simonianis
1574 3795 1585 3832 :
1623 3775 1895 3846 Ἐκτῆσδε

244 3868 348 3930 τῆς
407 3865 744 3936 πικρατάτης
798 3864 1102 3943 ἀνεφύησαν
1169 3864 1326 3941 ῥίζης
1387 3861 1684 3921 Κλεοϐοίνοὶ
1746 3868 1893 3941 [lege

247 3947 601 4027 Κλεοϐιανοί]
631 3956 964 4025 Δοσιθεανοὶ,
999 3956 1287 4029 Γορθηνοῖ,
1321 3951 1650 4024 Μασῦόθεοι,
1686 3955 1897 4029 Ἀδρια·

247 4043 448 4110 νισταὶ,
482 4043 818 4118 Εὐτυχηταὶ,
854 4045 1127 4100 Κανισταί.
1156 4052 1228 4102 Et
1257 4047 1358 4100 lib.
1386 4063 1447 4113 ιι,
1471 4064 1525 4102 c.
1563 4052 1613 4114 1,
1646 4047 1748 4102 ubi
1777 4054 1892 4103 tes-

248 4138 408 4188 tatur
438 4135 622 4189 Deum
673 4136 1024 4192 zizaniorum
1075 4151 1350 4208 magnam
1382 4141 1608 4207 partem
1641 4137 1702 4191 in
1743 4136 1896 4191 triti-

250 4239 384 4276 cum
412 4225 791 4294 convertisse,
844 4226 969 4280 bzec
1000 4225 1178 4280 habet
1212 4241 1224 4278 :
1258 4225 1362 4278 Καὶ
1419 4228 1751 4298 μαρτυροῦσι
1804 4227 1894 4280 καὶ

249 4308 445 4371 πόλεις
475 4311 564 4363 καὶ
588 4315 772 4382 κῶμαι
832 4312 922 4365 καὶ
977 4317 1085 4366 τῶν
1150 4311 1398 4382 Σίμωνος
1425 4312 1513 4366 καὶ
1545 4317 1651 4367 τῶν
1683 4314 1892 4370 Μενάν-

251 4393 403 4469 δρου,
435 4397 527 4450 καὶ
587 4394 874 4468 Κλεοϐίου,
932 4402 1021 4454 καὶ
1080 4399 1359 4468 Δοσιθέου,
1399 4403 1489 4456 καὶ
1521 4401 1771 4476 Γορθὲου,
1803 4404 1892 4458 καὶ

253 4483 567 4557 Ἀδριανοῦ,
599 4488 688 4542 καὶ
724 4488 1080 4563 Σατορνίλου,
1140 4492 1228 4545 καὶ
1286 4488 1606 4557 Βασιλίδου,
1640 4492 1732 4546 καὶ
1763 4493 1894 4549 Ἰσι-

2024 539 2273 594 illustris
2305 538 2467 592 locus
2490 535 2799 608 Epiphanii
2834 536 3043 591 haeresi
3095 540 3156 590 51
3198 555 3210 591 :
3243 537 3426 600 Ἔνθεν
3492 539 3584 592 καὶ
3617 539 3666 591 oi

2023 628 2146 702 περὶ
2182 627 2448 697 Κήρινθον
2477 625 2567 678 καὶ
2592 619 2825 680 Ἐϐίωνςι
2849 623 3011 696 ψιλὸν
3031 626 3124 679 τὸν
3157 623 3444 698 ἂνθρωπον
3478 629 3670 682 xci-csa.

2023 716 2247 785 χον,οιαὶ
2275 712 2682 788 Μήρινθον,καὶ
2707 709 2972 769 Κλεόϐιον
3000 712 3176 768 ε’ἶτουν
3204 711 3586 787 Κλεόϐουλον,
3621 720 3680 773 id

2027 815 2133 875 est,
2170 831 2195 860 α
2224 807 2599 862 etCleobium
2620 806 2736 859 sive
2758 805 3127 862 Cleobulum.
3159 831 3177 854 -
3216 809 3347 861 Hzec
3365 809 3682 864 enimsatis

2024 905 2224 969 aperte
2243 894 2853 951 ostendunteumdem
2870 896 3208 950 haereticum
3226 896 3297 950 ab
3317 897 3446 952 aliis
3462 898 3683 953 Cleobi-

2023 985 2224 1050 um,ab
2244 984 2373 1039 aliis
2387 983 2728 1038 Cleobulum
2747 985 3038 1038 nominari
3060 985 3394 1050 solitum,ut
3415 988 3683 1041 eumdem

2025 1075 2359 1129 hzereticum
2373 1073 2472 1128 alii
2493 1072 2964 1139 Saturnilurn,alii
2981 1073 3361 1128 Saturninum
3375 1075 3680 1132 vocabant.

2026 1167 2191 1220 Hunc
2205 1171 2399 1219 autem
2415 1162 3222 1230 Cleobium,siveCleobulum
3236 1183 3369 1220 cum
3392 1167 3612 1222 Ebione
3626 1173 3686 1221 et

2025 1257 2305 1312 Cerintho
2349 1257 2644 1311 Christum
2697 1256 2924 1310 nudum
2979 1257 3283 1312 hominem
3329 1259 3685 1330 praedicasse

2025 1346 2198 1401 docet
2214 1347 2612 1418 Epiphanius:
2645 1351 2704 1399 et
2725 1345 2990 1400 eamdem
3018 1346 3292 1401 haeresim
3315 1349 3684 1404 Theodotum

2025 1435 2297 1490 docuisse
2314 1435 2600 1500 noscitur,
2626 1435 2718 1489 cui
2759 1434 3101 1489 Cleobulum
3122 1435 3392 1508 adjungit
3414 1437 3682 1509 interpo-

2027 1524 2198 1578 lator.
2235 1525 2349 1578 Sua
2400 1525 2578 1596 igitur
2607 1524 2954 1579 Cleobulum
2989 1525 3320 1580 obscuritas
3355 1544 3475 1581 non
3507 1529 3681 1599 tegit.

2101 1616 2176 1668 De
2209 1613 2506 1668 Theodoto
2558 1619 2756 1668 autem
2791 1614 3059 1683 miniato,
3095 1616 3196 1684 qui
3229 1615 3304 1669 ad
3337 1622 3460 1670 nos'
3496 1617 3676 1686 nihil,

2024 1704 2205 1758 miras
2234 1704 2407 1758 nobis
2433 1703 2817 1758 difﬁcultates
2850 1709 3011 1757 creat
3068 1711 3126 1758 et
3157 1705 3360 1760 turbas
3393 1707 3674 1764 concitat.

2024 1793 2166 1846 Nam
2195 1791 2351 1862 quod
2389 1808 2524 1847 eum
2556 1791 2629 1846 ad
2681 1807 2733 1846 a.
2792 1792 2855 1846 D.
2893 1794 2994 1846 194
3025 1791 3224 1859 refert,
3259 1793 3404 1864 quid
3435 1794 3509 1848 ad
3543 1813 3676 1851 nos.

2021 1881 2122 1950 qui
2153 1880 2640 1952 interpolatorem
2665 1880 2893 1951 aliquot
2915 1885 3047 1952 post
3070 1882 3301 1937 saeculis
3327 1888 3531 1938 natum
3563 1902 3679 1956 pu-

2015 1969 2439 2034 tamus?Quod
2471 1970 2686 2024 clamat
2737 1970 3036 2026 Usserium
3097 1993 3124 2018 ‹‹
3187 1988 3254 2026 eo
3315 1972 3553 2038 ducere,
3605 1979 3674 2028 ut

2014 2058 2386 2114 Theodadem
2410 2076 2516 2129 pro
2534 2058 3077 2130 Theodoto,pra2ter
3109 2061 3377 2115 omnium
3402 2063 3675 2118 codicum

2017 2148 2353 2202 Graacorum
2381 2149 2839 2218 Latinorumque
2863 2147 3453 2220 ﬁdem,reponamus,
3482 2173 3508 2200 ››
3545 2169 3680 2207 ma—

2013 2252 2185 2307 gnam
2211 2237 2330 2290 viro
2365 2236 3040 2308 integerrimoinjuriam
3062 2238 3496 2294 facit.Usserius
3511 2246 3674 2296 certe

2014 2325 2453 2396 interpolatoris
2475 2326 2886 2380 defensionem
2910 2343 3029 2380 non
3055 2328 3513 2399 suscepit,quem
3538 2329 3668 2399 ipse

2013 2415 2241 2486 primus
2264 2415 2485 2469 detexit
2508 2421 2564 2469 et
2587 2415 2864 2482 conﬁxit;
2892 2433 3084 2486 neque
3122 2417 3670 2488 quidquamcontra

2013 2504 2284 2558 codicum
2311 2504 2487 2559 ﬁdem
2509 2503 2779 2569 fecit,sed
2803 2523 2906 2576 pro
2932 2505 3210 2577 singulari
3245 2523 3362 2576 qua
3392 2508 3479 2560 uti
3511 2507 3666 2561 sole-

2011 2592 2113 2647 bat
2143 2592 2469 2660 diligentia,
2503 2593 2768 2648 codicem
2801 2593 3219 2663 Baliolensem,
3253 2611 3372 2649 non
3395 2597 3666 2650 Theodo-

2013 2688 2158 2746 tum,
2195 2682 2297 2737 sed
2321 2682 2702 2736 Theododum
2734 2683 2953 2737 habere
2987 2684 3286 2749 indicavit,
3316 2685 3472 2754 quod
3497 2702 3667 2739 com-

2010 2787 2191 2825 mune
2251 2771 2479 2841 aliquid
2539 2789 2671 2826 cum
2731 2768 2921 2824 eaSiSt
2967 2774 3186 2828 habere
3249 2774 3663 2829 tantummodo

2013 2860 2260 2913 monuit.
2290 2861 2684 2929 Iniquissima:
2717 2862 2894 2933 igitur
2924 2869 3061 2917 sunt
3104 2863 3550 2917 vociferationes
3602 2869 3666 2917 et

2011 2949 2345 3016 calumnias,
2381 2951 2592 3020 quibus
2626 2951 2814 3005 virum
2873 2953 3384 3007 accuratissimum
3431 2958 3660 3007 onerat.

2083 3057 2193 3111 Sed
2204 3063 2458 3112 «movet»
2473 3059 2660 3113 virum
2679 3059 3088 3113 doctissimum
3109 3061 3480 3131 «Hieronymi
3495 3060 3663 3114 locus

2011 3150 2218 3199 contra
2269 3145 2599 3199 Helvidium
2645 3145 3023 3216 disputantis,
3084 3147 3302 3201 diserte
3366 3148 3658 3219 lgnatium

2006 3234 2163 3288 inter
2179 3234 2537 3305 apostolicos
2558 3236 2873 3306 scriptores
2898 3236 3155 3306 primum
3178 3237 3544 3292 recenseatis
3556 3240 3658 3308 qui

2003 3323 2281 3378 adversus
2322 3323 2629 3387 Ebionem,
2668 3331 2727 3379 et
2775 3325 3140 3380 Theodotum
3198 3327 3562 3396 Byzantium,
3600 3335 3659 3383 et

2005 3413 2381 3467 Valentinum
2414 3413 2797 3484 scripserunt.
2830 3437 2858 3464 »
2893 3415 3072 3469 Caute
3103 3415 3228 3469 haec
3282 3417 3562 3486 primum,
3597 3424 3654 3472 et

2004 3501 2311 3556 indeﬁnite
2332 3519 2343 3557 :
2361 3509 2554 3557 movet
2576 3503 2898 3574 hominem,
2933 3504 3036 3558 sed
3058 3521 3319 3575 quo,non
3342 3506 3601 3561 ostendit
3635 3525 3648 3574 ;

2003 3591 2221 3662 utquid
2235 3597 2528 3662 putetnon
2549 3593 2739 3660 addit;
2761 3594 2904 3664 quid
2923 3593 3060 3648 inde
3079 3594 3452 3667 colligat,nos
3467 3596 3651 3652 latere

2001 3681 2205 3738 voluit.
2233 3686 2318 3735 An
2338 3688 2535 3737 movet
2552 3688 2617 3737 ut
2633 3682 2922 3753 Ignatium
2948 3684 3103 3738 inter
3132 3684 3486 3754 apostolicos
3505 3686 3656 3740 scri-

2003 3777 2201 3842 ptores
2226 3789 2346 3826 non
2378 3789 2817 3839 numeres,cum
2841 3773 3232 3844 Hieronymus
3256 3774 3378 3845 ipse
3403 3791 3538 3829 eum
3572 3774 3657 3829 di-

2005 3865 2156 3915 serte
2182 3861 2338 3916 inter
2361 3860 2598 3916 eosdem
2623 3861 2942 3916 numeret?
2962 3864 3050 3915 An
3072 3863 3656 3919 movetutexistimes

2003 3949 2490 4021 interpolatorem
2511 3967 2728 4006 nomen
2761 3950 3095 4022 prodidisse
3118 3951 3402 4007 Theodoti
3427 3954 3655 4024 Ignatio

1994 4040 2277 4110 junioris,
2326 4040 2486 4111 quod
2542 4057 2717 4096 nemo
2769 4046 3038 4096 nostrum
3071 4042 3301 4112 negat?
3330 4043 3418 4096 An
3461 4048 3660 4097 movet

2003 4138 2396 4207 Hieronymus
2454 4141 2520 4191 ut
2571 4139 2683 4193 hoc
2738 4143 2933 4208 putes,
2995 4139 3095 4208 qui
3142 4138 3652 4210 interpolatorem,

2000 4232 2205 4298 utpote
2228 4243 2289 4281 se
2304 4225 2802 4296 multojuniorem
2823 4244 3128 4297 nunquam
3147 4227 3288 4282 vidit
3304 4229 3331 4282 ‘2
3345 4229 3650 4298 Utcunque

2002 4316 2500 4386 sit,undecunque
2532 4323 2635 4370 aut
2657 4333 3014 4387 quocunque
3047 4324 3347 4373 moveatur
3375 4317 3648 4386 Dallmus,

2003 4411 2060 4459 et
2093 4406 2361 4460 Usserius
2383 4411 2443 4460 et
2482 4406 2886 4460 Hammondus
2936 4405 3191 4476 vapulat.
3251 4408 3438 4474 Prior,
3493 4407 3654 4478 quod

2003 4515 2030 4544 «
2055 4493 2321 4549 videatur
2343 4495 2765 4565 Hieronymum
2785 4511 2995 4566 capere
3019 4513 3141 4550 non
3164 4496 3236 4551 de
3255 4496 3656 4566 epistolis,sed

257 4571 457 4650 δώρου,
491 4577 579 4630 καὶ
614 4581 1053 4652 Καρποκρέτους,
1097 4581 1187 4635 καὶ
1250 4582 1598 4655 Ἐπιφάνους,
1647 4582 1736 4636 καὶ
1785 4587 1895 4637 τῶν

2012 4582 2078 4636 de
2109 4582 2221 4637 alio
2239 4583 2439 4654 aliquo
2457 4563 2667 4654 lgnatii
2691 4563 3043 4654 operequod
3061 4584 3220 4640 illius
3251 4563 3374 4639 aevo
3409 4563 3654 4640 exstite-

258 4661 446 4720 ἄλλων
498 4666 827 4736 ἁπαξαπλῶς
858 4674 965 4723 τῶν
1018 4671 1284 4724 τοιούτων
1314 4671 1565 4740 ζιζανίων
1599 4670 1894 4746 ἀπηλλαγ-

255 4753 658 4827 μέναιΑιιοῐοῐ·
676 4760 992 4828 Impar/“acti
1021 4764 1198 4830 operis
1229 4760 1288 4815 in
1318 4762 1662 4830 Matthwum,
1689 4762 1891 4818 homil.

245 4847 314 4899 48
339 4862 352 4899 :
386 4869 414 4897 α
443 4849 742 4903 Venerunt
761 4849 919 4904 enim
941 4850 1252 4906 Dositheus
1273 4856 1330 4904 et
1352 4852 1556 4906 Simon
1579 4857 1637 4906 et
1656 4851 1894 4907 Cleonis

249 4935 388 5005 [lege
417 4936 735 5007 Cleobius].
770 4939 902 4994 Haec
934 4939 1020 4993 illi
1052 4957 1119 4993 ex
1143 4940 1559 5008 antiquissimo
1581 4957 1780 4995 rerum
1806 4959 1894 4996 ec-

250 5026 715 5083 clesiasticarum
767 5030 1052 5098 scriptore
1104 5029 1453 5099 Hegesippo,
1514 5030 1668 5100 apud
1707 5032 1894 5086 Euse—

244 5117 409 5172 bium
444 5117 546 5175 lib.
592 5136 662 5186 ιν,
697 5136 747 5174 c.
782 5123 867 5184 22,
903 5120 1004 5189 qui
1062 5118 1364 5174 Cleobium
1415 5119 1571 5174 hunc
1603 5120 1663 5174 in
1703 5122 1894 5190 prima

252 5207 666 5263 haereticorum
695 5208 883 5264 classe
915 5208 1165 5263 collocat
1199 5227 1211 5263 :
1248 5207 1365 5284 Ἀφ’
1422 5207 1494 5260 ὧν
1530 5207 1740 5281 Σίμων,
1775 5207 1892 5272 ὅθεν

248 5297 610 5367 Σιμωνιανοὶ,
642 5297 732 5351 καὶ
765 5292 1049 5362 Κλεόϐιος,
1083 5296 1203 5358 ὃθεν
1240 5292 1582 5364 Κλεοϐιανοὶ,
1612 5298 1702 5352 καὶ
1736 5299 1890 5353 Δοσί-

247 5394 388 5447 θεος,
420 5386 542 5448 ὅθεν
597 5386 932 5442 Δοσιθεαγοί.
965 5387 1238 5442 Cleobius
1269 5387 1446 5459 igitur
1490 5389 1715 5443 Simoni
1748 5406 1892 5459 syn-

245 5477 504 5533 chronus
531 5479 658 5547 ipso
672 5478 895 5549 lgnatio
912 5482 1170 5547 martyre
1183 5477 1487 5546 antiquior
1512 5477 1640 5533 fuit.
1653 5477 1763 5532 Sed
1785 5499 1812 5526 «
1829 5483 1894 5533 ut

244 5569 402 5624 hunc
434 5567 778 5623 Cleobulum
807 5565 1105 5632 eumdem,
1131 5567 1344 5637 inquit,
1377 5584 1510 5622 cum
1533 5566 1768 5622 Cleobio
1788 5567 1891 5621 illo

242 5665 430 5728 fuisse
453 5667 754 5740 putemUS,
778 5657 948 5728 cujus
971 5657 1036 5714 fit
1059 5654 1378 5725 aliquoties
1399 5655 1556 5728 apud
1573 5660 1892 5729 scriptores

2003 4671 2098 4736 rit,
2133 4675 2334 4725 nostro
2357 4669 2750 4725 desideretur.
2787 4693 2814 4720 »
2850 4673 2922 4725 At
2947 4672 3216 4726 Usserius
3239 4671 3310 4726 de
3342 4672 3443 4726 tali
3473 4689 3656 4743 opere

2003 4758 2150 4811 nihil
2183 4758 2593 4813 tantummodo
2636 4759 2740 4826 ait,
2797 4758 2856 4812 id
2907 4759 3063 4828 quod
3116 4759 3487 4815 verissimum
3523 4778 3652 4816 esse

2002 4863 2208 4902 omnes
2240 4845 2570 4902 concedent
2595 4864 2607 4900 ε
2637 4869 2663 4896 ‹‹
2697 4848 2753 4900 Si
2785 4847 3064 4901 Theodoti
3093 4848 3415 4903 Coriariiin
3447 4849 3650 4920 aliquo

2002 4954 2179 5008 opere
2195 4954 2413 4993 nomen
2431 4938 2638 5009 lgnatii
2653 4937 3004 5009 praeferente
3028 4938 3181 4993 facta
3203 4939 3381 4994 fuerit
3403 4941 3649 5000 mentio.

2003 5027 2318 5082 manifesta
2344 5023 2745 5102 ψευδογραφίας
2781 5043 2849 5080 ex
2884 5027 3010 5098 ipsa
3043 5034 3378 5099 temporum
3405 5030 3651 5084 convin-

2001 5123 2169 5171 catur
2199 5119 2450 5172 ratione.
2488 5141 2515 5167 »
2546 5120 2670 5173 Non
2702 5119 2957 5172 asseruit
2984 5117 3098 5172 tale
3131 5136 3278 5189 opus
3311 5121 3653 5192 llieronymi

2001 5212 2171 5260 aetate
2203 5208 2519 5273 exstitisse,
2580 5224 2699 5262 non
2759 5207 2908 5262 alios
2940 5208 3161 5278 lgnatio
3199 5207 3382 5263 libros
3421 5211 3654 5266 aiﬁnxit

2002 5297 2292 5364 Usserius,
2326 5304 2389 5352 ut
2409 5297 2743 5352 frustranea
2765 5296 2941 5368 plane
2969 5297 3046 5350 sit
3089 5303 3214 5352 tota
3230 5299 3354 5352 haec
3373 5300 3652 5356 adversus

2001 5400 2137 5440 eum
2169 5387 2439 5442 instituta
2469 5387 2811 5457 disputatio.
2841 5387 2909 5438 Et
2940 5402 3072 5439 cum
3114 5401 3344 5440 errores
3366 5388 3652 5444 Theodoti

2002 5473 2063 5528 in
2091 5475 2184 5529 his
2205 5477 2470 5548 epistolis
2486 5475 2857 5547 apertissime
2887 5474 3132 5528 refutari
3155 5476 3258 5543 ait,
3293 5477 3459 5531 ne-id
3517 5480 3650 5550 qui-

2002 5562 2136 5619 dem
2151 5567 2466 5636 quisquam
2488 5569 2684 5638 negat.
2706 5563 2861 5618 Nulli
2878 5568 3077 5617 autem
3100 5564 3201 5619 alii
3218 5582 3447 5621 errores
3462 5567 3616 5624 Theo
3629 5599 3645 5611 -

2001 5651 2124 5708 doti
2155 5655 2216 5708 in
2247 5654 2361 5709 illis
2383 5655 2734 5723 refutantur,
2759 5653 2874 5709 nisi
2907 5653 3006 5723 qui
3039 5652 3114 5708 ad
3139 5653 3447 5712 Ebionaaos
3464 5659 3649 5730 perti-
