3990 6136
241 357 344 417 285

972 356 1029 418 J.
1077 354 1493 417 PEARSONII
1537 353 1915 424 VINDICIE
1951 355 2428 417 IGNATIANE.
2479 387 2555 398 -—
2599 354 2803 416 PARS
2848 356 2922 414 ll.

3541 349 3660 412 286

241 488 474 557 nebant,
509 494 572 543 et
601 487 897 544 Ebionem
929 487 1102 544 simul
1131 501 1267 544 cum
1288 488 1587 544 Theodoto
1631 488 1901 544 nominat
1929 488 1982 557 Α
2015 488 2113 558 qui
2132 487 2232 542 diu
2246 491 2379 560 post
2398 503 2603 543 eorum
2625 492 2878 543 mortem
2899 487 3136 542 exortus
3158 487 3266 549 est,
3296 481 3405 538 sub
3426 482 3659 538 Victore

245 581 636 651 Hieronymus
662 596 676 633 :
711 597 823 636 nec
847 581 907 634 in
929 580 1038 635 hoc
1059 581 1249 652 capite
1270 580 1343 634 de
1361 581 1572 634 haaresi
1587 581 1892 650 quaeritur,

246 669 340 722 sed
371 669 443 723 de
477 669 791 737 haeretico,
827 687 1002 740 quem
1034 669 1106 725 ab
1138 669 1362 737 Ignatio
1394 671 1764 724 nominatum
1796 673 1899 724 aut

245 758 559 812 refutatum
590 774 905 830 negamus.
939 758 1190 813 Hmresis
1235 758 1516 812 Theodoti
1568 758 1628 812 in
1675 758 1897 813 Ebione

249 851 298 898 et
325 844 610 900 Cerintho
643 846 902 900 refutata
933 852 1039 914 est,
1072 845 1407 900 Theodotus
1434 846 1560 916 ipse
1593 845 1651 900 in
1683 846 1895 915 genui-

245 935 334 989 nis
365 935 637 1006 epistolis
672 936 932 992 intactus
963 940 1069 992 est.

312 1046 338 1074 (ι
372 1024 790 1080 Hammondus
813 1042 947 1080 vero
980 1025 1296 1081 conﬁtetur
1326 1042 1444 1080 non
1474 1041 1718 1080 necesse
1769 1041 1898 1080 esse

245 1119 305 1167 ut
342 1113 606 1186 lgnatius
646 1113 930 1170 adversus
973 1113 1348 1170 Valentinum
1379 1119 1482 1170 aut
1526 1114 1899 1170 Theodotum

245 1202 548 1256 volumina
579 1219 732 1257 nova
763 1203 1066 1274 scripsisse
1099 1203 1349 1258 dicatur.
1387 1223 1411 1254 ι
1446 1205 1621 1258 Recte
1653 1202 1779 1258 haec
1803 1202 1901 1257 ille

245 1292 507 1362 quidem,
541 1307 664 1347 non
696 1297 762 1347 ut
815 1293 1049 1348 Usserio
1117 1292 1574 1361 contradiceret,
1608 1292 1708 1363 qui
1750 1291 1900 1346 illud

245 1398 489 1437 necesse
505 1398 634 1436 esse
660 1398 968 1452 nunquam
991 1381 1268 1450 dixit,sed
1282 1382 1780 1452 utHieronymum
1807 1381 1900 1436 in—

245 1478 696 1543 terpretaretur,
731 1474 902 1545 cujus
933 1473 1111 1529 verba
1141 1490 1260 1528 non
1301 1473 1639 1544 conjuncte,
1674 1473 1777 1527 sed
1808 1472 1900 1526 di-

241 1560 411 1615 visim
445 1560 841 1632 intelligenda
870 1577 996 1616 esse
1037 1562 1268 1616 censuit
1301 1578 1313 1614 :
1350 1560 1527 1631 idque
1572 1561 1901 1616 rectissime

241 1649 625 1706 observatum
659 1667 788 1705 esse
818 1651 1026 1721 liquet,
1063 1651 1109 1705 si
1142 1650 1216 1705 de
1247 1649 1482 1721 scriptis
1521 1665 1642 1704 non
1673 1654 1901 1705 tantum

243 1739 524 1794 adversus
539 1739 930 1806 haareses,sed
945 1744 1001 1793 et
1013 1739 1173 1810 ipsos
1186 1739 1497 1794 haereticos
1515 1738 1900 1811 intelligatur.

240 1830 442 1899 Neque
477 1831 638 1884 enim
661 1831 1020 1902 Polycarpus
1043 1835 1251 1885 contra
1272 1829 1672 1898 Valentinum,
1707 1846 1898 1900 neque

239 1919 532 1986 Justinus,
566 1920 654 1974 vel
704 1919 983 1988 lrenaaus,
1044 1926 1332 1990 quantum
1392 1920 1632 1988 scimus,
1694 1924 1901 1974 contra

246 2007 644 2074 Theodotum,
703 2025 979 2078 expresse
1040 2008 1278 2078 scripsit
1330 2023 1344 2072 ;
1414 2013 1572 2061 certe
1653 2013 1906 2077 quatuor

241 2095 378 2151 illos
411 2113 623 2151 omnes
654 2097 1011 2168 apostolicos
1056 2097 1214 2152 viros
1275 2096 1555 2152 adversus
1605 2101 1721 2151 tres
1770 2095 1903 2150 illos

242 2185 563 2240 haereticos
594 2185 811 2241 diserte
843 2204 965 2242 non
998 2175 1302 2257 scripsisse
1327 2192 1558 2240 constat
1589 2203 1602 2252 ;
1655 2191 1714 2240 et
1766 2185 1903 2241 inde

238 2282 406 2332 recte
433 2277 739 2350 colligitur
761 2276 835 2331 ad
865 2277 1205 2347 Hieronymi
1229 2280 1492 2331 mentem
1520 2275 1662 2330 satis
1689 2292 1816 2330 esse
1836 2292 1904 2330 ea

243 2381 372 2436 quas
407 2367 675 2438 Ignatius
707 2366 768 2420 in
802 2365 1070 2437 epistolis
1102 2370 1308 2420 contra
1337 2364 1620 2419 Ebionem
1662 2369 1719 2418 et
1748 2365 1904 2419 Gno-

241 2456 425 2510 sticos
445 2455 947 2527 scripsit,etiamsi
973 2455 1124 2509 nihil
1155 2454 1435 2510 adversus
1455 2454 1830 2509 Valentinum
1849 2458 1907 2508 et

240 2545 616 2600 Theodotum
635 2545 1100 2616 scripserint.lta
1123 2543 1364 2614 quidem
1387 2543 1573 2598 sensit
1589 2544 1905 2598 Hammon-

247 2632 352 2688 dus
375 2652 389 2700 ;
417 2656 444 2682 ‹‹
471 2633 575 2689 ille
598 2651 733 2688 vero
760 2634 1010 2702 fallitur,
1035 2633 1229 2703 inquit
1255 2633 1902 2700 Dallaaus,etrationem

248 2724 448 2778 statim
474 2723 696 2792 reddit,
721 2740 860 2778 nam
882 2723 997 2777 nisi
1021 2723 1284 2793 Ignatius
1306 2728 1513 2777 contra
1538 2723 1904 2778 Theodotum

253 2809 564 2880 scripsisse
594 2810 980 2882 intelligatur,
1013 2809 1242 2880 liquido
1264 2809 1480 2864 falsum
1507 2809 1618 2864 erit
1644 2809 1801 2880 quod
1824 2809 1908 2864 ait

253 2898 671 2970 Hieronymus.
706 2923 734 2950 »
767 2899 910 2953 Mira
941 2901 1064 2954 haec
1095 2899 1383 2967 assertio;
1421 2899 1522 2954 sed
1568 2903 1625 2954 et
1673 2899 1904 2954 ratione

253 3004 356 3042 sua
381 2988 547 3058 quali
570 2986 730 3058 quali
753 3005 871 3042 non
896 2994 1074 3043 caret.
1097 2989 1322 3045 «Nemo
1355 2989 1512 3043 enim
1544 2989 1904 3061 apostolicus

250 3084 452 3132 contra
470 3093 607 3132 eum
634 3078 892 3149 scripsit,
916 3094 1035 3132 non
1058 3077 1439 3149 Polycarpus,
1455 3095 1522 3133 ac
1544 3095 1619 3132 ne
1647 3081 1903 3133 lrenaaus

248 3167 489 3236 quidem
507 3173 609 3222 aut
634 3168 1026 3235 Justinus,aut
1048 3167 1363 3238 quisquam
1395 3167 1664 3238 ejusdem
1683 3184 1896 3222 census

245 3255 488 3318 alius.ut
508 3257 686 3327 plane
705 3273 946 3311 necesse
969 3256 1131 3311 sitad
1151 3256 1437 3327 lgnatium
1451 3256 1658 3311 referri
1679 3273 1809 3326 qum
1824 3256 1895 3311 de

251 3345 552 3399 Theodoto
584 3345 730 3400 dicit
770 3347 1182 3416 Hieronymus.
1219 3368 1247 3394 ››
1281 3345 1392 3400 Sed
1427 3345 1650 3400 etmihi
1683 3346 1910 3416 pariter

255 3433 560 3505 disputare
593 3434 749 3489 licet.
785 3436 966 3488 Nemo
995 3434 1356 3505 apostolicus
1387 3440 1595 3489 contra
1638 3435 1908 3490 Theodo-

249 3528 376 3577 tum
400 3524 662 3594 scripsit,
696 3540 815 3578 non
838 3523 1098 3596 Ignatius
1130 3524 1910 3594 martyr,nonJustinus,aut

244 3612 529 3681 Irenaeus,
565 3619 630 3667 ut
652 3629 896 3667 necesse
930 3612 1007 3666 sit
1027 3611 1100 3666 ad
1126 3611 1519 3684 Polycarpum
1544 3613 1751 3668 referri
1777 3631 1906 3684 qum

248 3701 394 3755 dicit
435 3702 851 3772 Hieronymus.
889 3699 970 3755 lta
1001 3701 1071 3754 de
1100 3701 1353 3769 Justino,
1379 3701 1459 3755 ita
1481 3701 1551 3755 de
1582 3703 1822 3756 Irenaeo.
1842 3703 1910 3756 Ut

246 3790 376 3844 haec
406 3791 612 3845 omnia
639 3795 798 3844 recte
820 3787 1248 3860 intelligantur,
1279 3794 1335 3844 et
1349 3789 1768 3860 disputationis
1782 3789 1908 3844 Dal-

245 3879 455 3935 lasana:
486 3878 867 3934 imbecillitas
899 3884 1202 3950 appareat.
1236 3877 1398 3933 locus
1424 3879 1762 3950 Hieronymi
1789 3896 1908 3934 om-

247 3971 394 4024 nino
427 3968 773 4024 recitandus
807 3973 913 4035 est,
950 3983 1126 4037 quem
1159 3967 1260 4021 ille
1302 3973 1470 4023 caute
1503 3967 1906 4040 praetermisit.

249 4061 441 4115 Verba
462 4059 594 4130 ejus
623 4059 903 4114 adversus
940 4058 1271 4113 Helvidium
1305 4058 1428 4113 haec
1480 4065 1653 4113 sunt:
1689 4081 1716 4108 «
1750 4061 1911 4112 Nun-

247 4149 394 4220 quid
425 4165 548 4203 non
577 4163 819 4219 possum
851 4146 957 4200 tibi
999 4152 1181 4201 totam
1230 4154 1493 4201 veterum
1553 4148 1910 4219 scriptorum

243 4237 461 4292 seriem
476 4233 1179 4305 commovere,lgnatium,
1196 4233 1909 4306 Polycarpuerenaeum,

243 4327 546 4382 Iustinum
582 4329 927 4394 martyrem,
960 4323 1298 4394 multosque
1322 4324 1467 4379 alios
1485 4325 1842 4396 apostolicos
1856 4331 1914 4379 et

247 4416 606 4485 eloquentes
635 4414 788 4466 viros
818 4411 916 4481 qui
950 4413 1228 4468 adversus
1256 4412 1540 4468 Ebionem
1565 4419 1624 4468 et
1653 4413 1913 4469 Theodo-

252 4512 374 4560 tum
390 4501 1274 4575 Byzantinum[etValentinum]
1293 4504 1416 4557 haac
1432 4503 1637 4558 eadem
1656 4504 1912 4558 sentien-

2011 575 2286 645 episcOpo
2317 576 2602 644 Romano,
2635 574 2695 628 id
2727 579 2814 628 est
2844 575 3001 629 circa
3030 589 3081 627 a.
3114 572 3176 625 D.
3210 572 3335 638 200,
3369 586 3483 641 quo
3515 575 3660 624 tem-

2010 681 2152 735 pore
2176 665 2525 720 incredibile
2552 670 2642 719 est
2671 680 3034 735 quemquam
3066 679 3271 717 eorum
3299 662 3535 728 vixisse,
3558 663 3658 730 qui

2015 755 2314 824 apostolos
2338 755 2838 822 viderant,omnes
2858 759 2994 809 ante
3026 770 3078 808 a.
3110 755 3172 807 D.
3205 755 3305 806 100
3327 757 3611 806 mortuos.
3633 773 3658 800 ››

2015 843 2122 898 Ubi
2157 845 2347 915 primo
2370 844 2726 914 apostolicos
2757 845 2910 897 viros
2944 842 3124 897 habet
3169 858 3274 912 pro
3307 840 3379 894 iis
3425 845 3656 894 tantum

2015 932 2114 1002 qui
2147 933 2447 1002 apostolos
2477 932 2767 1001 viderant,
2820 931 2975 1002 quod
3027 935 3116 986 est
3145 947 3179 984 a
3208 934 3406 985 mente
3465 929 3662 982 Hiero-

2013 1021 2176 1093 nymi
2217 1039 2460 1093 prorsus
2512 1023 2796 1078 alienum.
2843 1022 2985 1076 Cum
3045 1021 3203 1076 enim
3261 1019 3556 1074 Justinum
3605 1023 3662 1072 et

2012 1113 2303 1167 Irenaeum
2323 1113 2590 1183 aliosque
2605 1111 3522 1184 apostolicosadvocat,eosipsos
3535 1109 3662 1163 sine

2015 1199 2193 1256 dubio
2208 1219 2312 1272 pro
2336 1202 2675 1274 apostolicis
2694 1202 2928 1258 habuit:
2953 1207 3012 1256 at
3035 1201 3520 1271 nequelrenmus,
3556 1215 3663 1252 ne-

2016 1307 2132 1362 que
2162 1293 2428 1348 Justinus
2469 1293 2800 1364 apostolum
2834 1292 3023 1348 ullum
3053 1291 3213 1346 vidit.
3247 1292 3333 1344 Ita
3381 1289 3558 1344 etiam
3605 1295 3663 1343 et

2016 1378 2115 1434 alii
2147 1380 2495 1450 loquuntur,
2525 1386 2592 1436 ut
2619 1380 3022 1435 Theodoretus
3065 1381 3262 1435 Haeret.
3311 1379 3427 1447 fab.
3483 1377 3587 1431 lib.
3625 1393 3659 1445 ι,

2015 1485 2064 1522 c.
2100 1472 2172 1523 2:
2206 1468 2308 1523 Καὶ
2361 1467 2678 1543 Εἲρηναῖος,
2741 1466 2801 1522 οὗ
2858 1467 2948 1522 καὶ
3003 1468 3232 1541 πρόσθεν
3292 1465 3660 1539 ἐμνήσθημεν,

2014 1555 2379 1620 ἆποστολικὸς
2403 1555 2462 1612 δὲ
2489 1559 2576 1612 καὶ
2612 1558 2766 1620 οὗτος
2799 1557 2954 1630 ἀνήρ,
2999 1581 3028 1609 ς(
3061 1563 3118 1612 et
3166 1560 3444 1622 lrenaaus,
3493 1557 3662 1628 cujus

2015 1664 2194 1719 supra
2225 1649 2630 1715 meminimus,
2664 1650 2749 1702 vir
2770 1648 2925 1703 idem
2950 1665 3185 1719 quoque
3216 1646 3601 1718 apostolicus:
3637 1669 3657 1695 υ

2016 1740 2075 1790 et
2104 1753 2310 1791 rursus
2341 1752 2466 1806 cap.
2498 1739 2528 1789 5
2558 1753 2570 1790 :
2607 1733 2901 1808 Εἰρηναίου
2930 1737 3026 1788 τοῦ
3082 1734 3182 1800 τὴν
3232 1731 3492 1803 Ἐσπέρπιν
3543 1752 3657 1804 φω-

2011 1822 2260 1884 τίσαντος
2317 1821 2509 1897 ἀνδρὸς
2589 1821 2956 1878 ἀποστολικοῦ
3041 1823 3425 1896 παραθήσομαι
3523 1839 3659 1892 prap-

2012 1911 2221 1983 τυρίαν,
2257 1935 2284 1965 ς(
2333 1915 2542 1969 Irenaai
2592 1915 2698 1968 viri
2741 1913 3068 1985 apostolici,
3116 1913 3217 1982 qui
3275 1909 3657 1966 Occidentem

2016 2003 2350 2071 illustravit,
2383 2005 2680 2076 proferam
2735 2004 3163 2058 testimonium.
3199 2025 3228 2052 ››
3278 2003 3352 2056 At
3397 2002 3657 2055 Irenaeus

2015 2093 2243 2166 aliquot
2273 2095 2444 2150 annis
2475 2100 2610 2166 post
2639 2112 2674 2151 a
2722 2097 2787 2150 D.
2821 2097 2945 2163 200,
2979 2101 3248 2150 mortuus
3281 2099 3388 2161 est,
3441 2098 3507 2146 ut
3549 2108 3658 2146 nec

2016 2183 2073 2239 S.
2107 2185 2397 2241 Joannem
2428 2185 2640 2240 viderit
2668 2191 2872 2242 antea.
2907 2187 2972 2240 D.
3010 2187 3110 2239 100
3140 2183 3503 2238 defunctum.
3537 2183 3662 2236 Non

2017 2274 2196 2346 igitur
2227 2276 2362 2332 ideo
2393 2277 2790 2332 Theodoretus
2831 2281 3124 2331 Irenaium
3147 2275 3335 2329 virum
3384 2271 3662 2344 apostoli-

2017 2381 2150 2420 cum
2183 2365 2519 2437 appellavit,
2553 2366 2711 2437 quod
2744 2366 3079 2437 apostolum
3102 2365 3358 2436 aliquem
3389 2363 3451 2417 in
3493 2361 3666 2416 terris

2016 2454 2248 2522 viderit,
2283 2455 2386 2510 sed
2410 2455 2568 2525 quod
2589 2461 2836 2523 esset,ut
2857 2455 2982 2526 ipse
3005 2455 3145 2509 alibi
3170 2471 3305 2509 cum
3336 2452 3664 2524 Epiphanio

2014 2542 2300 2612 loquitur,
2331 2545 2437 2596 τῶν
2470 2540 2791 2596 ἀποστόλων
2822 2538 3106 2615 διαδοχος,
3137 2547 3203 2597 ut
3230 2542 3282 2597 S.
3309 2541 3562 2596 Basilius
3594 2540 3663 2594 de

2017 2632 2239 2702 Spiritu
2271 2637 2474 2686 sancto
2508 2649 2634 2703 cap.
2669 2631 2756 2700 29,
2789 2629 2947 2705 ἐγγὺς
2980 2629 3300 2685 ἀποστόλων
3353 2627 3663 2702 γενόμενος,

2017 2725 2082 2773 ut
2113 2721 2167 2774 S.
2191 2722 2571 2792 Augustinus,
2605 2738 2724 2775 non
2750 2721 2924 2792 longe
2946 2737 2978 2774 a
3003 2720 3366 2790 temporibus
3382 2717 3668 2789 apostolo-

2015 2828 2168 2866 rum.
2204 2813 2382 2867 Vocat
2405 2828 2540 2866 eum
2568 2811 2807 2882 quidem
2826 2811 3236 2882 Hieronymus,
3257 2810 3449 2875 uthic,
3474 2809 3664 2862 virum

2015 2900 2428 2972 apostolicum,
2461 2901 2544 2956 ita
2573 2901 2737 2967 alibi,
2761 2901 2947 2955 virum
2971 2899 3430 2971 apostolicorum
3442 2903 3668 2968 tempo-

2016 3007 2168 3058 rum,
2199 3007 2319 3046 non
2349 2989 2508 3060 quod
2531 3007 2687 3061 ipsos
2709 2990 3007 3061 apostolos
3026 2989 3256 3055 viderit,
3292 2986 3396 3042 sed
3428 2992 3668 3058 aposto-

2014 3080 2210 3135 lorum
2241 3079 2584 3151 discipulos.
2626 3080 2710 3135 lta
2761 3081 2921 3135 enim
2970 3078 3234 3149 loquitur
3264 3076 3511 3148 epistola
3560 3077 3662 3129 19:

2017 3190 2048 3225 (ι
2078 3171 2339 3225 ΙΓθηωιιε
2368 3172 2455 3224 vir
2484 3170 2944 3241 apostolicorum
2977 3176 3333 3240 temporum,
3361 3173 3418 3221 et
3446 3167 3664 3236 Papiae,

2017 3259 2306 3315 auditoris
2359 3260 2730 3331 evangelistaa
2785 3261 3053 3326 Joannis,
3111 3257 3524 3328 discipulus.»
3581 3257 3666 3310 lta

2019 3351 2378 3424 Hegesippus
2407 3353 2618 3406 Pliotio
2647 3352 2865 3406 dicitur
2893 3350 3125 3424 ἀρχαῖος
3156 3348 3292 3420 ἀνὴρ
3314 3348 3401 3401 καὶ
3434 3347 3664 3400 ἀποστο-

2018 3436 2196 3508 λικός,
2230 3441 2358 3495 cod.
2403 3443 2524 3507 232,
2565 3442 2665 3511 qui
2717 3441 2970 3495 Eusebio
3025 3439 3370 3511 perhibetur
3423 3434 3511 3489 ἐπὶ
3566 3441 3666 3502 τῆς

2016 3529 2242 3601 πρώτης
2273 3532 2380 3583 τῶν
2404 3526 2725 3583 ἀποστόλων
2768 3528 3060 3601 γενόμενος
3111 3523 3400 3599 διαδοχῆς,
3453 3531 3508 3580 et
3557 3523 3664 3579 sub

2017 3618 2358 3674 Eleutherio
2385 3619 2694 3690 scripsisse
2712 3615 3500 3684 noscitur.Reveraantiquis
3522 3631 3666 3683 apo-

2018 3708 2209 3762 stolici
2233 3707 2587 3763 dicebantur
2608 3708 2829 3778 duplici
2853 3709 3232 3773 ratione,tum
3255 3704 3444 3758 aetatis
3473 3719 3665 3772 respe-

2018 3801 2135 3865 ctu,
2169 3802 2293 3852 tum
2326 3796 2646 3863 doctrinae;
2681 3802 2954 3866 respectu
2985 3795 3173 3849 aetatis
3207 3794 3384 3848 etiam
3432 3792 3472 3845 ii
3503 3791 3662 3845 dice-

2016 3889 2235 3944 bantur
2262 3888 2593 3959 apostolici,
2628 3887 2728 3957 qui
2769 3904 2902 3942 cum
2936 3885 3218 3957 apostolis
3240 3883 3666 3951 vixerint,licet

2020 3977 2091 4032 ab
2123 3993 2327 4031 eorum
2352 3976 2623 4031 doctrina
2652 3976 3057 4040 dissentirent,
3080 3980 3145 4028 ut
3164 3972 3558 4029 Tertullianus
3586 3972 3665 4025 lo-

2020 4067 2224 4138 quitur
2240 4067 2520 4121 adversus
2554 4067 2982 4136 Hermogenem
3013 4082 3064 4119 c.
3105 4068 3126 4117 1
3161 4080 3172 4117 :
3201 4085 3226 4116 ι
3249 4065 3362 4118 Nec
3389 4063 3514 4133 ipse
3536 4078 3667 4131 apo-

2021 4157 2264 4213 stolicus
2296 4157 2694 4227 Hermogenes
2725 4156 2786 4209 in
2817 4155 3021 4225 regula
3051 4153 3482 4226 perseveravit;
3517 4174 3544 4200 »
3577 4150 3664 4204 illi

2020 4251 2217 4302 autem
2248 4246 2566 4315 praacipue,
2602 4244 2702 4314 qui
2735 4243 3065 4298 doctrinam
3089 4243 3160 4298 ab
3189 4242 3470 4314 apostolis
3502 4257 3661 4296 rece-

2018 4338 2255 4406 perunt,
2289 4339 2346 4387 et
2373 4334 2436 4387 in
2473 4349 2542 4388 ea
2574 4333 2978 4403 perstiterunt,
3003 4337 3069 4387 ut
3091 4331 3248 4386 idem
3263 4332 3332 4386 De
3348 4331 3661 4401 praescript.

2020 4425 2206 4478 heret.
2236 4439 2361 4493 cap.
2397 4423 2501 4476 32:
2539 4443 2566 4472 ‹‹
2589 4423 2659 4476 Ut
2689 4422 2916 4493 primus
2939 4420 3038 4476 ille
3062 4422 3373 4493 episcopus
3402 4421 3662 4490 aliquem

2023 4530 2094 4568 ex
2124 4511 2429 4584 apostolis,
2461 4510 2553 4565 vel
2585 4510 2926 4582 apostolicis
2958 4511 3117 4580 viris,
3151 4509 3250 4582 qui
3298 4516 3497 4565 tamen
3528 4525 3664 4564 cum

251 4599 340 4648 tes
358 4594 536 4665 plena
555 4591 1182 4662 sapientic'BVOIHmina
1201 4592 1852 4664 οοηεοτὶρεετιωιῖᾳυω
1868 4592 1917 4648 si
1946 4588 1994 4654 D
2026 4600 2306 4673 apostolis
2337 4598 2822 4671 perseveraverit,
2855 4599 3133 4654 habuerit
3161 4605 3457 4655 auctorem
3491 4605 3549 4654 et
3572 4615 3670 4654 an-

253 4682 496 4755 legisses
524 4679 1007 4752 aliquando,plus
1029 4698 1286 4753 sapores.
1316 4704 1343 4731 »
1364 4683 1492 4737 Non
1517 4687 1746 4738 tantum
1767 4699 1907 4753 qua-

255 4777 388 4826 tuor
414 4775 730 4826 enumerat
761 4770 1175 4840 Hieronymus,
1210 4770 1312 4825 sed
1344 4777 1402 4827 et
1433 4794 1459 4821 «
1488 4772 1708 4826 multos
1758 4771 1906 4828 alios

256 4861 611 4932 apostolicos
635 4864 694 4914 et
715 4858 1064 4929 eloquentes
1089 4859 1240 4914 viros
1258 4882 1282 4907 ι)
1303 4859 1656 4932 adjicit,imo
1680 4866 1905 4916 «totam

255 4957 514 5005 veterum
548 4949 908 5019 scriptorum
952 4948 1166 5003 seriem
1202 4971 1227 4999 »
1261 4948 1526 5020 advocat,
1569 4967 1822 5021 quorum
1857 4950 1906 5005 si

253 5056 406 5096 unus
437 5039 653 5109 aliquis
685 5037 967 5093 adversus
1007 5037 1372 5094 Theodotum
1433 5055 1708 5110 expresse
1762 5041 1904 5095 scri-

252 5131 454 5200 pserit,
488 5144 611 5183 non
643 5144 887 5182 necesse
921 5132 1029 5193 est,
1063 5133 1129 5181 ut
1158 5128 1218 5182 id
1242 5129 1535 5200 Ignatium
1562 5129 1774 5184 fecisse
1800 5147 1907 5200 pu-

251 5219 462 5272 taverit
492 5217 910 5286 Hieronymus,
943 5217 1128 5287 magis
1163 5232 1338 5286 quam
1365 5216 1775 5288 Polycarpum,
1809 5222 1911 5272 aut

251 5309 570 5376 Iustinum,
604 5311 706 5362 aut
737 5309 1055 5372 Irenaeum,
1090 5323 1342 5376 quorum
1387 5309 1689 5364 neminem
1739 5309 1800 5364 id
1830 5309 1910 5364 fe-

255 5399 402 5452 cisse
435 5397 656 5452 fatetur
689 5395 774 5448 vir
816 5395 1217 5452 doctissimus.
1271 5395 1382 5451 Sed
1439 5403 1497 5452 et
1543 5397 1681 5452 huic
1731 5398 1909 5453 etiam

259 5487 577 5560 objectioni
621 5485 998 5555 aliquatenus
1058 5485 1336 5541 occurrit.
1387 5507 1414 5537 ‹‹
1447 5486 1774 5556 Quomodo,
1826 5487 1912 5541 in-

260 5579 403 5648 quit,
436 5576 526 5632 vel
557 5575 940 5646 Polycarpus,
972 5575 1062 5630 vel
1115 5575 1399 5641 Justinus,
1431 5576 1520 5630 vel
1555 5577 1910 5648 apostolico-

257 5684 390 5726 rum
412 5667 734 5741 quisquam
755 5669 961 5720 contra
971 5663 1337 5723 Theodotum
1355 5665 1614 5723 scribere
1635 5672 1914 5740 poterant

2016 4696 2374 4746 tecessorem
2400 4706 2413 4754 ;
2444 4710 2468 4740 ι)
2493 4695 2550 4744 et
2571 4689 2748 4760 paulo
2772 4694 2906 4760 post
2932 4707 2943 4742 :
2977 4713 3001 4739 «
3026 4691 3156 4760 Ipsa
3179 4689 3666 4744 doctrinaeorum

2016 4796 2151 4835 cum
2176 4778 2502 4850 apostolica
2521 4784 2884 4850 comparata,
2919 4795 2990 4832 ex
3003 4777 3338 4832 diversitate
3357 4783 3414 4831 et
3435 4781 3666 4830 contra-

2016 4869 2226 4924 rietate
2256 4883 2362 4921 sua
2393 4882 2587 4937 neque
2622 4866 2872 4936 apostoli
2905 4866 3159 4936 alicujus
3208 4865 3465 4920 auctoris
3514 4879 3666 4931 esse,

2018 4973 2212 5028 neque
2225 4955 2536 5028 apostolici
2562 4972 2574 5009 :
2610 4955 2750 5024 quia
2781 4955 2936 5009 sicut
2965 4953 3275 5025 apostolici
3301 4970 3419 5008 non
3438 4951 3668 5006 diversa

2017 5049 2174 5103 inter
2203 5064 2264 5102 se
2296 5047 2656 5112 docuissent,
2689 5046 2772 5099 ita
2801 5051 2858 5099 et
2879 5045 3184 5116 apostolici
3219 5061 3338 5098 non
3369 5044 3668 5097 contraria

2020 5134 2301 5207 apostolis
2322 5134 2683 5189 docuissent.
2706 5155 2733 5182 ››
2751 5135 3040 5203 Respectu
3054 5133 3358 5200 doctrinas,
3378 5131 3465 5185 illi
3487 5131 3662 5185 etiam

2020 5222 2324 5296 apostolici
2342 5221 2712 5287 dicebantur,
2737 5220 2838 5291 qui
2863 5219 3262 5291 apostolorum
3282 5219 3395 5275 ﬁde
3415 5218 3670 5274 maxime

2022 5314 2373 5379 ﬂeruerunt,
2407 5310 2544 5366 licet
2582 5310 2880 5381 apostolos
2928 5310 3090 5381 ipsos
3143 5327 3265 5364 non
3315 5310 3671 5377 audiveriut,

2025 5403 2231 5474 quales
2262 5405 2450 5464 erant,
2513 5399 2662 5453 forte
2711 5399 2943 5469 Papias,
2998 5399 3361 5471 Hegesippus
3409 5404 3568 5455 certe
3617 5406 3676 5456 et

2023 5493 2284 5548 Irenaaus
2315 5507 2328 5544 :
2358 5489 2516 5545 unde
2544 5489 2700 5559 apud
2729 5489 2784 5542 S.
2814 5489 3201 5543 Athanasium
3222 5489 3498 5545 haeretica
3526 5493 3674 5546 sim-

2021 5581 2257 5653 pliciter
2289 5579 2609 5652 opponitur
2639 5577 2666 5630 ὁ
2697 5575 2886 5638 πιστὸς
2942 5576 3031 5630 καὶ
3085 5575 3455 5641 ἄποστολικὸς
3506 5580 3664 5653 ανήρ,

2025 5686 2379 5743 quacunque
2403 5674 2574 5726 astate
2596 5668 2972 5750 vixerit,tom.
3001 5667 3045 5738 l,
3071 5684 3204 5740 pag.
3226 5670 3351 5738 275,
3374 5675 3440 5728 ut
3460 5668 3666 5732 eadem
