4064 6134
340 343 459 407 287
1408 343 1470 404 S.
1517 341 1921 405 IGNATIUS.
1969 343 2044 390 —'-
2088 341 2700 406 PHOLEGOMENA.
3005 342 3015 348 ’
3632 346 3752 406 288

338 477 522 534 fuerit
550 477 706 532 inter
735 476 889 532 viros
945 477 1300 548 apostolicos
1346 476 1647 533 distinctio
1671 493 1800 549 quae
1832 475 1988 532 inter
2015 483 2074 547 Α
2103 482 2280 547 atque
2311 477 2443 533 ideo
2475 477 2691 534 falsum
2721 477 2903 534 fuisse
2933 477 3358 550 Hieronymum
3390 478 3708 533 confitetur
3735 497 3754 545 ς

343 568 624 623 ecclesias
657 567 1012 638 apostolicas
1035 567 1164 621 fuit.
1201 567 1346 622 Alias
1381 567 1539 621 enim
1566 566 1833 622 ecclesim
1859 583 1998 638 apo-
2104 571 2170 620 ut
2191 567 2350 623 enim
2374 567 2698 624 habeamus
2719 567 2936 624 falsum
2957 569 3271 640 Ignatium,
3303 584 3547 623 necesse
3569 572 3660 622 est
3690 572 3760 622 ut

340 661 563 716 stolicaa
608 659 976 724 dicebantur,
1011 658 1170 729 quod
1220 658 1292 712 ab
1342 658 1628 729 apostolis
1677 658 1842 729 ipsis,
1899 661 2002 711 aut
2104 657 2320 711 falsum
2339 658 2663 714 habeamus
2686 660 3126 730 Hieronymum.
3152 659 3233 714 Ne
3275 675 3448 713 verus
3477 658 3552 711 sit
3582 659 3753 729 Igna-

339 749 680 822 apostolicis
703 749 840 803 viris
866 749 1123 802 fundatae
1148 748 1425 814 sint,alia2
1450 748 1607 818 quod
1631 764 1765 802 eum
1790 753 1998 818 postea
2105 747 2244 814 tius,
2277 747 2459 803 falsus
2481 749 2800 803 estDallaao
2815 747 3190 818 Polycarpus,
3221 748 3408 802 falsus
3439 747 3749 818 Origenes,

344 845 560 894 exortae
578 840 717 901 sint,
745 855 876 893 cum
926 838 1045 891 illis
1092 837 1433 908 apostolicis
1464 838 1525 891 in
1557 837 1827 892 doctrina
1855 853 1995 890 con-

341 928 1035 984 venirent.Tertullianus
1050 929 1124 982 De
1147 929 1462 997 praescript.
1498 928 1691 983 hwret.
1725 942 1853 996 cap.
1886 927 1954 980 20
1981 941 1994 980 :

347 1041 367 1068 ι
402 1018 664 1089 Apostoli
692 1017 972 1072 ecclesias
1004 1017 1158 1088 apud
1189 1032 1675 1086 unamquamque
1699 1015 1995 1070 civitatem

341 1107 756 1174 condiderunt,
773 1123 806 1161 a
829 1106 1045 1177 quibus
1069 1106 1372 1160 traducem
1405 1105 1618 1160 fideiet
1635 1104 1864 1160 semina
1889 1103 1993 1158 do-

338 1197 545 1251 ctrinae
578 1202 806 1251 caetera)
839 1195 1052 1251 exinde
1085 1195 1349 1250 ecclesiae
1390 1199 1674 1249 mutuatas
1723 1198 1882 1259 sunt,
1935 1197 1995 1246 et

336 1286 598 1356 quotidie
620 1291 968 1341 mutuantur
988 1290 1052 1339 ut
1082 1285 1349 1340 ecclesia)
1373 1285 1548 1351 fiant;
1573 1300 1640 1339 ac
1666 1301 1772 1354 per
1792 1283 1902 1338 hoc
1934 1287 1992 1337 et

333 1375 476 1447 ipsae
510 1375 843 1447 apostolicae
877 1376 1257 1447 deputantur,
1283 1380 1349 1428 ut
1376 1373 1612 1429 soboles
1632 1373 1991 1445 apostolica-

329 1481 465 1521 rum
492 1465 896 1520 ecclesiarum.
925 1486 952 1514 »
988 1464 1147 1520 Idem
1181 1481 1307 1535 cap.
1335 1467 1402 1518 32
1435 1481 1448 1517 :
1485 1487 1510 1513 «
1540 1465 1658 1518 Hoc
1683 1462 1857 1517 modo
1890 1478 1986 1516 ec-

337 1555 534 1609 clesiae
553 1555 892 1626 apostolicm
916 1571 1126 1609 census
1151 1571 1287 1609 suos
1310 1554 1602 1618 deferunt,
1620 1553 1773 1607 sicut
1787 1553 1986 1622 Smyr-

335 1659 599 1698 naeorum
618 1643 1281 1715 EcclesiaPolycarpum
1311 1660 1344 1698 a
1372 1645 1596 1697 Joanne
1626 1642 1982 1698 collocatum

334 1732 534 1800 refert,
563 1732 713 1786 sicut
744 1734 1141 1786 Romanorum
1176 1732 1541 1786 Clementem
1563 1747 1598 1786 a
1619 1733 1790 1785 Petro
1823 1731 1980 1785 ordi-

2098 835 2286 892 falsus
2315 837 2816 902 Eusebius,falsus
2837 837 3092 907 denique
3110 843 3170 890 et
3189 836 3602 906 Hieronymus.
3640 835 3754 891 Sed

2104 945 2287 998 quare
2317 929 2532 982 falsum
2564 945 2693 983 esse
2721 929 3038 982 confitetur
3059 928 3086 981 ‘I
3125 950 3151 976 «
3186 927 3352 991 Quod
3387 927 3546 982 hunc
3577 943 3754 981 suum

2103 1018 2419 1086 Ignatium,
2455 1018 2556 1072 diu
2587 1025 2720 1089 post
2749 1016 3045 1088 apostolos
3077 1022 3137 1070 et
3187 1016 3549 1087 apostolicos
3598 1016 3756 1070 viros

2101 1106 2680 1178 natum,apostolicis
2701 1104 3044 1160 hominibus
3059 1105 3527 1160 connumeravit.
3548 1127 3570 1156 ι
3594 1104 3755 1159 unde

2102 1199 2219 1250 tam
2254 1210 2488 1249 crassus
2514 1210 2681 1248 error
2704 1193 3048 1248 doctissimo
3074 1197 3130 1247 et
3152 1194 3212 1246 in
3236 1191 3508 1247 Ecclesia;
3532 1207 3750 1246 monu-

2100 1284 2318 1338 mentis
2350 1283 2750 1338 versatissimo
2782 1282 2938 1337 Patri
2971 1281 3191 1336 insedit
3217 1280 3228 1334 !
3263 1297 3330 1335 ea:
3349 1287 3632 1351 pra'cept'o
3684 1280 3754 1336 de

2096 1374 2406 1441 Ignatianis
2438 1388 2622 1427 errore
2653 1373 2720 1426 ab
2753 1370 2982 1426 Eusebii
3004 1371 3234 1425 lectione
3263 1370 3478 1424 hausto.
3511 1373 3588 1424 At
3631 1386 3748 1424 ne-

2097 1479 2210 1533 que
2242 1463 2559 1518 Eusebium
2583 1478 2811 1516 errasse
2843 1465 3093 1528 constat,
3125 1476 3321 1530 neque
3353 1459 3748 1531 Hieronymus

2096 1551 2284 1607 solum
2318 1551 2637 1608 Eusebium
2691 1556 2927 1606 secutus
2977 1555 3084 1604 est.
3141 1549 3302 1620 Legit
3355 1548 3747 1619 Polycarpum

2095 1646 2272 1712 atque
2297 1641 2607 1706 Irenzeum,
2636 1657 2784 1710 quos
2817 1639 3102 1694 Eusebius
3145 1638 3524 1708 sequebatur,
3559 1654 3748 1708 quos-

2097 1748 2213 1801 que
2243 1732 2370 1803 ipse
2401 1730 2759 1802 apostolicos
2789 1729 3049 1800 appellat
3077 1747 3090 1795 ;
3142 1729 3285 1799 legit
3330 1727 3743 1799 Theophilum,

333 1825 540 1874 natum
573 1820 813 1885 itidem;
849 1820 1093 1891 perinde
1123 1821 1329 1890 utique
1358 1825 1415 1874 et
1446 1825 1672 1875 cazteraa
1704 1819 1985 1874 exhibent
2012 1854 2058 1919 Β
2090 1823 2262 1891 cujus
2285 1820 2642 1876 sententiam
2660 1837 2731 1876 ex
2757 1819 2980 1891 lgnatio
3008 1819 3347 1890 decerptam
3379 1817 3607 1872 auctori
3633 1834 3742 1873 suo

333 1925 482 1979 quos
514 1909 585 1963 ab
617 1908 895 1979 apostolis
925 1909 986 1963 in
1018 1909 1421 1981 episcopatum
1454 1909 1807 1964 constitutos
1837 1925 1978 1980 apo-

332 2001 522 2056 stolici
554 2000 798 2056 seminis
829 2001 1103 2056 traduces
1133 2001 1372 2058 habent.
1409 2022 1436 2051 »
1486 2003 1554 2055 Et
1593 2001 1766 2072 paulo
1808 2007 1976 2072 post:

335 2113 363 2141 «
397 2090 483 2145 Ad
516 2091 668 2146 hanc
698 2091 897 2161 itaque
928 2091 1181 2146 formam
1211 2091 1623 2162 probabuntur
1643 2091 1715 2146 ab
1739 2090 1855 2145 illis
1878 2093 1977 2147 Ec-

333 2179 552 2245 clesiis,
576 2197 707 2252 quas
729 2180 868 2235 licet
888 2179 1119 2235 nullum
1145 2197 1213 2235 ex
1229 2180 1514 2251 apostolis
1535 2180 1624 2234 vel
1638 2179 1979 2251 apostolicis

334 2276 636 2326 auctorem
669 2287 840 2325 suum
873 2270 1195 2342 proferant,
1245 2275 1310 2324 ut
1357 2270 1542 2324 multo
1595 2271 1977 2340 posteriores,

332 2364 532 2414 tamen
565 2361 625 2414 in
658 2359 864 2414 eadem
887 2358 1002 2414 ﬁde
1033 2359 1439 2430 conspirantes
1460 2375 1581 2414 non
1608 2360 1806 2415 minus
1838 2376 1977 2431 apo-

332 2448 554 2503 stolicae
577 2449 937 2521 deputantur
959 2466 1064 2520 pro
1084 2449 1602 2521 consanguinitate
1635 2448 1977 2505 doctrinae.»

336 2539 402 2592 Ut
433 2539 612 2610 igitur
643 2538 928 2594 ecclesias
957 2539 1334 2610 apostolicas,
1371 2555 1500 2609 qua:
1522 2543 1658 2610 post
1678 2540 1980 2610 apostolo-

329 2645 463 2681 rum
497 2633 762 2699 tempora
794 2633 1010 2683 exorta:
1043 2633 1200 2696 sunt,
1235 2629 1318 2684 ita
1349 2633 1407 2682 et
1436 2629 1587 2683 viros
1621 2630 1979 2700 apostolicos

332 2717 744 2781 nominabant,
781 2717 880 2787 qui
913 2717 1213 2789 apostolos
1244 2733 1550 2787 nunquam
1581 2717 1892 2772 viderunt:
1922 2723 1980 2772 et

332 2805 489 2876 quod
537 2806 612 2861 ad
661 2807 1083 2878 Hieronymum
1135 2811 1379 2878 spectat,
1426 2807 1641 2860 mirum
1703 2822 1824 2861 non
1867 2811 1976 2886 est,

331 2910 463 2950 eum
499 2896 579 2950 ita
607 2896 872 2951 locutum
905 2913 1053 2964 esse,
1089 2897 1136 2951 si
1173 2896 1351 2950 verba
1380 2895 1595 2950 Ruffini
1628 2895 1690 2948 in
1717 2894 1979 2950 secunda

321 2987 600 3040 Invectiva
632 2985 1108 3056 perpendamus:
1145 3007 1171 3034 α
1205 2985 1261 3040 Si
1299 2991 1358 3038 tu
1407 2985 1740 3055 Origenem,
1797 3000 1974 3053 quem

322 3073 577 3128 alterum
611 3079 744 3144 post
773 3073 1071 3143 apostolos
1103 3072 1272 3138 dicis,
1324 3078 1483 3126 recte
1535 3071 1680 3125 facis
1731 3071 1971 3138 imitari,

319 3161 466 3233 quid
488 3161 752 3216 concidis
766 3161 1031 3231 eum,qui
1048 3167 1284 3215 secutus
1306 3159 1733 3230 est,Didymum
1755 3174 1767 3223 ;
1793 3175 1968 3230 quem

320 3221 714 3306 nihilominus
746 3257 802 3305 et
823 3221 1167 3322 prophetam
1198 3221 1967 3321 nominas,e'tapostolicum
2010 3221 2053 3287 Ο

317 3342 510 3396 virum
544 3340 862 3412 designas‘?
890 3363 918 3391 »
953 3347 1011 3395 et
1039 3341 1214 3411 paulo
1245 3346 1378 3411 post
1409 3357 1423 3394 :
1455 3362 1481 3389 ‹‹
1510 3341 1692 3404 Quem
1728 3345 1965 3410 aposto-

317 3430 502 3485 licum
532 3431 721 3485 virum
755 3447 1035 3486 sensuum
1068 3429 1308 3484 nomine
1339 3429 1634 3500 designas.
1656 3429 1968 3493 .Quamvis

315 3520 498 3592 igitur
526 3536 720 3592 neque
754 3521 1013 3591 lgnatius
1036 3525 1137 3576 aut
1163 3519 1651 3592 Polycarpus,qui
1668 3518 1966 3590 apostolos

313 3617 604 3682 viderant,
638 3634 833 3689 neque
859 3619 1125 3673 Justinus
1157 3623 1257 3672 aut
1287 3619 1565 3680 Irenaeus,
1592 3616 1692 3687 qui
1726 3617 1843 3672 alia
1871 3634 1968 3672 ra-

313 3708 478 3762 tione
505 3707 648 3762 dicti
681 3715 820 3762 sunt
849 3706 1179 3779 apostolici,
1214 3706 1273 3761 id
1297 3723 1416 3760 non
1449 3705 1733 3770 fecerint;
1768 3711 1966 3760 tamen

315 3794 475 3849 inter
504 3795 654 3850 alios
687 3795 902 3849 multos
933 3794 1290 3866 apostolicos
1323 3799 1381 3848 et
1419 3793 1767 3862 eloquentes
1814 3795 1965 3849 viros

315 3889 550 3954 poterat
570 3883 783 3954 aliquis
803 3885 1166 3940 Theodotum
1201 3899 1476 3954 expresse
1495 3883 1773 3950 refutare,
1807 3884 1965 3955 quod

319 3974 392 4029 ad
416 3979 676 4030 mentem
703 3975 1044 4047 Hieronymi
1072 3975 1212 4029 satis
1231 3979 1340 4042 est,
1370 3974 1416 4028 si
1440 3973 1511 4027 de
1543 3974 1963 4046 hmreticoipso

315 4065 568 4122 refutato
584 4067 886 4137 loquatur;
910 4066 1066 4121 unde
1090 4064 1246 4135 quod
1266 4065 1336 4119 de
1359 4063 1657 4119 Theodoto
1688 4065 1965 4133 dicit,nec

321 4157 432 4209 erit
461 4156 834 4227 apertissime
864 4155 1212 4219 falsum,nec
1245 4155 1316 4209 de
1341 4155 1564 4226 lgnatio
1583 4155 1963 4209 sumendum-

385 4247 510 4299 Jam
545 4262 678 4299 vero
711 4246 821 4300 sibi
855 4245 966 4316 ipsi
999 4245 1422 4316 Hieronymum
1446 4249 1565 4299 tam
1597 4244 1744 4298 mire
1776 4244 1960 4298 inter-

316 4332 588 4403 pretandi
622 4333 846 4404 objicit,
871 4334 983 4387 hoc
1013 4333 1234 4405 Ignatio
1257 4351 1377 4389 non
1400 4340 1736 4406 competere
1758 4335 1964 4404 (utsci-

316 4422 458 4475 licet
497 4426 704 4476 contra
732 4422 1097 4477 Theodotum
1138 4425 1443 4493 scriberet)
1483 4424 1656 4478 annis
1703 4422 1825 4478 fere
1860 4426 1962 4477 100

316 4515 451 4564 ante
481 4517 711 4565 mortuo
731 4527 909 4581 quam
925 4513 1208 4568 Theodoti
1232 4514 1472 4568 haeresis
1487 4513 1649 4567 nosci
1665 4513 1958 4583 cmpisset,

2087 1909 2374 1977 reddidit;
2408 1909 2551 1980 legit
2576 1909 2909 1981 Origenem,
2941 1908 3042 1979 qui
3073 1924 3194 1962 non
3225 1907 3412 1962 semel
3437 1907 3735 1979 Ignatium

2089 1998 2460 2069 epistolicum
2483 2004 2548 2053 ut
2569 1997 2960 2068 apostolicum
2985 1996 3331 2063 laudat,imo
3355 2013 3501 2067 opus
3531 1995 3736 2068 Orige-

2088 2088 2181 2141 nis
2214 2088 2337 2158 ipse
2361 2089 2781 2158 interpretatus
2803 2092 2911 2154 est,
2932 2087 2993 2140 in
3015 2101 3130 2156 quo
3150 2085 3306 2139 idem
3329 2085 3548 2140 diserte
3569 2086 3743 2157 lgna-

2087 2179 2204 2233 tius
2235 2180 2478 2246 citatur;
2513 2179 2653 2250 legit
2683 2177 3095 2244 Athanasium,
3131 2177 3435 2244 Basilium,
3469 2176 3616 2231 alios
3640 2175 3743 2246 qui

2088 2269 2322 2323 Eusebii
2358 2284 2588 2324 errores
2615 2268 2778 2338 sequi
2802 2283 2921 2322 non
2945 2265 3249 2332 solebant;
3275 2266 3575 2320 neminem
3596 2266 3744 2336 legit

2087 2362 2189 2412 aut
2218 2359 2398 2426 novit,
2440 2359 2533 2412 cui
2566 2356 2832 2428 epistola)
2865 2356 3069 2427 lgnatii
3105 2362 3302 2410 essent
3330 2354 3415 2410 vel
3437 2355 3734 2410 levissime

2088 2452 2394 2519 suspectas.
2432 2447 2488 2501 Si
2518 2446 2700 2502 falsus
2730 2446 2908 2500 fuerit
2939 2445 3349 2514 Hieronymus,
3385 2461 3548 2499 error
3603 2445 3733 2514 ejus

2088 2536 2195 2592 toti
2228 2536 2354 2591 orbi
2383 2536 2718 2591 communis
2752 2534 3124 2605 iniquissime
3146 2534 3398 2588 Eusebio
3422 2533 3734 2598 tribuitur;

2087 2627 2418 2698 praesertim
2451 2642 2586 2680 cum
2620 2629 2851 2680 constet
2877 2623 3299 2693 Hieronymum
3319 2624 3443 2678 haec
3457 2623 3737 2678 adversus

2089 2714 2417 2770 Helvidium
2445 2715 2776 2785 scripsisse,
2809 2713 2908 2767 diu
2939 2718 3260 2782 antequam
3283 2729 3390 2767 sua
3418 2713 3490 2767 de
3513 2713 3738 2784 [gnat-io

2088 2807 2149 2860 in
2181 2805 2452 2876 Catalogo
2484 2822 2552 2858 ex
2585 2803 2836 2858 Eusebio
2878 2802 3268 2873 transcripsit.

2159 2912 2271 2968 Sed
2304 2913 2422 2967 sive
2453 2929 2607 2978 vere,
2643 2911 2760 2964 sive
2793 2909 2936 2964 falso
2969 2910 3079 2965 hoc
3130 2909 3256 2964 loco
3309 2910 3732 2981 Hieronymum

2086 3002 2368 3074 epistolas
2385 3001 2607 3070 Ignatio
2621 2999 2962 3069 ascripsisse
2986 2999 3223 3064 velit,an
3247 3000 3307 3054 in
3331 2999 3462 3053 aliis
3477 2999 3738 3053 Theodo-

2085 3096 2208 3145 tum
2241 3091 2322 3144 ita
2352 3089 2595 3143 refutari
2627 3088 2863 3153 vidit,ut
2883 3089 3022 3142 inde
3053 3089 3524 3142 commentitium
3545 3088 3730 3142 fuisse

2083 3179 2373 3251 lgnatium
2393 3178 2563 3232 facile
2583 3177 2859 3248 colligere
2882 3177 3208 3247 potuisset?
3231 3179 3317 3232 Ita
3337 3177 3576 3247 quidem
3591 3193 3730 3231 sen-

2079 3267 2151 3322 tit
2179 3267 2267 3321 vir
2296 3266 2696 3332 doctissimus,
2731 3264 2834 3320 sed
2855 3265 3158 3320 levissima
3187 3268 3530 3338 conjectura
3547 3271 3730 3339 perci-

2073 3363 2186 3425 tus,
2219 3357 2448 3412 ratione
2479 3355 2645 3410 nulla
2676 3355 2906 3410 ductus.
2943 3357 3067 3410 Non
3102 3357 3261 3410 enim
3292 3357 3579 3413 Theodoti
3613 3377 3722 3415 no-

2071 3462 2208 3500 men
2223 3446 2302 3500 ita
2323 3443 2664 3516 legisse,ubi
2685 3460 2794 3498 nos
2809 3443 3715 3518 legimus,putatHieronymum;

2071 3536 2360 3590 insertum
2393 3533 2540 3588 illud
2572 3532 2838 3604 epistolze
2868 3533 2943 3587 ad
2959 3532 3286 3589 Trallianos
3305 3535 3716 3607 abinterpola—

2071 3629 2218 3688 tore,
2235 3623 2335 3677 diu
2357 3628 2489 3694 post
2506 3626 2739 3677 aetatem
2761 3623 3126 3694 Hieronymi,
3155 3639 3275 3677 non
3300 3623 3719 3691 difﬁtetur,aut

2069 3712 2277 3767 saltem
2301 3712 2400 3767 diu
2425 3717 2553 3782 post
2569 3711 2784 3766 librum
2802 3711 2973 3766 illum
2993 3712 3250 3767 adversus
3273 3713 3596 3779 Helvidium,
3615 3715 3719 3785 qui

2069 3801 2177 3856 sub
2211 3803 2461 3856 Damaso
2495 3801 2750 3871 scriptus
2780 3805 2904 3855 est:
2940 3800 3093 3855 nihil
3119 3801 3180 3855 in
3211 3802 3312 3857 illa
3343 3803 3720 3873 epistola,cui

2068 3907 2288 3944 nomen
2310 3896 2516 3956 postea
2534 3889 2814 3944 Theodoti
2840 3889 3129 3944 insertum
3147 3891 3426 3958 est,illius
3452 3893 3716 3948 haeretici

2069 3996 2301 4036 errores
2350 3979 2711 4052 perstringit.
2773 3977 2884 4033 Sed
2934 3984 2993 4032 et
3038 3979 3172 4049 alia,
3207 3986 3266 4034 et
3293 3981 3397 4035 illa
3434 3981 3718 4037 adversus

2066 4071 2429 4126 Theodotum
2464 4069 2858 4124 disertissima
2887 4069 3129 4141 legerat,
3164 4087 3294 4140 quea
3343 4087 3414 4125 ex
3445 4072 3720 4142 epistolis

2067 4160 2140 4214 ad
2171 4160 2455 4231 Ephesios
2489 4163 2544 4213 et
2575 4159 2900 4230 Magnesios
2931 4157 3245 4228 descripsit
3277 4160 3547 4223 Dallaeus,
3571 4159 3719 4215 inde

2067 4250 2244 4321 igitur
2256 4250 2531 4321 colligere
2550 4248 2755 4303 debuit
2785 4249 3177 4317 Hieronymus
3200 4265 3399 4303 verum
3416 4250 3716 4321 lgnatium

2066 4356 2184 4394 non
2211 4339 2414 4416 fuisse,
2439 4339 2537 4409 qui
2564 4343 2698 4408 post
2717 4338 3081 4392 Theodotum
3103 4337 3556 4408 scripserit.lmo
3575 4356 3718 4396 vero

2065 4431 2175 4483 hoc
2193 4433 2539 4501 argumento
2563 4434 2680 4482 tam
2701 4427 2961 4494 infirmo,
2993 4433 3111 4481 tam
3132 4427 3319 4495 nullo,
3336 4428 3718 4497 iniquissime

2066 4526 2304 4576 sanctus
2322 4521 2494 4572 Pater
2519 4517 2790 4572 falsitatis
2811 4517 3304 4588 postulatur,cum
3329 4535 3397 4572 ea
3419 4535 3549 4588 quas
3571 4524 3715 4575 ante

317 4598 547 4668 sibique
580 4599 705 4654 haec
737 4599 1040 4670 objicienti
1073 4601 1414 4673 respondet,
1434 4601 1546 4656 hoc
1567 4600 1812 4672 martyri
1831 4602 1957 4670 qui-
1985 4588 2031 4654 Ῑ)
2063 4625 2131 4663 ex
2165 4607 2429 4678 epistolis
2460 4605 2533 4660 ad
2564 4605 2847 4676 Ephesios
2879 4610 2938 4659 et
2967 4605 3372 4677 Magnesianos
3393 4606 3716 4680 descripsit

316 4687 450 4742 dem
485 4690 708 4760 lgnatio
739 4705 860 4744 non
892 4691 1228 4761 convenire,
1271 4690 1343 4744 de
1394 4696 1596 4745 nostro
1645 4689 1951 4761 epistolico

310 4794 511 4833 verum
540 4795 951 4850 esse,eumque
975 4780 1082 4835 hoc
1105 4780 1233 4834 loco
1256 4779 1327 4833 ab
1346 4780 1699 4850 Hieronymo
1718 4779 1952 4834 intelle-

310 4875 467 4924 ctum
485 4874 711 4924 esse.At
728 4870 774 4925 si
793 4871 1182 4942 Hieronymus
1199 4868 1310 4922 hoc
1325 4869 1452 4922 loco
1467 4869 1761 4924 intellexit
1781 4871 1953 4940 lgna—

304 4959 450 5014 tium
467 4959 1015 5030 epistolicurr,certe
1031 4958 1324 5013 intellexit
1339 4964 1647 5028 martyrem
1667 4959 1950 5015 neminem

304 5051 789 5105 enimaliumnovit
805 5050 907 5104 ille
921 5050 1494 5122 epistolicum,quam
1506 5049 1880 5118 apostolicum
1893 5056 1950 5106 et

297 5146 618 5212 martyrefn.
637 5141 753 5194 Hoc
774 5141 901 5211 ipso
915 5139 1044 5194 loco
1057 5155 1174 5192 non
1191 5138 1580 5192 tantuminter
1592 5141 1949 5209 apostolicos

305 5234 599 5288 numerat.
629 5229 731 5284 sed
751 5235 809 5283 et
829 5229 969 5283 dum
991 5234 1252 5282 veterum
1277 5227 1490 5280 seriem
1511 5227 1738 5295 recitat,
1755 5229 1946 5300 primo

301 5319 429 5373 loco
461 5319 776 5390 lgnatium,
810 5335 928 5374 non
961 5323 1189 5372 tantum
1222 5315 1668 5372 antelrenaeum
1693 5324 1750 5371 et
1767 5319 1948 5373 Justi—

305 5424 472 5473 num,
501 5409 603 5462 sed
631 5415 688 5463 et
717 5415 853 5464 ante
886 5408 1276 5480 Polycarpum
1326 5406 1509 5476 ponit.
1561 5407 1722 5461 Idem
1770 5408 1949 5479 igitur

300 5497 748 5567 Hieronymo,nt
765 5504 823 5552 et
835 5498 1026 5567 nobis,
1046 5505 1102 5552 et
1116 5496 1543 5568 epistolicus,et
1563 5497 1942 5567 apostolicus,

301 5591 359 5641 et
391 5591 614 5658 martyr
641 5587 920 5658 lgnatius.
952 5588 1151 5658 Neque
1195 5586 1322 5640 hmc
1355 5601 1567 5658 negare
1616 5586 1808 5656 potuit
1858 5587 1948 5640 vir

301 5674 681 5732 doctissimus
705 5677 804 5746 qui
830 5675 985 5732 hanc
1008 5672 1552 5731 distinctiunculam
1574 5674 1942 5746 excogitavit,

2060 4697 2309 4752 Dallzeus
2331 4697 2519 4767 capite
2541 4695 2938 4760 9,Artemonis
2950 4693 3383 4764 blasphemiam
3397 4696 3711 4766 splendide

2060 4787 2364 4841 confutare
2396 4785 2520 4856 ipse
2549 4784 2780 4838 dixerit.
2815 4785 2883 4837 Et
2910 4799 3114 4838 revera
3147 4789 3264 4838 tam
3295 4792 3501 4842 contra
3539 4791 3717 4842 Arte-

2058 4892 2295 4931 monem
2327 4889 2504 4944 quam
2537 4877 2743 4927 contra
2771 4872 3138 4927 Theodotum
3171 4873 3409 4945 scripsit
3449 4877 3716 4946 lgnatius

2057 4962 2346 5031 noster,id
2371 4962 2532 5028 est,si
2557 4978 2844 5032 personas
2865 4962 3280 5018 haereticorum
3300 4970 3550 5035 spectes.
3567 4983 3717 5022 con-

2059 5059 2147 5107 tra
2165 5057 2474 5117 neutrum;
2495 5051 2543 5105 si
2573 5050 2842 5104 haeresim
2863 5050 3051 5120 ipsam
3065 5051 3304 5122 utrique
3326 5069 3710 5110 communem

2056 5148 2262 5197 contra
2292 5140 2650 5195 sententiam
2683 5140 3013 5211 utriusque,
3050 5146 3106 5194 et
3133 5140 3266 5195 ideo
3317 5141 3513 5212 aliquo
3565 5159 3704 5198 vero

2058 5247 2234 5287 sensu
2267 5236 2472 5286 contra
2501 5234 2841 5299 utrumque.
2878 5230 3127 5284 llmresis
3148 5231 3309 5284 enim
3325 5231 3529 5286 eadem
3547 5232 3714 5304 lgna-

2054 5320 2121 5374 tii
2155 5337 2274 5374 aevo
2299 5319 2522 5374 exstitit
2543 5317 2614 5373 ab
2646 5318 2868 5372 Ebione
2899 5318 3183 5389 profecta,
3218 5323 3274 5372 et
3304 5318 3377 5374 ab
3411 5320 3595 5390 ipsius
3628 5321 3714 5374 di-

2057 5409 2323 5480 scipulis,
2357 5415 2414 5463 et
2463 5407 2770 5476 Nazarmis,
2822 5413 2996 5477 atque
3041 5407 3320 5462 Cerintho
3372 5408 3639 5470 defensa,
3679 5425 3713 5465 a

2053 5499 2351 5553 Theodoto
2375 5504 2434 5552 et
2460 5499 2778 5552 Artemone
2801 5502 3004 5567 postea
3025 5495 3611 5566 resuscitatafl‘aotnc
3647 5494 3706 5551 δὲ

2051 5592 2151 5652 τῆς
2183 5583 2470 5661 φάλαγγος
2499 5585 2659 5658 ἧρξεν
2693 5577 2911 5650 Ἐϐίωθ,
2946 5607 2974 5634 ‹‹
3009 5584 3193 5656 Hujus
3226 5591 3424 5641 autem
3458 5592 3705 5642 catervas

2052 5675 2330 5747 princeps
2375 5675 2488 5730 fuit
2535 5674 2744 5744 Ebion,
2785 5696 2806 5726 ι
2862 5678 2928 5728 ut
2973 5671 3237 5743 loquitur
3281 5673 3704 5733 Theodoretus.
