4064 6134
314 338 431 400 293

1043 335 1100 397 J.
1151 332 1576 397 PEARSONII
1619 334 1999 396 VlNDlGlE
2041 337 2544 402 lGNATIANE.
2591 372 2665 387 -
2708 341 2918 403 PARS
2963 341 3047 402 II.

3613 343 3733 408 294

309 478 368 528 et
398 471 494 528 hic
525 469 766 526 sufﬁcit.
802 470 888 525 Ex
921 468 1193 525 omnibus
1215 466 1775 540 interpolationibus
1806 468 1974 524 nulla
2002 471 2055 538 Α
2086 470 2404 529 Christiani
2435 473 2573 530 facti
2604 477 2760 540 sunt,
2779 473 3053 530 viderunt
3076 473 3395 531 Turrianus
3418 478 3473 531 et
3495 476 3734 534 Leibius

311 579 458 618 casu
490 562 649 616 facta
679 566 771 615 est
803 577 816 614 :
856 560 959 614 sed
990 559 1089 630 qui
1123 559 1489 631 singularum
1534 559 1826 613 rationem
1866 559 1980 613 ali—

313 668 494 724 quam
526 651 894 722 peculiarem
925 648 1251 703 reddiderit
1297 665 1546 720 magnus
1576 654 1734 702 certe
1768 648 1976 720 Apollo

314 742 450 796 erit.
488 741 672 794 Mutat
701 740 993 810 impostor
1023 738 1122 792 ille
1154 755 1260 809 pro
1309 737 1479 792 libitu
1533 737 1772 792 omnia:
1818 754 1978 792 nunc

308 831 561 902 phrases
585 828 966 883 obscuriores
987 827 1160 898 plane
1174 827 1583 890 omittit,nunc
1599 827 1731 882 aliis
1746 827 1980 898 planio—

310 920 480 974 ribus
506 917 810 989 exprimit,
837 933 998 971 nunc
1020 916 1398 988 planissimas
1420 916 1591 971 aliter
1611 917 1977 982 refert,nunc

311 1009 637 1078 Scriptura;
668 1005 798 1060 loca
828 1005 1154 1071 interserit,
1188 1021 1345 1060 nunc
1377 1005 1467 1060 sui
1500 1005 1786 1076 temporis
1828 1021 1972 1059 con-

313 1097 664 1152 suetudines
687 1096 1110 1159 infercit,nunc
1135 1112 1270 1150 suas
1297 1096 1625 1150 sententias
1651 1095 1973 1165 aliquando

312 1188 618 1258 longiores
647 1183 832 1259 ῥήσεις
883 1185 1109 1256 Ignatio
1155 1186 1482 1256 supponit;
1536 1185 1619 1238 ita
1670 1184 1975 1255 Ignatiana

314 1277 518 1331 omnia
548 1275 845 1330 illustrare
878 1279 936 1328 et
966 1273 1330 1344 ampliﬁcare
1361 1273 1606 1329 studens
1653 1289 1760 1328 sua
1811 1273 1969 1327 fecit.

310 1368 375 1420 In
407 1367 519 1420 hac
551 1365 681 1436 ipsa
711 1364 964 1434 epistola
995 1363 1068 1418 ad
1099 1364 1507 1435 Magnesianos
1555 1361 1791 1417 libidini
1849 1379 1970 1417 sua)

307 1462 622 1526 tantopere
659 1454 928 1519 indulsit,
960 1458 1027 1507 ut
1063 1453 1158 1507 vix
1191 1459 1310 1508 tres
1341 1459 1441 1507 aut
1471 1458 1726 1524 quatuor
1765 1469 1969 1507 versus

306 1547 599 1611 invenias,
625 1546 687 1598 in
713 1544 929 1614 quibus
961 1543 1109 1597 nihil
1127 1543 1460 1598 immutavit
1485 1559 1497 1596 ε
1522 1548 1589 1597 ut
1608 1543 1824 1597 mirum
1849 1559 1970 1596 non

306 1637 403 1702 sit,
433 1637 481 1690 si
502 1634 750 1688 omnino
776 1633 992 1688 frustra
1013 1649 1202 1687 causae
1221 1633 1434 1702 aliqum
1466 1633 1795 1703 prmsertim
1828 1631 1968 1686 sub-

309 1726 447 1781 tiles
483 1726 695 1779 harum
749 1723 1235 1778 immutationum
1276 1725 1638 1792 quaerantur.
1692 1723 1802 1775 Pro
1850 1720 1971 1773 θεο-

2091 561 2388 628 Vedelius,
2426 565 2695 619 Usserius
2727 569 2784 619 et
2819 564 3065 620 Dallaaus
3087 564 3114 618 ?
3143 567 3232 620 An
3267 565 3364 620 ille
3397 568 3617 623 veritus
3649 572 3741 624 est

2088 668 2162 706 ne
2193 652 2436 724 obliqua
2465 654 2667 724 aliqua
2695 654 2892 718 verba,
2925 653 2998 708 ad
3043 654 3421 710 Valentinum
3469 658 3621 712 forte
3668 675 3741 714 ex

2088 743 2217 812 ejus
2249 743 2546 798 sententia
2580 744 2928 815 spectantia,
2961 744 3171 816 Ignatii
3207 761 3417 801 omnes
3458 747 3738 818 epistolas

2089 836 2393 901 suspectas
2424 832 2780 898 redderent;
2816 833 2916 903 qui
2944 832 3227 888 Theodoti
3260 850 3480 888 nomen
3524 835 3585 889 in
3617 837 3738 907 epi-

2086 921 2238 976 stola
2255 921 2328 975 ad
2350 922 2675 977 Trallianos
2693 923 3144 994 exprimendum
3165 924 3589 995 putavit,quem
3613 929 3733 981 tam

2083 1009 2186 1065 diu
2215 1015 2348 1081 post
2379 1011 2756 1065 Valentinum
2789 1012 2999 1066 vixisse
3028 1028 3234 1066 omnes
3257 1013 3516 1067 norunt?
3545 1017 3734 1069 Reco-

2081 1099 2280 1153 lantur
2310 1099 2487 1154 verba
2518 1117 2648 1170 qua:
2670 1100 2926 1155 Dallaaus
2949 1102 3071 1172 ipse
3095 1101 3268 1171 paulo
3291 1103 3531 1168 ante,ad
3551 1105 3732 1159 tinem

2081 1203 2232 1258 pene
2246 1187 2460 1258 prioris
2483 1188 2790 1260 capitis,ex
2811 1206 2916 1243 sua
2933 1191 3229 1245 sententia
3245 1191 3501 1262 scripsit.
3539 1214 3568 1241 »
3597 1194 3731 1247 Haec

2083 1283 2140 1332 et
2170 1278 2288 1332 alia
2319 1279 2479 1332 velut
2516 1279 2578 1333 in
2609 1279 2966 1334 Theodotvm
3001 1280 3158 1335 dicta
3189 1281 3313 1351 ipse
3341 1281 3730 1352 epistolarum

2081 1367 2472 1438 interpolator
2503 1367 2804 1439 accepisse
2834 1385 2904 1423 eo
2935 1370 3218 1432 noscitur,
3252 1371 3411 1440 quod
3427 1371 3622 1426 locum
3655 1373 3730 1427 ad

2079 1453 2393 1509 Trallesios
2423 1455 2583 1510 hunc
2612 1471 2624 1510 :
2666 1475 2690 1505 ι
2721 1457 2922 1528 Fugite
2951 1456 3136 1511 malas
3167 1459 3521 1531 propagines
3550 1477 3725 1532 gene-

2078 1549 2278 1598 rantes
2309 1544 2566 1598 fructum
2593 1545 2990 1614 mortiferum,
3026 1568 3053 1594 ››
3085 1546 3380 1602 illustrare
3403 1554 3462 1602 et
3483 1549 3730 1620 amplifi-

2078 1648 2211 1687 care
2247 1633 2318 1685 de
2349 1649 2514 1687 more
2555 1633 2820 1702 studens,
2849 1651 3036 1704 eoque
3069 1635 3165 1689 hic
3205 1636 3430 1692 addens
3460 1638 3725 1709 ipsorum

2078 1720 2495 1775 haereticorum
2528 1723 2774 1776 nomina
2803 1739 2953 1793 quos
2983 1723 3042 1777 in
3075 1723 3342 1794 epistolis
3364 1742 3510 1796 quas
3536 1727 3727 1783 inter-

303 1814 680 1888 πρεπεστάτου
716 1813 926 1868 scribit
953 1809 1098 1874 θείου
1129 1810 1220 1864 καὶ
1259 1814 1537 1874 ποθεινοῦ,
1585 1827 1719 1866 cum
1766 1816 1963 1866 tamen

2078 1809 2316 1880 polabat
2345 1815 2581 1865 notatos
2613 1816 2670 1864 et
2699 1812 2982 1866 refutatos
3013 1829 3140 1867 esse
3174 1814 3433 1884 putabat.
3469 1817 3728 1871 Theodo-

309 1923 445 1961 eam
477 1919 679 1958 vocem
722 1903 865 1957 alibi
905 1902 1256 1967 retinuerit;
1293 1917 1398 1970 pro
1431 1895 1774 1975 διαφυγόντες
1833 1902 1966 1952 Θεοῦ

307 1993 635 2063 τευξόμεθα,
675 1992 856 2046 habet
885 1997 1113 2046 tantum
1169 1986 1545 2064 διαφεύξεσθε;
1580 2006 1686 2060 pro
1735 1990 1970 2061 συγχρᾶ-

308 2086 456 2150 σθπι,
489 2085 842 2158 καταφρονεῖν
870 2098 883 2146 ;
908 2098 1013 2152 pro
1043 2079 1181 2133 κατὰ
1211 2075 1459 2149 δύναμιν,
1514 2077 1648 2149 μετᾶ
1694 2077 1920 2151 γνώμην
1949 2096 1963 2145 ς

303 2191 415 2245 pro
450 2170 512 2224 οὖ
545 2191 681 2244 προς
715 2170 886 2242 σάρκα
917 2169 944 2222 ὁ
977 2168 1170 2242 Λόγος,
1210 2165 1359 2221 ἀλλὰ
1387 2166 1523 2237 πρὸς
1555 2167 1706 2233 Θεόν,
1761 2167 1968 2222 scribit

300 2262 369 2316 οὗ
410 2261 552 2334 πρὸς
585 2259 892 2333 ἄνθρωπον,
924 2255 1068 2312 ἀλλὰ
1099 2257 1234 2330 πρὸς
1287 2255 1414 2311 Θεὸν
1448 2254 1565 2330 ἔχει
1612 2257 1715 2326 τήν
1763 2255 1964 2332 ἀναφο-

301 2349 451 2423 ράνς
515 2367 624 2422 pro
681 2347 819 2402 κατὰ
877 2343 1151 2419 μηδεμίαν
1215 2345 1520 2419 ὑπόκρισιν,
1612 2345 1749 2399 κατὰ
1793 2341 1960 2416 μηδὲν

301 2439 454 2510 αὖτῷ
502 2437 847 2512 ἀντιλέγειν;
893 2455 1000 2510 pro
1049 2432 1273 2495 ἕκαστος
1315 2434 1390 2491 εἷς
1435 2437 1529 2488 τὸν
1576 2431 1714 2488 ἴδιον
1766 2432 1958 2499 τόπον,

299 2527 532 2588 Ennio-:0:
562 2531 674 2580 τῶν
731 2525 1030 2599 ᾑρημένων
1080 2524 1157 2585 εἴς
1203 2524 1295 2578 τὸν
1348 2523 1516 2578 τόπον
1573 2527 1670 2578 τοῦ
1727 2523 1964 2597 εὑρεθέν-

306 2637 401 2678 τος
430 2635 444 2683 ;
481 2623 670 2672 totum
702 2615 960 2686 denique
991 2615 1188 2670 locum
1223 2615 1295 2669 de
1327 2613 1560 2668 duobus
1590 2614 1849 2668 nummis
1880 2615 1963 2669 ita

305 2707 708 2778 interpolavit,
743 2711 810 2760 ut
839 2722 912 2760 ne
953 2704 1069 2759 duo
1127 2703 1368 2774 quidem
1420 2703 1628 2775 lgnatii
1674 2703 1962 2758 vocabula

309 2798 458 2868 apud
479 2813 617 2851 eum
635 2795 1224 2866 simulreperiantur.
1241 2793 1520 2856 Quasnam
1536 2799 1732 2848 autem
1746 2793 1960 2847 horum

318 2887 560 2941 aliorum
572 2901 687 2955 que
709 2883 976 2956 ejusdem
1000 2883 1206 2937 farime
1220 2881 1552 2953 quampluri
1565 2898 1796 2936 morum
1811 2882 1960 2936 ratio

316 2975 479 3031 reddi
511 2980 728 3047 potest,
763 2973 877 3027 nisi
909 2971 1069 3043 quod
1091 2972 1307 3026 melius
1329 2988 1389 3025 se
1413 2971 1672 3025 scribere
1698 2971 1960 3042 potuisse

312 3065 542 3136 putavit
571 3064 790 3135 planus
823 3062 948 3126 ille,
981 3077 1157 3132 quam
1189 3062 1506 3132 scripserat
1529 3061 1809 3132 Ignatius.

379 3154 493 3210 Sed
526 3171 634 3209 cur
663 3154 789 3207 haec
821 3151 1197 3222 potissimum
1226 3149 1510 3204 mutanda
1541 3150 1964 3204 existimaverit

2077 1903 2203 1952 tum
2235 1899 2390 1953 inter
2421 1900 2527 1953 hos
2558 1899 2778 1954 diserte
2811 1900 3084 1956 ediderit.
3109 1902 3505 1974 lnterpolator
3527 1904 3726 1977 igitur,

2078 1987 2126 2042 si
2159 1988 2284 2042 haec
2315 1989 2387 2043 ad
2417 1989 2800 2044 Valentinum
2833 1995 3130 2061 spectasse
3160 1992 3494 2063 cogitasset,
3519 2010 3636 2048 non
3658 2011 3728 2049 ea

2077 2075 2378 2131 delivisset
2406 2094 2480 2132 ne
2513 2084 2814 2133 auctorem
2863 2080 3204 2150 proderent,
3257 2082 3360 2136 sed
3407 2099 3510 2152 pro
3559 2099 3723 2138 more

2077 2183 2205 2234 suo,
2235 2166 2327 2221 vel
2355 2167 2482 2238 ipso
2506 2167 2711 2239 judice
2747 2169 2984 2234 Dallmo,
3020 2170 3320 2224 Valentini
3351 2187 3569 2226 nomen
3601 2171 3726 2227 edi-

2077 2256 2262 2311 disset
2316 2257 2423 2321 Qui
2475 2257 2634 2312 enim
2684 2258 3099 2327 haareticorum
3149 2259 3411 2327 nomine,
3465 2277 3612 2331 quos
3659 2262 3722 2318 in

2075 2347 2344 2418 epistolis
2373 2364 2519 2418 quas
2549 2347 2944 2420 interpolabat
2971 2353 3206 2403 notatos
3237 2349 3419 2404 fuisse
3450 2349 3716 2420 putabat,

2072 2435 2289 2491 addere
2313 2436 2616 2504 voluerat;
2650 2454 2834 2508 quare
2865 2437 3231 2493 Theodotum
3262 2439 3572 2507 insereret,
3610 2442 3719 2496 Va-

2070 2524 2363 2580 lentinum
2379 2528 2839 2596 omitteret,cum
2853 2528 3188 2583 Theodotus
3205 2529 3512 2584 Valentino
3530 2531 3719 2585 multo

2064 2613 2271 2683 junior
2292 2621 2465 2680 esset,
2504 2615 2807 2684 multoque
2829 2616 3202 2671 manifestius
3226 2621 3459 2672 aatatem
3478 2619 3722 2689 scripto-

2071 2703 2153 2756 ris
2174 2703 2490 2774 proderet?
2511 2703 2624 2758 Sed
2643 2704 2790 2757 nihil
2818 2703 2918 2758 ille
2934 2705 3048 2759 tale
3075 2706 3364 2777 cogitasse
3385 2697 3719 2762 cenSendus

2073 2797 2199 2856 est;
2233 2808 2427 2863 neque
2461 2793 2723 2848 rationes
2755 2793 3177 2864 excogitanda,
3213 2799 3314 2848 aut
3357 2795 3728 2864 providentia

2072 2881 2196 2946 Dei,
2229 2881 2430 2935 nescio
2463 2888 2842 2953 quapropter,
2877 2882 2992 2936 huc
3023 2881 3399 2948 advocanda;
3432 2901 3538 2955 pro
3562 2900 3728 2940 more

2072 2985 2178 3022 suo
2210 2969 2620 3040 interpolator,
2656 2971 2858 3025 omnia
2907 2970 3205 3026 illustrare
3254 2975 3311 3025 et
3359 2971 3723 3042 amplificare

2071 3059 2336 3125 studens,
2374 3059 2498 3113 huic
2527 3059 2899 3126 immutavit;
2934 3059 3105 3130 plane
3137 3065 3204 3114 ut
3232 3061 3292 3114 in
3327 3060 3436 3114 hac
3457 3061 3585 3131 ipsa
3609 3061 3726 3131 epi-

2071 3147 2223 3202 stola
2253 3148 2430 3218 paulo
2458 3154 2594 3203 ante
2628 3165 2734 3219 pro
2784 3149 2876 3203 his
2932 3149 3161 3203 verbis:
3211 3149 3306 3210 Ὄς
3358 3148 3462 3223 πρὸ
3514 3147 3723 3202 αἷώνων

309 3243 722 3314 interpolator,
756 3214 1128 3311 in-promptu
1160 3244 1248 3294 est
1278 3240 1398 3293 viro
1439 3239 1780 3294 doctissimo
1811 3240 1960 3293 ratio

2074 3235 2219 3307 παρὰ
2250 3237 2418 3307 ﬂatth
2449 3237 2538 3305 ἦν,
2579 3236 2669 3289 καὶ
2701 3233 2751 3288 ἒν
2783 3232 2928 3290 τέλει
2980 3233 3171 3314 ἐφάνη,
3223 3260 3251 3286 ‹‹
3287 3239 3386 3309 qui
3437 3245 3572 3294 ante
3622 3257 3724 3295 saa-

313 3349 432 3387 uon
468 3332 741 3386 obscura.
778 3353 805 3380 «
838 3332 892 3384 Is
923 3330 1082 3384 enim
1112 3329 1330 3382 veritus
1362 3335 1451 3383 est
1480 3344 1554 3382 ne
1581 3329 1694 3382 ista
1724 3329 1771 3382 si
1820 3328 1968 3399 lege-

310 3429 543 3489 rentur,
577 3421 861 3493 epistolas
884 3437 1004 3474 non
1029 3419 1260 3491 lgnatii,
1283 3419 1386 3473 sed
1415 3417 1661 3473 alterius
1680 3419 1969 3472 recentio-

308 3512 390 3566 ris
423 3528 556 3566 esse
589 3510 928 3582 proderent.
967 3531 993 3557 »
1027 3510 1070 3564 Ο
1128 3507 1480 3579 praeclarum
1522 3507 1967 3578 interpolatoris

313 3601 659 3674 ingenium!
696 3617 729 3654 o
761 3603 1102 3653 emunctam
1133 3613 1340 3652 narem
1367 3596 1378 3650 l
1413 3614 1445 3650 o
1479 3595 1964 3667 subactumjudi-

310 3697 465 3746 cium
502 3689 514 3742 !
549 3688 716 3754 Quod
746 3688 1048 3758 Origenes,
1081 3685 1240 3757 quod
1271 3685 1580 3750 Eusebius,
1632 3685 1788 3755 quod
1839 3686 1965 3740 Dio-

310 3780 522 3851 nysius
540 3785 598 3832 et
615 3779 738 3849 ipse
751 3775 1149 3848 planus,quod
1162 3774 1962 3845 Athanasius,liieronymus,

312 3868 738 3933 Theodoretus,
772 3866 1036 3920 Gelasius
1063 3863 1257 3919 videre
1304 3881 1424 3918 non
1474 3869 1812 3934 potuerunt,
1867 3863 1964 3918 ille

301 3959 504 4012 statim
550 3957 832 4010 odoratus
864 3960 972 4023 est,
1004 3955 1108 4008 has
1163 3953 1388 4008 scilicet
1419 3952 1700 4023 epistolas
1751 3953 1960 4023 lgnatii

303 4046 587 4118 martyris
621 4061 749 4099 esse
781 4060 902 4099 non
932 4060 1125 4114 posse,
1146 4059 1180 4097 a
1202 4042 1527 4097 recentiore
1548 4042 1748 4111 aliquo
1771 4042 1961 4112 impo~

296 4143 461 4191 store
496 4135 665 4190 {ictas
697 4150 848 4199 esse,
909 4149 1015 4187 sua
1063 4148 1174 4204 ope
1224 4131 1510 4200 indigere,
1553 4135 1619 4184 ut
1672 4148 1778 4201 pro
1828 4146 1960 4185 vere

295 4223 628 4297 Ignatianis
659 4223 1010 4277 habeantur.
1044 4220 1349 4286 Quomodo
1380 4225 1580 4275 autem
1603 4220 1729 4274 haec
1747 4219 1958 4290 depre-

301 4317 585 4373 hendisse
621 4315 910 4386 putatur?
936 4336 963 4362 ‹‹
999 4313 1157 4368 Vidit
1186 4313 1360 4368 istam
1394 4311 1587 4374 Verbi,
1646 4311 1892 4376 scilicet,
1927 4328 1960 4366 a

305 4407 434 4478 Sige
453 4405 898 4460 emanationem
926 4402 1301 4458 Valentinum
1325 4401 1547 4472 Ignatio
1567 4401 1958 4455 recentiorem

308 4496 510 4560 olere;
547 4509 617 4548 eo
652 4491 964 4547 delendam
995 4490 1240 4561 putavit,
1273 4505 1349 4544 ne
1397 4489 1699 4559 personati
1750 4490 1955 4560 Ignatii

2077 3326 2211 3382 cula
2241 3327 2398 3397 apud
2428 3329 2663 3381 Patrem
2695 3333 2838 3396 erat,
2876 3334 2933 3382 et
2965 3328 3027 3381 in
3063 3329 3180 3383 fine
3213 3330 3504 3399 apparuit,
3542 3352 3568 3378 »
3599 3330 3726 3386 hinc

2075 3417 2518 3486 paraphrastice
2546 3417 2887 3471 substituit:
2920 3416 3019 3475 "Oc
3049 3415 3156 3486 πρὸ
3188 3414 3399 3470 αἰώνων
3460 3418 3605 3489 παρά
3646 3422 3727 3489 τῷ

2076 3503 2247 3577 "arpi
2303 3503 2598 3578 γεννηθεὶς,
2657 3506 2723 3572 ἦν
2784 3503 2962 3578 Λόγος
3019 3505 3172 3571 Θεὸς,
3231 3505 3525 3578 μονογενὴς
3574 3507 3721 3568 Υἱός·

2072 3590 2162 3645 καὶ
2195 3590 2283 3646 ἐπὶ
2315 3591 2593 3664 συντελείᾳ
2623 3598 2730 3647 τῶν
2778 3593 2987 3647 αἶ’ώνων
3022 3594 3050 3646 ὁ
3081 3592 3241 3654 αὐτὸς
3295 3590 3558 3665 διαμένει.
3611 3598 3722 3659 Τῆς

2073 3680 2178 3756 γὰρ
2212 3680 2490 3754 βασιλείας
2527 3681 2692 3736 αὐτοῦ
2749 3681 2849 3735 οὐκ
2903 3680 3016 3736 ἔστι
3073 3680 3256 3747 τέλος,
3317 3682 3448 3755 φησὶ
3512 3682 3718 3751 Δανιὴὶ

2073 3771 2101 3824 δ
2132 3773 2445 3845 προφήτης.
2479 3794 2506 3821 ‹‹
2543 3772 2649 3836 Qui
2680 3777 2819 3826 ante
2851 3773 3066 3826 saecula
3085 3772 3318 3844 genitus
3345 3777 3432 3827 est
3463 3788 3496 3825 a
3525 3775 3717 3842 Patre,

2074 3861 2228 3915 Deus
2262 3861 2535 3928 Verbum,
2567 3861 2909 3932 unigenitus
2936 3861 3152 3916 Filius:
3180 3862 3316 3915 etin
3349 3878 3720 3917 consumma-

2071 3949 2234 4003 tione
2265 3949 2616 4004 saeculorum
2650 3950 2774 4020 ipse
2824 3955 3173 4019 permanet:
3210 3953 3367 4019 regni
3415 3951 3575 4006 enim
3606 3955 3722 4023 ejus

2069 4054 2180 4092 non
2202 4040 2308 4092 erit
2333 4039 2478 4108 ﬁnis,
2514 4038 2709 4107 inquit
2742 4037 2945 4092 Daniel
2979 4038 3318 4108 prophetas.
3353 4060 3381 4086 ››
3424 4040 3495 4094 Ut
3549 4040 3727 4111 igitur

2069 4128 2132 4181 in
2164 4128 2279 4194 his,
2310 4128 2393 4182 ita
2421 4127 2482 4182 in
2519 4126 2635 4181 illis
2667 4127 2833 4183 nulla
2864 4126 3136 4181 lectionis
3168 4127 3497 4192 diversitas,
3531 4145 3726 4200 neque

2071 4222 2268 4271 tamen
2283 4216 2403 4271 ulla
2418 4215 2849 4271 immutationis
2867 4216 3176 4272 manifesta
3193 4233 3389 4272 causa:
3409 4217 3511 4272 sed
3525 4218 3724 4289 priora

2069 4305 2324 4360 auctoris
2356 4305 2531 4360 verba
2560 4310 2717 4370 sunt,
2769 4306 3097 4376 posteriora
3145 4306 3569 4377 paraphrastae,
3619 4307 3720 4377 qui

2067 4409 2171 4465 pro
2218 4410 2381 4448 more
2433 4410 2538 4448 suo
2583 4393 2842 4448 breviter
2889 4410 2924 4448 a
2970 4399 3228 4465 martyre
3278 4394 3418 4450 dicti
3468 4395 3719 4467 longiori

2069 4482 2223 4555 ῥήσει
2256 4483 2610 4554 explicatius
2642 4488 2700 4538 et
2748 4484 3015 4538 ornatius
3065 4483 3297 4539 tradere
3345 4501 3405 4539 se
3455 4486 3720 4557 potuisse

301 4587 512 4640 drama
533 4582 834 4654 proderet.
858 4602 884 4630 ››
909 4580 1198 4636 Callidum
1219 4596 1359 4635 sane
1389 4585 1446 4634 et
1468 4580 1804 4649 importune
1821 4597 1960 4650 pru-
1987 4578 2033 4642 Ι)
2059 4573 2663 4645 judicavit.lgnatium
2680 4589 2798 4628 non
2812 4573 3200 4637 admittimus,
3217 4573 3722 4646 interpolatorem,

297 4675 542 4729 dentem
568 4673 756 4726 virum
775 4672 901 4726 haec
931 4675 1186 4743 arguunt
1209 4690 1224 4736 ;
1248 4669 1351 4724 sed
1372 4668 1690 4723 videndum
1714 4669 1956 4722 omnino

295 4780 370 4818 an
407 4779 476 4816 eo
508 4760 921 4832 interpolatori
955 4762 1315 4830 competant.
1350 4758 1499 4823 Quid
1529 4758 1689 4812 enim
1715 4757 1742 4812 ‘?
1768 4773 1838 4812 an
1858 4752 1955 4812 ille

298 4853 452 4907 cavit
482 4867 558 4906 ne
591 4849 817 4921 aliquid
853 4849 912 4903 in
943 4848 1040 4904 illa
1071 4847 1320 4920 epistola
1367 4848 1748 4918 reperiretur,
1797 4846 1956 4918 quod

295 4945 536 4996 aetatem
571 4938 868 4994 Valentini
903 4953 1108 5008 sapere
1139 4937 1456 5003 videretur,
1482 4936 1582 5007 qui
1605 4952 1811 4990 omnes
1832 4937 1954 4991 fere

298 5028 585 5102 epistolas
618 5028 702 5082 ita
731 5026 1167 5094 transmutavit,
1198 5030 1264 5080 ut
1312 5025 1402 5079 sui
1454 5025 1741 5094 temporis
1790 5040 1954 5079 more

290 5118 595 5188 modoque
623 5117 1032 5186 loquerentur,
1066 5121 1124 5168 et
1155 5115 1267 5168 tria
1297 5120 1429 5185 post
1451 5114 1822 5168 Valentinum
1854 5131 1956 5168 saa-

288 5207 425 5264 cula
457 5206 778 5277 saperent?
808 5207 897 5259 An
939 5205 1040 5259 ille
1088 5204 1299 5259 metuit
1346 5219 1420 5257 ne
1468 5207 1700 5257 aatatem
1745 5203 1953 5275 Ignatii

284 5295 587 5368 epistolici
608 5294 906 5365 proderet,
933 5293 1033 5365 qui
1058 5294 1171 5348 ista
1192 5308 1328 5347 eum
1354 5291 1427 5347 ad
1450 5292 1952 5364 Philadelphenos

287 5385 660 5442 scribentem
689 5387 1116 5454 repraesentat:
1146 5403 1173 5431 ‹‹
1205 5381 1564 5453 Presbyteri,
1617 5381 1848 5437 diaconi
1896 5384 1955 5437 et

284 5475 561 5544 reliquus
585 5471 926 5536 clerus,una
940 5487 1073 5526 cum
1089 5470 1306 5542 pepulo
1323 5470 1619 5537 universo,
1637 5471 1761 5525 mili
1774 5471 1950 5538 tibus,

285 5561 742 5635 magistratibus
775 5566 834 5616 et
861 5561 1110 5625 Czesare,
1142 5559 1256 5632 ipsi
1278 5559 1556 5631 episc0po
1590 5559 1890 5627 obediant,
1924 5583 1951 5611 »

285 5670 426 5725 qua
460 5651 686 5722 scripta
717 5665 838 5707 non
868 5649 1049 5707 fuisse
1073 5655 1393 5721 antequam
1424 5650 1673 5705 Romani
1693 5651 1950 5707 Caesares

2067 4663 2184 4716 sive
2217 4662 2470 4717 Arianus
2498 4662 2697 4730 fuerit,
2733 4663 2850 4717 sive
2875 4679 3018 4730 non,
3043 4664 3288 4718 omnino
3310 4665 3716 4735 repudiamus,

2065 4752 2404 4822 pariterque
2446 4751 2860 4807 inanissimam
2921 4768 3049 4807 esse
3100 4752 3254 4808 hanc
3313 4754 3718 4825 conjecturam

2064 4843 2540 4912 pronuntiamus.

2135 4942 2281 4997 Aliis
2313 4944 2490 4999 etiam
2526 4945 2712 5000 utitur
2741 4943 3103 5016 conjecturis
3134 4944 3208 4998 ad
3256 4944 3365 4998 hoc
3395 4959 3715 5014 argumen-

2065 5036 2192 5085 tum
2225 5031 2693 5099 introductoriis,
2727 5032 2919 5103 iisque
2948 5031 3136 5086 nihilo
3169 5030 3535 5088 melioribus.
3584 5031 3716 5085 Vult

2066 5120 2223 5174 enim
2255 5121 2559 5176 Petavium
2597 5141 2623 5171 α
2654 5122 2790 5174 novi
2821 5119 3046 5190 aliquid
3106 5136 3232 5175 esse
3286 5119 3347 5173 in
3398 5120 3716 5175 Usseriana

2065 5208 2324 5263 editione
2358 5225 2560 5263 secum
2595 5209 2876 5276 sensisse,
2928 5207 3087 5278 quod
3136 5213 3439 5263 auctorem
3489 5209 3712 5279 Ignatio

2063 5297 2461 5354 recentiorem
2493 5302 2737 5364 arguat;
2777 5297 2955 5368 idque
2984 5302 3185 5367 patere
3217 5312 3288 5349 ex
3322 5296 3449 5366 ejus
3500 5297 3713 5368 effugio

2065 5404 2181 5460 quo
2215 5387 2316 5442 illa
2346 5386 2418 5441 de
2450 5387 2578 5456 Sige
2606 5385 2783 5440 verba
2813 5402 2848 5440 a
2881 5385 3174 5440 Valentini
3206 5401 3386 5440 sensu
3418 5384 3712 5442 abducere

2063 5483 2312 5532 conatus
2341 5479 2453 5530 est.
2485 5496 2512 5525 »
2541 5473 2789 5530 Talesne
2817 5490 2952 5528 vero
2975 5473 3086 5528 sibi
3109 5479 3291 5529 testes
3308 5474 3620 5548 adjungit?
3642 5493 3714 5533 ex

2061 5566 2166 5621 tali
2203 5570 2549 5637 argumento
2581 5580 2784 5620 secum
2817 5563 3277 5631 consentientes,
3313 5569 3370 5619 et
3391 5580 3462 5620 ex
3491 5566 3711 5620 nostris

2061 5673 2199 5713 suos
2219 5655 2362 5711 facit
2387 5655 2398 5709 !
2423 5656 2480 5710 Si
2504 5655 2664 5712 idem
2685 5671 2821 5711 cum
2844 5654 3062 5711 Dallaeo
3093 5670 3297 5711 revera
3328 5655 3515 5712 sensit
3536 5657 3709 5710 Peta-
