4064 6134
321 300 441 359 295

1388 298 1454 357 S.
1500 293 1906 356 IGNATIUS.
1955 323 2031 336 --
2073 289 2688 352 PROLEGOMENA.

3612 297 3735 361 996

327 433 471 500 vius,
504 436 571 486 ut
612 431 712 485 ille
762 425 1114 500 suspicatur,
1167 431 1225 482 et
1274 427 1445 499 Sigen
1494 425 1968 481 Valentinianam
2003 429 2053 495 Α
2081 427 2148 478 ut
2175 420 2386 494 probet
2414 427 2622 477 contra
2649 421 2959 481 immotam
2981 429 3317 496 temporum
3345 428 3524 486 ﬁdem
3539 437 3738 488 aucto-

321 524 520 578 animo
544 519 830 592 probavit,
865 516 1055 572 verbis
1089 517 1320 588 negavit
1354 517 1440 583 ;is
1464 521 1622 571 certe
1656 531 1829 586 quem
1855 513 1967 567 sibi

318 611 790 683 adjungit,q-uem
805 606 947 662 alibi
971 630 996 656 α
1019 623 1151 661 vere
1177 611 1235 660 et
1255 621 1538 676 generose
1558 603 1628 658 de
1655 602 1970 673 lgnatz‘anis

318 703 558 757 locutum
590 701 804 762 asserit,
838 713 1001 766 quem
1039 701 1355 767 postquam
1390 696 1734 750 Vossianam
1774 698 1832 748 et
1863 694 1969 748 Us-

318 793 612 848 serianam
641 787 848 861 Ignatii
871 785 1193 841 editionem
1221 785 1386 853 vidit,
1421 802 1526 856 pro
1559 801 1666 838 sua
1685 782 1968 854 singulari

317 881 587 938 doctrina
617 893 844 950 proque
876 875 1129 930 solemni
1164 875 1421 944 quadam
1445 890 1552 928 sua
1571 872 1968 945 generositate

315 986 513 1024 veram
545 970 743 1022 statim
777 972 834 1020 et
864 963 1352 1019 animadvertisse
1386 969 1443 1018 et
1472 963 1806 1033 professum
1839 976 1968 1015 esse

316 1061 480 1126 dicit,
503 1079 527 1109 ι
556 1065 615 1113 et
640 1057 892 1112 mendax
909 1061 969 1110 et
991 1054 1365 1121 subdolus,et
1387 1053 1634 1108 minime
1648 1067 1970 1123 generosus

314 1157 416 1208 aut
445 1165 618 1204 verax
644 1153 712 1203 ut
739 1145 917 1202 fuerit
943 1161 1184 1199 necesse
1205 1149 1312 1198 est.
1339 1143 1395 1197 Si
1422 1142 1545 1197 ulla
1573 1141 1803 1196 homini
1823 1140 1970 1194 ﬁdes

315 1245 424 1308 est,
457 1239 516 1293 in
548 1239 658 1292 hac
689 1252 869 1291 causa
900 1240 1104 1290 noster
1137 1238 1225 1287 est
1256 1233 1529 1288 Petavius
1565 1248 1578 1295 ;
1613 1232 1662 1286 si
1693 1230 1881 1296 nulla,
1907 1229 1973 1284 il-

313 1330 509 1385 lorum
533 1332 638 1382 est.
668 1326 780 1381 Sed
804 1342 907 1396 ego
930 1324 1000 1379 de
1036 1323 1150 1378 ﬁde
1174 1323 1392 1378 Petavii
1421 1319 1813 1377 dubitandum
1841 1335 1970 1374 esse

315 1418 562 1475 minime
583 1431 817 1471 censeo.
839 1413 895 1469 Si
920 1413 1022 1467 ille
1047 1412 1288 1466 Medicei
1313 1411 1534 1466 codicis
1554 1408 1834 1481 epistolas
1851 1424 1970 1463 non

317 1509 514 1564 minus
545 1506 711 1560 ﬁctas
735 1503 958 1574 putavit
980 1518 1158 1573 quam
1179 1500 1375 1572 vulgar
1387 1517 1468 1564 es,
1497 1516 1603 1554 cur
1626 1498 1732 1553 has
1767 1503 1973 1569 postea

319 1613 552 1669 semper
573 1592 926 1665 repudiavit,
947 1591 1080 1645 illas
1103 1589 1695 1658 admisit,earumque
1717 1586 1974 1656 auctori_

316 1692 436 1742 tate
451 1701 605 1756 smpe
619 1700 761 1738 usus
776 1682 894 1735 est?
905 1697 1010 1735 cur
1022 1695 1084 1734 se
1101 1679 1158 1732 in
1171 1679 1262 1732 his
1275 1677 1616 1748 rejiciendis
1629 1677 1970 1759 ingenuum,

2077 531 2205 568 rem
2237 513 2451 585 dogma
2480 514 2826 570 haereticum
2857 521 2992 586 post
3018 521 3272 572 mortem
3295 520 3504 591 Ignatii
3536 529 3732 580 ortum

2079 603 2426 674 exposuisse
2455 621 2466 657 :
2501 603 2704 666 utille,
2730 605 2993 675 inquam,
3013 607 3261 678 perinde
3284 625 3411 664 esse
3442 611 3730 668 scriberet

2079 694 2197 749 sive
2229 698 2434 748 auctor
2466 694 2838 750 Valentinum
2875 698 3216 768 respexerit,
3251 700 3368 754 sive
3403 718 3545 770 non,
3581 705 3727 759 mihi

2078 783 2320 854 quidem
2344 800 2562 838 mirum
2583 784 3017 840 videtur.Nemo
3044 803 3306 858 unquam
3323 790 3434 844 hoc
3457 791 3728 858 dixisset,

2079 873 2178 943 qui
2211 873 2503 943 putaverit
2533 890 2596 928 se
2625 873 2815 928 valide
2847 875 3095 946 probare
3125 878 3389 947 potuisse
3439 885 3498 934 et
3527 897 3730 954 respe-

2076 963 2234 1017 xisse
2265 968 2569 1017 auctorem
2601 963 2674 1018 ad
2710 964 3085 1018 Valentinum.
3111 971 3168 1020 et
3193 967 3484 1038 lgnatium
3520 976 3738 1042 marty-

2078 1068 2203 1106 rem
2229 1069 2348 1123 pra:
2371 1057 2542 1107 aetate
2566 1069 2688 1107 non
2715 1054 2976 1124 potuisse
3009 1055 3267 1110 scribere
3289 1062 3496 1112 contra
3517 1058 3734 1115 Valen-

2078 1141 2288 1195 tinum.
2327 1140 2492 1196 Unde
2524 1158 2628 1212 ego
2657 1143 2870 1214 colligo
2901 1143 3090 1198 virum
3122 1143 3532 1202 doctissimum
3590 1148 3732 1204 huic

2080 1236 2428 1302 argumento
2461 1231 2580 1285 sive
2611 1232 3002 1298 Salmasiano,
3027 1234 3146 1288 sive
3170 1234 3577 1292 Blondelliano
3599 1254 3729 1294 ma-

2079 1319 2234 1374 xime
2267 1319 2558 1385 diftidere,
2594 1337 2818 1391 suoque
2852 1322 3118 1393 negativo
3168 1324 3547 1394 potissimum
3592 1327 3731 1383 niti.

2082 1409 2214 1462 Haec
2237 1414 2434 1462 autem
2457 1408 2762 1464 ﬂuctuatio
2779 1416 3097 1482 utrumque
3111 1413 3288 1467 simul
3305 1413 3733 1472 destruit.Nam

2080 1496 2128 1550 si
2157 1502 2362 1551 auctor
2385 1497 2759 1554 Valentinum
2790 1517 2910 1554 non
2938 1503 3217 1571 respexit,
3241 1502 3344 1558 sed
3367 1503 3530 1559 aliud
3550 1505 3734 1576 plane

2083 1586 2144 1640 in
2176 1587 2374 1642 animo
2402 1587 2694 1655 habuit,et
2717 1588 2866 1642 nihil
2888 1589 3048 1644 aliud
3071 1608 3249 1661 quam
3271 1592 3524 1664 simplex
3544 1594 3735 1649 silen-

2083 1675 2230 1730 tium
2265 1675 2465 1744 voluit,
2498 1677 2653 1747 perit
2681 1684 3097 1750 argumentum
3129 1681 3452 1748 internum,
3485 1700 3555 1738 ex
3599 1683 3738 1755 ipsa

313 1776 514 1832 inillis
531 1771 890 1843 recipiendis
909 1769 1254 1823 mendacem
1279 1763 1965 1838 prmstitit‘merteillud,
1998 1792 2043 1858 Β
2083 1764 2330 1834 epistola
2362 1765 2604 1858 ductum
2631 1783 2643 1819 :
2678 1772 2734 1820 et
2763 1767 2810 1820 si
2843 1773 3047 1858 auctor
3075 1769 3187 1824 hoc
3244 1775 3476 1826 tantum
3521 1773 3730 1842 voluit,

311 1864 468 1937 quod
502 1862 821 1918 mirificum
854 1859 1133 1930 effugium
1167 1857 1427 1929 appellat
1458 1856 1726 1920 Dallaaus,
1774 1857 1964 1910 virum

304 1950 861 2028 praestantissimum
877 1954 988 2003 tam
1001 1947 1169 2002 facit!)
1185 1945 1680 2019 tergiversationis
1694 1961 1815 1999 non
1831 1961 1968 1999 con-

308 2041 506 2098 vincit.
538 2041 683 2095 Nam
715 2044 773 2092 et
802 2054 907 2109 ego
939 2036 1156 2091 Petavii
1189 2049 1431 2090 sensum
1465 2033 1535 2089 de
1570 2033 1828 2104 simplici
1880 2033 1963 2088 si-

307 2132 488 2187 lentio
522 2145 724 2184 verum
758 2143 887 2181 esse
922 2131 1064 2197 puto
1091 2142 1103 2192 ;
1139 2129 1197 2179 et
1229 2122 1460 2178 tametsi
1482 2123 1555 2178 ad
1578 2123 1752 2194 Sigen
1775 2122 1962 2177 haere-

309 2223 563 2277 ticorum
596 2218 773 2273 verba
803 2215 1059 2270 auctoris
1091 2213 1443 2281 referantur,
1477 2218 1544 2268 ut
1592 2212 1693 2267 alii
1736 2211 1960 2279 volunt,

308 2311 461 2367 nihil
493 2307 629 2364 inde
658 2306 789 2362 novi
818 2307 879 2359 in
911 2292 1179 2375 epistolis
1209 2319 1362 2369 esse,
1395 2302 1548 2356 nihil
1572 2301 1728 2371 quod
1758 2307 1962 2356 aucto-

301 2418 428 2456 rem
464 2398 687 2469 Ignatio
728 2396 1032 2467 juniorem
1065 2397 1291 2465 arguat,
1324 2409 1466 2447 cum
1489 2391 1710 2446 nostris
1741 2391 1957 2457 sentio,

305 2491 482 2560 idque
514 2504 608 2542 me
649 2485 990 2540 ﬁrmissime
1022 2483 1569 2537 demonstraturum
1601 2480 1860 2535 confido.

320 2592 324 2594 '
369 2580 486 2633 Nec
520 2582 716 2631 tamen
747 2573 939 2628 adhuc
971 2571 1044 2626 ad
1073 2575 1487 2642 argumentum
1510 2568 1706 2638 ipsum
1729 2567 1960 2622 accedit

303 2669 652 2740 priusquam
685 2662 832 2717 illud
855 2664 1118 2728 annotet,
1147 2658 1305 2729 quod
1325 2658 1511 2729 ipsius
1537 2661 1956 2728 argumentum

306 2769 806 2828 supervacaneum
841 2765 968 2806 esse
1001 2754 1059 2804 et
1099 2748 1319 2804 nullius
1348 2764 1493 2802 usus
1525 2744 1808 2802 ostendit.
1841 2744 1953 2800 0b-

305 2850 497 2902 servat
526 2845 684 2899 enim
736 2863 764 2891 «
806 2841 933 2894 haac
979 2837 1245 2908 epistolas
1298 2836 1476 2891 verba
1525 2835 1598 2890 ad
1659 2833 1955 2890 Valentini

303 2937 515 3008 dogma
544 2933 688 2988 adeo
717 2935 853 3001 apta
883 2934 1056 2999 atque
1091 2927 1360 2998 apposita
1389 2942 1540 2992 esse,
1582 2929 1667 2991 ut,
1719 2923 1952 2978 etiamsi

300 3043 470 3082 mens
497 3022 755 3080 auctoris
786 3020 924 3086 alio,
957 3019 1098 3073 dum
1130 3033 1199 3071 ea
1233 3016 1537 3081 scriberet,
1571 3015 1949 3085 respexisset,

297 3117 422 3172 ﬁeri
449 3121 649 3169 tamen
671 3126 789 3165 non
813 3107 1071 3179 potuerit
1099 3107 1244 3176 quin
1267 3121 1336 3160 ea
1357 3107 1634 3162 Irenaeus.
1653 3104 1700 3158 si
1724 3108 1948 3170 nosset,

300 3205 611 3274 arriperet,
659 3203 718 3253 et
748 3201 955 3251 contra
987 3195 1282 3250 Valentini
1334 3193 1671 3263 expositum
1703 3208 1736 3245 a
1766 3208 1828 3246 se
1859 3207 1951 3245 so-

305 3293 535 3348 mnium
567 3286 784 3345 alicubi
815 3287 1228 3354 usurparet.At
1258 3286 1490 3336 constat
1526 3282 1816 3334 Irenaeum
1850 3295 1954 3334 eo-

305 3399 438 3437 rum
469 3392 773 3448 nunquam
797 3372 1159 3429 meminisse.
1188 3393 1216 3420 »
1239 3372 1365 3425 Non
1397 3369 1479 3423 ita
1496 3368 1817 3439 disputavit
1839 3367 1954 3422 Sal-

305 3472 551 3534 masius,
583 3484 704 3523 non
734 3463 1100 3527 Albertinus,
1151 3460 1250 3531 qui
1312 3460 1560 3529 scriptas
1609 3457 1792 3512 fuisse
1845 3458 1952 3512 has

301 3560 579 3635 epistolas
611 3562 747 3612 ante
778 3552 983 3609 lrenaai
1006 3551 1191 3605 libros
1212 3549 1369 3604 ultro
1390 3546 1950 3635 fatebantur,neque

302 3633 399 3708 eas
433 3652 653 3706 Irenaeo
683 3641 1014 3713 incognitas
1043 3639 1226 3692 fuisse
1252 3635 1342 3689 vel
1363 3634 1762 3688 somniabant.
1797 3633 1951 3689 Satis

299 3739 388 3794 illi
423 3737 664 3799 norunt,
698 3737 755 3785 et
783 3746 890 3784 nos
920 3725 1153 3783 abunde
1173 3721 1748 3795 probavimus,nullo
1773 3721 1948 3776 modo

297 3826 676 3886 sentiendum
708 3837 836 3878 esse
871 3820 1162 3872 Irenaeum
1209 3814 1335 3868 hac
1375 3811 1569 3878 verba,
1627 3812 1674 3864 si
1725 3812 1947 3881 optime

296 3919 576 3980 novisset,
610 3915 655 3968 si
690 3912 763 3967 ad
795 3923 1060 3973 manum,
1095 3920 1229 3958 cum
1262 3901 1568 3965 scriberet,
1617 3900 1943 3968 habuisset,

298 4013 506 4066 contra
535 4002 908 4060 Valentinum
941 4009 1228 4065 usurpare
1256 3991 1533 4046 voluisse.
1575 3991 1719 4044 Cum
1768 3990 1948 4063 igitur

295 4099 382 4153 vir
403 4094 782 4153 doctissimus
805 4088 943 4143 inde
964 4083 1294 4141 concludit:
1326 4106 1345 4130 ι
1367 4085 1514 4154 Ergo
1545 4079 1944 4152 undecunque

297 4189 421 4242 hmo
452 4183 628 4239 verba
655 4183 895 4248 sumpta
926 4175 1067 4239 sint,
1101 4177 1159 4227 et
1180 4171 1519 4241 quicunque
1544 4169 1622 4223 sit
1643 4184 1846 4222 eorum
1870 4167 1944 4222 de

295 4282 507 4331 caetero
539 4286 770 4335 sensus,
803 4267 902 4320 illa
931 4269 1130 4318 tamen
1165 4260 1401 4315 evidens
1432 4257 1602 4312 nobis
1634 4272 1944 4328 argumen-

290 4371 415 4420 tum
448 4361 783 4417 ministrant
812 4355 885 4411 ad
917 4348 1442 4409 demonstrandam
1476 4348 1685 4402 barum
1719 4346 1941 4417 episto-

291 4453 485 4510 larum
515 4449 836 4504 novi'atem
868 4461 935 4499 ac
966 4439 1476 4512 suppositionem:
1511 4458 1540 4485 »
1573 4435 1630 4488 id
1665 4434 1822 4505 quod
1850 4438 1942 4490 est

2073 1860 2232 1908 certe
2265 1870 2399 1909 cum
2421 1856 2680 1910 Irenaeus
2701 1861 2860 1910 recte
2882 1857 3215 1929 intelligere
3241 1861 3458 1931 potuit;
3492 1863 3650 1932 quod
3672 1865 3730 1919 si

2069 1941 2152 1996 ita
2183 1941 2492 2011 intellexit,
2522 1961 2825 2015 nunquam
2856 1946 3032 2002 verba
3061 1947 3269 2019 Ignatii
3305 1953 3511 2004 contra
3535 1950 3732 2022 ipsius

2067 2037 2331 2086 mentem
2389 2033 2668 2088 adversus
2711 2035 3086 2090 Valentinum
3143 2053 3353 2110 urgere
3413 2039 3731 2111 voluisset,

2067 2119 2334 2192 adeoque
2363 2122 2955 2196 caditargumentum
2983 2134 3295 2185 externum
3326 2147 3360 2186 a
3390 2131 3625 2188 defectu
3649 2138 3737 2190 te-

2065 2210 2330 2264 stimonii
2362 2211 3018 2287 depromptumJ‘ieque
3048 2234 3185 2273 vero
3219 2221 3402 2292 magis
3435 2222 3731 2292 probatur

2064 2299 2376 2370 epistolam
2409 2301 2558 2356 hanc
2593 2303 2803 2358 lrenasi
2833 2312 3003 2362 aetate
3036 2324 3155 2362 non
3189 2310 3517 2375 exstitisse,
3549 2329 3619 2366 ex
3653 2331 3724 2368 eo

2063 2389 2226 2458 quod
2256 2391 2519 2446 Irenaeus
2566 2392 2744 2448 verba
2770 2394 2895 2450 hinc
2930 2396 3172 2453 minime
3205 2399 3406 2454 citavit
3433 2400 3720 2458 adversus

2063 2478 2464 2546 Valentinum,
2500 2498 2672 2550 quam
2705 2500 2815 2538 nec
2848 2492 3058 2555 quarto
3090 2487 3307 2543 saeculo
3353 2489 3624 2544 eamdem
3658 2491 3724 2546 in

2060 2568 2369 2625 hominum
2404 2573 2674 2628 manibus
2706 2574 2910 2643 fuisse,
2944 2576 3103 2647 quod
3126 2593 3195 2633 ea
3223 2578 3404 2634 verba
3434 2596 3556 2635 non
3589 2581 3720 2638 lau-

2059 2657 2328 2714 daverint
2357 2660 2662 2725 Eusebius,
2709 2664 3082 2732 Athanasius,
3144 2666 3398 2722 Basilius
3429 2669 3718 2725 adversus

2058 2747 2500 2816 Marcellum,ad
2525 2750 2692 2820 cujus
2716 2751 2988 2807 haeresim
3010 2753 3386 2810 refutandam
3419 2757 3597 2812 verba
3614 2757 3724 2813 illa

2057 2833 2115 2894 ὃς
2139 2833 2278 2888 ἐστιν
2302 2835 2464 2890 αὐτοῦ
2497 2835 2670 2911 Λόγος
2695 2835 2895 2908 ἀὶδιος,
2952 2849 3119 2897 erant
3178 2846 3710 2914 opportunissima.

2057 2925 2363 2980 Marcellus
2387 2927 2545 2980 enim
2570 2928 2770 2982 docuit
2793 2930 3090 2985 Christum
3112 2932 3296 2988 fuisse
3318 2931 3478 3005 ψιλὸν
3503 2934 3713 3011 Λόγον,

2055 3013 2421 3084 minimeque
2444 3021 2753 3079 aeternum,
2774 3023 2838 3072 ut
2859 3019 3179 3076 orientales
3198 3023 3458 3094 episcopi
3485 3041 3716 3082 assere-

2055 3100 2236 3154 bant:
2269 3101 2612 3172 aliquando,
2647 3105 2890 3174 scilicet,
2931 3110 3187 3164 Verbum
3238 3129 3358 3166 non
3403 3113 3608 3179 fuisse,
3656 3121 3718 3170 et

2064 3205 2138 3244 ne
2169 3207 2327 3246 nunc
2359 3192 2599 3261 quidem
2631 3210 2759 3250 esse
2791 3197 3064 3254 asseruit.
3091 3201 3177 3255 Ita
3200 3203 3556 3258 sententiam
3580 3204 3720 3275 ejus

2066 3281 2306 3349 exponit
2335 3281 2390 3335 S.
2425 3282 2672 3337 Basilius
2695 3285 2947 3355 epistola
2976 3291 3044 3341 52
3069 3306 3082 3344 :
3115 3289 3215 3349 Ὅς
3247 3289 3421 3363 Λόγον
3449 3291 3543 3362 μὲν
3568 3291 3724 3366 εἰρῆ-

2064 3367 2183 3420 σθαι
2237 3367 2332 3422 τὸν
2404 3377 2668 3444 μονογενῆ
2728 3369 2941 3443 δίδωσι,
3007 3377 3143 3430 κατὰ
3228 3379 3422 3452 χρείαν
3475 3380 3562 3433 καὶ
3625 3379 3722 3434 ἐπὶ

2061 3461 2253 3529 καιροῦ
2282 3456 2638 3532 προελθόντα,
2690 3459 2855 3516 πάλιν
2913 3461 2969 3518 δὲ
3022 3465 3096 3526 εἰς
3155 3465 3245 3519 τὸν
3305 3467 3422 3522 ὅθεν
3485 3466 3721 3538 ἐξῆλθεν

2059 3545 2548 3620 ἐπαναστρὲψαντα,
2608 3551 2734 3605 οὔτε
2787 3553 2893 3625 πρὸ
2952 3560 3050 3622 τῆς
3114 3551 3300 3625 ἐξόδου
3374 3556 3527 3625 εἶναι,
3587 3557 3722 3612 οὔτε

2064 3636 2196 3706 μετᾶ
2223 3638 2323 3705 τήν
2355 3635 2610 3693 ἐπάνοδον
2647 3639 2956 3715 ὑφεστάναι.
2995 3663 3018 3693 ι
3051 3643 3155 3706 Qui
3180 3644 3550 3715 unigenitum
3575 3647 3716 3714 qui-

2058 3726 2188 3781 dem
2224 3727 2474 3782 Verbum
2504 3728 2620 3782 dici
2652 3730 2942 3798 concedit,
2977 3730 3305 3786 secundum
3347 3749 3521 3788 usum
3554 3739 3614 3788 et
3646 3735 3719 3793 in

2057 3821 2322 3886 tempore
2354 3817 3000 3887 progrediens,rursum
3034 3825 3230 3874 autem
3259 3820 3332 3875 ad
3354 3821 3504 3877 illud
3525 3839 3560 3878 a
3586 3841 3717 3895 quo

2057 3903 2232 3958 exivit
2260 3909 2579 3971 revertens,
2614 3921 2808 3974 neque
2839 3911 2974 3961 ante
3023 3908 3248 3963 exitum
3305 3926 3456 3976 esse,
3509 3928 3716 3982 neque

2053 3998 2187 4063 post
2217 3991 2472 4047 reditum
2501 3992 2847 4051 subsistere.
2883 4018 2910 4045 ››
2943 3997 3066 4052 Imo
3091 4013 3226 4053 vero
3249 3999 3713 4072 Marcellusipse

2052 4082 2132 4136 ita
2161 4097 2225 4135 se
2255 4082 2534 4153 exprimit
2552 4083 2708 4154 apud
2739 4085 3082 4157 Eusebium,
3115 4089 3285 4158 quasi
3334 4089 3515 4144 fuerit
3563 4097 3713 4148 ante

2051 4186 2290 4225 omnem
2331 4186 2530 4226 rerum
2580 4173 3055 4244 productionem,
3107 4175 3315 4250 ἡσυχία
3362 4197 3468 4246 τις,
3520 4176 3570 4231 ἐν
3621 4183 3714 4252 τῷ

2052 4260 2168 4327 Θεῷ
2196 4261 2292 4311 τοῦ
2326 4257 2500 4331 Λόγου
2532 4254 2706 4328 ὄντος,
2741 4284 2769 4311 ‹‹
2803 4263 3107 4319 silentium
3140 4265 3462 4336 quoddam.
3511 4269 3713 4325 Verbo

2053 4347 2111 4402 in
2144 4348 2261 4402 Deo
2285 4347 2628 4416 exsistente,
2666 4371 2690 4398 ››
2723 4367 2856 4406 cum
2891 4358 3087 4407 autem
3118 4353 3379 4410 mundus
3411 4355 3713 4413 creandus

2051 4443 2226 4500 esset,
2265 4436 2388 4490 τότε
2428 4437 2457 4490 ὁ
2507 4437 2685 4510 Λόγος
2735 4436 3022 4512 προελθὼν
3079 4441 3284 4515 ἐγίνετο
3333 4447 3430 4497 τοῦ
3488 4443 3711 4516 κόσμου

292 4507 738 4613 iniquissimum
772 4507 1056 4609 postulat.-
1082 4507 1246 4585 itane
1277 4544 1432 4593 vero,
1491 4527 1832 4596 quicunque
1864 4525 1941 4579 sit
1971 4507 2015 4572 Ι)
2047 4527 2306 4596 ποιητής,
2342 4549 2368 4576 ‹‹
2404 4532 2542 4582 tunc
2570 4529 2826 4585 Verbum
2854 4531 3243 4604 progrediens
3277 4535 3458 4590 fiebat;
3488 4536 3713 4592 mundi

293 4612 506 4688 horum
537 4627 847 4683 verborum
889 4638 1120 4685 sensus,
1179 4619 1297 4672 sive
1347 4619 1555 4670 auctor
1611 4612 1937 4683 respexerit

293 4720 666 4777 Valentinum
703 4718 821 4770 sive
853 4730 995 4779 non,
1029 4725 1194 4780 asque
1227 4705 1465 4761 evidens
1487 4702 1601 4758 erit
1628 4718 1935 4772 argumen-

289 4819 416 4869 tum
445 4827 550 4882 pro
581 4808 836 4863 novitate
862 4795 1448 4874 epistolarum,idque
1482 4808 1660 4847 sensu
1693 4790 1936 4846 Dallwa-

289 4901 406 4958 no?
428 4902 638 4954 Nostro
656 4896 906 4951 fortasse
929 4904 1104 4945 sensu
1129 4901 1296 4957 teque
1315 4882 1559 4939 evidens
1577 4896 1706 4936 esse
1719 4885 1931 4951 potest,

291 4991 349 5047 id
382 4996 470 5045 est
500 4986 660 5043 nullo
693 4983 870 5040 modo
904 4979 1164 5036 evidens.
1189 4977 1304 5030 Nos
1319 4972 1469 5026 forte
1489 4975 1650 5025 recte
1671 4985 1936 5024 asserere

291 5075 757 5152 possumus,sive
770 5068 1098 5143 respexerit
1113 5069 1317 5121 auctor
1328 5059 1622 5152 Valentini
1637 5058 1936 5152 haeresim,

292 5147 412 5226 sive
445 5185 587 5228 non,
624 5163 868 5237 perinde
901 5175 1029 5215 esse
1056 5174 1070 5222 ;
1101 5160 1378 5210 neutrum
1411 5149 1571 5203 enim
1601 5147 1675 5246 ad
1709 5149 1938 5246 cenvel.

288 5259 527 5315 lendam
560 5235 947 5326 epistolarum
994 5244 1431 5315 antiquitatem,
1484 5235 1644 5308 quod
1693 5237 1935 5326 scimus,

289 5325 614 5419 quidquam
646 5342 815 5399 valet.
848 5343 920 5393 At
948 5343 1014 5391 ut
1043 5334 1157 5403 ille,
1181 5331 1281 5402 qui
1310 5327 1490 5419 verba
1511 5327 1637 5419 haec
1658 5325 1937 5419 adversus

289 5415 667 5491 Valentinum
701 5433 920 5501 scripta
948 5425 1132 5482 fuisse
1165 5418 1492 5485 contendit,
1525 5416 1625 5487 qui
1677 5415 1809 5470 ideo
1863 5415 1935 5471 ab

287 5524 512 5599 Ignatio
535 5522 713 5576 scribi
737 5537 856 5575 non
887 5515 1149 5589 potuisse
1173 5509 1405 5574 asserit,
1429 5507 1569 5599 quia
1591 5505 1938 5599 Valentinus

290 5594 740 5690 Ignatiojunior
758 5604 1425 5678 fuit,quiargumentum
1446 5596 1642 5667 ipsum
1663 5594 1939 5667 producit

2045 4615 2336 4671 conditor.
2374 4639 2402 4665 »
2436 4616 2541 4672 Ubi
2575 4617 2767 4673 obiter
2796 4637 3011 4676 moneo
3045 4622 3221 4678 verba
3247 4641 3376 4694 quas
3405 4625 3562 4696 apud
3595 4623 3713 4681 Eu-

2043 4704 2273 4760 sebium
2307 4711 2658 4775 sequuntur,
2692 4705 2722 4759 ὅ
2746 4705 2834 4760 καὶ
2866 4709 3131 4784 πρότερον
3167 4706 3314 4765 ἔνδον
3342 4716 3551 4780 νοητῶς
3576 4710 3712 4765 ὀνο-

2045 4792 2227 4866 μάζιον
2258 4791 2418 4846 αὐτόν
2446 4812 2458 4862 ;
2491 4800 2549 4850 et
2579 4795 2661 4850 ita
2692 4797 3040 4869 redduntur,
3069 4822 3097 4849 «
3123 4801 3278 4873 quod
3328 4802 3494 4874 prius
3534 4801 3708 4860 intus

2044 4882 2522 4939 intellectualiter
2554 4885 2845 4942 residens‘
2869 4889 2993 4960 ipse
3030 4889 3159 4960 fuit,
3192 4913 3212 4939 ι
3252 4890 3472 4962 duplici
3497 4893 3711 4948 emen-

2046 4973 2283 5028 datione
2314 4990 2460 5044 opus
2489 4973 2728 5041 habere,
2762 4981 2820 5031 et
2850 4978 2935 5033 sic
2963 4980 3156 5050 primo
3185 4979 3322 5053 legi,
3354 4979 3382 5032 ὁ
3413 4979 3503 5033 καὶ
3559 4980 3713 5053 πρό-

2044 5080 2197 5135 τερον
2227 5053 2374 5114 ἔνδον
2405 5065 2618 5130 νοητῶς
2661 5063 2964 5136 ἑτοιμάζων
3021 5067 3183 5121 αὐτόν
3235 5069 3322 5141 (ut
3377 5069 3439 5124 in
3488 5069 3591 5124 lib.
3663 5087 3713 5126 ιῐ

2045 5151 2116 5205 De
2145 5149 2272 5206 θοοὶ.
2309 5150 2542 5219 theolog.
2577 5168 2626 5205 c.
2661 5153 2714 5221 8,
2751 5159 2808 5208 et
2839 5154 2941 5210 lib.
2981 5173 3065 5227 ιιι,
3098 5173 3148 5212 c.
3184 5159 3237 5222 3,
3271 5157 3592 5228 leguntur),
3641 5164 3712 5214 et

2045 5241 2106 5295 in
2141 5240 2301 5294 hunc
2331 5239 2575 5296 modum
2604 5243 2748 5296 verti
2781 5243 3018 5310 debere,
3055 5245 3204 5316 «qui
3226 5246 3408 5302 etiam
3442 5252 3574 5300 ante
3609 5245 3720 5302 in-

2045 5335 2139 5390 tus
2171 5327 2659 5387 intellectualiter
2684 5334 3034 5404 praeparavit
3060 5349 3216 5388 eum.
3242 5354 3267 5386 ι
3297 5335 3448 5400 Quid
3470 5334 3542 5390 ad
3567 5333 3717 5393 hac

2046 5416 2300 5473 Marcelli
2333 5418 2661 5476 refellenda
2693 5421 2909 5492 aptius,
2943 5437 3120 5492 quam
3153 5423 3364 5490 Ignatii
3386 5423 3554 5490 illud,
3604 5423 3721 5479 οὐκ

2045 5507 2153 5561 ἀπὸ
2192 5508 2352 5580 σιγῆς
2385 5508 2666 5582 προελθὼν
2702 5529 2716 5579 ;
2747 5511 2904 5582 quod
2954 5515 3154 5566 tamen
3185 5519 3411 5568 veteres
3461 5513 3550 5568 illi
3587 5515 3722 5569 Eu-

2050 5598 2271 5668 sebius,
2289 5598 2665 5670 Athanasius,
2687 5600 2954 5669 Basilius,
2980 5600 3195 5672 quibus
3215 5603 3478 5678 Ignatius
3499 5607 3724 5661 noster
