4064 6134
284 311 377 372 297
992 314 1046 376 J.
1094 313 1508 376 PEARSONII
1551 305 1920 373 VINDICUE
1958 305 2449 368 IGNA'l‘IANE.
2495 337 2573 352 --
2616 306 2819 370 PARS
2863 305 2942 370 ll.
3567 313 3688 376 298

284 452 382 502 tam
428 446 612 518 probe
655 447 936 520 cognitus
993 454 1100 516 est,
1134 449 1381 504 minime
1440 449 1823 519 usurparunt.
1850 445 1921 499 Et
1951 442 2002 509 Α
2032 458 2102 496 ex
2132 440 2606 498 adversariorum
2640 444 2937 498 sententia
2967 443 3237 501 confecta
3267 445 3417 501 erit:
3471 464 3677 506 assero

284 538 500 608 quidem
517 538 819 593 Eusebius
844 539 992 594 hanc
1017 539 1271 593 Marcelli
1292 539 1645 593 sententiam
1670 551 1803 591 cum
1825 533 1932 589 illa
2034 531 2193 585 enim
2227 532 2630 601 quarto,nullo
2660 539 3008 605 argumento
3043 535 3186 589 satis
3218 535 3390 591 ﬁrmo
3441 539 3682 610 probari

282 627 446 681 veteri
472 627 895 682 Gncsticorum
922 632 1367 699 comparat,nec
1388 633 1587 682 tamen
1625 625 1932 697 Ignatiana
2032 637 2203 692 posse
2249 621 2408 691 ipsos
2469 620 2760 677 Valentini
2820 623 3149 694 peculiares
3210 641 3442 681 errores
3494 628 3682 686 fuisse

281 716 524 786 illa,quaa
561 717 689 787 ipse
729 717 957 788 optime
988 723 1256 783 noverat,
1292 716 1566 772 Marcello
1590 715 1812 786 objicit.
1846 716 1934 768 Ita
2031 710 2256 781 Ignatio
2284 709 2526 781 martyri
2556 727 2799 781 prorsus
2829 712 3184 784 incognitos.

283 806 426 860 enim
461 805 732 876 loquitur
764 805 993 872 lib.u,c.
1023 809 1087 861 19
1120 823 1134 861 :
1161 807 1231 862 ’Ἄ
1273 803 1329 879 δεῖ
1360 801 1689 879 Μάρκελλος
1719 801 1930 874 ἐτόλμα

282 891 639 958 ὑποτίθεσθαι,
712 892 886 947 πᾶλαι
949 893 1044 964 μὲν
1113 891 1286 968 λέγων
1342 892 1472 946 εἶναι
1525 891 1619 946 τὸν
1665 884 1927 957 Θεὸν,καὶ

277 983 386 1034 τινὰ
412 982 649 1056 ἡσυχίαν
700 977 816 1053 ἅμα
876 983 956 1053 τῷ
1011 983 1127 1054 Θεῷ
1183 983 1512 1058 ὑπογράφων
1557 982 1750 1050 ἑαυτῷ,
1809 971 1926 1033 κατ’

278 1069 424 1123 αὐτὸν
480 1068 686 1123 ἐκεῖνον
747 1069 841 1122 σὸν
894 1074 1004 1123 τῶν
1062 1070 1234 1124 ἀθέων
1267 1069 1598 1142 αἲρεσιωτῶν
1650 1066 1922 1142 ἀρχηγὸν,

278 1157 330 1218 ὃς
359 1157 421 1211 τὰ
452 1154 581 1219 ἄθεα
611 1153 960 1231 δογματίζων
990 1157 1314 1234 ἀπεφαίνετο
1363 1156 1565 1234 λέγων,
1597 1181 1625 1208 ‹‹
1661 1160 1757 1211 Ἠν
1792 1157 1924 1216 Θεὸς

276 1246 356 1300 καὶ
385 1248 537 1320 σιγή·
566 1267 590 1298 ν
630 1247 765 1318 μετά
791 1243 848 1300 δὲ
897 1248 998 1316 τήν
1069 1249 1233 1324 σιγῆν
1285 1247 1374 1301 καὶ
1433 1245 1668 1320 ἡσυχίαν
1718 1245 1925 1318 προελ-

277 1338 376 1390 Θεῖν
395 1337 486 1389 τὸν
547 1335 720 1409 Λόγον
776 1339 876 1390 τοῦ
927 1339 1060 1390 Θενῦ
1120 1333 1173 1389 ἒν
1234 1339 1382 1414 ἀρχῇ
1429 1339 1528 1401 τῆς
1559 1335 1922 1408 κοσμοποιΐας

276 1424 525 1498 δραστικῇ
558 1424 820 1500 ἐνεργείᾳ.
862 1447 883 1474 ι
917 1429 1054 1492 Quae
1097 1432 1296 1482 autem
1354 1444 1686 1499 supponere
1743 1442 1922 1482 ausus

274 1520 355 1570 est
385 1515 720 1582 Marcellus,
756 1515 961 1570 dicens
994 1515 1136 1570 olim
1163 1515 1403 1586 quidem
1436 1515 1620 1570 fuisse
1640 1517 1844 1582 Deum,
1864 1519 1924 1570 et

275 1607 526 1676 quietem
559 1605 881 1675 quamdam
914 1605 1090 1660 simul
1114 1622 1249 1660 cum
1282 1607 1398 1660 Deo
1439 1605 1780 1660 describens
1803 1605 1922 1676 (se-

274 1695 524 1750 cundum
544 1693 1251 1766 ipsumillumimpiorum
1269 1695 1682 1749 haereticorum
1697 1694 1919 1762 ducem,

2675 801 2903 856 CAPUT
2951 802 3039 856 lV.

2034 891 2221 965 Prima
2251 891 2495 965 assertio,
2528 891 2691 965 verba
2722 891 2821 944 illa
2870 888 2968 965 οὐκ
3015 889 3120 944 ἀπὸ
3165 898 3327 962 σιγῆς
3383 893 3668 965 προελθών

2104 962 2335 1016 hwresin
2365 961 2745 1016 Ebionitarum
2775 964 2963 1030 ferire,
3022 965 3295 1032 probatur
3323 982 3392 1020 ea:
3426 961 3668 1022 antece-

2101 1033 2350 1087 dentibus
2379 1040 2431 1087 et
2460 1035 2930 1102 consequentibus.
2957 1036 3270 1102 Explicatio
3303 1042 3521 1091 tantum
3542 1044 3673 1093 sunt

2102 1101 2290 1181 Λόγου⁸
2312 1101 2828 1181 ai't‘3ioo._0pi)os_itio
2858 1107 3004 1181 inter
3037 1101 3200 1181 λᾴγον
3227 1115 3281 1181 e_t
3341 1108 3496 1181 σιγὴν
3555 1113 3670 1178 fre-

2100 1177 2474 1249 quentissima.
2513 1176 2726 1230 Petavii
2756 1179 3026 1249 expositio
3057 1176 3671 1249 defenditurfObjectio

2098 1247 2164 1300 de
2192 1247 2411 1315 frigida
2443 1248 2716 1301 locutione
2747 1247 3016 1315 rejicitur.
3051 1249 3268 1304 Similes
3299 1247 3541 1306 veterum
3571 1254 3671 1307 Pa-

2098 1323 2244 1392 trum
2268 1319 2658 1392 emplicationes
2690 1319 3023 1387 afferunt-ur.
3050 1319 3300 1375 Geminus
3359 1324 3417 1377 S.
3479 1322 3669 1392 Augu—

2095 1391 2231 1444 stini
2270 1389 2414 1444 locus
2443 1389 2778 1458 vindicatur,
2810 1397 2862 1444 et
2914 1392 3086 1445 altero
3142 1393 3425 1460 Futgentii
3480 1389 3667 1461 ﬁrma-

2099 1465 2206 1537 tur.
2241 1460 2843 1537 chutionem_inanem
2886 1478 2995 1516 non
3053 1479 3178 1537 ess_e.
3241 1466 3361 1518 V0.1:
3413 1460 3672 1537 προελθῖν

2099 1531 2398 1609 Petavz'ano
2427 1533 2607 1609 sensui
2633 1540 3063 1609 nonrepugnat,
3096 1534 3190 1609 Ἐκ
3223 1540 3377 1609 σιγῆς
3426 1531 3510 1590 vel
3564 1535 3672 1590 ἀπὸ

2099 1607 2259 1674 σιγῆς
2291 1619 2401 1657 ηοη
2431 1603 2576 1658 male
2598 1604 2762 1657 reddi
2793 1611 2926 1674 post
2958 1604 3280 1660 silentium.

2096 1691 2244 1746 Illud
2276 1697 2472 1746 autem
2497 1691 2650 1762 quod
2691 1693 2882 1762 primo
2902 1693 3027 1748 loco
3047 1695 3433 1750 asserendum
3455 1699 3676 1769 putavi,

275 1784 366 1855 qui
423 1785 612 1854 impia
661 1784 1061 1856 dogmatizans
1118 1784 1385 1839 deﬁnivit
1433 1784 1730 1855 inquiens.
1767 1785 1919 1854 (Erat
1948 1819 1993 1883 Β
2024 1789 2324 1839 auctorem
2357 1784 2619 1855 epistolas
2653 1783 2726 1838 ad
2750 1785 3072 1857 Magnesios
3102 1787 3296 1842 verbis
3327 1805 3399 1842 ex
3433 1806 3501 1844 ea
3532 1807 3677 1860 pro-

275 1878 405 1929 Deus
422 1881 474 1928 et
493 1874 822 1943 silentium),
857 1878 991 1945 post
1019 1873 1324 1929 silentium
1342 1878 1539 1929 autem
1565 1879 1622 1928 et
1653 1878 1913 1943 quietem

273 1963 628 2036 processisse
685 1963 943 2018 Verbum
999 1963 1102 2018 Dei
1156 1964 1218 2018 in
1259 1964 1552 2035 principio
1596 1963 1914 2018 creationis

271 2054 475 2108 mundi
510 2054 736 2108 efﬁcaci
771 2053 1134 2124 operatione.
1172 2075 1200 2103 »
1225 2055 1365 2108 Cum
1397 2054 1576 2126 igitur
1624 2053 1914 2109 Eusebius

273 2145 610 2201 Marcellum
633 2145 1068 2215 perstrinxerit,
1103 2145 1259 2215 quod
1285 2144 1542 2199 Verbum
1574 2149 1708 2216 post
1737 2143 1915 2198 silen-

261 2237 404 2289 tium
425 2233 724 2305 prodiisse
756 2234 1061 2300 dixerit,et
1093 2234 1273 2289 simul
1307 2234 1484 2289 etiam
1517 2233 1914 2288 observaverit

265 2325 382 2379 hare
413 2341 447 2379 a
470 2324 766 2379 Gnosticis
789 2323 1003 2378 hausta
1022 2323 1333 2395 esse,apud
1357 2340 1503 2394 quos
1525 2323 1718 2394 primo
1742 2327 1915 2377 erant

268 2415 412 2468 Deus
449 2418 512 2467 et
542 2412 848 2467 silentium
874 2428 887 2477 ;
920 2413 1232 2467 cumidem
1258 2412 1588 2468 certissime
1616 2412 1793 2466 etiam
1812 2429 1913 2466 no-

269 2504 409 2559 verit
448 2505 573 2559 haec
606 2520 736 2574 quae
766 2519 926 2558 nunc
957 2503 1113 2573 apud
1147 2503 1439 2576 Ignatium
1470 2502 1741 2574 legimus,
1802 2518 1913 2556 nec

265 2602 458 2650 tamen
498 2594 805 2661 adversus;
816 2594 1072 2649 Marcelli
1117 2595 1390 2649 haeresim
1421 2595 1724 2664 usurparit
1780 2593 1909 2649 loco

269 2685 401 2740 satis
460 2689 820 2756 opportuno,
854 2683 988 2754 quis
1017 2700 1137 2738 non
1187 2683 1350 2737 videt
1389 2684 1517 2739 sine
1547 2683 1667 2738 ullo
1698 2683 1910 2739 funda-

270 2779 458 2829 mento
491 2774 677 2827 asseri
710 2772 1016 2844 Ignatiana
1072 2772 1276 2827 Irenaei
1319 2771 1536 2826 saeculo
1578 2789 1697 2826 non
1731 2773 1908 2827 exsti-

275 2863 420 2926 tisse,
453 2861 616 2932 quod
649 2877 717 2916 ea
748 2861 851 2915 illa
882 2860 1161 2916 adversus
1205 2859 1494 2915 Valentini
1529 2861 1759 2916 somnia
1788 2878 1910 2917 non

278 2954 570 3024 usurparit
592 2951 622 3006 ?

331 3043 617 3106 Quocirca
638 3041 744 3096 levi
766 3041 1246 3096 antecedentium
1269 3042 1744 3113 conjecturarum
1767 3043 1908 3098 veli-

265 3132 480 3185 tatione
505 3130 752 3195 difﬂata,
790 3129 862 3184 ad
885 3134 1299 3201 argumentum
1326 3130 1519 3200 ipsum
1538 3147 1571 3184 a
1593 3131 1907 3186 Valentino

265 3219 503 3274 ductum
529 3183 783 3284 accedo’;
807 3183 989 3289 utque
1013 3218 1158 3272 illud
1178 3183 1406 3273 nullain
1429 3219 1546 3274 vim
1569 3219 1643 3274 ad
1675 3219 1911 3275 elevan-
1950 3183 1993 3250 C

258 3309 395 3362 dam
429 3308 642 3380 lgnatii
674 3308 1107 3374 auctoritatem,
1132 3308 1252 3363 imo
1285 3324 1360 3363 ne
1384 3309 1640 3378 speciem
1670 3309 1911 3379 quidem

261 3397 447 3452 ullam
481 3403 585 3452 aut
635 3395 1213 3452 verisimilitudinem
1245 3397 1548 3452 continere
1580 3397 1910 3465 ostendam,

256 3491 520 3557 quatuor
547 3485 1052 3557 propositionibus
1082 3503 1208 3540 rem
1240 3503 1478 3541 omnem
1527 3487 1910 3558 complectar,

254 3576 472 3646 quibus
487 3581 546 3630 et
559 3576 866 3630 veritatem
882 3574 1215 3630 luculenter
1234 3581 1612 3647 exponam,et
1635 3577 1911 3632 omnibus

253 3663 737 3719 adversariorum
751 3663 1184 3734 objectionibus
1200 3665 1684 3720 manitestissime
1707 3681 1911 3721 occur-

251 3754 633 3807 ram.Assero
670 3752 846 3823 igitur
875 3751 1068 3823 primo
1104 3752 1433 3808 clarissime
1455 3759 1655 3824 patere
1709 3759 1908 3809 aucto-

249 3857 380 3896 rem
413 3840 686 3911 epistolaa
719 3840 791 3895 ad
813 3841 1140 3912 Magnesios
1165 3841 1392 3896 nullam
1426 3841 1603 3896 aliam
1633 3843 1909 3898 hmresim

243 3930 448 3984 verbis
472 3946 542 3984 ex
562 3946 634 3984 ea
662 3929 908 4001 prolatis
927 3931 1463 4002 respexisse,quam
1489 3948 1618 3987 eam
1642 3949 1772 4003 quae
1799 3933 1910 3989 fuit

242 4019 468 4091 Ignatii
497 4035 620 4074 sevo
652 4020 1078 4091 cognitissima,
1127 4020 1532 4076 Ebionitarum
1565 4023 1793 4077 scilicet
1851 4030 1908 4078 et

241 4111 690 4164 Nazarzeorum.
719 4109 863 4163 Cum
895 4113 1093 4164 autem
1143 4109 1460 4165 adversarii
1494 4111 1641 4166 adeo
1685 4129 1909 4168 asseve-

238 4203 458 4252 ranter
479 4196 1002 4263 contendant,haac
1026 4197 1290 4268 epistolae
1315 4198 1497 4254 verba
1517 4200 1590 4255 ad
1614 4201 1908 4256 Valentini

240 4291 664 4342 commentum
689 4287 1006 4357 respicere,
1033 4288 1280 4358 ejusque
1305 4288 1605 4358 peculiare
1630 4289 1907 4346 delirium

241 4393 461 4447 reapse
494 4375 679 4431 ferire
705 4391 716 4430 :
747 4392 947 4430 assero
973 4376 1232 4432 secundo
1263 4377 1439 4432 verba
1469 4378 1616 4450 ipsa,
1675 4384 1742 4433 ut
1773 4385 1909 4434 sunt

245 4465 324 4519 ab
344 4469 592 4520 auctore
611 4464 878 4535 epistolas
901 4463 1230 4535 prolata,ad
1253 4464 1640 4521 Valentinum
1663 4467 1906 4524 omnino

2025 1872 2161 1927 latis
2192 1873 2444 1928 hmresin
2475 1873 2905 1942 Ebionitarum,
2933 1892 3128 1946 neque
3161 1876 3351 1932 ullam
3384 1878 3561 1934 aliam
3587 1896 3677 1934 re-

2027 1961 2786 2034 spexisse,luculentissime
2819 1965 3123 2034 probatur.
3170 1966 3309 2020 Duas
3338 1967 3496 2022 enim
3529 1985 3671 2024 con-

2017 2051 2300 2122 junctisz
2331 2051 2655 2122 particulae,
2690 2067 2809 2106 una
2839 2053 3008 2107 initio
3041 2052 3289 2124 hujnsce
3338 2057 3671 2127 sententias,

2024 2140 2211 2195 altera
2239 2141 2532 2213 principio
2556 2141 2860 2212 sequentis
2892 2142 3134 2210 inserta,
3170 2144 3311 2197 satis
3361 2145 3675 2202 manifeste

2024 2231 2346 2286 ostendunt
2378 2248 2494 2302 quo
2527 2236 2650 2285 tota
2681 2231 2978 2285 sententia
3009 2231 3322 2287 referenda
3355 2233 3454 2302 sit,
3492 2240 3548 2288 et
3599 2234 3674 2291 ad

2022 2321 2164 2391 quid
2195 2326 2402 2376 auctor
2431 2320 2714 2392 epistolas,
2742 2337 2876 2374 cum
2906 2337 2974 2376 ea
2997 2321 3672 2390 scriberet,collinearit.

2021 2410 2319 2466 Particula
2347 2409 2448 2483 γάρ
2479 2408 2738 2464 ostendit
2759 2409 2910 2464 hanc
2932 2410 3122 2481 ipsam
3141 2412 3497 2469 sententiam
3521 2415 3678 2486 prio-

2021 2502 2104 2556 ris
2131 2501 2426 2556 rationem
2457 2500 2760 2554 continere
2795 2518 2808 2566 ;
2847 2504 2904 2553 et
2931 2502 3234 2570 sequentis
3257 2504 3550 2574 particula
3581 2501 3672 2558 οὖν

2023 2590 2283 2646 ostendit
2305 2605 2434 2644 eam
2459 2606 2529 2643 ex
2559 2589 2668 2642 hac
2692 2588 2858 2658 sequi
2889 2589 3206 2644 debere.At
3234 2596 3290 2645 et
3311 2594 3669 2650 antecedens

2021 2679 2317 2734 sententia
2347 2682 2404 2732 et
2436 2681 2752 2748 sequentes
2780 2677 3064 2732 Ebionem
3120 2679 3340 2734 diserte
3398 2680 3618 2737 feriunt
3650 2701 3665 2753 ;

2021 2769 2163 2825 erho
2197 2772 2256 2822 et
2284 2767 2410 2821 hmo
2443 2783 2572 2837 quae
2594 2766 2807 2837 prioris
2837 2767 3129 2822 rationem
3153 2767 3425 2839 explicat,
3451 2776 3507 2824 et
3527 2789 3665 2842 pos-

2019 2857 2336 2914 terioribus
2357 2857 2728 2912 occasionem
2750 2855 3372 2928 praebeLAntecedens
3392 2861 3518 2915 haec
3551 2866 3660 2917 est:

2023 2971 2051 3000 «
2079 2949 2136 3005 Si
2169 2949 2328 3003 enim
2359 2963 2545 3018 usque
2568 2963 2727 3001 nunc
2761 2946 3087 3002 secundum
3121 2948 3489 3006 Judaismum
3520 2952 3663 3006 vivi-

2020 3038 2536 3108 mus,confitemur
2564 3036 2810 3108 gratiam
2845 3053 2966 3092 non
3000 3037 3352 3108 recepisse.»
3386 3041 3464 3094 De
3489 3041 3662 3095 Ebio-

2021 3127 2166 3182 nmis
2196 3129 2454 3182 Irenzeus
2485 3126 2691 3192 lib.|,c.
2725 3128 2827 3180 26:
2863 3148 2890 3175 ‹‹
2923 3127 3511 3186 Circumcidunturet
3534 3149 3670 3203 per-

2024 3223 2293 3273 severant
2324 3218 2384 3271 in
2415 3217 2507 3271 his
2530 3215 3083 3284 consuetudinibus,
3121 3235 3252 3288 qum
3287 3225 3427 3276 sunt
3456 3238 3670 3278 secun-

2025 3306 2165 3361 dum
2191 3307 2402 3379 legem,
2439 3311 2494 3360 et
2522 3305 2763 3360 Judaico
2797 3306 3136 3362 charactere
3197 3309 3303 3364 uti.
3340 3332 3367 3359 »
3391 3311 3553 3367 Idem
3583 3318 3673 3368 te-

2024 3399 2257 3449 stantur
2286 3399 2421 3466 post
2457 3396 2746 3449 Irenaeum
2775 3412 3019 3449 omnes:
3074 3398 3434 3454 antecedens
3489 3402 3669 3474 igitur

2023 3485 2318 3539 sententia
2339 3484 2623 3538 Ebionem
2646 3483 2863 3538 diserte
2878 3484 3177 3551 ferit.Qum
3196 3491 3395 3542 autem
3415 3506 3672 3561 sequun-

2022 3570 2243 3629 turin'
2306 3571 2399 3625 οὖν
2455 3572 2506 3625 οἳ
2563 3570 2615 3625 ἐν
2685 3571 2946 3633 παλαιοῖς
2975 3573 3285 3648 πράγμασιν
3315 3575 3670 3656 ἀναστραφέν-

2017 3681 2125 3731 rec,
2151 3659 2224 3721 εἷς
2256 3660 2552 3729 καινότητα
2577 3657 2804 3721 ὶλπίδος
2837 3659 3065 3729 ἤλυθον.
3101 3686 3128 3713 ‹‹
3165 3665 3221 3718 Si
3253 3665 3431 3737 igitur
3461 3667 3524 3721 in
3567 3684 3666 3723 ve-

2021 3751 2245 3806 teribus
2275 3750 2452 3805 rebus
2485 3751 2812 3805 conversati
2845 3750 2906 3805 in
2937 3752 3256 3808 novitatem
3304 3755 3428 3826 spei
3490 3773 3665 3812 vene-

2018 3844 2177 3907 runt,
2212 3861 2240 3888 »
2274 3843 2332 3893 et
2352 3843 2566 3894 caetera
2595 3838 2805 3894 eodem
2837 3839 3009 3911 plane
3078 3842 3350 3911 tendunt,
3381 3850 3446 3900 ut
3501 3862 3535 3901 a
3561 3847 3664 3902 Ju-

2020 3929 2268 3996 daismo,
2303 3927 2830 3999 nempe,recedant
2851 3930 2947 3999 qui
2975 3931 3495 3990 Christianismum
3543 3951 3666 3991 am-

2018 4019 2356 4090 plectuntur
2388 4035 2399 4071 :
2431 4034 2560 4088 quas
2593 4017 2795 4072 omnia
2824 4017 3046 4074 directe
3077 4020 3358 4076 adversus
3380 4023 3666 4080 Ebionem

2020 4113 2078 4163 et
2107 4123 2390 4178 sequaces
2430 4105 2709 4160 militant.
2738 4107 2871 4160 Haec
2892 4107 3021 4178 ipsa
3042 4110 3336 4165 sententia
3385 4111 3456 4166 ab
3501 4128 3668 4186 argu-

2019 4202 2219 4252 mento
2251 4195 2479 4267 incipit,
2505 4211 2620 4265 quo
2653 4195 2738 4249 uti
2771 4200 2996 4250 veteres
3033 4197 3314 4254 adversus
3364 4200 3666 4259 Ebionitas

2020 4285 2360 4356 similesque
2386 4283 2695 4338 haareticos
2729 4283 3048 4339 solebant:
3107 4285 3176 4342 Οἱ
3235 4285 3338 4362 γὰρ
3398 4289 3667 4345 θειὸτάτοι

2017 4379 2295 4450 προφῆται
2327 4371 2462 4427 κατὰ
2494 4372 2724 4444 Χριστὸν
2785 4373 2998 4442 Ἰησοῦν
3045 4372 3263 4444 ἔζησαν.
3329 4400 3357 4428 ‹‹
3425 4380 3668 4437 Divinis-

2017 4465 2150 4520 simi
2184 4463 2346 4518 enim
2378 4461 2680 4534 prophetae
2732 4462 3062 4519 secundum
3112 4465 3410 4523 Christum
3468 4470 3670 4526 Jesum

243 4570 368 4608 non
400 4559 814 4625 spectare,nec
845 4553 974 4609 sine
1006 4554 1265 4609 violenta
1298 4554 1634 4612 detorsioue
1666 4556 1740 4611 ad
1772 4557 1900 4628 ejus
1933 4544 1978 4610 Ι)
2010 4556 2282 4610 vixerunt
2317 4571 2330 4621 ;
2366 4573 2393 4602 ››
2416 4557 2474 4608 et
2503 4556 2568 4608 ut
2599 4551 2970 4608 demonstret
2999 4571 3101 4609 eos
3128 4556 3318 4628 gratia
3340 4557 3556 4614 Christi
3579 4560 3670 4615 in-

245 4641 531 4698 heeresim
547 4642 962 4713 exponendam
976 4643 1468 4714 refutandamque
1481 4645 1760 4716 applicari
1778 4663 1908 4718 pos-

244 4733 395 4786 se.Si
420 4734 559 4804 quis
573 4737 776 4788 tamen
793 4731 987 4787 adhuc
1005 4733 1133 4787 sine
1149 4734 1377 4788 ratione
1391 4733 1684 4790 Valentini
1697 4735 1908 4808 dogma

244 4823 551 4892 respicere
611 4821 740 4876 haec
795 4822 974 4877 verba
1002 4821 1265 4893 potuisse
1296 4823 1456 4892 velit,
1488 4840 1562 4878 ne
1582 4825 1906 4896 quidquam

242 4916 456 4966 contra
481 4910 900 4981 antiquitatem
923 4910 1183 4982 epistola;
1205 4911 1546 4983 haeciniqua
1568 4915 1908 4986 conjectura

240 4998 441 5055 valere
459 5000 734 5055 videatur
758 5017 771 5054 :
798 5016 996 5055 assero
1019 5001 1192 5056 tertio
1207 5000 1375 5056 illam
1397 5002 1588 5073 ipsam
1607 5003 1903 5071 haeresim,

245 5094 553 5157 quatenus
588 5089 684 5144 his
714 5089 908 5144 verbis
931 5089 1096 5144 feriri
1119 5091 1699 5162 putatur,Nalentino
1723 5093 1904 5148 fuisse

243 5178 748 5247 antiquiorem,et
777 5194 811 5233 a
841 5179 1264 5234 vetustioribus
1286 5181 1568 5251 gnosticis
1603 5181 1714 5252 ipsi
1736 5183 1908 5254 Igna-

245 5263 328 5318 tio
359 5267 579 5322 coaevis
602 5267 934 5322 certissime
965 5267 1479 5332 derivatam.Quod
1499 5269 1546 5323 si
1572 5270 1703 5340 quis
1727 5271 1906 5326 etiam

241 5353 442 5410 adhuc
475 5357 852 5426 praefractius
875 5357 1025 5412 tueri
1043 5357 1512 5423 velit,auctorem
1537 5358 1800 5430 epistolae
1814 5361 1907 5415 his

242 5443 446 5497 verbis
507 5443 885 5499 Valentinum
943 5446 1136 5517 ipsum
1187 5447 1541 5518 respexisse,
1577 5463 1686 5502 nec
1730 5449 1906 5520 Sigen

243 5529 556 5596 prioribus
583 5533 880 5588 haereticis
910 5535 1204 5607 cognitam
1255 5535 1436 5591 fuisse
1464 5541 1596 5606 post
1627 5541 1711 5590 tot
1739 5544 1905 5591 vete-

245 5631 385 5674 rum
409 5628 617 5692 aperta
640 5623 987 5679 testimonia
1006 5624 1312 5680 concedat:
1328 5641 1438 5680 nec
1451 5625 1535 5680 sic
1557 5625 1795 5696 quidem
1812 5643 1907 5682 res

587 5741 847 5802 ΡΑτιιοι..
882 5739 990 5802 Gn.
1038 5743 1111 5803 γ.

2020 4644 2274 4716 spiratos
2295 4643 2408 4697 hoc
2438 4641 2670 4708 fecisse,
2699 4642 2977 4698 eumdem
3008 4645 3216 4714 Deum,
3250 4663 3428 4717 quem
3449 4647 3533 4704 illi
3565 4666 3668 4705 co-

2018 4732 2243 4799 lebant,
2276 4730 2690 4786 manifestasse
2723 4747 2784 4785 se
2807 4748 2912 4802 per
2934 4731 3144 4787 Filium
3169 4751 3340 4790 suum
3360 4735 3521 4805 dicit,
3533 4736 3666 4807 «qui

2018 4827 2107 4878 est
2137 4827 2423 4877 mternum
2456 4819 2585 4891 ejus
2611 4819 2886 4888 Verbum,
2911 4842 2938 4869 »
2960 4827 3168 4877 contra
3195 4823 3470 4880 eumdem
3493 4825 3666 4880 Ebio-

2017 4927 2178 4977 nem,
2212 4909 2310 4980 qui
2347 4923 2482 4963 eum
2527 4906 2754 4962 nudum
2805 4907 3110 4962 hominem
3159 4925 3287 4965 esse
3342 4911 3662 4976 asserebat,

2017 5003 2305 5053 mternum
2332 4993 2608 5066 negabat.
2643 4995 2769 5048 Non
2801 4998 3030 5050 tantum
3059 4995 3218 5050 enim
3252 4996 3339 5052 illi
3372 4999 3471 5068 qui
3497 5015 3566 5053 ex
3589 4999 3666 5053 vi-

2017 5104 2081 5142 ro
2115 5091 2173 5140 et
2202 5085 2424 5140 femina
2459 5083 2758 5137 Christum
2791 5083 3328 5153 prmdicabant,sed
3351 5087 3460 5142 etii
3488 5086 3666 5144 etiam

2019 5175 2119 5248 qui
2151 5189 2286 5230 eum
2320 5188 2389 5226 ex
2411 5171 2657 5244 Virgine
2706 5177 2914 5226 natum
2974 5174 3393 5244 agnoscebant,
3435 5175 3499 5228 οὐ
3556 5176 3668 5248 μὴν

2018 5260 2132 5319 οὐδ’
2162 5259 2373 5335 ὁμοίως
2429 5258 2519 5312 καὶ
2577 5258 2728 5312 οὗτοι
2785 5259 3162 5335 προϋπάρχειν
3189 5261 3351 5317 αὑτὸν
3396 5263 3524 5317 Θεὸν
3559 5264 3668 5319 Ad.

2018 5373 2114 5431 γον
2148 5347 2276 5406 ὄντα
2304 5347 2395 5403 καὶ
2416 5345 2606 5424 σοφίαν
2631 5348 3020 5422 ὁμολογοῦσιν,
3059 5372 3083 5403 ι
3121 5353 3508 5423 preeextitisse
3530 5371 3668 5413 eum

2019 5451 2083 5501 ut
2099 5447 2283 5500 Deum
2307 5439 2565 5497 Verbum
2581 5445 2638 5495 et
2659 5439 3022 5511 Sapientiam
3043 5443 3287 5498 minime
3311 5445 3676 5504 conﬁteban-

2019 5541 2136 5602 tur,
2173 5555 2198 5582 ››
2231 5537 2296 5587 ut
2318 5535 2569 5587 testatur
2590 5528 2878 5585 Eusebius
2901 5530 3002 5600 lib,
3026 5549 3106 5600 ιιι,
3142 5550 3190 5588 c.
3226 5536 3312 5588 27.
3363 5536 3447 5589 Ita
3473 5537 3676 5593 omnia

2021 5621 2421 5680 convellendas
2444 5621 2688 5677 Ebionis
2720 5619 2931 5676 haeresi
2963 5622 3228 5695 apprime
3289 5627 3672 5691 conveniunt,

3277 5745 3351 5803 10
