4064 6134
337 312 452 372 299

1405 307 1469 366 S.
1517 305 1925 366 [GNATIUS.
1973 337 2052 348 —
2097 305 2714 372 PROLEGUMENA.

3649 309 3766 369 300

353 463 548 518 neque
581 445 696 500 alio
728 449 978 515 possunt
1014 447 1302 515 spectare,
1333 442 1448 496 nisi
1481 441 1597 496 vim
1632 439 1827 494 verbis
1877 454 1999 494 ma-
2033 439 2085 506 Α
2117 444 2206 495 est
2229 457 2298 496 ea
2329 460 2456 498 esse
2489 462 2560 499 ex
2592 449 2714 501 tota
2750 445 3054 516 Ignatiana
3083 444 3359 516 periocha
3403 443 3756 498 certissima:

349 537 626 591 nifestam
663 532 1008 588 inferamus.

431 626 574 680 Cum
599 629 798 676 autem
825 622 1123 676 Christum
1155 621 1385 675 dixerat
1407 620 1661 675 Verbum
1687 624 2000 682 mternum,

351 714 410 774 ὅς
441 711 581 766 ἐστιν
611 711 780 764 αὐτοῦ
814 710 990 784 Λόγος
1022 706 1218 774 ἁίδιος,
1253 709 1311 764 id
1344 710 1603 764 bI‘BViter
1636 709 1892 780 explicat
1930 707 2002 760 iis

349 803 565 869 verbis,
600 801 702 854 οὐκ
730 799 834 854 ἀπὸ
867 797 1028 866 σιλῆς
1063 798 1370 872 προελθών,
1397 822 1424 848 ‹‹
1455 799 2001 871 Verbum,inquam,

349 899 660 956 internum,
690 907 810 946 non
843 907 876 944 a
907 889 1142 944 silentio
1174 889 1549 962 proveniens,
1583 911 1608 937 ››
1644 894 1710 944 ut
1760 886 2002 942 verbum

351 1000 458 1038 seu
492 997 686 1037 sermo
720 980 917 1035 omnis
949 979 1048 1050 qui
1077 985 1335 1034 aeternus
1366 996 1484 1035 non
1515 985 1622 1034 est.
1660 980 1794 1033 Haac
1841 977 2002 1032 enim

349 1073 608 1142 adjectio
636 1069 785 1124 nihil
820 1069 981 1124 aliud
1007 1074 1096 1124 est
1119 1085 1298 1139 quam
1321 1069 1584 1142 exegesis
1611 1069 1731 1123 sive
1754 1066 2003 1138 explica-

351 1163 436 1216 tio
460 1159 809 1215 aeternitatis
842 1158 1037 1218 Verbi.
1064 1175 1250 1229 eaque
1277 1158 1448 1229 plane
1502 1157 1788 1213 naturalis
1813 1161 1871 1211 et
1900 1154 2006 1209 ob-

347 1251 528 1314 via,et
555 1250 680 1303 sine
711 1247 835 1303 ullo
869 1253 1140 1320 respectu
1174 1249 1246 1303 ad
1274 1248 1452 1303 aliam
1496 1248 1758 1319 aliquam
1825 1259 2003 1318 pecu-

347 1339 562 1396 liarem
595 1338 851 1393 haeresin
884 1337 1137 1393 maxime
1156 1337 1678 1409 propria,reddens
1695 1351 1893 1391 veram
1907 1349 2005 1388 no-

353 1431 580 1485 tionem
615 1426 825 1482 aeterni
858 1427 1120 1492 Verbi,et
1150 1427 1221 1482 ab
1254 1427 1369 1482 alio
1400 1426 1578 1482 verbo
1613 1442 1735 1481 non
1781 1430 2004 1480 esterno

357 1525 517 1576 recte
559 1518 951 1589 distinguens.
985 1519 1088 1572 Hic
1120 1521 1210 1572 est
1231 1518 1498 1572 omnium
1530 1517 1840 1572 hominum
1881 1514 2005 1570 vul-

351 1610 508 1682 garis
547 1608 618 1663 de
649 1607 827 1662 verbo
859 1613 1201 1678 conceptus,
1236 1612 1300 1661 ut
1334 1607 1492 1678 quod
1544 1606 1850 1662 silentium
1906 1621 2004 1660 re-

353 1699 582 1771 spiciat.
616 1698 704 1752 Ita
735 1696 891 1768 apud
921 1697 1227 1768 Virgilium
1258 1697 1407 1752 Juno
1429 1697 1473 1733 ²⁸
1506 1713 1516 1750 :

790 1829 802 1841 .
850 1827 863 1840 .
902 1787 1067 1851 .Quid
1095 1802 1180 1840 me
1211 1786 1329 1840 alta
1357 1787 1579 1840 silentia
1607 1783 1755 1854 cogis

433 1861 724 1927 Rumpere,
759 1864 810 1911 et
840 1857 1136 1912 obductum
1166 1856 1342 1911 verbis
1371 1856 1598 1925 vulgare
1628 1856 1870 1911 dolorem
1894 1855 1921 1910 Ἰ

361 1947 470 2002 Ubi
495 1945 1002 2013 Servius,Silentia
1023 1952 1220 2000 autem
1234 1962 1566 2017 rumpere,«
1599 1945 2014 2018 loquiprOprie

371 2037 662 2091 dictum.»
697 2037 778 2090 Ex
803 2034 1034 2090 silentio
1067 2051 1204 2107 ergo
1236 2035 1378 2103 exit,
1411 2053 1515 2091 seu
1536 2035 1868 2108 prorumpit
1887 2051 2011 2088 ver-

365 2124 681 2179 bum.Huic
712 2129 912 2179 autem
933 2126 1013 2194 τῷ
1034 2140 1309 2195 rumpere
1328 2124 1632 2179 silentium
1649 2125 2015 2179 contrarium

367 2213 524 2286 apud
545 2213 779 2269 Grmcos
804 2217 894 2268 est
910 2211 972 2265 τὸ
998 2210 1307 2286 ἐχεμυθεῖν.
1341 2213 1666 2285 Hesychius
1694 2228 1707 2267 :
1763 2209 2012 2290 Ἐχὲμυ-

368 2314 483 2372 θος,
515 2296 659 2377 ἔχων
693 2303 744 2356 ἐν
773 2303 948 2374 ἑαυτῷ
977 2302 1070 2356 τὸν
1097 2301 1289 2375 λόγον,
1326 2301 1451 2372 ἤτοι
1507 2305 1717 2378 κρατῷν
1771 2302 1861 2357 τὸν
1924 2300 2016 2356 λό-

364 2411 460 2465 γον
493 2395 700 2464 σιωπῇ.
737 2395 806 2447 Et
855 2409 1098 2447 rursus:
1143 2392 1485 2465 Ἐχεμυθεῖν,
1536 2394 1768 2462 σιωπᾷν,
1813 2389 2014 2464 λόγους

373 2484 604 2556 στέγειν.
640 2483 802 2538 Unde
831 2483 1146 2538 Ammonio
1179 2484 1396 2539 dicitur
1425 2483 1547 2558 σιγή
1581 2482 1786 2556 στέρξις
1818 2480 2013 2552 λόγου,

363 2572 465 2628 ubi
488 2573 678 2628 sentio
723 2573 920 2643 potius
973 2571 1288 2644 legendum
1348 2571 1540 2641 στέξις,
1600 2571 1802 2645 στέγειν
1855 2572 2015 2628 enim

362 2660 531 2735 λόγον
567 2679 633 2716 eo
669 2679 846 2717 sensu
875 2661 1084 2718 dicunt
1112 2663 1316 2731 Grazci,
1349 2679 1470 2718 non
1503 2662 1767 2738 στέργειν,
1801 2667 1866 2718 ut
1887 2663 2014 2735 opi-

361 2766 491 2806 nor.
527 2750 666 2806 Inde
690 2756 850 2826 σιγῆς
895 2756 949 2805 et
976 2747 1149 2824 λόγου
1182 2752 1494 2806 antithesis
1526 2752 1804 2807 omnibus
1840 2753 2014 2807 fami-

361 2840 548 2908 liaris,
581 2845 646 2896 ut
673 2841 1072 2895 Nazienzenus
1105 2841 1370 2896 carmine
1415 2844 1479 2894 12
1525 2841 1599 2896 ad
1657 2842 1964 2914 episcopos
1999 2859 2011 2894 :

612 2928 768 2982 Θΰσω
798 2930 887 2982 καὶ
920 2929 1102 3004 σιγὴν,
1136 2929 1210 2990 ὡς
1255 2930 1550 3002 τοπάροιθε
1579 2927 1763 3005 γόγον.

363 3019 433 3074 Et
463 3035 567 3074 ora
601 3021 702 3073 142
740 3018 806 3074 Οἱ
836 3021 934 3072 τοῦ
967 3015 1133 3091 λόγου
1164 3017 1432 3087 τοσαύτης
1481 3017 1637 3090 ἐσμὲν
1695 3017 1854 3085 σιλῆς
1916 3039 2010 3090 με·

363 3109 504 3164 στοί.
536 3113 680 3167 Cum
714 3110 893 3182 igitur
921 3111 1166 3165 verbum
1216 3112 1335 3165 sive
1385 3127 1718 3166 sermonem
1751 3127 2012 3168 commu-

362 3201 519 3254 niter
549 3204 850 3269 sumptum
884 3199 965 3252 ita
995 3200 1305 3270 concipere
1340 3200 1737 3266 soleamus,ut
1767 3217 1900 3254 eum
1934 3201 2008 3253 si-
2049 3174 2095 3243 (ἶ

369 3288 624 3342 lentium
658 3303 895 3358 semper
923 3287 1220 3358 praecedat
1253 3307 1266 3353 ;
1291 3294 1496 3343 auctor
1523 3295 1718 3342 autem
1745 3289 2010 3360 epistolm

355 3378 486 3449 jam
518 3375 767 3432 dixisset
797 3377 1052 3432 Verbum
1074 3377 1232 3448 quod
1254 3379 1517 3432 Christus
1549 3384 1820 3446 est,esset
1839 3385 2009 3434 teter-

363 3483 508 3521 num
537 3483 549 3532 ;
583 3472 871 3521 aeternum
895 3472 1092 3522 autem
1117 3483 1247 3521 esse
1271 3484 1388 3521 non
1406 3471 1599 3538 potest
1621 3469 1778 3538 quod
1809 3468 1880 3523 ab
1903 3469 2011 3524 ali-

365 3573 480 3626 quo
501 3555 614 3611 alio
648 3556 1004 3627 praeceditur
1039 3573 1050 3610 :
1079 3571 1213 3610 vere
1238 3561 1296 3612 et
1326 3561 1654 3626 opportune
1672 3574 1804 3612 cum
1845 3559 2011 3613 Chri-

362 3651 520 3702 stum
546 3645 800 3700 Verbum
823 3645 1234 3719 appellat,non
1257 3645 1371 3700 tale
1398 3645 1649 3718 intelligi
1678 3645 1892 3702 debere
1915 3648 2014 3702 ad-

361 3739 587 3802 monet,
621 3733 795 3805 quale
851 3758 878 3784 ‹‹
914 3751 984 3790 ex
1019 3733 1254 3789 silentio
1286 3733 1613 3805 proveniat,
1652 3755 1678 3783 ››
1703 3735 2014 3791 Silentium

358 3831 557 3880 autem
598 3824 717 3878 sive
748 3824 901 3898 σιγή.
937 3825 1056 3878 sive
1101 3823 1282 3891 σιωπή
1345 3821 1596 3892 dicatur,
1625 3824 1871 3895 perinde
1907 3831 2012 3881 est.

363 3913 433 3967 Ut
464 3911 736 3967 Clemens
767 3912 1232 3980 Alexandrinus,
1265 3913 1650 3968 Admonitione
1679 3915 1753 3968 ad
1783 3913 1971 3970 Gentes
1991 3933 2012 3968 .·

355 3999 533 4056 Τοῦτο
567 3999 634 4068 ἦν
665 3999 693 4053 ’ὁ
732 3998 976 4073 ᾐνίττετο
1027 4001 1062 4068 ἠ
1098 3998 1378 4078 Ζαχαρίου
1434 4001 1614 4070 σιωπή
1674 4001 2012 4073 ἀναμένουσα

364 4089 456 4143 τὸν
485 4086 806 4163 πρόδρομον
835 4093 932 4141 τοῦ
963 4090 1200 4162 Χριστοῦ
1231 4087 1457 4163 καρπὸν,
1489 4088 1570 4143 ἴνα
1600 4091 1696 4158 τῆς
1748 4089 2010 4160 ἀληθείας

363 4178 425 4232 τὸ
455 4181 570 4254 φῶς
601 4177 629 4230 ὁ
654 4175 830 4249 Λόγος
860 4180 968 4230 τῶν
1010 4183 1371 4254 προφητικῶν
1401 4177 1744 4253 αἲνιγμάτων
1775 4181 1875 4249 τὴν
1909 4201 2010 4253 μυυ

365 4269 553 4332 στικήν
605 4262 951 4334 ἀπολύσηται
1013 4268 1229 4335 σιωπὴν
1293 4265 1627 4343 Εὐαγγὲλιον
1695 4269 2008 4342 γενόμενος.

367 4378 396 4407 ‹‹
431 4358 549 4411 Hoc
581 4363 708 4412 erat
737 4358 896 4427 quod
929 4359 1344 4416 subindicabat
1373 4360 1665 4415 Zacharias
1683 4359 2010 4429 silentium,

363 4444 622 4499 fructum
645 4445 861 4501 Christi
881 4464 1306 4519 prmcursorem
1330 4448 1769 4518 prmstolans.ut
1799 4448 1896 4504 lux
1917 4466 2014 4503 ve-

2115 535 2173 584 et
2204 531 2462 588 Dallmue
2498 533 2622 606 ipse
2655 535 2757 589 illa
2787 535 2982 601 verba,
3016 533 3075 593 ὅς
3106 530 3246 585 ἐστιν
3282 531 3444 584 αὐτοῦ
3477 531 3649 605 Λόγος
3690 530 3766 583 ἀξ-

2115 616 2252 689 ὃιοε,
2285 623 2458 677 affert
2488 628 2769 693 tanquam
2795 624 3072 678 adversus
3094 624 3478 677 Artemonem
3509 626 3566 675 et
3587 622 3765 675 Theo-

2114 709 2315 765 dotum
2349 709 2870 783 disertissima,qui
2895 712 3134 766 Ebionis
3157 711 3413 765 liaaresin
3440 711 3768 782 amplecte—

2112 799 2331 854 bantur
2363 817 2376 856 :
2414 801 2485 855 de
2517 801 3004 872 interpretatione
3029 800 3283 874 simplici
3321 816 3527 854 eorum
3553 799 3761 855 verbo-

2112 906 2268 958 rum,
2302 887 2400 942 οὐκ
2420 887 2525 942 ἀπὸ
2551 893 2704 964 σιγῆς
2722 886 3179 964 προελθών,ᾳυὶ(1
3204 890 3457 944 senserit
3483 888 3755 958 Dallazus,

2116 979 2299 1051 probe
2333 980 2453 1035 scio
2487 996 2554 1034 ex
2587 980 2660 1035 iis
2692 998 2823 1051 qua:
2855 986 3059 1034 contra
3088 980 3389 1034 Petavium
3421 980 3758 1051 disputavit.

2117 1068 2219 1122 Ille
2253 1069 2411 1124 enim
2435 1069 2932 1141 prespicacissimi
2980 1069 3200 1140 ingenii
3225 1069 3445 1124 Jesuita
3488 1070 3645 1124 hunc
3673 1070 3761 1124 uti

2114 1158 2272 1213 haud
2295 1159 2472 1230 paulo
2495 1159 2961 1214 commodiorem
2981 1165 3040 1212 et
3061 1158 3387 1213 faciliorem
3409 1175 3650 1213 sensum
3674 1177 3764 1214 sc-

2113 1253 2284 1304 cutus
2316 1253 2423 1303 est.
2461 1271 2488 1297 «
2521 1248 2798 1315 Verbum,
2830 1248 3044 1317 inquit,
3075 1248 3193 1302 sive
3227 1265 3566 1302 sermonem
3592 1251 3766 1320 Igna-

2115 1339 2232 1394 tius
2263 1339 2476 1394 asserit
2505 1355 2634 1393 esse
2660 1340 2854 1394 Jesum
2877 1338 3174 1392 Christum
3222 1337 3323 1392 Dei
3374 1337 3610 1401 Filium,
3643 1355 3767 1393 non

2116 1428 2307 1497 qualis
2331 1432 2420 1481 est
2449 1433 2680 1482 creatus
2712 1431 2771 1480 et
2799 1427 3098 1481 humanus
3132 1442 3348 1494 sermo,
3383 1427 3481 1496 qui
3525 1427 3584 1480 in
3619 1433 3774 1481 tem-

2111 1533 2254 1590 pore
2288 1517 2499 1588 incipit
2527 1521 2586 1571 et
2616 1516 2677 1570 in
2711 1521 2975 1586 tempore
3008 1515 3229 1570 desinit
3261 1533 3274 1582 ;
3309 1532 3428 1569 non
3463 1516 3621 1570 enim
3675 1523 3772 1572 est

2117 1611 2399 1662 internus.
2436 1606 2554 1660 Hoc
2583 1622 2794 1673 unum,
2823 1622 2932 1660 nec
2979 1604 3138 1660 aliud
3197 1604 3525 1675 quidquam
3582 1605 3773 1661 voluit

2116 1695 2399 1767 Ignatius.
2437 1715 2460 1746 ι
2496 1696 2656 1750 Hauc
2686 1700 2885 1750 autem
2918 1694 3607 1766 Petaviiexplicationem
3633 1696 3776 1751 Dal-

2038 1807 2089 1876 Β
2117 1785 2564 1876 Ιῳυβᾉίςὶβίᾀοω
2600 1791 2658 1840 et
2687 1786 2928 1876 inanem
2960 1785 3261 1876 argutiam
3281 1787 3671 1876 vocat.Egoin
3705 1803 3780 1842 ea

2127 1874 2281 1930 nihil
2310 1873 2612 1946 frigidum,
2645 1873 2796 1928 nihil
2827 1874 3026 1941 inane,
3059 1889 3136 1928 ne
3163 1873 3491 1944 quidquam
3529 1874 3776 1944 quidem

2125 1967 2397 2033 argutum
2420 1962 2586 2018 video
2618 1981 2632 2030 ;
2665 1963 2866 2018 omnia
2894 1963 3091 2034 potius
3122 1961 3786 2035 plana,perspicua.ap-

2125 2053 2337 2125 posita,
2369 2057 2425 2106 et
2463 2053 2761 2107 communi
2794 2054 3132 2108 Graecorum
3195 2054 3457 2108 sermoni
3517 2055 3780 2110 maxime

2125 2141 2454 2198 conformia
2480 2141 2773 2197 videntur.
2809 2141 2919 2196 Sed
2941 2142 3412 2213 primo,inquit,«
3425 2158 3603 2214 quam
3618 2144 3784 2215 frigi-

2125 2231 2268 2286 dum
2301 2231 2824 2303 est,Magnesianos
2854 2247 3122 2300 monere,
3155 2231 3369 2286 Filium
3401 2232 3503 2287 Dei
3528 2231 3777 2287 verbum

2127 2337 2255 2376 esse
2286 2319 2623 2390 ipsius,non
2653 2324 2852 2374 tamen
2876 2319 3166 2391 ejusmodi
3191 2325 3255 2374 ut
3287 2325 3421 2391 post
3468 2320 3780 2376 silentium

2125 2408 2431 2480 prodierit.
2458 2429 2486 2457 »
2505 2409 2629 2464 Jam
2654 2409 2926 2464 criticum
2949 2409 3069 2482 agit
3096 2409 3370 2475 Dallaaus,
3391 2409 3493 2464 sed
3514 2409 3782 2464 infelici-

2125 2497 2389 2563 ter.Quid
2413 2497 2592 2562 enim,
2611 2498 2655 2552 si
2682 2498 2792 2553 hoc
2809 2498 3088 2568 frigidum
3112 2499 3209 2566 sit,
3233 2515 3370 2572 ergo
3400 2499 3782 2570 Ignatianum

2125 2605 2254 2644 esse
2287 2605 2407 2643 non
2439 2593 2634 2659 potest
2662 2587 2688 2642 (ἶ
2718 2590 2808 2642 An
2838 2605 3081 2643 necesse
3106 2593 3197 2644 est
3244 2594 3311 2642 ut
3362 2589 3778 2644 sanctissimus

2125 2683 2350 2751 martyr
2379 2678 2594 2733 melius
2625 2678 2944 2749 scripserit,
2979 2695 3158 2750 quam
3190 2678 3332 2732 clari
3367 2679 3521 2734 inter
3540 2680 3777 2734 Graacos

2125 2768 2478 2832 oratores,in
2503 2784 2756 2839 quorum
2779 2767 3148 2822 orationibus
3179 2767 3368 2822 multa
3388 2768 3594 2839 frigide
3615 2767 3778 2825 dicta

2123 2861 2406 2912 notarunt
2434 2856 2624 2912 critici
2657 2861 2881 2911 veteres
2898 2857 2925 2910 ‘2
2949 2861 3026 2910 De
3058 2858 3312 2912 Isocrate
3363 2873 3594 2912 summo
3649 2859 3776 2913 viro

2124 2947 2439 3018 Dionysius
2462 2946 2967 3017 Halycarnasseus
2990 2965 3002 3002 :
3034 2953 3151 3019 Σχη
3164 2945 3372 3018 ματίζει
3395 2947 3452 3000 ὃὲ
3475 2947 3776 3022 φορτικῶς,

2121 3033 2210 3088 καὶ
2239 3033 2308 3088 τὰ
2338 3030 2522 3087 πολλᾶ
2552 3033 2758 3110 γίνεται
2783 3034 3016 3110 ψυχρός.
3058 3037 3184 3092 Imo
3207 3037 3482 3092 Isocratis
3518 3037 3778 3092 imitato-

2123 3140 2216 3177 res
2247 3122 2488 3194 l‘rigidos
2521 3139 2648 3178 esse
2676 3124 2965 3195 observat,
2998 3142 3067 3179 ex
3101 3125 3316 3196 quibus
3367 3125 3636 3180 nominat
3676 3126 3778 3179 Ti-

2125 3211 2677 3279 maeum,Platonem
2703 3219 2761 3268 et
2791 3214 3460 3286 Sosigenem.Longinus
3481 3214 3771 3269 Timaeum

2123 3302 2347 3372 pariter
2378 3306 2434 3355 et
2465 3301 2772 3358 Platonem
2804 3303 3093 3372 nominat,
3121 3303 3335 3374 quibus
3367 3303 3546 3358 etiam
3578 3304 3778 3358 Xeno-

2123 3391 2409 3461 phontem
2441 3390 2732 3463 adjungit.
2782 3393 2908 3446 Non
2968 3392 3146 3462 igitur
3195 3392 3472 3462 martyris
3521 3392 3785 3446 auctori-

2125 3485 2305 3534 tatem
2345 3479 2736 3544 imminuit,si
2768 3479 2917 3535 forte
2948 3480 3175 3549 aliquid
3197 3479 3406 3551 frigide
3429 3479 3789 3545 dixerit;diu

2124 3575 2260 3624 ante
2293 3586 2428 3624 eum
2463 3571 2679 3625 summi
2702 3569 2761 3624 in
2780 3567 3002 3623 Graecia
3030 3568 3137 3621 viri
3159 3568 3371 3639 frigide
3399 3567 3582 3621 multa
3624 3571 3787 3622 scri-

2123 3659 2309 3728 psisse
2337 3659 2520 3714 notati
2551 3663 2707 3713 sunt.
2740 3657 2851 3712 Sed
2883 3657 3149 3711 nondum
3181 3656 3370 3722 video,
3407 3671 3588 3726 quare
3641 3657 3784 3712 haec

2124 3747 2341 3803 locutio
2376 3747 2521 3804 adeo
2554 3745 2762 3818 frigida
2805 3746 3213 3800 existimetur:
3276 3745 3398 3798 Imo
3458 3759 3614 3812 vero,
3675 3746 3783 3800 in-

2124 3837 2274 3908 quit,
2309 3859 2335 3886 ‹‹
2368 3837 2535 3906 quasi
2569 3836 2644 3890 sit
2673 3835 2988 3905 quisquam
3041 3834 3187 3888 adeo
3248 3835 3466 3902 fatuus,
3500 3840 3564 3888 ut
3595 3851 3788 3905 quem

2123 3924 2288 3979 audit
2311 3940 2440 3978 esse
2467 3925 2666 3978 Jesum
2698 3923 2996 3978 Christum
3032 3923 3133 3976 Dei
3191 3923 3432 3992 Filium,
3493 3923 3785 3980 eumdem

2120 4018 2327 4086 putare
2360 4013 2545 4083 possit
2575 4030 2610 4068 a
2639 4013 2876 4067 silentio
2904 4029 3033 4067 esse
3065 4017 3262 4066 ortum
3283 4013 3310 4066 ‘2
3349 4035 3375 4061 »
3407 4018 3613 4068 Astute
3646 4014 3780 4070 haec

2122 4102 2363 4173 quidem
2389 4119 2400 4167 ;
2431 4102 2651 4156 omittit
2678 4103 2837 4157 enim
2859 4102 2918 4156 id
2934 4101 3094 4173 quod
3125 4102 3185 4156 in
3211 4103 3321 4158 hac
3351 4119 3414 4157 re
3447 4107 3537 4157 est
3566 4105 3781 4172 praeci-

2124 4207 2312 4263 puum
2347 4189 2602 4245 Verbum
2633 4191 2877 4258 scilicet,
2919 4191 3039 4246 sive
3094 4207 3454 4247 sermonem.
3489 4193 3778 4256 Quamvis

2122 4281 2223 4336 Dei
2256 4279 2433 4335 Filius
2465 4279 2715 4346 dicatur,
2749 4278 2889 4333 dum
2917 4286 3121 4335 tamen
3148 4281 3393 4336 verum
3422 4279 3613 4346 iidem,
3649 4282 3780 4336 sive

2123 4386 2316 4424 sermo
2349 4367 2759 4430 dicitur,facile
2787 4367 2922 4422 talis
2953 4375 3278 4440 conceptus
3329 4370 3388 4423 in
3433 4369 3631 4424 animo
3665 4386 3782 4424 au-

2125 4457 2416 4512 dientium
2448 4456 2859 4523 formatur,vel
2891 4456 3147 4526 objectio
3172 4458 3613 4528 potius.Verum
3645 4460 3784 4528 qui-

367 4534 562 4587 ritatis
605 4535 860 4591 Verbum
892 4537 1375 4608 propheticorum
1395 4538 1776 4610 mnigmatum
1817 4539 2018 4609 mysti-
2049 4539 2098 4604 D
2131 4548 2265 4602 dem
2297 4552 2386 4601 est
2416 4545 2728 4616 Ignatium,
2775 4544 2917 4600 dum
2970 4547 3095 4600 vult
3153 4548 3454 4602 Christum
3514 4548 3784 4603 Verbum

365 4639 499 4678 cum
523 4623 774 4679 solveret
795 4625 1095 4681 silentium
1121 4627 1500 4699 Evangelium
1530 4626 1772 4682 factum.
1809 4648 1836 4676 »
1871 4629 2016 4699 Spe-

363 4718 556 4768 ctatur
587 4714 764 4786 igitur
794 4712 956 4788 λόγος
991 4717 1388 4770 communiter
1410 4721 1690 4786 tanquam
1710 4719 2013 4789 mﬁgsive

363 4808 576 4870 σιωπῆς
607 4801 896 4870 ἀπόλυσις,
925 4805 1589 4876 ρι’ωορόθηιίδ,δοίιίοθι,
1613 4804 1836 4860 silentii
1857 4807 2012 4862 solu-

361 4893 462 4946 tio.
497 4895 672 4947 Recte
699 4893 877 4965 igitur
935 4893 1215 4948 admonet
1272 4893 1530 4965 Ignatius
1564 4900 1785 4961 noster,
1844 4895 2013 4949 Chri-

356 4988 532 5046 stum,
560 4980 899 5054 cum,Adyo;
921 4982 1457 5050 dicitur,mternum
1474 4987 1671 5036 tamen
1687 4984 2014 5049 esse,adeo-

356 5088 471 5142 que
507 5073 684 5128 talem
711 5090 828 5127 non
852 5089 1002 5136 esse,
1034 5073 1229 5144 qualis
1252 5089 1323 5126 ex
1353 5071 1724 5143 prmcedente
1774 5073 2010 5129 silentio

357 5164 713 5234 prorumpit.
750 5165 881 5218 Huic
904 5168 995 5219 est
1023 5163 1370 5219 assertionis
1403 5167 1620 5217 nostra)
1651 5164 1799 5219 ratio
1818 5164 2008 5220 brevi-

362 5260 452 5310 ter
473 5255 788 5327 explicata.

429 5345 581 5408 Quid
612 5345 682 5400 de
719 5347 792 5400 iis
822 5365 951 5418 quae
986 5347 1055 5400 de
1091 5345 1301 5400 haaresi
1327 5344 1565 5398 Ebionis
1596 5345 2011 5414 diximus,sen-

361 5433 514 5486 tiant
545 5435 653 5488 viri
687 5436 867 5504 docti,
903 5437 1132 5501 nescio;
1188 5433 1451 5489 nondum
1521 5435 1700 5504 enim,
1761 5442 1826 5489 ut
1883 5436 2009 5508 opi-

364 5522 644 5585 nor,haoc
675 5540 707 5578 a
741 5526 1018 5596 quopiam
1067 5523 1225 5579 dicta
1258 5529 1432 5589 sunt;
1457 5525 1598 5579 mihi
1635 5530 1834 5579 tamen
1867 5526 2008 5581 satis

439 5609 485 5645 ³⁸
514 5613 730 5669 Encid.
759 5631 814 5678 χ,
849 5617 936 5671 63.

2125 4641 2413 4692 aeternum
2444 4632 2948 4698 ostendere,recte
2981 4652 3114 4691 eum
3140 4637 3351 4692 Filium
3377 4638 3554 4691 etiam
3580 4637 3784 4690 nomi-

2124 4741 2264 4780 nare
2289 4742 2300 4778 :
2339 4724 2447 4778 hoc
2469 4722 2627 4777 enim
2661 4722 2939 4794 frigidum
2964 4741 3082 4780 non
3107 4731 3212 4790 est,
3243 4727 3346 4781 sed
3369 4725 3788 4781 necessarium

2121 4815 2207 4869 Ita
2231 4812 2783 4884 judicavitmagnus
2812 4813 3190 4882 Athanasius,
3220 4816 3425 4886 lgnatii
3463 4816 3552 4869 sui
3615 4816 3788 4884 opti-

2121 4920 2254 4958 mus
2283 4904 2598 4973 interpres,
2640 4901 2743 4958 lib.
2782 4903 2849 4958 De
2877 4905 3126 4972 synodis:
3169 4905 3281 4959 Ἳνα
3332 4907 3407 4976 μή
3460 4901 3624 4957 πάλιν
3689 4923 3782 4964 τις

2118 4991 2329 5046 ἀκούων
2365 4991 2527 5063 μόνον
2559 4988 2728 5064 λόγον
2758 4991 2956 5065 νομίσῃ
2984 4997 3232 5047 τοιοῦτον
3268 4991 3400 5046 εἶναι
3447 4993 3565 5046 οἷός
3626 4991 3784 5046 ἐστιν

2121 5081 2148 5134 ὁ
2177 5085 2286 5134 τῶν
2322 5080 2606 5152 ἀνθρώπρν
2636 5079 3028 5148 ἀνυπόστατος,
3072 5080 3196 5136 ἀλλ’
3246 5081 3457 5135 ἀκουων
3512 5082 3594 5135 ὅτι
3651 5077 3790 5142 Υἱός

2119 5169 2232 5224 ἐστι
2264 5170 2502 5241 γινώσκῃ
2536 5171 2724 5222 τοῦτον
2758 5169 2889 5224 εἶναι
2926 5174 3100 5238 ζῶντα
3149 5169 3322 5245 Λόγον
3379 5169 3470 5223 καὶ
3529 5167 3790 5224 ὲνούσιον

2118 5263 2327 5335 σοφίαν.
2358 5282 2384 5310 ι(
2420 5265 2494 5316 Ac
2537 5278 2610 5316 ne
2669 5262 2804 5331 quis
2865 5261 3112 5316 audiens
3163 5278 3483 5316 sermonen
3540 5267 3790 5317 tantum

2118 5352 2422 5406 existimet
2455 5350 2632 5406 talem
2665 5367 2815 5414 esse,
2850 5351 3044 5421 qualis
3074 5356 3159 5405 est
3212 5351 3544 5418 hominum,
3577 5349 3792 5404 subsi-

2119 5441 2340 5495 stentia
2369 5457 2602 5508 carens,
2635 5440 2737 5494 sed
2769 5439 3018 5494 audiens
3049 5440 3207 5508 quod
3235 5441 3414 5495 Filius
3475 5441 3569 5508 sit,
3625 5440 3797 5495 sciat

2117 5529 2274 5584 hunc
2289 5545 2418 5584 esse
2433 5529 2630 5583 vivnm
2650 5543 2986 5582 sermonem
3006 5532 3063 5581 et
3079 5526 3529 5584 substantialem
3545 5527 3795 5596 sapien-
