4064 6134
307 307 408 368 301

1027 304 1081 366 J.
1129 302 1546 366 PEARSONII
1589 303 1959 365 VlNDICI/E
2001 303 2490 367 IGNATIANB.
2538 339 2617 351 -
2662 307 2863 368 PARS
2904 307 2985 370 II.

3599 312 3716 375 302

307 442 463 507 tiam,
501 465 522 490 ι
557 445 674 497 etc.
715 441 1006 497 Maximus
1053 439 1435 495 Taurinensis
1462 455 1474 493 :
1525 461 1553 490 «
1583 440 1667 494 Ne
1699 438 1955 494 Verbum
1987 441 2042 508 Α
2074 462 2103 490 ‹‹
2129 441 2409 505 Quaanam
2439 447 2530 496 est
2557 441 2663 498 illa
2688 443 3016 515 generatio,
3049 459 3165 514 qua
3197 446 3261 500 In
3284 447 3570 518 principio
3600 455 3719 504 erat

305 533 492 604 ipsum
521 547 642 585 non
703 530 1100 586 substantiam
1153 529 1438 592 veritatis,
1474 527 1575 582 sed
1602 527 1957 598 prolativum

305 619 594 690 loquentis
629 620 734 674 Dei
768 625 1008 690 putares
1059 634 1189 672 esse
1222 632 1580 681 sermonem,
1615 615 1832 671 dicitur
1863 618 1958 671 Fi-

302 711 434 766 lius.
469 732 496 759 ››
529 713 598 764 Et
638 715 849 764 tamen
907 708 1078 763 multi
1135 709 1396 775 fuerunt,
1429 723 1623 778 neque
1655 707 1753 761 isti
1785 706 1955 774 fatui,

301 801 398 871 qui
431 799 734 854 Christum
767 805 829 852 et
858 798 1069 854 Filium
1101 797 1203 852 Dei
1234 797 1574 863 credebant,
1610 801 1668 850 et
1699 795 1955 850 Verbum

297 907 407 945 nec
439 896 639 944 tamen
670 889 920 944 verbum
969 892 1281 954 aeternum,
1315 886 1581 956 adeoque
1614 901 1683 939 ex
1717 885 1956 940 silentio

295 982 626 1054 profectum
655 997 667 1046 ;
703 979 865 1034 unde
913 977 1311 1033 Tertullianus
1340 976 1571 1048 negavit
1603 977 1786 1030 Deum
1824 991 1953 1030 esse

295 1067 698 1124 sermonalem
731 1083 765 1121 a
795 1065 1112 1137 principio,
1137 1069 1194 1119 et
1214 1064 1405 1135 primo
1433 1062 1609 1118 tacite
1641 1063 1952 1134 cogitasse,

293 1163 350 1213 et
382 1157 752 1228 disposuisse
783 1171 986 1210 secum
1014 1170 1144 1224 quae
1162 1169 1270 1223 per
1289 1167 1628 1206 sermonem
1659 1167 1796 1205 mox
1830 1156 1956 1206 erat

294 1248 585 1310 dicturus,
619 1252 677 1300 et
702 1246 983 1316 Origenes
1014 1244 1075 1297 in
1104 1243 1392 1297 Joannem
1413 1241 1632 1296 multos
1655 1256 1762 1296 sua
1782 1245 1953 1294 aatate

295 1335 594 1392 exstitisse
618 1335 810 1402 docet,
838 1333 937 1404 qui
963 1338 1244 1403 tanquam
1269 1331 1653 1402 perspicuum
1684 1329 1834 1383 illud
1857 1329 1955 1384 ad-

294 1428 636 1497 mittebant,
669 1427 882 1482 Filium
917 1425 1018 1481 Dei
1063 1441 1193 1481 esse
1228 1425 1480 1478 Verbum
1523 1427 1948 1494 nuncupatum,

293 1518 538 1588 οἱομενοι
570 1513 852 1592 προφορὰν
884 1516 1151 1586 πατρικὴν
1185 1512 1348 1566 οἱονεὶ
1403 1510 1453 1565 ὲν
1507 1505 1809 1571 συλλαϐαῖς
1841 1530 1954 1564 κει-

297 1606 464 1678 μένην
500 1606 640 1660 εἶναι
672 1606 762 1659 τὸν
795 1603 918 1658 Υἱὸν
947 1607 1043 1657 τοῦ
1073 1607 1228 1671 Θεοῦ,
1262 1603 1636 1658 existimantes
1679 1602 1952 1672 prolatio-

291 1713 411 1752 nem
435 1703 742 1767 paternam
772 1697 932 1765 quasi
960 1695 1015 1748 in
1051 1694 1280 1764 syllabis
1309 1694 1588 1762 jacentem
1616 1707 1722 1746 esse
1751 1692 1955 1745 Filium

2071 532 2328 588 Verbum.
2359 539 2411 588 et
2444 534 2680 588 Verbum
2736 541 2855 588 erat
2907 535 3059 604 apud
3103 538 3298 602 Deum,
3330 545 3382 591 et
3422 540 3562 595 Deus
3601 547 3717 596 erat

2061 622 2283 676 verbum
2307 622 2353 656 ³⁸
2372 625 2400 676 ?
2422 644 2450 670 ι)
2483 622 2572 678 vel
2595 623 2754 694 quod
2779 629 2867 679 est
2891 625 3005 679 hoc
3028 625 3304 692 Verbum,
3331 627 3490 697 quod
3521 629 3718 684 dictu-

2060 726 2161 765 rus
2183 717 2358 767 antea
2379 729 2498 767 non
2531 713 2779 780 silebat;
2813 731 2929 785 quo
2956 715 3133 780 dicto,
3157 732 3278 770 non
3305 715 3471 771 siluit
3501 719 3600 788 qui
3633 720 3717 774 di-

2062 798 2423 870 cebat?quod
2442 805 2530 854 est
2547 801 2800 856 Verbum
2816 802 2945 857 sine
2959 808 3360 874 tempore,per
3381 805 3539 876 quod
3559 806 3716 863 facta

2061 893 2202 944 sunt
2223 895 2492 961 tempora
2509 890 2537 944 ?
2563 890 2837 959 Verbum,
2859 891 3016 962 quod
3047 892 3206 947 labia
3235 893 3460 949 nullius
3483 897 3715 967 aperuit

2060 979 2621 1050 cmptum,clausitve
2646 981 2879 1035 ﬁnitum
2897 981 2924 1035 ?
2947 1003 2974 1030 »
2993 981 3094 1036 Cui
3121 983 3423 1054 geminum
3451 984 3710 1058 adjungo

2059 1068 2120 1124 Β.
2150 1068 2436 1139 Fulgentii
2459 1069 2676 1137 locum,
2699 1070 2773 1125 ad
2797 1069 3253 1125 Trasimundum
3277 1071 3376 1126 lib.
3402 1088 3485 1139 ιη,
3516 1089 3565 1127 c.
3605 1077 3666 1129 18
3695 1092 3707 1131 :

2059 1179 2087 1207 ‹‹
2115 1158 2246 1212 Fuit
2276 1157 2469 1212 infans
2502 1158 2759 1213 Verbum
2805 1158 3132 1214 secundum
3165 1176 3426 1229 carnem,
3461 1167 3520 1216 et
3547 1162 3706 1218 fandi

2056 1263 2176 1300 non
2200 1245 2790 1303 habuitfacultatem:
2818 1248 2922 1303 sed
2948 1247 3104 1302 idem
3131 1249 3385 1304 Verbum
3409 1251 3573 1306 nullo
3596 1269 3711 1307 un-

2057 1352 2234 1406 quam
2267 1337 2458 1407 potuit
2487 1338 2744 1392 coerceri
2781 1337 3037 1399 silentio,
3075 1339 3214 1408 quia
3243 1339 3368 1411 ipse
3403 1345 3491 1394 est
3522 1342 3709 1397 Patris

2058 1426 2422 1496 sempiterna
2452 1427 2693 1482 locutio.
2727 1445 2752 1477 ι
2792 1429 3047 1498 Uterque
3078 1433 3275 1484 autem
3312 1432 3708 1486 aeternitatem

2057 1515 2231 1569 Verbi
2265 1517 2366 1570 Dei
2399 1516 2551 1571 clare
2581 1516 2854 1588 explicat,
2877 1521 2934 1572 et
2966 1534 2999 1571 a
3029 1518 3204 1572 verbo
3236 1519 3521 1587 humano,
3552 1521 3708 1591 quod

2059 1619 2127 1658 ex
2158 1608 2372 1659 neutra
2428 1609 2594 1674 parte
2652 1609 2940 1659 aaternum
3001 1611 3110 1673 est,
3145 1605 3476 1678 distinguit,
3504 1615 3707 1679 utpote

2058 1693 2217 1764 quod
2247 1710 2282 1748 a
2310 1693 2547 1747 silentio
2580 1693 2844 1765 incipiat,
2890 1699 2946 1748 et
3005 1695 3066 1748 in
3115 1695 3419 1750 silentium
3452 1697 3705 1754 desinat.

298 1788 622 1857 Dei,neque
654 1785 838 1841 ullam
862 1783 915 1838 ei
947 1783 1340 1838 substantiam
1372 1786 1473 1837 aut
1504 1780 1951 1836 subsistentiam
1983 1811 2030 1877 Β
2061 1782 2210 1846 Quid
2232 1781 2306 1836 ad
2329 1783 2455 1837 haac
2476 1783 2563 1836 vir
2587 1782 2968 1838 doctissimus
2989 1784 3015 1838 ‘?
3037 1785 3233 1838 Primo
3261 1786 3321 1839 in
3355 1787 3409 1840 S.
3446 1788 3710 1859 Augusti-

294 1876 657 1929 tribuentes.
685 1873 741 1929 Si
767 1873 997 1944 quoties
1013 1873 1098 1926 ita
1119 1871 1289 1925 Verbi
1312 1871 1476 1925 notio
1500 1869 1752 1925 traditur
1773 1874 1830 1923 et
1852 1885 1951 1923 ex-

290 1965 570 2036 plicatur,
604 1970 671 2018 ut
700 1961 878 2017 simul
910 1977 944 2016 a
973 1960 1190 2015 talibus
1223 1959 1605 2030 conceptibus
1644 1959 1951 2027 liberetur,

292 2054 513 2126 frigida
543 2054 625 2108 sit
651 2051 906 2118 locutio;
939 2050 1154 2122 frigent
1174 2055 1332 2104 certe
1355 2049 1557 2104 omnia
1587 2049 1683 2106 SS.
1711 2050 1953 2103 Patrum

289 2147 535 2217 scripta,
569 2143 790 2215 frigent
825 2157 1034 2196 omnes
1080 2140 1492 2211 theologorum
1525 2138 1948 2209 expositiones.

289 2235 561 2290 Universi
624 2233 782 2287 enim
837 2231 1088 2286 sollicite
1143 2235 1351 2284 curant
1390 2246 1486 2296 ne,
1519 2245 1654 2283 cum
1685 2228 1950 2282 Christus

286 2325 552 2380 Verbum
586 2322 821 2386 dicitur,
854 2320 972 2376 tale
1019 2319 1262 2375 verbum
1292 2324 1493 2374 mente
1523 2318 1948 2389 concipiamus,

287 2413 465 2484 quale
496 2429 570 2467 ex
603 2427 703 2465 ore
725 2411 985 2465 humano
1025 2408 1336 2480 provenire
1368 2407 1575 2476 soleat,
1609 2410 1711 2461 aut
1742 2406 1949 2476 quovis

286 2503 464 2557 modo
485 2507 777 2556 aeternum
803 2516 923 2554 non
945 2497 1320 2553 sit.Clemens
1341 2495 1950 2565 Alexandrinus,Stro-

285 2599 418 2648 mat.
443 2609 476 2643 v
503 2609 516 2645 :
546 2591 607 2646 Ὀ
635 2588 735 2664 γὰρ
765 2591 864 2642 τοῦ
909 2586 1116 2660 Ιῐατρὸς
1161 2589 1270 2639 τῶν
1320 2583 1465 2638 ὅλων
1512 2584 1686 2658 Λόγος
1712 2581 1820 2657 οὐχ
1845 2583 1948 2636 οὗ-

275 2680 364 2741 τός
399 2679 545 2734 ἐστιν
589 2679 617 2732 ὁ
666 2675 1026 2755 προφορικὸς,
1072 2675 1234 2750 σοφία
1282 2670 1340 2728 δὲ
1367 2673 1458 2728 καὶ
1490 2673 1807 2751 χρηστότης
1835 2692 1941 2750 φα-

275 2774 552 2840 νερωττὶτη
584 2769 682 2820 τοό
741 2768 894 2820 Geo-‘3.
963 2764 1273 2827 Eusebius,
1337 2769 1412 2819 De
1451 2764 1636 2818 eccles.
1673 2763 1939 2831 theolog.,

281 2860 384 2914 lib.
418 2877 454 2925 ι,
488 2876 542 2914 c.
575 2862 666 2924 20,
701 2861 868 2912 notat
904 2857 1195 2910 Joannem
1257 2854 1475 2908 dixisse
1506 2851 1636 2912 Θεὸς
1671 2849 1738 2918 ἦν
1773 2849 1800 2904 ὀ
1835 2849 1946 2904 Λό-

285 2967 392 3021 γος,
425 2964 547 3003 non
597 2953 797 3002 autem
851 2946 1021 3012 Θεῖος,
1054 2943 1127 3003 ὡς
1159 2942 1218 2995 ἅν
1266 2943 1340 3014 μή
1374 2961 1456 3003 τις
1487 2940 1650 2994 αὐτὸν
1677 2944 1757 3011 τῷ
1794 2939 1942 3013 παρὰ

277 3035 587 3109 ἀνθρώποις
623 3033 822 3107 ὅμοιον
855 3034 992 3087 εἶναι
1027 3033 1238 3108 φήσειε,
1271 3033 1532 3103 alibique
1564 3037 1732 3086 notat
1758 3033 1942 3086 Deum

276 3127 354 3197 μὴ
387 3125 562 3200 Λόγον
597 3123 853 3192 αἰσθητὸν
910 3115 1058 3196 ἔχειν
1117 3121 1221 3175 ὑπὸ
1251 3118 1507 3196 γλώττης
1540 3119 1932 3194 ἐξηχοῦμενον,

2060 1887 2224 1936 num,
2260 1870 2362 1942 qui
2422 1871 2584 1927 solus
2643 1889 2679 1927 a
2729 1873 2964 1926 Petavio
3013 1872 3285 1929 laudatus
3318 1881 3427 1942 est,
3462 1877 3706 1940 involat.

2061 1977 2316 2030 eumque
2330 1959 2712 2016 acerbissime
2726 1961 2818 2033 obj
2827 1966 3013 2030 urgat,
3026 1962 3184 2033 quod
3199 1965 3500 2036 «argutias
3515 1973 3710 2038 captet

2059 2055 2118 2106 et
2138 2050 2198 2105 in
2220 2051 2292 2105 iis
2312 2066 2463 2122 pene
2484 2055 2640 2106 totus
2663 2051 2760 2117 sit,
2786 2073 2814 2101 »
2851 2068 2959 2106 nec
2983 2051 3233 2107 miratur
3253 2053 3411 2123 quod
3429 2076 3457 2102 «
3480 2055 3708 2126 aliquid

2057 2139 2401 2212 liujusmodi
2425 2139 2651 2196 luserit.
2677 2162 2706 2189 »
2730 2141 2970 2211 Equius
2989 2141 3099 2196 hoc
3122 2142 3182 2195 in
3201 2142 3234 2195 S
3248 2181 3260 2198 .
3274 2144 3597 2213 Augustino
3621 2144 3706 2200 fe-

2056 2231 2330 2298 rendum,
2351 2229 2509 2300 quod
2539 2229 2695 2285 haud
2717 2230 2920 2284 mitius
2943 2236 3186 2285 cmteros
3217 2233 3420 2286 Patres
3450 2237 3702 2288 tractare

2056 2319 2260 2374 soleat.
2296 2318 2407 2374 Sed
2440 2318 2629 2389 qualis
2660 2319 2852 2388 qualis
2901 2319 3154 2390 scriptor
3185 2319 3268 2373 illi
3299 2320 3564 2377 videatur
3586 2324 3702 2377 Au~

2055 2409 2348 2482 gustinus,
2378 2408 2438 2462 id
2486 2412 2645 2462 certe
2698 2407 2858 2474 fecit,
2892 2408 3050 2478 quod
3100 2414 3236 2463 ante
3279 2426 3413 2464 eum
3444 2412 3704 2483 Ignatius

2057 2497 2401 2570 epistolicus
2425 2515 2436 2551 :
2467 2496 2720 2551 Verbum
2745 2495 3009 2551 divinum
3031 2497 3103 2552 ab
3129 2499 3392 2554 humano
3416 2500 3702 2569 distinxit,

2055 2587 2213 2658 quod
2245 2603 2363 2641 non
2387 2585 2634 2657 perinde
2653 2602 2686 2640 a
2708 2585 2943 2640 silentio
2967 2587 3214 2658 incipiat
3238 2603 3250 2652 ;
3275 2605 3384 2643 nec
3416 2589 3476 2644 in
3507 2607 3576 2645 ea
3594 2608 3703 2646 no-

2052 2677 2234 2743 tione,
2258 2681 2323 2730 ut
2344 2675 2415 2730 ab
2436 2675 2660 2746 Ignatio
2691 2675 3065 2746 exprimitur,
3090 2677 3415 2747 quidquam
3434 2684 3522 2732 est
3538 2696 3706 2751 argu—

2050 2771 2196 2821 tum.
2232 2763 2571 2836 Respondet
2601 2763 2895 2819 secundo:
2944 2786 2972 2813 ‹‹
3005 2766 3070 2819 In
3102 2781 3222 2819 non
3253 2765 3397 2820 dicit
3427 2769 3706 2838 Augusti-

2050 2854 2351 2925 nus,quod
2377 2858 2597 2909 noster.
2621 2875 2648 2902 ››
2673 2853 2882 2908 Mirum
2906 2853 3017 2909 hoc
3039 2854 3311 2924 quidem:
3345 2855 3520 2926 plane
3544 2857 3702 2912 enim

2050 2945 2208 3000 idem
2240 2943 2400 2998 dicit.
2447 2944 2691 2997 Noster:
2752 2965 2772 2992 ι
2813 2942 3066 2997 Verbum
3097 2943 3253 3014 quod
3293 2961 3413 2999 non
3444 2946 3704 3017 prodita

2050 3032 2287 3088 silentio
2318 3047 2331 3096 ;
2358 3056 2380 3084 ι
2419 3030 2521 3085 ille
2547 3047 2561 3084 :
2583 3030 2789 3096 «Quod
2807 3035 2897 3086 est
2915 3032 3025 3085 hoc
3044 3031 3488 3104 Verbum,quod
3511 3035 3699 3089 dictu-

2049 3139 2150 3178 rus
2169 3125 2344 3177 antea
2365 3137 2486 3176 non
2511 3119 2762 3175 silebat?
2786 3142 2812 3169 »
2848 3119 3012 3185 Quod
3044 3121 3159 3175 dici
3186 3122 3377 3193 potuit
3399 3123 3654 3179 similius
3674 3125 3702 3179 ‘l

269 3215 360 3268 καὶ
393 3182 490 3268 dli.
534 3216 819 3289 προφορᾶς
869 3182 1090 3280 Θνητοῖς
1122 3182 1699 3282 ὡσὶνέξακουόμενόν.
1734 3211 1788 3264 8.
1823 3211 1934 3282 Cy-

2056 3213 2126 3267 De
2158 3210 2367 3266 eodem
2397 3209 2584 3264 Verbo
2617 3182 2900 3280 loquitur,
2931 3214 2989 3264 et
3018 3209 3170 3264 idem
3187 3182 3266 3266 de
3298 3211 3507 3268 eodem
3535 3230 3698 3270 asse-

268 3306 447 3361 rillus
504 3303 1080 3374 llierosolymitanus
1137 3302 1306 3372 quasi
1336 3301 1545 3374 Ignatii
1603 3301 1932 3371 Paraphra-

271 3401 426 3463 sten,
460 3398 529 3448 ut
591 3393 753 3463 alibi,
807 3397 1030 3464 ageret,
1092 3391 1316 3446 catech.
1349 3393 1418 3444 li:
1456 3387 1676 3443 Πίστευε
1705 3385 1791 3442 ὅτι
1821 3387 1934 3450 ἑνὸς

270 3487 409 3539 Θεοῦ
444 3483 746 3557 μονογενὴς
778 3483 854 3542 εἷς
885 3479 1026 3534 ἐστιν
1068 3479 1216 3547 Υἱὸς,
1274 3479 1379 3554 πρὸ
1410 3477 1627 3532 πάντων
1655 3481 1764 3532 τῶν
1796 3477 1934 3532 αἰώ-

268 3595 377 3626 νων
437 3573 569 3632 Θεὸς
629 3572 821 3645 Λόγος·
889 3569 1064 3645 Λόγος
1121 3570 1184 3624 οὐ
1242 3569 1653 3644 προφορητικὸς
1696 3567 1773 3630 εἷς
1803 3568 1934 3642 ἀέρσι

273 3659 664 3739 διαχεόμενος,
697 3657 819 3714 οὔτε
850 3659 1041 3733 Λόγοις
1075 3657 1462 3720 ἃνυποστάτοις
1485 3656 1932 3730 ἐξομοιούμενος.

273 3753 676 3809 Gravissimus
725 3751 980 3822 scriptor
1037 3751 1350 3822 Gregorius
1408 3751 1748 3822 Nyssenus:
1785 3746 1934 3820 Ποίῳ

274 3841 430 3916 λόγῳ
461 3839 554 3893 καὶ
584 3837 730 3911 ποίῳ
788 3837 1050 3910 πνεύματι
1081 3857 1094 3906 ;
1155 3834 1279 3891 οὔτε
1331 3836 1432 3912 γὰρ
1491 3837 1644 3910 ῥῆμα
1674 3837 1702 3891 ὁ
1730 3836 1934 3911 Λόγος,

273 3928 401 3986 οὔτε
461 3927 646 4001 ἄσθμα
700 3929 762 3982 τὸ
824 3932 1062 4000 Πνεῦμα.
1092 3929 1472 3996 Novatianus,
1508 3928 1610 3984 lib.
1648 3935 1723 3984 De
1752 3928 1935 3985 Trini-

274 4028 389 4077 tate
414 4038 427 4075 :
467 4042 490 4071 ι
526 4021 730 4074 Sermo
753 4019 935 4074 Filius
958 4022 1132 4073 natus
1159 4023 1248 4073 est
1270 4019 1370 4089 qui
1394 4035 1513 4074 non
1537 4019 1598 4073 in
1627 4035 1774 4074 sono
1807 4035 1935 4089 per-

279 4112 442 4168 cussi
475 4111 770 4178 aeris,aut
792 4114 930 4164 tono
952 4113 1168 4164 coactas
1197 4107 1268 4163 de
1299 4109 1618 4165 visceribus
1647 4109 1809 4165 vocis
1841 4125 1938 4164 ac-

277 4202 537 4272 cipitur;
571 4198 676 4254 sed
729 4198 788 4253 in
845 4197 1176 4253 substantia
1221 4198 1465 4269 prolata)
1497 4214 1531 4253 a
1559 4199 1677 4253 Deo
1709 4198 1940 4254 virtutis

279 4290 646 4363 agnoscitur.
672 4310 702 4337 »
726 4288 780 4342 S.
808 4287 1089 4356 Hilarius,
1123 4287 1194 4342 De
1228 4289 1406 4358 Trin,
1441 4287 1480 4343 l.
1514 4305 1589 4343 vn
1617 4305 1628 4341 :
1665 4308 1693 4338 «
1723 4287 1939 4359 Unige-

277 4381 439 4434 nitus
475 4380 633 4433 Deus
668 4381 728 4432 et
771 4376 1026 4432 Verbum
1057 4381 1178 4443 est;
1232 4375 1336 4432 sed
1368 4375 1740 4432 innascibilis
1767 4378 1943 4430 Pater

283 4484 600 4539 nunquam
630 4466 875 4521 omnino
905 4465 1034 4520 sine
1059 4465 1247 4520 Verbo
1279 4471 1385 4521 est.
1408 4467 1536 4521 Non
1566 4465 1723 4536 quod
1752 4465 1942 4536 prola-

2041 3301 2222 3356 rit.At
2241 3298 2665 3371 S.Augustinus
2691 3320 2716 3347 ει
2739 3298 2995 3354 Verbum
3023 3299 3217 3355 solum
3250 3305 3309 3356 et
3339 3319 3630 3360 seorsum.
3666 3321 3700 3360 a

2044 3389 2288 3444 notione
2303 3403 2572 3458 personas
2587 3386 3324 3458 prmcisum,considerat;»
3345 3406 3480 3462 ergo
3500 3391 3559 3445 id
3574 3409 3695 3448 non

2043 3477 2188 3533 dicit
2217 3476 2376 3547 quod
2404 3476 2686 3548 Ignatius.
2712 3476 2922 3530 Mirum
2950 3476 3062 3530 hoc
3084 3477 3366 3548 effugium
3399 3485 3458 3533 et
3493 3485 3694 3551 aperte

2041 3565 2277 3622 falsum.
2310 3564 2598 3635 Loquitur
2627 3565 2989 3636 Augustinus
3021 3581 3143 3620 non
3174 3565 3373 3620 minus
3404 3566 3476 3620 de
3510 3569 3698 3624 Verbo

2044 3653 2434 3728 personaliter
2462 3657 2720 3725 sumpto,
2745 3669 2923 3725 quam
2945 3654 3226 3726 Ignatius.
3249 3659 3334 3711 Ita
3360 3657 3519 3711 enim
3551 3657 3698 3712 inci-

2044 3745 2168 3817 pit:
2203 3766 2231 3796 «
2256 3745 2538 3810 Quasnam
2587 3748 2678 3798 est
2699 3743 2802 3798 illa
2825 3745 3150 3816 generatio,
3184 3762 3302 3816 qua
3332 3748 3390 3800 in
3416 3747 3700 3817 principio

2045 3840 2165 3889 erat
2205 3833 2458 3901 Verbum,
2491 3839 2545 3886 et
2593 3833 2816 3888 Verbum
2875 3840 2996 3888 erat
3052 3835 3204 3904 apud
3242 3837 3431 3904 Deum,
3481 3840 3530 3891 et
3568 3839 3702 3893 Deus

2046 3929 2166 3978 erat
2193 3922 2466 3978 Verbum?
2486 3943 2513 3970 »
2532 3921 2797 3992 loquitur
2819 3921 2890 3977 de
2914 3927 3137 3978 aeterna
3150 3924 3532 3995 generatione
3547 3925 3702 3994 Filii,

2047 4012 2148 4085 qui
2181 4027 2321 4068 sane
2354 4015 2444 4065 est
2464 4012 2724 4066 Persona
2745 4028 2758 4079 ;
2782 4011 3048 4082 loquitur
3068 4011 3141 4066 de
3169 4012 3374 4081 Verbo,
3409 4013 3567 4084 quod
3588 4020 3705 4068 erat

2046 4105 2105 4157 in
2148 4099 2459 4172 principio,
2524 4099 2682 4170 quod
2736 4107 2853 4154 erat
2909 4101 3062 4170 apud
3120 4102 3309 4170 Deum,
3371 4103 3532 4173 quod
3588 4109 3706 4158 erat

2047 4195 2222 4258 Deus;
2254 4189 2413 4261 quod
2457 4205 2600 4244 sane
2651 4193 2741 4243 est
2785 4191 3078 4244 Persona:
3114 4189 3382 4261 loquitur
3411 4191 3482 4246 de
3515 4191 3705 4249 Verbo

2051 4281 2179 4336 sine
2213 4283 2498 4350 tempore,
2533 4276 2594 4332 id
2646 4282 2738 4332 est
2781 4282 3028 4343 aeterno,
3059 4294 3166 4350 per
3195 4279 3356 4349 quod
3384 4280 3539 4335 facta
3571 4287 3711 4337 sunt

2051 4373 2357 4440 tempora;
2387 4365 2546 4437 quod
2579 4365 2705 4420 sine
2734 4364 2913 4420 dubio
2959 4372 3051 4421 est
3094 4369 3394 4434 Persona;
3445 4368 3711 4440 loquitur

2052 4458 2295 4516 omnino
2342 4457 2414 4512 de
2461 4473 2530 4512 eo
2584 4456 2774 4511 Verbo
2828 4457 2986 4528 quod
3036 4458 3094 4514 S.
3153 4457 3411 4514 Joannes
3443 4460 3502 4514 in
3536 4461 3709 4516 initio

283 4559 364 4612 tio
393 4557 555 4612 vocis
602 4561 819 4612 natura
851 4555 926 4609 sit
946 4554 1099 4622 Filii,
1133 4554 1236 4610 sed
1263 4571 1334 4609 ex
1365 4556 1483 4610 Deo
1515 4556 1667 4610 Deus
1692 4571 1827 4610 cum
1850 4571 1944 4609 ve-
1977 4553 2022 4617 D
2052 4544 2459 4619 Evangeliisui
2483 4543 2821 4616 descripsit,
2841 4544 2998 4614 quod
3019 4561 3340 4615 personam
3375 4563 3502 4602 esse
3535 4564 3709 4602 nemo

281 4647 457 4701 ritate
471 4645 800 4700 nativitatis
821 4644 1169 4699 subsistens.
1195 4643 1458 4715 )Vigilius
1479 4643 1791 4716 Tapsensis
1809 4657 1945 4697 cum

290 4736 366 4791 ad
391 4736 508 4790 ista
527 4733 752 4790 Psalmi
777 4753 802 4784 ο
828 4733 1018 4788 Verbo
1042 4733 1276 4788 Domini
1298 4733 1429 4788 coeli
1471 4733 1686 4788 ﬁrmati
1721 4737 1878 4799 sunt,
1915 4753 1942 4780 »

284 4823 648 4881 asseruisset
679 4822 934 4878 Verbum
966 4838 1036 4878 eo
1068 4821 1197 4876 loco
1222 4838 1348 4877 esse
1371 4822 1585 4876 Filium
1609 4821 1950 4887 Patris,sta-

288 4915 400 4968 tim
431 4913 665 4968 addidit
692 4929 704 4966 :
739 4933 766 4961 «
803 4911 906 4967 Ubi
928 4911 1048 4966 ait:
1085 4910 1271 4966 Verbo
1304 4911 1559 4979 Domini,
1583 4927 1706 4965 non
1733 4926 1948 4965 sonum

291 5003 455 5058 vocis
484 5000 1104 5057 inconsubstantivum
1137 5017 1266 5055 esse
1286 4999 1561 5071 accipias,
1593 5016 1768 5070 quam
1791 4999 1838 5053 si
1862 5014 1951 5052 va-

283 5094 447 5150 lidus
481 5092 619 5164 quis
642 5090 841 5146 emisit
862 5091 933 5145 de
957 5089 1280 5158 montibus,
1304 5089 1457 5145 solet
1477 5089 1720 5144 reboare
1744 5088 1948 5145 echo.»

364 5184 484 5238 Hoc
517 5181 844 5236 discrimen
878 5180 1034 5234 inter
1066 5179 1320 5234 Verbum
1353 5178 1616 5234 divinum
1649 5182 1708 5232 et
1735 5179 1950 5233 huma-

281 5289 431 5327 num
467 5275 822 5343 prosecutus
873 5272 964 5324 est
1019 5269 1073 5322 S.
1130 5268 1518 5340 Augustinus,
1552 5267 1724 5339 cujus
1754 5267 1952 5322 locum

284 5379 360 5417 ex
394 5376 676 5416 sermone
709 5360 785 5414 De
812 5359 1111 5413 nativitate
1145 5356 1363 5412 Domini
1402 5355 1648 5411 adduxit
1677 5356 1954 5411 Petavius

280 5451 361 5508 ad
420 5451 578 5504 hanc
639 5465 768 5502 rem
827 5447 1084 5503 maxime
1142 5445 1676 5512 accommodatum,
1724 5451 1782 5500 et
1819 5461 1954 5500 cum

284 5539 698 5611 explicatione
737 5536 854 5592 loci
886 5535 1174 5609 Ignatiani
1217 5551 1458 5606 prorsus
1491 5533 1949 5607 conspirantem.

363 5629 412 5664 "
441 5629 614 5684 Joan.
649 5643 691 5695 ι,
721 5630 771 5680 1.

2053 4635 2380 4693 catholicus
2411 4637 2606 4705 negat.
2645 4634 2715 4686 Et
2757 4633 3119 4704 Augustinus
3165 4635 3345 4707 igitur
3374 4641 3432 4691 et
3461 4637 3714 4708 Fulgen-

2058 4726 2174 4780 tius
2228 4723 2437 4779 eodem
2495 4738 2740 4794 prorsus
2801 4723 2975 4778 modo
3036 4723 3216 4779 locuti
3263 4730 3420 4792 sunt,
3454 4743 3570 4796 quo
3603 4743 3712 4781 nos

2055 4814 2349 4888 lgnatium
2380 4812 2645 4866 locutum
2676 4827 2804 4866 esse
2835 4812 3271 4868 contendimus.

2130 4905 2209 4959 De
2240 4901 2451 4973 frigido
2485 4905 2545 4955 et
2575 4905 2778 4972 arguto
2811 4901 3070 4955 diximus
3096 4917 3108 4966 ;
3141 4901 3214 4955 de
3245 4902 3411 4956 inani
3445 4919 3601 4957 nunc
3631 4903 3714 4956 di-

2059 4992 2335 5049 cendum.
2357 5012 2385 5039 «
2413 4989 2891 5061 Supervacaneus
2923 4989 3105 5057 enim,
3131 4988 3346 5059 inquit,
3371 4993 3461 5043 est
3481 5005 3711 5057 sensus,

2061 5099 2236 5155 quem
2275 5079 2546 5136 Petavius
2593 5078 2685 5132 his
2729 5079 2921 5136 verbis
2957 5078 3203 5150 affingit.
3254 5079 3521 5133 Hominis
3553 5081 3715 5135 enim

2060 5171 2303 5228 verbum
2327 5185 2454 5223 esse
2480 5183 2546 5222 eo
2569 5168 2712 5222 satis
2731 5167 3160 5239 negarat,quod
3186 5167 3284 5222 Dei
3312 5167 3563 5224 Verbum
3585 5185 3716 5223 esse

2062 5257 2424 5317 dixerat.»At
2447 5271 2580 5311 cum
2599 5255 2701 5310 Dei
2722 5255 2977 5309 Verbum
3001 5272 3130 5310 esse
3154 5254 3402 5324 dixerat,
3426 5273 3546 5311 non
3568 5256 3717 5312 illud

2064 5350 2206 5408 satis
2232 5349 2494 5420 negarat,
2514 5344 2672 5415 quod
2693 5349 2900 5414 postea
2918 5361 3053 5398 eum
3079 5360 3294 5416 negare
3317 5346 3530 5401 asserit
3549 5348 3718 5402 Peta-

2063 5440 2214 5505 vius,
2241 5431 2558 5508 ejusmodi,
2595 5431 2842 5497 scilicet,
2876 5447 3214 5487 sermonem
3246 5431 3393 5488 illud
3427 5435 3529 5489 Dei
3563 5452 3716 5504 esse,

2065 5555 2094 5582 ‹‹
2124 5529 2318 5602 qualis
2350 5530 2441 5582 est
2467 5528 2702 5580 creatus
2760 5528 2820 5578 et
2875 5523 3171 5580 humanus
3230 5540 3446 5583 sermo.
3482 5549 3510 5576 »
3546 5527 3720 5582 Aliud
