4064 6134
286 415 398 476 305
1015 416 1072 476 J.
1123 412 1540 476 PEARSONII
1584 406 1958 477 VINDICIE
2001 412 2476 478 IGNATIANIE.
2523 452 2600 462 --
2642 417 2853 482 PARS
2897 417 2974 480 ΙΙ.
3584 420 3701 483 306

288 550 446 604 exire
481 567 516 606 a
542 544 748 617 Patre,
783 554 957 623 negat
1020 567 1055 607 a
1103 551 1340 607 silentio
1400 551 1674 623 progredi
1707 568 1719 606 :
1751 567 1944 622 neque
1978 549 2024 618 Α
2055 567 2248 622 neque
2289 569 2487 620 causa,
2520 570 2713 626 neque
2744 552 3103 626 principium
3127 554 3598 611 constitutivum.
3628 557 3696 611 In

286 639 619 694 secundum
678 641 1005 696 catholicos
1058 641 1498 696 emanationem
1529 646 1813 697 aeternam
1849 641 1937 697 in-
2048 643 2427 711 generatione
2460 644 2607 714 ipsa,
2633 643 2703 698 de
2732 660 2850 714 qua
2877 643 3039 714 loqui
3070 649 3337 699 nostrum
3369 644 3595 712 volunt,
3620 662 3692 700 ex

285 728 537 797 tellexit,
570 747 773 800 neque
807 730 876 784 de
905 730 1148 802 probole
1183 731 1603 786 Valentiniana
1644 731 1736 786 vel
1785 749 1942 787 som-
2047 731 2339 802 principio
2365 733 2642 804 privativo
2658 734 2854 804 potius
2877 733 3105 804 aliquid
3125 734 3251 788 fieri
3272 733 3693 804 dicitur,quam

292 820 494 874 niavit.
522 819 863 889 Aliquando
895 821 1075 875 Graeci
1106 816 1392 893 προελθεῖν
1426 821 1508 875 ita
1537 827 1845 893 usurpant,
1879 827 1944 877 ut
2048 837 2119 875 ex
2149 822 2644 878 constitutivo.Ita
2667 821 3264 893 Aristoteles,Physic.
3288 823 3388 878 lib.
3425 841 3596 895 I,cap.
3621 828 3689 878 7:

286 908 404 962 vim
429 911 524 960 τοῦ
550 905 786 975 ἐξελθεῖν
822 925 889 962 ex
911 910 1192 980 appositis
1223 908 1440 964 habere
1464 909 1773 965 sentiatur.
1795 910 1895 965 C11]

2045 909 2116 963 Τὸ
2140 905 2186 962 δ’
2217 906 2277 962 ἔκ
2305 929 2454 973 τινος
2481 909 2722 984 γίνεσθαί
2751 931 2825 977 τι,
2884 910 2975 964 καὶ
3036 912 3113 982 μή
3172 907 3297 965 τόδε
3341 911 3583 984 γίνεσθαί
3615 932 3689 978 τι,

289 998 472 1069 igitur
555 997 827 1052 Christus
885 998 1147 1066 dixisset,
1230 995 1289 1051 Ex
1361 1001 1458 1051 τοῦ
1514 1001 1647 1052 Θεοῦ
1711 997 1895 1067 ἐξῆλθε

2047 995 2260 1068 μᾶλλον
2311 999 2402 1070 μὲν
2432 996 2642 1074 λέγεται
2694 998 2779 1054 ἐπὶ
2839 1002 2946 1054 τῶν
2989 1000 3063 1070 μὴ
3127 999 3538 1070 ὑπομενόντων,
3573 1001 3688 1053 οἷον

280 1090 451 1143 Joan.
483 1105 601 1156 vm,
634 1091 724 1156 42,
758 1088 918 1144 idem
963 1089 1294 1160 signiﬁcare
1355 1089 1605 1144 voluisse
1636 1089 1895 1161 putandu

2042 1084 2094 1155 ἐξ
2125 1086 2371 1159 ἀμούσου
2405 1088 2662 1160 μουσικὸν
2723 1088 2987 1160 γίνεσθαι,
3047 1085 3096 1156 ἐξ
3151 1087 3439 1159 ἀνθρώπου
3499 1084 3546 1140 δ’
3599 1088 3685 1143 οὕ.

279 1184 370 1231 est
399 1178 683 1244 Ignatius,
716 1194 852 1232 cum
884 1178 1089 1232 scribit
1143 1176 1232 1253 ἀφ’
1291 1177 1408 1239 ἰνὸς
1477 1179 1686 1252 Πατρὸς
1739 1175 1895 1252 προε)

2039 1176 2110 1230 Ει
2145 1191 2270 1246 cap.
2307 1177 2338 1228 8
2375 1192 2388 1230 :
2421 1174 2516 1230 ’Ex
2546 1175 2648 1249 γὰρ
2705 1177 3030 1250 στερήσεως,
3065 1175 3092 1228 ὅ
3123 1173 3256 1244 ἐστι,
3289 1175 3409 1229 καθ’
3439 1173 3571 1230 αὐτὸ
3606 1177 3681 1248 μὴ

276 1263 462 1332 eam,
496 1266 654 1337 quod
685 1266 980 1337 interpres
1013 1268 1203 1336 vertit,
1220 1290 1247 1318 ‹‹
1273 1267 1346 1323 ab
1376 1284 1494 1323 uno
1527 1270 1699 1323 Patre
1720 1284 1895 1324 exeur

2038 1263 2121 1331 ὅν,
2156 1264 2256 1318 οὐκ
2286 1263 2686 1339 ἐνυπάρχοντος
2715 1263 2921 1339 γίνεται
2952 1275 3026 1321 τί.
3083 1268 3164 1321 Ex
3193 1267 3474 1338 privativo
3506 1267 3686 1339 igitur

275 1359 419 1409 tem.
449 1377 476 1402 »
509 1356 678 1410 Certe
737 1361 804 1410 ut
862 1356 1301 1411 emanationem
1331 1373 1365 1411 a
1393 1358 1565 1412 Patre
1624 1358 1696 1411 iis
1730 1357 1928 1412 verbis
2035 1355 2328 1426 principio
2363 1356 2504 1410 satis
2534 1357 2770 1427 proprie
2801 1357 2964 1411 aliud
2995 1357 3122 1412 ﬁeri
3154 1361 3254 1411 aut
3279 1356 3515 1428 prodire
3547 1356 3684 1411 dici-

277 1444 525 1499 denotet
554 1446 840 1516 Ignatius,
871 1445 1036 1500 nulla
1091 1446 1240 1501 ratio
1273 1447 1444 1514 cogit.
1476 1447 1755 1502 Novimus
1785 1446 1930 1517 quid
2034 1449 2168 1510 tur;
2213 1451 2270 1499 et
2299 1445 2370 1500 de
2414 1462 2614 1500 rerum
2657 1451 2790 1501 ortu
2839 1447 2920 1501 ita
2980 1463 3134 1517 saape
3170 1446 3490 1517 loquimur.
3542 1446 3681 1510 Quis

272 1534 619 1588 Theodorus
651 1535 793 1590 Beza
813 1534 888 1589 ad
917 1535 1087 1590 illum
1107 1536 1352 1591 Joannis
1370 1536 1563 1591 locum
1589 1535 1924 1608 scripserit:

275 1645 298 1674 ι
335 1624 626 1693 Loquitur
652 1624 939 1690 Christus,
986 1640 1116 1679 meo
1168 1625 1410 1696 quidem
1435 1625 1685 1696 judicio,
1719 1625 1792 1680 de
1821 1625 1922 1680 ad-

266 1717 448 1766 ventu
475 1712 541 1767 in
572 1729 961 1780 carnem,non
993 1713 1064 1768 de
1096 1719 1321 1768 mterna
1368 1715 1772 1784 generatione,
1831 1715 1924 1770 cui

268 1802 600 1872 improprie
618 1818 854 1872 quoque
889 1803 1248 1858 tribueretur
1268 1801 1331 1855 τὸ
1353 1799 1653 1871 ἐξελθεῖν.»
1676 1805 1746 1857 Et
1772 1804 1921 1859 ratio

265 1891 593 1945 manifesta
615 1892 844 1946 eruitur
873 1909 944 1946 ex
973 1892 1167 1947 verbis
1199 1892 1466 1963 proxime
1495 1892 1914 1963 sequentibus:
1952 1913 1996 1979 Β

261 1976 404 2034 Οὐδὲ
454 1980 560 2052 γὰρ
621 1978 713 2032 ἀπ’
770 1977 1007 2051 ἐμαυτοῦ
1061 1978 1328 2049 ἐλήλυθα,
1396 1976 1522 2034 ἀλλ’
1581 1979 1780 2042 ἐκεῖνός
1843 2001 1910 2052 με

255 2066 568 2124 ἀπέστειλε.
587 2070 642 2124 Si
669 2074 867 2125 autem
899 2069 1203 2142 apostolus
1225 2087 1294 2125 eo
1309 2071 1438 2127 loco
1460 2071 1531 2126 de
1545 2076 1766 2127 aeterna
1777 2071 1908 2126 Filii

249 2160 638 2228 generatione
660 2159 895 2215 locutus
928 2176 1048 2214 non
1071 2160 1372 2228 est,multo
1395 2161 1592 2215 minus
1624 2161 1906 2232 lgnatius,

250 2248 352 2318 qui
385 2249 472 2302 ita
494 2248 568 2303 de
601 2248 853 2303 adventu
886 2249 1013 2320 ejus
1063 2247 1346 2319 loquitur,
1379 2254 1446 2304 ut
1473 2250 1652 2304 etiam
1677 2249 1746 2304 de
1773 2251 1907 2304 red—

248 2336 372 2390 itu:
436 2333 545 2390 Τὸν
605 2335 694 2410 ἀφ’
751 2336 869 2396 ἑνὸς
921 2336 1130 2409 Πατρὸς
1183 2335 1541 2411 προελθόντα,
1593 2337 1682 2391 καὶ
1713 2337 1788 2398 εἷς
1820 2333 1908 2391 ἕνα

246 2421 376 2478 ὄντα
403 2422 499 2477 καὶ
535 2425 880 2498 χωρήσοντα.
915 2448 943 2476 ‹‹
983 2426 1070 2481 Ab
1101 2443 1219 2481 uno
1270 2429 1441 2482 Patre
1476 2433 1814 2496 exeuntem,
1849 2433 1906 2484 et

243 2515 304 2568 in
334 2531 529 2569 unum
563 2515 950 2570 exsistentem
1003 2520 1060 2570 et
1089 2532 1499 2571 reversurum:
1541 2521 1607 2572 ut
1637 2517 1787 2573 illud
1810 2534 1906 2573 ex-

241 2604 466 2673 primat
495 2603 663 2658 Joan.
725 2621 841 2672 XVI,
902 2605 968 2658 28
997 2620 1009 2658 :
1043 2601 1304 2671 Ἐξῆλθον
1339 2604 1483 2677 παρὰ
1537 2607 1636 2658 τοῦ
1667 2606 1902 2678 Πατρὸς,

248 2688 335 2741 καὶ
407 2687 659 2759 ἐλήλυθα
705 2689 780 2752 εἷς
846 2691 936 2745 τὸν
993 2689 1215 2764 κόσμον·
1299 2690 1464 2746 πάλιν
1549 2692 1752 2766 ἀφίημι
1811 2694 1904 2748 τὸν

247 2778 449 2851 κόσμον
507 2779 598 2833 καὶ
661 2779 969 2854 πορεύομαι
1025 2780 1160 2854 πρὸς
1206 2779 1435 2852 Πατέρα.
1468 2785 1690 2838 Εωιύἱα
1731 2789 1899 2840 Patre

257 2875 304 2921 et
351 2872 470 2923 veni
530 2870 590 2924 in
638 2871 902 2925 mundum
931 2872 1173 2935 ;iterum
1225 2871 1482 2941 relinquo
1512 2873 1806 2941 mundum,
1837 2879 1889 2928 et

256 2959 387 3012 mdo
413 2960 487 3013 ad
507 2962 751 3014 Patrem.
781 2959 984 3029 Neque
1014 2958 1216 3030 igitur,
1236 2975 1370 3014 cum
1411 2959 1626 3015 Filium
1657 2977 1691 3015 a
1721 2963 1894 3016 Patre

257 3048 409 3102 exire
441 3048 590 3103 dicit
619 3053 826 3103 auctor
858 3047 1142 3119 epistolis,
1176 3047 1247 3103 de
1270 3053 1491 3103 aeterna
1520 3050 1898 3120 generatione

253 3138 563 3209 cogitavit;
598 3153 792 3208 neque
824 3154 960 3192 cum
991 3137 1248 3192 Verbum
1291 3154 1326 3192 a
1377 3137 1616 3192 silentio
1663 3139 1898 3209 prodire

249 3227 502 3298 negavit,
535 3226 608 3281 de
639 3226 958 3281 emissione
998 3226 1295 3282 Valentini
1355 3223 1689 3282 somniavit.
1731 3228 1897 3284 Certe

244 3332 313 3370 ex
342 3317 526 3370 unica
554 3332 693 3370 voce
724 3311 1016 3387 προελθεῖν
1046 3315 1200 3370 nihil
1244 3315 1360 3371 tale
1388 3317 1675 3388 expiscari
1710 3317 1848 3372 licet
1879 3337 1894 3386 ;

245 3421 376 3474 qua:
411 3421 548 3460 cum
579 3405 888 3460 latissimas
921 3404 1373 3475 signiﬁcationis
1395 3405 1492 3475 sit,
1526 3423 1594 3461 ex
1624 3406 1757 3461 aliis
1771 3423 1897 3462 ver-

238 3496 332 3552 bis
350 3496 572 3566 quibus
596 3495 1099 3568 adjungitur,ejus
1118 3497 1357 3567 propria
1372 3497 1459 3552 vis
1488 3497 1752 3553 eruenda
1767 3502 1854 3552 est
1881 3514 1893 3551 :

239 3601 351 3639 nec
380 3585 506 3638 ullo
533 3583 709 3639 modo
737 3584 1100 3639 contendere
1132 3601 1454 3656 possumus
1486 3585 1694 3641 eodem
1718 3586 1897 3658 plane

241 3691 424 3729 sensu
456 3691 590 3728 eam
612 3674 798 3745 accipi
831 3673 1069 3741 debere,
1105 3690 1239 3730 cum
1262 3675 1335 3730 ad
1355 3676 1537 3731 Deum
1557 3677 1791 3732 Patrem
1823 3676 1895 3732 de

236 3765 409 3833 Filio,
441 3770 500 3820 et
532 3781 666 3819 cum
697 3765 771 3820 ad
803 3764 1109 3820 silentium
1141 3765 1214 3821 de
1251 3766 1434 3821 Verbo
1460 3767 1893 3824 refertur.Prte-

231 3856 442 3909 sertim
467 3870 604 3908 cum
627 3854 884 3908 sciamus
915 3853 1067 3908 illud
1095 3854 1291 3925 ipsum
1317 3854 1668 3910 vocabulum
1690 3854 1892 3928 προελ-

229 3944 338 3996 θεῖν
371 3944 641 3998 aGraacis
672 3943 914 3998 attribui
947 3943 1140 3998 solere
1168 3943 1343 3999 verbo
1376 3945 1557 4000 etiam
1580 3946 1892 4017 prolativo,

231 4033 394 4102 quod
429 4031 841 4086 substantialis
875 4048 980 4087 seu
1004 4032 1337 4103 personalis
1358 4034 1762 4105 generationis
1792 4052 1892 4090 ca—

229 4138 343 4192 pax
377 4137 502 4176 non
538 4125 718 4185 est,ut
747 4119 997 4191 legimus
1012 4120 1467 4191 apudJoannem
1492 4123 1888 4194 Philoponum

229 4213 309 4265 De
339 4210 537 4264 mundi
566 4212 840 4264 creatione
870 4209 975 4263 lib.
1010 4226 1085 4274 vn,
1119 4226 1248 4280 cap.
1280 4213 1313 4264 4-
1347 4228 1358 4264 :
1405 4209 1481 4267 Οὐ
1541 4211 1644 4286 γὰρ
1676 4231 1887 4291 προφο-

230 4299 380 4372 ρικὸν
416 4296 587 4372 λόγον
617 4298 708 4352 τὸν
737 4298 849 4370 ἅμα
881 4301 962 4369 τῷ
1022 4296 1310 4370 προελθεῖν
1369 4299 1632 4372 λυόμενον
1662 4305 1741 4372 τῷ
1770 4307 1885 4375 Θεῷ

232 4388 551 4461 περιάπτειν
594 4387 771 4458 θὲμις.
832 4390 903 4442 Et
963 4388 1272 4443 Marcellus
1330 4391 1487 4461 apud
1543 4392 1882 4459 Eusebium,

233 4480 535 4534 Christum
569 4476 663 4530 οἷα
689 4474 854 4548 λόγον
889 4477 1224 4549 σημαντικόν
1251 4497 1398 4539 τινος
1421 4475 1457 4547 ἥ
1489 4482 1884 4555 προστακτικὸν

229 4564 522 4640 προελθεῖν
555 4568 653 4619 τοῦ
675 4567 812 4618 Θεοῦ
843 4563 1058 4636 φάσκει.

2035 1533 2192 1588 enim
2224 1551 2344 1588 non
2378 1535 2520 1589 dicit
2544 1534 2735 1589 lucem
2759 1551 2830 1589 ex
2859 1535 3119 1590 tenebris
3142 1535 3283 1589 oriri
3305 1533 3388 1589 vel
3412 1531 3683 1606 prodire?

2032 1623 2230 1693 Neque
2262 1623 2311 1678 si
2343 1625 2613 1679 Petavius
2659 1641 2789 1679 eam
2848 1624 3092 1695 phrasin
3152 1624 3234 1678 ita
3264 1623 3678 1694 explicandam

2029 1711 2540 1780 putavit,Verbum
2571 1729 2690 1766 non
2717 1727 2846 1766 esse
2879 1711 3194 1784 ejusmodi,
3228 1717 3298 1766 ut
3327 1728 3396 1766 ex
3418 1710 3674 1777 silentio,

2027 1800 2116 1854 vel
2148 1805 2281 1870 post
2313 1801 2616 1856 silentium
2647 1801 3108 1872 prodierit,adeo
3133 1799 3518 1872 exagitandus
3542 1799 3673 1868 fuit,

2030 1890 2197 1960 quasi
2247 1888 2379 1961 μετᾶ
2407 1890 2590 1964 σιγήν,
2645 1895 2703 1945 et
2759 1887 2817 1943 Ex
2849 1895 3004 1962 σιγῆς
3035 1896 3155 1946 tam
3188 1889 3304 1945 late
3339 1889 3670 1956 differrent,

2027 1995 2161 2032 cum
2192 1978 2478 2034 Eusebius
2509 1979 2570 2033 in
2592 1979 2702 2034 hac
2745 1979 2873 2049 ipsa
2901 1995 2962 2032 re
2989 1979 3115 2034 haac
3146 1978 3261 2033 duo
3293 1977 3449 2034 idem
3477 1977 3668 2033 valere

2027 2068 2357 2124 clarissime
2385 2069 2936 2125 ostendat.Accusat
2966 2070 3124 2124 enim
3156 2069 3496 2124 Marcellum
3515 2067 3671 2139 quod

2029 2159 2296 2213 docuerit
2330 2157 2463 2228 μετὰ
2492 2159 2592 2226 τήν
2631 2157 2786 2230 σιγὴν
2816 2156 3106 2230 προελθεῖν
3138 2163 3229 2211 τον
3288 2153 3475 2231 λόγον,
3509 2162 3569 2211 et
3595 2157 3670 2211 ob

2027 2262 2157 2301 eam
2187 2247 2541 2302 sententiam
2572 2247 2854 2318 gnosticae
2904 2246 3114 2301 haeresi
3176 2263 3311 2302 eum
3369 2245 3671 2301 addictum

2025 2337 2392 2407 pronuntiat.
2425 2337 2641 2391 Notant
2671 2336 3048 2392 Grammatici
3080 2353 3148 2391 ea:
3196 2335 3518 2407 aliquando
3569 2352 3674 2406 pro

2018 2432 2145 2495 post
2177 2425 2472 2497 usurpari,
2499 2430 2563 2479 ut
2593 2425 2748 2496 apud
2774 2425 3103 2497 Virgilium,
3133 2442 3201 2480 ea:
3249 2425 3350 2480 illo
3409 2429 3674 2495 tempore

2023 2531 2130 2584 pro
2156 2521 2285 2585 post
2314 2513 2462 2569 illud
2494 2519 2750 2585 tempus,
2785 2520 2842 2569 et
2900 2514 3056 2587 apud
3113 2514 3478 2584 Ciceronem,
3513 2531 3580 2569 ea:
3605 2530 3674 2568 eo

2023 2603 2118 2657 die
2152 2608 2212 2658 et
2241 2621 2308 2658 ea:
2339 2603 2666 2673 consulatu,
2703 2607 2760 2658 et
2812 2620 2880 2658 ea:
2931 2603 3044 2659 hoc
3096 2609 3384 2676 tempore.
3418 2603 3585 2668 Quod
3617 2608 3674 2658 et

2024 2692 2238 2746 Graacis
2268 2691 2558 2746 familiare
2592 2697 2698 2746 est.
2735 2693 2805 2747 Ut
2837 2691 2910 2747 ad
2941 2692 3045 2748 illa
3067 2693 3302 2748 Homeri
3336 2689 3437 2748 Ἰλ.
3470 2692 3512 2746 Ε
3547 2710 3559 2746 :

2188 2831 2482 2906 Καύματος
2534 2831 2584 2905 ἐξ
2618 2831 2841 2905 ἀνέμοιο
2892 2829 3112 2895 δυσαέος
3140 2833 3482 2909 ὀρνυμένοιο.

2017 2960 2190 3013 Notat
2222 2958 2577 3014 Scholiastes
2607 2964 2774 3014 vetus
2808 2976 2820 3013 :
2853 2958 2915 3014 Ἡ
2975 2957 3026 3028 ἐξ
3077 2955 3192 3013 ἀντὶ
3250 2964 3350 3028 τῆς
3392 2959 3547 3032 μετά.
3589 2961 3658 3015 Et

2013 3047 2394 3104 Eustathius:
2441 3047 2506 3102 Ἡ
2561 3043 2617 3100 δὲ
2675 3045 2726 3116 ἐξ
2783 3045 3036 3122 πρόθεσις
3096 3048 3159 3102 οὐ
3221 3047 3381 3119 μόνον
3439 3047 3660 3103 ἐνταῦθα

2014 3132 2272 3204 εἴληπται
2301 3135 2413 3190 ἀντῖ
2444 3141 2543 3205 τῆς
2580 3136 2716 3208 μετὰ
2771 3134 3098 3210 προθέσεως,
3153 3134 3300 3190 ἀλλὰ
3353 3135 3443 3190 καὶ
3483 3133 3660 3190 ἀλλα-

2019 3227 2148 3297 χοῦ,
2182 3225 2317 3278 οἷον·
2355 3224 2569 3298 πιόμεν’
2598 3225 2658 3279 ἐκ
2689 3224 3106 3300 βοτάνης,ἢτοι,
3141 3227 3276 3299 μετὰ
3301 3228 3400 3296 τὴν
3430 3227 3658 3300 βοσκὴν,

2013 3313 2125 3382 καὶ,
2153 3312 2214 3368 Ex
2267 3319 2474 3370 νυκτῶν
2534 3311 2580 3368 δ’
2639 3316 2833 3388 ἄνεμοι
2890 3315 3153 3390 χαλεποὶ,
3209 3317 3355 3387 ἢτοι,
3402 3317 3536 3392 μετά
3565 3319 3659 3379 τὰς

2010 3401 2227 3465 νύκτας.
2283 3405 2375 3460 Sic
2429 3405 2502 3460 ad
2560 3405 2665 3461 illa
2722 3402 2949 3460 Ἰλ.Ν;
3011 3405 3236 3478 Πιόμεν’
3295 3405 3352 3459 Ex
3397 3406 3656 3481 βοτάνης,

2010 3493 2202 3550 Schol.
2240 3496 2304 3550 V.
2341 3511 2354 3551 :
2389 3495 2484 3550 Ἐκ
2516 3495 2774 3568 βοτάνης,
2807 3493 2926 3548 ἀντὶ
2955 3498 3075 3562 τοῦ,
3110 3495 3248 3567 μετὰ
3276 3496 3375 3565 τὴν
3416 3496 3654 3570 βοτάνην

2005 3581 2097 3635 καὶ
2122 3585 2323 3657 νομήν.
2354 3585 2425 3640 Et
2451 3585 2794 3641 Eustathius
2819 3602 2831 3641 :
2867 3583 3016 3639 Ἀντὶ
3046 3588 3166 3654 τοῦ,
3202 3584 3337 3657 μετᾶ
3368 3584 3652 3659 βόσκησιν,

2004 3671 2096 3725 καί
2127 3670 2447 3749 ἐστι,φασὶν,
2482 3673 2674 3746 ὅμοιον
2707 3677 2810 3746 τῷ,
2839 3671 2891 3743 ἐξ
2917 3672 3140 3747 ἀρίστου
3171 3675 3500 3748 παρὲσομαι,
3532 3673 3650 3728 ἀντὶ

2002 3763 2121 3830 τοῦ,
2153 3762 2274 3833 μεθ’
2312 3762 2340 3815 ’ὁ
2363 3761 2662 3836 ἀριστήσω.
2696 3767 2782 3820 Ita
2813 3763 2976 3829 alibi,
3008 3761 3222 3838 αἷθὲρος
3253 3760 3313 3817 ἐκ
3339 3759 3481 3832 δίης,
3515 3763 3648 3836 μετά

2002 3848 2102 3916 τήν
2127 3848 2338 3922 αἰθρίαν
2394 3850 2712 3905 κατάστασιν
2763 3853 3190 3925 interpretatur
3245 3853 3403 3908 idem
3455 3853 3644 3908 Scho-

2000 3939 2433 4013 liastes.Neque
2467 3947 2664 3998 tamen
2694 3949 2900 3999 auctor
2925 3943 3188 4015 epistola;
3219 3943 3366 3998 dixit
3382 3942 3441 3997 Ex
3461 3949 3643 4016 σιγῆς,

2003 4029 2106 4084 sed
2140 4029 2244 4083 ἀπὸ
2276 4035 2454 4106 σιγῆς,
2488 4033 2666 4103 quod,
2701 4032 3031 4088 secundum
3082 4033 3363 4104 loquendi
3400 4034 3643 4088 modum

2001 4120 2216 4175 Graecis
2247 4120 2836 4188 familiarem,Latine
2869 4145 2897 4173 «
2930 4125 3064 4194 post
3091 4122 3394 4178 silentium
3428 4142 3450 4174 ν
3474 4121 3643 4177 reddi

1999 4213 2214 4280 potest.
2249 4211 2319 4264 Ut
2349 4209 2506 4282 apud
2548 4210 2869 4265 Homerum
2901 4211 3152 4283 legimus
3188 4229 3200 4266 :
3235 4209 3368 4266 Ἀπὸ
3401 4207 3446 4263 δ’
3477 4209 3646 4264 αὐτοῦ

2000 4297 2370 4371 θωρήσσοντο.
2409 4299 2515 4357 Ubi
2547 4299 2906 4356 Scholiastes
2958 4304 3144 4369 vetus,
3203 4299 3308 4354 ἀπὸ
3367 4296 3410 4353 δ’
3450 4299 3642 4372 αὐτοῦ,

1995 4385 2104 4442 ἀπὸ
2136 4383 2194 4440 δὲ
2249 4386 2449 4442 τούτου
2508 4386 2734 4462 χρόνου,
2797 4387 3100 4460 μετέπειτα.
3154 4393 3224 4445 Et
3251 4391 3641 4446 Eustathius:

1995 4476 2116 4532 Ὀτι
2149 4474 2389 4549 καθάπερ
2422 4475 2678 4551 ἀλλαχοῦ
2711 4479 2745 4546 ἡ
2805 4475 2865 4533 Ex
2922 4476 3178 4553 πρόθεσις
3223 4477 3338 4533 ἀντὶ
3367 4485 3470 4548 τῆς
3505 4480 3641 4553 μετὰ

1995 4557 2352 4636 λαμϐάνεται,
2386 4564 2559 4628 οὕτως
2586 4567 2814 4620 ἒνταῦθα
2869 4568 2903 4635 ἡ
2959 4566 3083 4624 ἀπό.
3135 4568 3278 4624 Inde
3311 4570 3637 4642 Hesychius

297 4658 471 4710 Mersa
492 4655 587 4709 ha,
621 4659 758 4710 sunt
802 4633 1188 4726 lo-gomachite
1218 4671 1231 4719 ;
1278 4671 1463 4727 quare
1491 4658 1729 4714 tandem
1759 4661 1878 4715 for-

2011 4633 2339 4728 Απόδρομον
2373 4657 2800 4729 interpretatur
2823 4633 2937 4728 μετ’
2968 4655 3250 4715 ἐπάνοδον.
3284 4633 3446 4715 Nihil
3457 4661 3636 4733 igitur

230 4746 343 4799 tius
358 4748 780 4816 argumentum
803 4743 1093 4814 stringere
1111 4743 1361 4798 videtur.
1388 4767 1415 4794 «
1436 4745 1680 4818 Signant
1701 4749 1882 4818 enim,

229 4833 581 4905 inquit,hznc
602 4833 781 4888 verba
808 4833 889 4901 id,
924 4849 996 4888 ex
1034 4850 1150 4904 quo
1175 4835 1320 4905 quid
1339 4835 1537 4905 exivit,
1565 4839 1695 4910 ejus
1726 4842 1884 4910 quod

234 4939 302 4977 ex
334 4940 402 4978 eo
439 4923 637 4991 exivit,
661 4922 752 4976 vel
782 4921 1097 4992 locum,vel
1129 4939 1389 4992 causam,
1416 4925 1506 4980 vel
1528 4927 1886 4999 principium

229 5013 314 5080 (ut
338 5012 562 5067 scholm
592 5011 945 5082 loquuntur)
976 5011 1420 5068 constitutivum
1452 5014 1657 5070 fuisse.
1691 5019 1884 5074 nSub-

231 5100 349 5156 tilis
376 5103 503 5156 hinc
536 5100 804 5170 quidem,
828 5099 932 5156 sed
957 5100 1108 5155 mira
1139 5101 1482 5172 disputatio.
1515 5104 1642 5160 Non
1683 5123 1882 5176 quaero

229 5191 529 5260 quodnam
562 5189 708 5244 illud
741 5190 818 5243 sit
849 5190 1214 5260 principium
1245 5192 1883 5266 constitutivum,quod

233 5296 411 5334 causa
442 5296 562 5334 non
595 5279 692 5346 sit,
726 5283 792 5333 ut
813 5277 910 5333 hic
935 5279 1362 5350 tertiilmembri
1393 5280 1590 5336 locum
1615 5291 1881 5355 occupet.

234 5369 395 5420 Certe
430 5366 646 5420 scholae
680 5366 763 5420 ita
794 5381 915 5419 non
966 5364 1311 5435 loquuntur.
1349 5367 1497 5422 Illud
1552 5387 1770 5440 quaero,
1808 5389 1884 5428 an

222 5475 326 5513 vox
363 5455 654 5530 προελθεῖν
687 5458 964 5528 usurpari
1005 5474 1128 5513 non
1160 5458 1368 5528 possit,
1407 5461 1521 5516 nisi
1554 5461 1626 5517 de
1657 5463 1884 5534 aliquo,

222 5549 378 5619 quod
409 5566 482 5604 ex
516 5548 646 5602 loco
678 5547 771 5601 vel
796 5563 975 5603 causa
997 5546 1120 5601 exit
1144 5547 1171 5601 ‘2
1199 5546 1293 5601 ’Ex
1319 5544 1416 5601 τοῦ
1437 5550 1554 5603 κατ’
1583 5548 1775 5625 ὀλίγον
1807 5551 1884 5614 εἷς

224 5639 324 5705 τήν
379 5635 710 5705 αἰσθητικὴν
770 5635 859 5689 καὶ
920 5629 1286 5707 μιταϐατικήν
1344 5637 1500 5714 φύσιν
1582 5638 1882 5713 προῆλθεν,

227 5727 427 5800 inquit
454 5725 786 5784 Nemesius.
819 5726 892 5781 At
917 5724 980 5778 τὸ
1000 5725 1119 5779 κατ’
1151 5721 1340 5800 ὀλίγον
1362 5743 1557 5798 neque
1586 5729 1752 5786 locus
1774 5737 1883 5803 est,

1994 4744 2192 4800 tritius
2253 4751 2340 4800 est
2391 4746 2546 4816 apud
2596 4748 2848 4816 Graacos,
2880 4764 3055 4818 quam
3086 4753 3152 4802 ut
3180 4745 3286 4802 ἀπό
3335 4753 3393 4804 et
3437 4747 3495 4801 Ex
3523 4766 3629 4820 pro

1997 4831 2149 4904 μετάο
2180 4833 2336 4904 apud
2385 4835 2640 4901 Latinos,
2696 4852 2875 4906 quam
2929 4841 2993 4892 ut
3049 4838 3116 4890 ab
3175 4842 3233 4891 et
3279 4855 3347 4892 ea:
3375 4855 3480 4909 pro
3504 4843 3632 4907 post

1994 4923 2377 4994 accipiantur.
2411 4925 2481 4977 Et
2510 4925 2612 4995 qui
2669 4942 2699 4980 e
2758 4925 2996 4980 silentio
3028 4926 3116 4980 vel
3161 4931 3294 4997 post
3325 4927 3630 4982 silentium

1993 5011 2230 5083 prodire
2261 5012 2503 5068 verbum
2552 5018 2747 5086 negat,
2808 5015 2952 5069 mihi
3012 5015 3279 5071 omnium
3323 5015 3634 5072 hominum

1994 5118 2332 5156 sermonem
2364 5119 2579 5174 negare
2611 5103 2861 5160 videtur.

2067 5192 2181 5246 Nos
2214 5190 2393 5262 igitur
2423 5197 2481 5245 et
2511 5193 2772 5246 auctoris
2804 5197 3086 5260 mentem,
3121 5198 3178 5247 et
3206 5194 3424 5250 veteris
3457 5195 3635 5252 inter-

1998 5279 2181 5350 pretis
2211 5279 2546 5334 versionem
2578 5280 3012 5336 defendendam
3039 5283 3281 5338 omnino
3320 5289 3601 5354 putamus
3630 5305 3642 5354 ;

1997 5387 2174 5440 quam
2199 5369 3134 5444 planam,simplicem,propriam
3167 5379 3224 5430 et
3246 5376 3643 5446 perspicuam,

1994 5477 2117 5515 non
2148 5460 2440 5532 frigidam,
2467 5465 2567 5515 aut
2597 5467 2884 5533 argutam,
2917 5464 3274 5519 autinanem
3308 5482 3433 5520 esse
3467 5469 3648 5523 senti-

1995 5565 2126 5604 mus
2145 5566 2156 5602 :
2175 5566 2424 5622 eamque
2440 5551 2626 5606 solam
2642 5551 2715 5606 ad
2733 5552 2989 5608 auctoris
3012 5559 3272 5610 mentem
3287 5560 3446 5630 recte
3461 5575 3525 5612 ex
3534 5560 3648 5630 pri-

1995 5639 2299 5706 mendam,
2330 5644 2386 5693 et
2421 5640 2495 5695 ad
2527 5641 2933 5697 Ebionitarum
2969 5659 3254 5711 errorem,
3288 5662 3464 5716 quem
3496 5653 3639 5702 tunc

1998 5728 2283 5800 temporis
2311 5730 2371 5784 in
2394 5731 2593 5787 animo
2618 5748 2752 5788 cum
2770 5732 3054 5790 scriberet
3078 5740 3285 5791 auctor
3308 5735 3633 5804 habuit,ca-
