4064 6134
302 406 415 464 30⁸⁵1

1366 396 1428 457 S.
1476 391 1878 457 IGNATIUS.
1927 428 2004 439 —
2045 380 2658 456 PROLEGOMENA.

3589 384 3706 445 308

306 536 730 611 stigandum,et
759 533 833 590 ad
863 533 1297 606 Magnesios,ne
1327 531 1502 586 istam
1525 530 1782 585 haeresin
1802 529 1948 585 reci-
1976 539 2032 606 Α
2061 532 2241 594 stant,
2266 533 2325 582 et
2353 527 2415 581 in
2447 524 2662 597 quibus
2695 522 2830 595 quis
2848 524 2993 580 Eon
3023 539 3057 577 a
3088 521 3215 594 Sige
3243 519 3496 578 emissus
3519 519 3618 585 sit,
3651 524 3710 573 et

305 632 537 699 perent,
559 623 1044 696 praemuniendos
1066 621 1392 694 plurimum
1418 619 1612 676 valere
1644 618 1950 674 contendi-

304 733 456 772 mus.
490 717 684 771 Manet
743 714 943 783 itaque
999 712 1356 766 inconcussa
1387 711 1673 765 hactenus
1702 707 1949 764 assertio

306 806 519 878 prima,
553 808 858 859 auctorem
909 800 1171 872 epistolae
1225 800 1300 856 ad
1353 799 1680 871 Magnesios
1723 796 1952 853 nullam

307 896 486 951 aliam
519 891 776 947 haaresin
796 891 991 946 verbis
1022 907 1094 945 ex
1123 905 1193 944 ea
1217 889 1462 960 prolatis
1486 905 1666 959 quam
1696 892 1954 942 veterem

307 985 470 1039 illam
497 981 905 1037 Ebionitarum
924 985 1010 1034 tot
1039 979 1232 1034 modis
1264 979 1326 1033 in
1355 978 1565 1033 eadem
1587 975 1956 1048 epistolade-

309 1073 591 1144 scriptam
623 1071 955 1142 respexisse
997 1087 1010 1124 :
1043 1086 1175 1138 quas
1207 1084 1342 1123 cum
1366 1072 1538 1122 aetate
1567 1066 1774 1139 lgnatii
1794 1082 1955 1121 mar-

307 1160 454 1233 tyris
468 1159 721 1214 nimium
753 1156 1186 1229 viguerit,quod
1207 1156 1486 1211 adversus
1514 1171 1642 1210 eam
1667 1154 1952 1226 scriptum

310 1254 419 1317 est,
452 1247 631 1303 fidem
666 1251 1005 1317 temporum
1034 1245 1273 1316 pulsare
1305 1261 1425 1299 non
1455 1248 1670 1315 potest.

311 1411 544 1466 Assertio
573 1409 830 1475 secunda,
864 1408 1031 1462 verba
1061 1407 1161 1461 illa
1190 1407 1263 1461 ad
1326 1405 1682 1460 Valentinum
1733 1405 1954 1459 omnino

381 1497 492 1536 non
521 1485 781 1550 spectare.
832 1479 1216 1534 Valentiniani
1243 1493 1534 1550 nunquam
1568 1475 1829 1550 diuerunt
1860 1476 1954 1550 Si-

383 1569 484 1623 gen
516 1547 790 1622 peperisse
835 1553 1057 1619 Logum.
1121 1551 1179 1604 In
1235 1549 1422 1623 schola
1484 1547 1954 1623 Valentini__solus

382 1621 491 1679 Nus
519 1621 602 1678 em"
620 1624 791 1691 Bytho
822 1629 874 1676 et
903 1623 1053 1690 Sige,
1104 1623 1227 1676 ideo
1271 1622 1592 1689 Monogenes
1619 1621 1954 1691 appellatus.

382 1697 558 1764 Lagus
580 1690 781 1761 autem,
813 1693 961 1762 quod
1017 1710 1050 1746 a
1081 1693 1254 1761 Bytho
1312 1698 1366 1745 et
1395 1693 1522 1761 Sige
1551 1708 1661 1745 non
1687 1698 1843 1764 esset,
1893 1690 1956 1744 in

355 1767 872 1822 .deminorationem
902 1770 1088 1829 natus,
1121 1770 1172 1817 et
1201 1765 1340 1817 Eon
1386 1779 1554 1818 caecus
1581 1765 1712 1830 fuit.
1748 1763 1956 1818 Genea-

387 1838 534 1905 logia
565 1839 798 1890 dianam
829 1853 862 1889 a
891 1834 1173 1890 Blondello
1205 1850 1498 1904 perperam
1536 1838 1949 1905 repraesentata.

381 1903 773 1978 Fragmentum
806 1903 1348 1978 Vqlentinianiapud
1376 1903 1752 1975 Epiphaniam
1769 1903 1952 1974 expli-

384 1977 562 2034 catur.
610 1982 779 2033 Locus
838 1977 1033 2046 Cyrilli
1096 1977 1583 2046 Hierosolymitani
1633 1979 1946 2033 discutitur.

383 2050 580 2106 Dallaei
609 2051 892 2105 distinctio
925 2051 992 2104 de
1047 2048 1286 2103 mediata
1335 2055 1387 2102 et
1437 2048 1760 2104 immediata
1815 2051 1948 2104 edu-

381 2125 558 2178 ctione
587 2122 924 2192 exploditur.
967 2121 1144 2176 Verba
1171 2118 1385 2189 lgnatii
1415 2137 1556 2192 cum,
1582 2122 1806 2190 placitis
1837 2123 1952 2176 Va-

381 2195 577 2249 lentini
607 2191 750 2248 male
780 2198 1201 2262 componuntur.
1227 2191 1583 2261 Argumentis
1606 2193 1800 2248 Dallaei
1841 2209 1950 2248 om-

380 2267 540 2320 nibus
565 2265 956 2335 particulatim
986 2263 1364 2332 respondetur.
1419 2265 1671 2319 Genuina
1701 2266 1947 2334 Ignatia-

379 2353 576 2392 norum
607 2337 904 2406 explicatio
921 2336 1193 2389 redditur.
1214 2335 1663 2390 Adversariorum
1677 2335 1952 2406 eccpositio

379 2412 593 2464 detorta
622 2408 949 2462 ostenditur.

386 2497 659 2554 Stabilita
687 2497 880 2567 prima
911 2495 1261 2562 assertione,
1286 2497 1555 2566 sequitur
1580 2497 1828 2552 assertio
1859 2513 1950 2552 se-

311 2587 528 2654 cunda,
563 2585 792 2640 scilicet
821 2585 998 2640 verba
1019 2586 1147 2656 ipsa
1175 2583 1273 2638 οὐκ
1301 2583 1408 2638 ἀπὸ
1449 2591 1609 2659 σιγῆς
1639 2583 1951 2658 προελθών,

310 2682 376 2732 ut
408 2680 547 2730 sunt
575 2675 646 2728 ab
679 2679 917 2728 auctore
951 2675 1214 2746 epistola)
1247 2675 1317 2729 ad
1351 2676 1677 2746 Magnesios
1700 2675 1950 2746 prolata,

310 2765 382 2822 ad
408 2764 782 2819 Valentinum
816 2763 1058 2817 omnino
1092 2780 1211 2817 non
1245 2769 1648 2833 spectare,nec
1679 2765 1806 2820 sine
1829 2769 1953 2822 vio-

309 2857 469 2912 lenta
496 2854 834 2908 detorsione
861 2853 934 2906 ad
959 2855 1084 2922 ejus
1133 2854 1390 2908 hmresin
1423 2855 1839 2924 exponendam
1897 2862 1954 2911 et

310 2943 763 3015 Oppugnandam
796 2942 1080 3012 applicari
1116 2959 1307 3012 posse.
1351 2943 1407 2996 Si
1441 2945 1600 2998 enim
1659 2946 1952 3001 Valentini

309 3033 583 3089 delirium
611 3031 683 3085 de
716 3031 1033 3085 emissione
1067 3032 1224 3100 Logi,
1257 3037 1464 3086 auctor
1495 3033 1758 3103 epistolae
1775 3034 1953 3091 ferire

308 3122 678 3185 voluisset,et
708 3120 898 3174 tribus
930 3126 1161 3176 tantum
1190 3120 1383 3175 verbis
1413 3120 1472 3175 id
1491 3121 1684 3176 facere
1703 3124 1951 3195 cogitas-

311 3218 419 3279 set,
446 3212 638 3280 iisque
667 3211 932 3281 negative
961 3211 1257 3282 positis,et
1285 3210 1477 3265 obiter
1509 3211 1950 3278 adductis,dum

310 3305 515 3356 contra
545 3299 693 3354 alios
726 3305 782 3353 et
814 3300 1070 3354 maxime
1097 3299 1398 3370 oppositos
1428 3299 1739 3354 haareticos
1760 3299 1956 3371 dispu-

313 3395 484 3458 taret,
518 3394 724 3443 contra
772 3405 920 3459 quos
948 3388 1156 3444 eadem
1189 3387 1365 3442 verba
1393 3404 1514 3442 non
1545 3387 1745 3442 minus
1775 3406 1955 3459 quam

311 3481 592 3537 adversus
628 3479 1001 3532 Valentinum
1036 3477 1301 3531 facerent
1334 3493 1346 3542 ;
1380 3477 1508 3530 ﬁeri
1558 3477 1802 3533 omnino
1835 3495 1957 3534 non

313 3566 526 3638 potuit,
562 3564 676 3618 nisi
709 3563 859 3617 illud
892 3564 1086 3632 ipsum
1117 3561 1332 3615 diserte
1364 3567 1628 3632 negaret,
1661 3563 1819 3631 quod
1841 3567 1957 3620 Va-

313 3655 580 3710 lentinus
612 3653 768 3707 clare
794 3669 859 3705 ac
874 3650 1121 3705 totidem
1136 3649 1326 3703 verbis
1343 3651 1954 3708 asserueratSenten-

311 3747 395 3802 tia
427 3745 584 3798 enim
616 3742 884 3812 negativa
914 3737 1062 3794 nihil
1090 3737 1252 3793 aliud
1281 3738 1456 3793 ferire
1489 3741 1822 3809 potest,nisi
1847 3759 1954 3814 op-

313 3834 565 3904 positam
598 3829 1054 3885 aflirmationem
1080 3845 1092 3894 ;
1121 3833 1206 3893 ut,
1243 3827 1290 3881 si
1323 3827 1456 3897 quis
1498 3835 1675 3900 neget
1705 3831 1761 3885 id
1797 3832 1955 3903 quod

311 3923 410 3978 ille
442 3937 748 3990 nunquam
779 3917 1114 3987 affirmavit,
1151 3917 1281 3988 ejus
1311 3917 1545 3989 negatio
1579 3919 1957 3977 Valentinum

311 4011 534 4066 directe
586 4026 706 4063 non
764 4007 955 4062 feriat.
993 4008 1124 4059 Haec
1157 4005 1302 4060 adeo
1361 4012 1523 4062 certa
1552 4014 1708 4078 sunt,
1740 4016 1806 4064 ut
1861 4012 1957 4067 hic

314 4102 508 4172 ipsum
532 4098 816 4152 Dallaaum
839 4096 1164 4150 habeamus
1183 4097 1587 4153 confitentem.
1607 4120 1633 4148 α
1658 4100 1773 4171 Ego
1796 4117 1954 4170 vero,

315 4183 868 4260 inquit,respondeo
901 4185 1076 4255 plane
1108 4201 1351 4240 necesse
1367 4201 1495 4241 esse
1527 4193 1590 4242 ut
1611 4187 1761 4256 is,ad
1779 4206 1957 4260 quem

318 4281 572 4349 scriptor
619 4275 968 4346 respexerit,
1027 4276 1299 4346 quisquis
1345 4276 1444 4331 ille
1496 4277 1567 4332 de
1616 4284 1830 4335 caatero
1859 4282 1955 4350 sit,

315 4370 425 4423 hoc
448 4372 605 4420 certe
629 4365 923 4419 docuerit:
948 4363 1038 4417 τὸν
1063 4363 1237 4439 Λόγον
1259 4365 1364 4420 ἀπὸ
1384 4371 1554 4442 Σιγῆς
1584 4365 1890 4440 προελθεῖν.
1927 4393 1956 4420 ››

313 4456 465 4521 Quid
493 4460 668 4526 neget
691 4455 951 4524 lgnatius
973 4456 1352 4526 perspicuum
1375 4461 1464 4512 est
1492 4474 1562 4511 ex
1594 4475 1660 4513 eo
1692 4459 1851 4528 quod
1872 4460 1957 4514 af-

317 4547 549 4607 ﬁrmat;
578 4542 840 4598 afﬁrmat
868 4541 1043 4617 Λόγον
1073 4561 1202 4598 esse
1246 4539 1449 4611 ἀΐδιον,
1481 4552 1688 4601 contra
1717 4547 1958 4603 Ebioni-

2055 636 2126 672 ex
2158 633 2274 687 quo
2296 617 2478 671 AZone
2507 615 2761 670 emissus
2812 613 2888 668 sit
2919 613 3126 684 Logus,
3184 611 3408 666 diserte
3440 609 3707 665 docetur.

2056 709 2250 763 Unum
2278 723 2349 761 ex
2361 707 2453 761 his
2476 704 2633 776 apud
2659 705 2972 767 Irenaeum,
2998 701 3250 756 alterum
3276 698 3434 770 apud
3458 698 3711 770 Epipha-

2057 796 2225 852 nium
2252 799 2478 851 exstat:
2503 793 2566 848 in
2588 793 2785 865 priore
2817 793 3006 863 Logus
3039 795 3128 845 est
3159 806 3229 845 ex
3276 789 3491 853 Archo,
3525 787 3586 842 id
3623 793 3713 843 est

2059 891 2169 955 Nu,
2203 905 2306 943 seu
2336 889 2679 958 Monogene,
2711 888 2771 938 et
2799 882 3071 938 Aletheia
3103 897 3116 948 ;
3153 881 3216 935 in
3249 879 3709 951 posteriore,aut

2063 995 2135 1034 ex
2162 977 2397 1046 iisdem,
2429 973 2833 1031 mediantibus
2874 971 3176 1040 Anthropo
3207 974 3268 1024 et
3293 967 3576 1035 Ecclesia,
3608 973 3709 1023 aut

2065 1085 2137 1124 ex
2162 1068 2469 1137 Anthropo
2500 1070 2560 1120 et
2613 1062 2911 1119 Ecclesia:
2947 1061 3006 1116 in
3060 1064 3270 1114 neutro
3319 1075 3390 1114 ex
3437 1058 3622 1130 Bytho
3653 1061 3712 1112 et

2065 1158 2194 1229 Sige
2228 1156 2485 1212 emissus
2519 1171 2648 1209 esse
2681 1151 2920 1208 dicitur.
2956 1149 3244 1214 Secundo,
3278 1147 3577 1203 sententia
3606 1147 3711 1202 Va-

2064 1247 2535 1304 lentinianorum
2561 1243 2788 1315 prolixe
2821 1240 3138 1313 exponitur
3167 1238 3239 1293 ab
3271 1239 3496 1293 Irenaeo
3533 1235 3635 1293 lib.
3670 1253 3711 1305 ι,

2063 1355 2189 1410 cap.
2226 1341 2275 1404 1,
2309 1341 2368 1392 et
2397 1334 2697 1390 Valentini
2753 1332 2942 1403 ipsius
2998 1329 3293 1401 praecipue
3343 1345 3471 1398 cap.
3504 1331 3558 1389 5,
3603 1326 3708 1381 sed

2065 1427 2280 1483 nullibi
2311 1428 2568 1481 lrenaaus
2596 1421 2871 1478 meminit
2900 1420 3034 1492 Logi
3071 1436 3107 1474 a
3136 1419 3267 1489 Sige
3299 1416 3509 1488 prolati
3537 1432 3549 1481 ;
3585 1433 3706 1471 non

2064 1524 2195 1589 post
2230 1533 2365 1571 eum
2395 1513 2814 1578 Tertullianus,
2839 1527 2960 1565 non
2992 1507 3378 1580 Epiphanius,
3397 1512 3499 1562 aut
3518 1505 3710 1560 Phila-

2061 1608 2260 1675 strius,
2290 1605 2676 1677 Augustinus,
2711 1599 3137 1663 Theodoretus,
3170 1615 3289 1652 non
3316 1613 3521 1652 eorum
3539 1596 3705 1666 quis-

2060 1713 2238 1768 quam
2271 1695 2372 1766 qui
2391 1694 2464 1748 de
2486 1690 2782 1747 industria
2799 1687 3094 1744 Valentini
3118 1685 3397 1742 delirium
3420 1701 3707 1756 exposue-

2061 1786 2524 1840 runt.Praaterea
2555 1781 2667 1835 hoc
2698 1779 2921 1834 dictum
2943 1792 3250 1846 nunquam
3281 1792 3315 1830 a
3341 1773 3706 1830 Valentinia-

1987 1891 2028 1954 Β
2061 1876 2154 1931 nis
2184 1875 2274 1929 vel
2294 1873 2430 1928 inde
2455 1869 2783 1943 patet,quia
2807 1867 2922 1924 dici
2955 1868 3017 1922 in
3039 1865 3243 1922 schola
3271 1864 3561 1920 Valentini
3583 1882 3706 1920 non

2057 1963 2268 2034 potuit.
2293 1963 2376 2016 Ex
2407 1958 2536 2030 ejus
2568 1957 2726 2012 enim
2759 1955 3032 2011 doctrina
3061 1956 3204 2008 Aion
3235 1969 3269 2007 a
3299 1952 3428 2023 Sige
3453 1952 3706 2008 emissus

2058 2051 2215 2106 intra
2240 2049 2494 2121 primam
2528 2045 2898 2117 quadrigam,
2932 2059 3108 2113 quam
3145 2040 3591 2112 primordialem
3617 2047 3705 2096 te-

2059 2146 2292 2212 tractyn
2316 2145 2372 2195 et
2400 2137 2803 2195 autenthicam
2833 2133 3243 2197 nominabant,
3269 2132 3706 2201 continebatur,

2059 2247 2093 2286 a
2119 2246 2236 2301 qua
2271 2229 2455 2301 Logus
2485 2225 2758 2281 exclusus
2783 2228 2892 2281 est.
2913 2223 3059 2278 Eon
3082 2226 3281 2277 autem
3305 2221 3404 2275 ille
3431 2237 3502 2275 ex
3524 2221 3709 2292 Bytho

2061 2327 2120 2377 et
2149 2322 2280 2392 Sige
2303 2322 2647 2391 prognatus,
2679 2317 2894 2370 virtute
2954 2331 3074 2368 sum
3105 2312 3500 2385 generationis
3548 2329 3709 2367 com-

2060 2410 2386 2468 municavit
2417 2425 2550 2464 cum
2583 2408 2754 2461 Patre
2789 2420 3065 2475 supremo
3092 2420 3103 2456 :
3138 2401 3228 2456 illi
3258 2401 3474 2472 Bythus
3503 2403 3706 2473 cogni-

2062 2507 2156 2556 tus
2185 2499 2317 2565 fuit,
2349 2495 2597 2568 reliquis
2624 2512 2744 2550 non
2793 2495 2956 2548 item.
2989 2494 3073 2547 Ita
3103 2493 3361 2546 Irenaeus
3396 2506 3407 2545 :
3443 2488 3552 2546 Τὸν
3611 2490 3706 2562 μὲν

2063 2586 2154 2644 οὖν
2213 2586 2536 2662 προπάτορα
2595 2583 2950 2660 γινώσκεσθαι
3013 2580 3160 2652 μόνῳ
3218 2577 3437 2654 λέγουσι
3517 2583 3594 2650 τῷ
3653 2579 3706 2652 ἐξ

2063 2679 2230 2733 αὐτοῦ
2259 2675 2510 2752 γεγονότι
2554 2676 2860 2746 μονογενεῖ,
2891 2667 3136 2725 τουτέστι
3163 2673 3242 2740 τῷ
3301 2669 3417 2738 Νῷ,
3475 2674 3590 2729 τοῖς
3653 2667 3714 2724 δὲ

2063 2769 2288 2828 λοιποῖς
2341 2770 2499 2819 πᾶσιν
2552 2762 2783 2836 ἀόρατον
2842 2759 2932 2813 καὶ
2992 2755 3376 2827 ἀκατάληπτον
3423 2757 3711 2833 ὑπάρχειν.

2065 2881 2092 2909 ‹‹
2125 2859 2196 2912 Et
2225 2862 2603 2928 propatorem
2635 2851 2876 2923 quidem
2911 2866 3114 2905 eorum
3143 2849 3444 2920 cognitum
3479 2849 3585 2903 soli
3617 2850 3707 2903 di-

2065 2952 2205 3002 cunt
2231 2947 2305 3013 ei,
2331 2945 2431 3014 qui
2465 2961 2535 2998 ex
2563 2959 2630 2996 eo
2656 2945 2829 2995 natus
2860 2943 2950 2994 est
2983 2939 3313 3011 Monogeni,
3343 2939 3453 2994 hoc
3477 2943 3564 2994 est
3583 2942 3662 2994 No
3688 2955 3702 2992 :

2064 3037 2310 3106 reliquis
2341 3051 2476 3089 vero
2507 3030 3159 3088 omnibusinvisibilem
3181 3035 3239 3085 et
3259 3031 3711 3101 incomprehen-

2065 3125 2301 3182 sibilem
2333 3140 2485 3179 esse.
2522 3145 2550 3173 ››
2577 3123 2695 3176 Nus
2726 3121 2904 3191 igitur
2925 3121 3301 3192 Monogenes,
3339 3121 3454 3175 sive
3505 3119 3709 3190 unige-

2069 3215 2230 3270 nitus
2262 3214 2455 3268 dictus
2486 3215 2595 3278 est,
2621 3207 2778 3279 quod
2809 3208 2912 3262 ille
2946 3208 3108 3263 solus
3149 3226 3219 3264 ex
3258 3210 3444 3280 Bytho
3477 3214 3537 3264 et
3583 3210 3719 3279 Sige

2067 3308 2244 3358 natus
2277 3307 2386 3357 est.
2410 3298 2577 3355 Unde
2609 3296 3006 3353 Tertullianus
3033 3297 3176 3352 Noi’w
3196 3303 3365 3352 vocat
3412 3297 3582 3353 illum
3613 3300 3724 3354 Va-

2064 3392 2279 3447 lentini
2313 3393 2699 3460 Monogenem
2734 3403 2803 3440 ex
2833 3391 3000 3458 patre
3032 3387 3216 3458 Bytho
3247 3392 3306 3441 et
3336 3393 3524 3443 matre
3549 3387 3675 3459 Sige
3703 3403 3719 3443 :

2063 3488 2123 3538 et
2152 3479 2419 3552 quamvis
2448 3476 2705 3548 excipiat
2727 3480 2933 3532 contra
2952 3493 3172 3531 nomen
3201 3476 3719 3546 Monogenis,illud

2064 3577 2262 3628 tamen
2294 3569 2436 3624 facit
2466 3584 2585 3622 non
2618 3571 2894 3637 respectu
2933 3565 3089 3636 Logi,
3151 3569 3252 3619 aut
3282 3564 3526 3618 alterius
3581 3571 3723 3634 post

2064 3664 2280 3733 Logum
2311 3657 2643 3721 Eonis,sed
2674 3656 2958 3711 Aletheiaa
2991 3658 3380 3722 tantum,qum
3403 3668 3474 3706 ex
3495 3652 3718 3710 iisdem

2064 3749 2413 3823 parentibus
2445 3752 2577 3802 orta
2610 3751 2717 3800 est.
2741 3768 2767 3794 «
2790 3745 2876 3799 Ita
2903 3749 2960 3796 et
2990 3743 3134 3812 ipse,
3160 3740 3557 3809 inquit,Pater
3579 3740 3722 3797 dici-

2067 3847 2164 3895 tur
2179 3845 2236 3894 et
2252 3839 2489 3894 initium
2513 3836 2870 3899 omnium,et
2891 3829 3129 3902 proprie
3150 3831 3718 3902 Monogenes.Atqui

2069 3946 2188 3984 non
2218 3925 2626 3999 proprie,quia
2657 3939 2777 3978 non
2809 3920 2971 3976 solus
3003 3919 3381 3990 agnoscitur;
3408 3936 3547 3975 nam
3581 3937 3718 3976 cum

2066 4018 2166 4073 illo
2199 4017 2490 4089 processit
2518 4019 2577 4069 et
2605 4011 2832 4068 femina
2879 4009 3114 4063 veritas.
3167 4009 3546 4079 Monogenes,
3581 4011 3724 4081 quia

2065 4109 2231 4180 prior
2253 4107 2511 4180 genitus,
2539 4107 2760 4174 quanto
2780 4097 3204 4171 congruentius
3224 4099 3589 4170 Protogenes
3619 4117 3720 4155 vo-

2067 4202 2302 4252 caretur
2314 4196 2374 4250 ?n
2395 4197 2689 4265 llespeetu
2708 4186 3390 4257 Aletheim,scilicetquie
3413 4194 3718 4259 posteum,

2067 4287 2170 4343 sed
2200 4305 2270 4341 ex
2292 4285 2504 4342 iisdem
2532 4282 2715 4354 Bytho
2749 4285 2809 4335 et
2837 4279 2966 4351 Sige
2997 4279 3321 4350 processit;
3353 4279 3581 4334 ratione
3611 4297 3721 4335 au-

2070 4382 2188 4432 tem
2219 4375 2291 4431 ad
2315 4374 2578 4444 reliquos
2611 4373 2826 4425 Aiones
2865 4367 3066 4422 habita
3097 4367 3334 4438 proprie
3366 4369 3722 4440 Monogenes

2067 4461 2562 4534 dicebatur,quod
2595 4459 2756 4515 solus
2779 4457 3277 4526 ille,reliquorum
3303 4463 3501 4513 autem
3522 4475 3718 4526 nemo,

2068 4572 2139 4610 ex
2169 4553 2354 4624 Bytho
2388 4557 2447 4606 et
2478 4551 2607 4619 Sige
2634 4554 2808 4602 natus
2841 4551 3014 4600 esset.
3049 4546 3200 4610 Quin
3251 4547 3430 4602 etiam
3485 4549 3596 4602 hoc
3635 4547 3723 4602 illi

317 4641 424 4702 tas,
459 4639 633 4704 negat
663 4630 767 4684 ἀπὸ
801 4638 959 4704 σιγῆς
1017 4629 1321 4704 προελθεῖν.
1377 4634 1433 4688 Si
1481 4633 1779 4691 Valentini
1810 4637 1954 4692 deli.

2069 4641 2376 4712 Monogeni
2409 4639 2558 4695 adeo
2589 4636 2896 4708 proprium
2931 4640 2989 4688 et
3017 4635 3316 4705 peculiare
3373 4636 3506 4702 fuit,
3539 4643 3604 4691 ut
3634 4637 3723 4692 illi

313 4726 469 4782 rium
501 4723 561 4777 in
593 4722 793 4776 animo
825 4721 1032 4776 habuit
1077 4727 1282 4776 notare
1314 4727 1372 4777 et
1401 4722 1692 4789 refellere,
1725 4733 1959 4797 oportet

316 4820 473 4870 certe
505 4811 862 4867 aValentino
877 4810 1098 4864 dictum
1117 4816 1174 4864 et
1195 4817 1487 4868 assertum
1501 4814 1837 4890 esse,A6-yov
1850 4815 1956 4870 ἀπὸ

317 4909 484 4974 Σιγῆς
514 4897 822 4973 προελθεῖν.
883 4899 1000 4953 Hoc
1056 4905 1254 4954 autem
1287 4917 1548 4970 unquam
1591 4902 1808 4958 diserte
1849 4905 1959 4960 do-

316 4994 505 5049 cuisse
536 4989 912 5046 Valentinum
944 5005 1113 5060 nego.
1149 4988 1206 5041 Si
1236 4988 1566 5060 fragmenta
1617 4993 1818 5047 omnia
1851 4995 1958 5048 Va-

314 5081 784 5137 lentinianorum
818 5077 1100 5145 excutias,
1124 5077 1172 5131 si
1205 5078 1604 5148 expositiones
1635 5097 1843 5137 omnes
1865 5099 1961 5138 eo-

316 5189 446 5228 rum
478 5171 788 5226 sententim
820 5167 1071 5236 evolvas,
1097 5167 1145 5222 si
1191 5168 1424 5240 objecta
1471 5187 1504 5225 a
1535 5171 1630 5226 SS.
1664 5173 1958 5245 Patribus,

320 5260 609 5316 Valentini
635 5258 890 5313 haeresin
923 5273 992 5310 ex
1024 5257 1288 5326 professo
1321 5263 1379 5313 et
1432 5259 1559 5314 fuse
1610 5263 1961 5332 exponenti-

318 5349 449 5416 bus,
473 5347 703 5420 singula
733 5362 1064 5418 percurras,
1097 5362 1402 5417 nunquam
1434 5349 1545 5404 hoc
1574 5349 1663 5405 vel
1704 5349 1775 5405 ab
1814 5351 1960 5421 ipsis

320 5437 612 5492 haereticis
643 5437 950 5506 scriptum,
983 5434 1074 5489 vel
1104 5436 1261 5506 apud
1315 5437 1448 5493 illos
1498 5442 1696 5495 Patres
1726 5440 1964 5510 exposi-

321 5531 445 5579 tum
477 5529 576 5578 aut
605 5524 902 5594 objectum
931 5523 1216 5593 reperies.

393 5615 536 5667 Nam
568 5611 760 5682 primo
790 5629 910 5666 non
942 5613 1239 5682 reperitur
1261 5615 1398 5671 talis
1427 5617 1770 5690 genealogia
1806 5618 1867 5674 in
1887 5618 1964 5675 iis

320 5699 671 5773 fragmentis
700 5698 1274 5771 Valentinianorum,
1307 5720 1439 5775 quae
1494 5706 1821 5764 etiamnum
1859 5723 1963 5763 ex-

2069 4750 2190 4805 praa
2224 4729 2501 4785 omnibus
2535 4727 2671 4782 aliis
2701 4723 2984 4779 AZonibus
3015 4724 3228 4780 exinde
3257 4726 3516 4781 maxima
3545 4727 3727 4796 privi-

2071 4820 2225 4891 legia
2254 4815 2632 4872 accesserint.
2670 4813 2891 4884 Bythus
2941 4810 3019 4866 illi
3070 4812 3202 4881 soli,
3264 4814 3420 4883 quod
3474 4816 3544 4870 ab
3594 4818 3725 4888 ipso

2072 4916 2247 4966 natus
2271 4912 2448 4974 esset,
2483 4910 2661 4960 notus
2692 4903 2824 4959 fuit.
2862 4903 3068 4973 Logus,
3102 4907 3306 4974 utpote
3358 4905 3458 4974 qui
3490 4907 3562 4960 ab
3592 4907 3725 4978 ipso

2073 5015 2194 5055 non
2226 4997 2482 5053 emissus
2516 5000 2624 5062 est,
2659 4999 2724 5048 ut
2745 5009 2857 5047 nec
2889 5009 2923 5046 a
2957 4992 3106 5063 Sige,
3131 4992 3456 5062 Propatora
3485 5011 3604 5050 non
3629 5014 3732 5052 co-

2073 5085 2428 5161 gnovit,ideo
2462 5084 2602 5155 quia
2631 5082 2704 5139 ab
2723 5082 2852 5154 ipso
2884 5086 3058 5137 natus
3072 5098 3193 5136 non
3213 5086 3332 5137 est:
3368 5091 3732 5156 quapropter

2075 5193 2265 5232 caecus
2294 5177 2436 5230 )Eon
2466 5173 2658 5229 dictus
2690 5178 2802 5236 est,
2835 5171 3028 5241 qualis
3088 5188 3121 5226 a
3170 5170 3298 5242 Sige
3332 5173 3523 5227 emitti
3557 5174 3726 5245 Bythi

2075 5261 2287 5334 συζύγῳ
2317 5279 2438 5317 non
2468 5261 2680 5333 potuit.
2714 5264 2994 5328 Irenasus,
3055 5259 3156 5314 lib.
3190 5277 3252 5326 ιι,
3285 5277 3414 5332 cap.
3446 5263 3552 5316 48:
3591 5283 3614 5313 ι
3650 5264 3736 5318 Si-

2077 5353 2302 5408 militer
2315 5357 2514 5408 autem
2529 5366 2734 5406 rursus
2752 5354 2810 5403 et
2824 5348 2895 5402 de
2912 5350 3064 5420 Logo
3077 5348 3309 5403 tertiam
3335 5350 3730 5420 prolationem

2086 5445 2139 5501 ei
2171 5461 2206 5500 a
2235 5445 2409 5500 Patre
2442 5442 2695 5509 donans,
2723 5439 2881 5494 unde
2913 5444 2972 5492 et
3002 5439 3233 5509 ignorat
3262 5441 3742 5513 magnitudinem

2081 5534 2273 5606 ejus.»
2301 5531 2725 5595 Tertullianus,
2759 5543 2888 5597 cap.
2921 5530 2954 5580 9
2989 5543 3002 5581 :
3038 5549 3065 5576 ‹‹
3099 5526 3208 5582 Sed
3244 5533 3302 5582 et
3332 5529 3443 5584 hoc
3467 5533 3742 5602 exceptio

2080 5638 2474 5695 personarum
2499 5626 2611 5687 est,
2646 5616 2804 5688 quod
2827 5613 2989 5670 solus
3033 5615 3132 5671 ille
3182 5619 3300 5672 Nus
3358 5636 3429 5675 ex
3457 5620 3742 5680 omnibus

2081 5710 2364 5770 immensi
2395 5709 2588 5766 Patris
2617 5707 2836 5764 fruitur
2862 5703 3130 5776 notione,
3158 5707 3420 5778 gaudens
3449 5713 3510 5766 et
3537 5710 3738 5770 exsul.
