4064 6134
326 358 444 416 309

1063 361 1119 420 J.
1166 361 1590 424 PEARSONII
1633 363 2010 426 VINDICIE
2051 365 2530 429 IGNATIANIE.
2581 403 2657 416 —
2701 373 2900 432 PARS
2945 372 3025 433 II.

3641 377 3761 437 310

329 497 483 558 tans,
515 489 636 546 illis
667 491 880 563 utique
905 493 1308 550 maerentibus.
1328 517 1356 547 »
1379 496 1487 561 Qui
1514 513 1548 552 a
1566 497 1752 568 Bytho
1787 502 1846 553 et
1867 497 1995 571 Sige
2026 500 2078 567 Α
2109 501 2411 572 magistro,
2436 506 2562 559 tum
2585 519 2619 558 a
2641 503 2854 575 seipsis
2874 521 3030 575 saepe
3051 503 3402 562 dissensisse
3424 521 3631 563 omnes
3652 525 3760 563 no-

331 581 586 637 emissus
618 588 727 648 est,
765 583 880 654 ipsi
935 585 1117 654 Bytho
1172 585 1389 641 similis
1439 591 1498 642 et
1553 586 1798 657 aqualis
1846 587 1997 644 fuit:

340 671 530 742 Logus
561 677 764 726 autem
797 673 1064 742 minime,
1099 674 1200 744 qui
1230 675 1420 731 fuitin
1451 675 1998 733 deminorationem

335 760 613 816 emissus.
639 762 1064 832 Tertullianus,
1087 780 1216 835 cap.
1250 768 1280 816 7
1304 781 1315 818 :
1341 787 1369 814 ιι
1393 764 1650 837 Suscipit
1667 765 1773 821 illa
1796 766 1997 822 statim

334 854 728 922 etpraegnans
750 852 1009 906 efﬁcitur
1037 857 1096 907 et
1123 854 1280 924 parit
1312 853 1515 926 utique
1550 854 1788 910 silentio
1823 855 1954 926 Sige
1979 872 1994 925 ;

329 945 390 993 et
420 955 601 1009 quem
622 941 800 1011 parit,
827 943 944 996 Nus
967 946 1076 1010 est,
1102 942 1475 1000 simillimum
1515 943 1670 1000 Patri
1701 949 1762 1000 et
1787 961 1995 1016 parem

327 1043 437 1097 per
457 1029 681 1086 omnia.
703 1052 733 1080 »
755 1031 1148 1100 IrenaeusJib.
1172 1047 1232 1095 ιι,
1257 1049 1389 1104 cap.
1421 1035 1525 1088 2L:
1553 1055 1581 1083 «
1606 1035 1753 1090 Eum
1777 1034 1877 1105 qui
1900 1039 1994 1089 est

326 1135 358 1173 a
387 1120 480 1173 Nu
505 1119 853 1190 Propatoris
883 1119 987 1189 (ita
1012 1119 1165 1193 lego)
1196 1120 1462 1191 ipsorum
1491 1121 1746 1178 emissus
1781 1123 1987 1178 Sermo

324 1209 386 1262 in
414 1209 955 1264 deminorationem
976 1210 1259 1266 emissum
1283 1210 1654 1268 dicunt.Nun
1676 1212 1838 1266 enim
1855 1228 1991 1282 per-

322 1299 547 1353 fectum
570 1315 605 1353 a
625 1299 890 1370 perfecto
919 1300 1102 1370 Bytho
1125 1305 1589 1373 progeneratum
1599 1301 1728 1373 jam
1754 1318 1874 1356 non
1891 1317 1990 1373 po-

325 1389 512 1443 tuisse
546 1405 680 1444 eam
712 1405 845 1459 qua;
877 1406 949 1444 ex
971 1406 1039 1445 eo
1066 1394 1156 1445 est
1195 1390 1581 1446 emissionem
1628 1391 1826 1447 facere
1854 1409 1988 1463 per-

320 1477 562 1545 fectam,
596 1478 700 1534 sed
731 1478 1090 1535 obcaecatam
1109 1479 1266 1535 circa
1286 1481 1656 1552 agnitionem
1680 1485 1742 1535 et
1759 1481 1984 1553 magni-

321 1567 596 1623 tudinem
629 1567 840 1636 Patris,
873 1573 932 1622 et
962 1568 1321 1624 Salvatorem
1353 1569 1689 1641 symbolum
1713 1571 1980 1642 mysterii

319 1656 506 1726 hujus
529 1657 862 1711 ostendisse
885 1656 945 1710 in
967 1673 1036 1712 eo
1064 1657 1222 1728 quia
1242 1658 1548 1714 nativitate
1570 1675 1762 1714 caecus
1790 1658 1922 1714 fuit.
1946 1680 1974 1710 »ι

323 1745 453 1800 Hac
484 1746 668 1817 igitur
715 1752 857 1802 sunt
915 1748 974 1802 in
1033 1747 1330 1803 Valentini
1388 1748 1592 1804 schola
1647 1749 1980 1804 certissima

2108 596 2267 647 runt.
2299 591 2589 661 Secundo,
2620 595 2869 649 Eonum
2891 595 3257 667 genealogia,
3283 613 3461 668 quam
3494 598 3764 654 Blondel-

2109 677 2202 733 lus
2231 685 2638 751 repraesentat,
2672 683 2735 737 in
2765 699 2834 737 eo
2862 681 3190 755 fragmento
3214 685 3462 742 minime
3490 687 3757 744 contine-

2109 773 2224 836 tur,
2257 771 2362 826 sed
2389 771 2566 843 plane
2597 772 2731 843 alia,
2767 789 2981 845 nempe
3011 791 3023 828 :

2674 956 2896 1027 Bythus
2928 986 2994 1098 ἷ-
3027 958 3155 1030 Sige

2851 1101 3025 1156 Pater

2702 1172 2879 1226 Pater
2907 1203 2973 1213 -—
3005 1172 3134 1244 Sige

2924 1244 2938 1324 l

2808 1315 3034 1370 Veritas

2700 1385 2876 1441 Pater
2904 1417 2972 1426 —
3002 1387 3229 1443 Veritas

2680 1527 2889 1596 Homo,
2921 1461 3185 1584 IIEcclesia

2697 1599 2924 1669 Sermo,
2961 1600 3106 1657 Vita.

2089 1755 2432 1813 Blondellus
2464 1759 2706 1830 quidem
2731 1760 2906 1815 verba
2927 1761 3201 1830 quadam
3225 1777 3296 1817 ex
3319 1778 3386 1818 eo
3411 1763 3742 1835 fragmento

317 1835 620 1938 dogmata.
644 1837 805 1938 .Nun,
831 1837 974 1936 quia
998 1853 1032 1892 a
1064 1838 1248 1937 Bytho
1298 1838 1529 1938 etHS‘ige
1560 1838 1815 1938 emissus
1864 1843 1974 1904 est,
2006 1873 2054 1938 Β
2086 1844 2160 1899 ad
2179 1861 2345 1901 suam
2368 1847 2772 1919 genealogiam
2794 1848 3152 1905 ﬁrmandam
3173 1851 3515 1921 recitat,sed
3535 1853 3740 1908 admo-

314 1925 576 1994 Bythum
600 1925 946 1996 plenissime
975 1927 1336 1998 cognovisse,
1370 1926 1578 1998 illique
1611 1927 1898 1998 aequalem
1918 1934 1976 1982 et
2006 1925 2052 1938 “’
2083 1936 2225 1992 dum
2257 1937 2458 1994 dolose
2483 1956 2498 1993 ε
2533 1955 2601 1994 ea
2623 1940 2782 1995 enim
2805 1940 3044 2010 omittit,
3071 1959 3202 2013 qua;
3233 1941 3308 1998 ad
3330 1959 3456 1998 rem
3475 1944 3731 1999 maxime

309 2031 525 2085 parem
558 2031 722 2070 esse:
757 2017 1010 2087 Bythum
1040 2022 1241 2073 autem
1286 2023 1345 2072 et
1374 2017 1546 2089 Sigen
1585 2017 1733 2073 alios
1761 2020 1974 2073 onnas

309 2122 720 2176 progenerare
751 2106 1036 2175 noluisse,
1061 2106 1314 2178 ideoque
1334 2109 1464 2162 Nun
1486 2109 1872 2180 Monogenem
1889 2108 1974 2164 di-

309 2199 477 2249 ctum
509 2194 715 2250 fuisse.
756 2197 828 2251 Ut
865 2201 1063 2251 autem
1120 2196 1222 2252 alii
1274 2198 1484 2252 :Eones
1536 2197 1970 2265 emitterentur,

309 2285 440 2337 Nun
472 2284 658 2338 etiam
689 2285 923 2340 Archen
951 2289 1009 2340 et
1037 2287 1272 2341 Patrem
1304 2286 1548 2342 factum.
1596 2287 1813 2359 Logum
1863 2303 1967 2342 au-

307 2373 566 2443 tem,qui
588 2373 662 2428 ab
677 2390 746 2428 eo
765 2379 1188 2446 progeneratus
1212 2381 1322 2442 est,
1346 2375 1407 2429 in
1427 2374 1969 2432 deminorationem

307 2462 610 2532 generari,
645 2479 714 2517 eo
738 2463 898 2533 quod
929 2481 1000 2518 ex
1059 2464 1242 2534 Bytho
1293 2468 1352 2519 et
1399 2464 1531 2536 Sige
1554 2465 1807 2520 emissus
1846 2482 1966 2520 non

308 2551 754 2622 esset,ideoque
775 2553 1025 2623 Bythum
1048 2570 1293 2624 prorsus
1315 2553 1606 2625 ignorare,
1640 2559 1698 2608 et
1722 2556 1966 2609 Eonem

306 2657 532 2695 caecum
565 2640 703 2695 dici.
737 2643 907 2696 Patet
935 2642 1136 2713 itaque
1169 2643 1229 2696 in
1260 2642 1490 2697 scholia
1529 2642 1825 2698 Valentini
1861 2644 1963 2699 Lo-

308 2747 444 2800 gum
479 2746 515 2785 a
547 2730 734 2801 Bytho
764 2730 855 2785 vel
885 2730 1016 2802 Sige
1044 2732 1329 2786 emissum
1362 2729 1479 2786 dici
1528 2748 1648 2786 non
1677 2732 1965 2803 potuisse.

374 2822 741 2889 Blondellus,
767 2828 832 2877 ut
851 2823 977 2878 haac
1001 2824 1489 2890 evitaret,miram
1511 2823 1684 2880 nobis
1713 2826 1964 2880 Eonum

313 2911 713 2983 genealogiam
745 2911 1022 2983 pertexit,
1056 2918 1116 2967 et
1141 2912 1695 2968 Valentinianorum
1728 2919 1964 2969 senten-

309 2999 440 3054 tiam
471 3001 586 3055 hoc
621 3000 798 3055 modo
831 3000 1088 3056 efﬁctam
1117 3001 1424 3073 exprimit:
1449 3025 1475 3052 ‹‹
1497 3001 1852 3074 Supremum
1875 3002 1962 3058 illi

303 3091 542 3144 £onem
564 3090 933 3146 somniantes
957 3089 1124 3145 Βυθὸν
1157 3107 1191 3146 a
1215 3107 1278 3146 se
1295 3096 1355 3147 et
1369 3090 1693 3165 προπάτορα
1711 3092 1959 3162 dictum,

305 3178 398 3248 qui
435 3196 508 3233 ex
544 3183 714 3252 Σιγῆς
747 3179 1062 3250 complexu
1092 3180 1393 3251 geminam
1423 3180 1651 3251 prolem
1683 3181 1832 3235 Νοῦν
1855 3197 1961 3236 seu

304 3265 522 3338 Πατέρα
553 3263 926 3337 θιἋλήθειαν
957 3269 1352 3340 suscepisset;
1395 3285 1602 3325 rursus
1655 3270 1796 3324 Νοῦν
1857 3286 1961 3326 seu

301 3350 514 3430 Πατέρα
547 3359 688 3430 Σιγῇ
720 3358 900 3413 matri
932 3358 1311 3414 commistum
1344 3357 1524 3432 Λόγον
1552 3358 1641 3412 καὶ
1673 3359 1827 3427 Ζωήν
1858 3377 1960 3432 ge-

301 3448 504 3502 nuisse
530 3447 858 3518 ﬁngebant.
884 3468 911 3497 ››
937 3449 1070 3503 Haec
1090 3448 1270 3520 igitur
1289 3464 1493 3504 corum
1515 3449 1959 3521 genealogia,ex

300 3535 594 3590 Blondelli
620 3536 918 3592 sententia
947 3553 959 3590 :

877 3681 1098 3752 Bythus
1129 3707 1196 3723 -
1231 3680 1384 3752 Sige.

979 3824 1098 3878 Nus
1127 3753 1168 3874 ἶι
1199 3823 1424 3877 Veritas

980 3896 1100 3949 Nus
1131 3925 1198 3935 —-
1228 3895 1361 3966 Sige

985 3966 1212 4030 Sermo,
1250 3967 1398 4022 Vita.

302 4088 491 4142 Aliam
515 4087 734 4142 fatetur
749 4087 1095 4157 exposuisse
1126 4089 1356 4154 Patres;
1380 4087 1534 4142 hanc
1560 4093 1755 4142 autem
1789 4103 1958 4143 acce-

297 4177 455 4246 pisse
489 4193 552 4231 se
584 4176 668 4231 ait
700 4193 768 4230 ex
809 4176 1138 4247 fragmento
1192 4175 1329 4228 libri
1387 4176 1956 4245 Valentinianorum,

302 4266 460 4336 quod
492 4266 566 4320 ab
599 4265 928 4336 Epiphanio
961 4267 1204 4319 Panario
1235 4282 1340 4319 suo
1374 4266 1663 4320 insertum
1682 4272 1790 4322 est.
1826 4268 1958 4321 Haec

300 4355 397 4410 ille
431 4357 492 4410 in
525 4355 872 4426 praefatione
907 4354 978 4409 ad
1000 4355 1369 4427 Apologiam.
1396 4356 1460 4410 In
1477 4357 1632 4410 notis
1664 4362 1862 4412 autem
1884 4357 1957 4411 ad

301 4445 616 4516 epistolam
652 4445 837 4500 lsaaci
874 4444 1059 4498 Vossii
1111 4445 1324 4499 asserit
1368 4445 1587 4500 librum
1641 4462 1776 4500 eum
1828 4462 1955 4500 esse

300 4535 488 4605 ipsius
523 4533 844 4598 Valentini,
880 4539 937 4587 et
986 4533 1313 4588 secundum
1348 4551 1482 4589 eum
1513 4533 1686 4608 Λόγον
1722 4552 1754 4590 a
1780 4533 1871 4590 Nu
1901 4539 1961 4589 et

2080 2026 2334 2093 faciunt;
2357 2034 2559 2083 nostra
2575 2034 2774 2084 autem
2801 2047 2870 2085 ex
2899 2030 3044 2102 ipsis
3074 2030 3389 2103 fragmenti
3420 2033 3610 2088 verbis
3642 2034 3726 2089 sic

2081 2114 2340 2171 dilucide
2353 2117 2670 2190 colligitur.
2689 2119 3134 2175 Valentinianus
3153 2120 3255 2174 ille
3267 2121 3460 2191 primo
3474 2123 3726 2192 Bythum

2082 2210 2140 2261 et
2177 2204 2351 2278 Sigen
2409 2205 2770 2272 describens,
2823 2209 3053 2279 inquit:
3097 2209 3197 2264 Καὶ
3249 2206 3384 2277 αὐτὴ
3436 2208 3586 2280 αὐτῷ
3632 2231 3725 2282 μι-

2077 2295 2235 2370 γεῖσα
2249 2291 2590 2350 ἀναδείκνυσι
2612 2297 2821 2369 Πατέρα
2838 2302 2936 2364 τῆς
2959 2296 3310 2367 Ἀληθείας.»
3337 2300 3728 2372 Primaigitur

2080 2385 2322 2440 emissio
2345 2391 2434 2441 est
2457 2402 2574 2458 qua
2596 2389 2770 2443 Pater
2789 2387 3052 2443 veritatis
3078 2404 3147 2442 ex
3178 2389 3362 2460 Bytho
3395 2393 3452 2444 et
3468 2389 3597 2461 Sige
3627 2406 3725 2462 ge.

2080 2479 2341 2544 neratur,
2375 2491 2553 2546 quem
2587 2481 2647 2531 et
2674 2472 2958 2548 ἄνθρωπον
3007 2476 3316 2533 vocabant.
3367 2475 3515 2532 Μετὰ
3562 2479 3724 2531 τοῦτο

2078 2558 2134 2616 δὲ
2186 2563 2220 2631 ἡ
2276 2564 2413 2637 Σιγή
2474 2563 2706 2642 φυσικὴν
2760 2562 2989 2636 ἑνότητα
3045 2565 3223 2643 φωτὸς
3281 2565 3722 2641 προενεγκαμένη

2077 2649 2169 2705 σὺν
2200 2655 2280 2722 τῷ
2309 2650 2582 2725 ἀνθρώπῳ
2613 2652 2701 2725 (ἦν
2726 2650 2774 2706 δ’
2805 2649 2992 2716 αὒταῖς
3020 2655 3054 2722 ἡ
3088 2651 3399 2716 συνέλευσις
3429 2655 3493 2709 τὸ
3513 2653 3715 2729 θέλειν)

2074 2738 2163 2793 καὶ
2221 2736 2558 2794 ἀναδείκνυσι
2619 2743 2718 2811 τήν
2777 2741 3096 2811 Ἀλήθειαν.
3154 2765 3184 2794 ‹‹
3243 2744 3452 2800 Postea
3521 2749 3721 2800 autem

2076 2829 2204 2900 Sige
2235 2830 2572 2886 naturalem
2603 2831 2892 2887 unitatem
2924 2831 3075 2886 lucis
3104 2831 3410 2903 proferens
3459 2849 3594 2888 cum
3624 2832 3726 2887 ho-

2074 2918 2236 2974 mine
2260 2917 2410 2991 (erat
2428 2924 2626 2975 autem
2659 2919 2776 2975 illis
2799 2920 2946 2975 velle
2969 2922 3722 2994 congressus),paritetiam

2072 3007 2416 3065 Veritatem.
2445 3031 2471 3058 ››
2496 3009 2766 3065 Secunda
2790 3009 2969 3081 igitur
2989 3010 3231 3066 omissio
3250 3014 3466 3082 estqua
3490 3011 3714 3065 Veritas

2073 3114 2144 3152 ex
2171 3098 2366 3167 Patre,
2421 3114 2524 3154 seu
2573 3098 2840 3168 homine,
2899 3104 2957 3153 et
3014 3099 3142 3172 Sige
3181 3106 3516 3172 generatur.
3569 3099 3722 3154 Μετᾶ

2071 3186 2232 3241 τοῦτο
2262 3187 2296 3254 ἡ
2335 3185 2600 3256 Ἀλήθεια
2653 3188 2928 3262 μητρικήν
2976 3187 3419 3263 προενεγκαμένη
3466 3208 3722 3263 προυνει-

2071 3275 2191 3329 κίαν
2249 3271 2476 3346 ἐθήλυνε
2529 3275 2622 3330 τὸν
2680 3277 2892 3352 Πατέρα
2939 3277 3136 3346 ἑαυτῆς
3196 3277 3272 3338 είς
3349 3277 3570 3348 ἑαυτὴν,
3629 3277 3718 3331 καὶ

2071 3365 2330 3440 συνῄεσαν
2363 3365 2574 3429 ἑαυτοῖς
2610 3367 2867 3445 ἀφθάρτῳ
2919 3367 3059 3442 μίξει
3110 3370 3202 3423 καὶ
3251 3369 3515 3445 ἀγηράτῳ
3567 3371 3720 3444 [lego

2069 3455 2352 3530 ἂκηράτῳ]
2400 3456 2706 3532 συγκράσει,
2757 3457 2847 3511 καὶ
2901 3455 3236 3512 ἀναδείκνυσι
3291 3455 3516 3532 τετράδα
3558 3480 3720 3514 πνευ-

2074 3546 2308 3618 ματικὴν
2369 3545 2758 3622 ἀρῥενόθηλυν,
2810 3545 3095 3603 ἀντίτυπον
3147 3554 3247 3618 τῆς
3298 3549 3578 3622 προούσης
3631 3571 3722 3604 τε-

2069 3630 2284 3708 τράδος.
2319 3658 2347 3687 ‹‹
2371 3639 2583 3693 Postea
2615 3638 2839 3692 Veritas
2869 3643 3200 3694 maternam
3219 3638 3526 3711 proferens
3549 3639 3722 3694 lasci-

2071 3728 2244 3796 viam,
2277 3729 2646 3783 effeminavit
2691 3729 2924 3784 Patrem
2981 3746 3154 3785 suum
3205 3730 3278 3785 ad
3328 3729 3608 3800 seipsam,
3661 3734 3720 3785 et

2071 3817 2371 3888 congressi
2403 3822 2540 3872 sunt
2561 3817 2813 3873 invicem
2835 3817 3181 3890 incorrupta
3208 3819 3576 3887 mistione,et
3605 3819 3717 3873 im-

2068 3905 2304 3960 mortali
2331 3906 2510 3976 coitu,
2543 3911 2601 3960 et
2619 3907 2775 3977 parit
2800 3906 3090 3962 tetradem
3121 3907 3487 3978 spiritualem
3504 3907 3719 3976 prioris

2069 3994 2314 4050 tetradis
2346 3996 2910 4067 repraasentativam.
2949 4019 2970 4045 ι
3007 3996 3199 4051 Lertia
3247 3996 3423 4068 igitur
3476 3997 3716 4052 emissio

2070 4089 2176 4138 est.
2211 4100 2329 4155 qua
2356 4083 2620 4140 secunda
2649 4089 2832 4139 tetras
2865 4085 3072 4156 (Homo
3103 4090 3162 4139 et
3189 4085 3473 4154 Ecclesia,
3514 4087 3717 4140 Sermo

2072 4179 2129 4229 et
2159 4175 2330 4244 Vita),
2367 4191 2436 4229 ex
2464 4176 2635 4229 Patre
2669 4180 2725 4228 et
2755 4175 3012 4229 Veritate
3042 4181 3320 4247 generata
3337 4179 3444 4232 est.
3477 4176 3608 4230 Haac
3631 4180 3720 4229 est

2069 4263 2412 4334 genealogia
2440 4265 2689 4319 Eonum
2721 4265 2927 4334 prima)
2959 4264 3240 4336 ogdoadis
3278 4265 3340 4319 in
3391 4264 3718 4337 fragmento

2071 4352 2206 4406 libri
2233 4352 2778 4408 Valentinianorum
2801 4352 2957 4424 apud
2983 4354 3378 4426 Epiphanium
3394 4353 3716 4428 descripta;

2070 4458 2139 4497 ex
2171 4458 2285 4512 quo
2317 4459 2527 4498 novam
2560 4442 2735 4514 plane
2767 4449 2824 4497 et
2863 4443 3150 4498 hactenus
3181 4444 3510 4500 inauditam
3543 4448 3718 4505 Blon-

2070 4528 2263 4585 dellus
2293 4531 2453 4593 fecit.
2487 4548 2665 4602 quam
2697 4549 2808 4586 nec
2839 4533 2900 4586 in
2932 4548 3000 4586 eo
3031 4533 3384 4604 fragmento,
3417 4550 3526 4591 nec
3576 4538 3718 4592 alibi

299 4625 427 4694 Sige
465 4623 810 4677 immediate
841 4623 1223 4693 processisse.
1255 4623 1367 4677 Sed
1416 4624 1607 4694 primo
1660 4623 1812 4677 liber
1855 4623 1954 4678 ille
1995 4615 2032 4677 Ῐ)
2063 4619 2348 4690 reperias.
2380 4621 2540 4676 Hanc
2570 4627 2769 4676 autem
2800 4621 2925 4692 ipse
2945 4628 3316 4680 commentus
3345 4630 3526 4694 est,ut
3544 4626 3714 4700 Λόγον

303 4713 615 4766 Valentino
642 4711 753 4782 ipsi
777 4711 904 4765 sine
921 4711 1040 4765 ullo
1064 4711 1453 4766 fundamento
1473 4713 1958 4767 ascribitur.Nam

297 4801 668 4872 Epiphanius
699 4805 907 4854 contra
939 4799 1384 4855 Valentinianos
1417 4801 1726 4873 disputans
1759 4807 1813 4856 et
1836 4802 1955 4856 fra-

296 4899 609 4964 gmentum
633 4891 811 4962 hujus
834 4890 970 4944 libri
1000 4892 1278 4960 recitans,
1304 4909 1439 4947 eum
1464 4898 1631 4948 vocat
1653 4892 1753 4960 τήν
1780 4890 1953 4945 αὐτῶν

301 4976 519 5054 βίϐλον·
556 4997 680 5035 non
711 4981 851 5050 ejus,
887 4979 990 5034 sed
1021 4997 1206 5035 eorum
1238 4981 1478 5050 librum,
1513 4981 1765 5054 alicujus
1798 4982 1960 5037 scili-

299 5077 392 5125 cet
424 5069 855 5134 Valentiniani,
889 5085 1008 5123 non
1040 5069 1228 5139 ipsius
1259 5070 1586 5139 Valentini;
1612 5076 1668 5126 ct
1689 5071 1760 5127 ad
1776 5071 1958 5125 ﬁnem

294 5160 616 5233 fragmenti
660 5158 859 5213 addit:
918 5156 1014 5209 Καὶ
1062 5160 1228 5211 ταῦτα
1282 5159 1375 5230 μὶν
1428 5159 1534 5213 ἀπὸ
1597 5160 1794 5232 μέρους
1848 5163 1958 5212 τῶν

295 5243 533 5320 βιϐλίων
567 5245 744 5300 αὐτῶν
771 5244 1073 5320 παραθέντα
1103 5243 1210 5307 ἕως
1244 5243 1352 5300 ὧδέ
1399 5267 1492 5319 μοι
1543 5245 1801 5319 εἰρήσθω,
1836 5270 1864 5297 ‹‹
1899 5251 1958 5302 et

293 5340 421 5394 haec
452 5337 698 5409 quidem
731 5353 800 5390 ex
831 5341 998 5406 parte
1029 5336 1320 5391 librorum
1352 5354 1559 5392 eorum
1584 5338 1810 5393 inserta
1845 5338 1956 5392 huc

290 5447 483 5501 usque
509 5429 656 5483 mihi
676 5427 836 5482 dicta
857 5432 1054 5481 sunto.
1082 5447 1110 5475 ››
1133 5427 1256 5481 lmo
1271 5427 1592 5482 falsissimo
1615 5428 1726 5499 ipsi
1753 5427 1955 5481 Valen-

293 5522 418 5575 tino
453 5516 746 5588 assignari
779 5520 1008 5570 certum
1040 5519 1149 5570 est.
1183 5515 1323 5584 Ejus
1355 5517 1517 5571 enim
1549 5516 1788 5588 propria
1823 5531 1956 5570 sen-

292 5609 483 5665 tentia
506 5607 580 5662 ab
605 5607 829 5661 lrenzeo
853 5605 1268 5674 refertur,quaa
1290 5605 1361 5659 ab
1389 5605 1570 5676 hujus
1594 5605 1727 5660 libri
1745 5604 1954 5659 delirio

294 5698 557 5758 multum
588 5695 890 5765 discrepat
921 5711 934 5759 ;
969 5697 1027 5748 et
1057 5693 1352 5748 Valentini
1393 5693 1718 5765 discipulos
1768 5699 1892 5749 tum
1924 5709 1958 5747 a

2068 4725 2241 4763 suum
2264 4709 2833 4782 exSigeimmediate
2857 4711 3240 4782 produceret;
3261 4714 3417 4783 quod
3437 4715 3714 4770 omnibus

2068 4798 2617 4854 Valentinianorum
2649 4800 3008 4871 genealogiis
3042 4807 3346 4873 repugnat.
3386 4805 3454 4856 Et
3475 4809 3711 4857 senten-

2067 4889 2210 4942 tiam
2234 4904 2400 4942 suam
2417 4889 2653 4943 ﬁrmare
2672 4889 2902 4942 videtur
2914 4905 2982 4943 ex
3003 4889 3194 4943 verbis
3212 4908 3341 4961 quae
3361 4899 3711 4961 sequuntur,

2067 4973 2188 5042 ἣτις
2218 4975 2285 5043 ἦν
2318 4975 2512 5043 Βυθὸς,
2549 4977 2705 5050 Σιγὴ,
2761 4978 2967 5044 Πατὴρ,
3023 4975 3298 5045 Ἀλήθεια·
3333 4979 3467 5046 αὓτη
3502 4977 3558 5033 δὲ
3589 4982 3622 5048 ἡ
3657 4979 3716 5035 έκ

2064 5067 2162 5117 τοῦ
2195 5065 2404 5137 Πατρός
2429 5066 2518 5118 καὶ
2565 5072 2666 5132 τῆς
2720 5070 2890 5139 Σιγῆς
2937 5064 3145 5136 τετρὰς,
3197 5070 3536 5140 Ἄνθρωπος,
3591 5069 3716 5124 Ἐγ-

2066 5152 2290 5220 κλησία.
2327 5154 2526 5227 Λόγον,
2561 5155 2705 5222 Ζωή.
2743 5154 2855 5209 Sed
2889 5155 2936 5207 si
2958 5154 3084 5208 haac
3115 5155 3292 5210 verba
3316 5156 3543 5227 aliquid
3582 5177 3716 5231 pro-

2067 5242 2297 5310 barent,
2355 5241 2527 5314 Λόγον
2562 5259 2596 5297 a
2626 5243 2756 5311 Sige
2807 5257 2927 5295 non
2975 5243 3316 5298 immediate
3367 5244 3716 5315 productam

2067 5331 2350 5386 docerent
2373 5347 2385 5396 ;
2403 5337 2544 5386 sunt
2565 5331 2724 5384 enim
2749 5331 3156 5385 tantummodo
3178 5333 3443 5401 priorum
3457 5335 3717 5406 explica-

2067 5421 2180 5488 tio;
2213 5421 2275 5475 in
2305 5420 2604 5492 prioribus
2635 5424 2834 5474 autem
2867 5419 3128 5474 secunda
3149 5425 3329 5476 tetras
3354 5439 3473 5478 non
3502 5425 3716 5481 imme-

2066 5514 2223 5570 diate
2254 5528 2289 5566 a
2318 5510 2468 5582 Sige,
2505 5507 2608 5562 sed
2638 5523 2672 5562 a
2696 5506 2949 5560 Veritate
2975 5507 3357 5576 producitur:
3390 5511 3515 5567 haec
3539 5513 3716 5585 igitur

2065 5603 2140 5659 ad
2172 5599 2530 5658 sententiam
2563 5595 2854 5652 Blondelli
2886 5595 3032 5650 nihil
3054 5598 3298 5654 omnino
3330 5599 3570 5658 faciunt.
3601 5603 3711 5657 Sed

2065 5701 2132 5752 ut
2157 5696 2217 5749 in
2245 5694 2346 5749 illo
2378 5692 2711 5763 fragmento
2745 5689 2931 5744 multa
2963 5697 3240 5762 corrupta
3288 5700 3444 5764 sunt,
3488 5696 3568 5749 ita
3614 5695 3709 5749 hic
