4064 6134
277 347 391 408 311

1345 337 1410 405 S.
1459 339 1855 406 IGNATIUS.
1903 374 1980 386 —
2021 343 2642 405 PROLEGOMENA.

3569 345 3693 404 312

284 483 467 539 etiam
486 480 650 538 locus
671 480 817 535 mihi
843 493 1022 534 sanus
1055 495 1177 535 non
1207 479 1472 546 videtur;
1504 496 1644 535 nam
1683 481 1774 536 vel
1795 478 1929 550 αὕτη
1964 482 2017 548 Α
2044 481 2176 535 Nun
2205 478 2392 534 velint
2421 478 2615 551 Logon
2646 478 2926 534 henuisse
2951 493 2964 532 :
2998 493 3306 549 nunquam
3336 482 3536 534 tamen
3560 494 3696 533 eum

279 569 338 626 δὶ
368 573 402 638 ἠ
438 569 497 624 ἐκ
523 572 620 624 τοῦ
651 568 861 642 Ιιατρὸς
893 566 983 622 καὶ
1013 574 1113 636 τῆς
1169 574 1338 642 Σιγῆς
1389 565 1679 637 Ἀλήθειαν
1730 570 1933 625 imme.

283 663 441 719 diate
473 659 909 732 preacedentem
942 665 1187 730 spectat,
1220 676 1350 730 quae
1399 659 1727 716 secundum
1776 661 1933 715 hunc

2043 569 2238 640 Logon
2272 585 2343 622 ex
2375 568 2503 638 Sige
2537 567 2822 623 emissum
2861 567 3274 622 admittebant.
3332 567 3551 638 Bythus
3600 567 3696 622 hic

2044 675 2115 713 ex
2135 657 2265 729 Sige
2285 662 2568 727 tanquam
2593 673 2663 712 ex
2687 656 2808 712 filia
2837 673 2943 712 sua
2979 661 3226 727 generat
3271 655 3490 711 liberos
3516 672 3528 710 :
3557 663 3618 711 at
3646 656 3694 711 si

289 751 773 807 Valentinianum
801 766 868 803 ex
899 750 1069 803 Patre
1103 754 1160 803 et
1216 749 1344 821 Sige
1385 754 1672 820 prognata
1719 755 1828 817 est,
1879 753 1937 804 et
2044 746 2496 802 Valentinianus
2527 747 2823 816 quispiam
2857 747 3013 802 dicat
3043 749 3171 801 Nun
3205 763 3311 802 seu
3358 747 3592 802 Patrem
3626 763 3696 802 ex

284 845 428 898 tunc
460 838 684 910 aliquid
715 844 854 893 ante
885 843 1234 907 sequentem
1267 855 1469 892 vocem
1498 835 1686 910 τετράς
1739 837 1936 904 deest;

285 929 375 984 vel
403 945 508 1001 pro
541 932 716 1000 Σιγῆς
749 928 996 982 omnino
1024 926 1338 999 legendum
1383 933 1474 982 est
1517 923 1834 996 Ἀληθείας,
1870 931 1939 980 ut

297 1018 426 1073 haac
454 1016 931 1089 praacedentibus
961 1017 1334 1071 conveniant.
1367 1018 1606 1072 Frustra
1626 1017 1803 1072 etiam
1826 1016 1941 1070 huc

285 1107 532 1162 advocat
563 1106 906 1161 Blondellus
951 1111 1228 1176 corrupta
1277 1106 1381 1160 illa
1423 1106 1599 1161 verba
1645 1105 1847 1177 Cyrilli
1880 1106 1941 1159 in

289 1196 585 1253 catecbesi
619 1199 650 1249 6
683 1212 696 1249 :
727 1193 1014 1266 Ἐγέννησε
1044 1195 1234 1268 Σιγὴν,
1264 1191 1350 1247 καὶ
1393 1193 1500 1248 ἀπὸ
1532 1199 1706 1268 Σιγῆς
1733 1190 1942 1247 ἐτεκνο-

293 1283 439 1338 ποίει
469 1283 673 1358 Λόγου.
712 1286 899 1340 Locus
931 1285 1030 1338 ille
1062 1284 1260 1339 adhuc
1287 1285 1347 1338 in
1377 1285 1594 1339 mendo
1617 1284 1812 1352 cubat,
1835 1300 1944 1338 nec

297 1374 370 1429 ab
403 1375 727 1444 interprete
756 1373 1094 1428 intellectus
1125 1379 1232 1428 est.
1267 1373 1389 1428 Ὂτι
1421 1373 1448 1425 ὁ
1480 1373 1650 1436 Βυθὸς
1701 1371 1946 1445 ἐγέννησε

300 1463 499 1537 Σιγήν,
531 1461 622 1516 καὶ
652 1461 757 1516 ἀπὸ
814 1469 914 1530 τῆς
975 1468 1144 1536 Σιγῆς
1202 1459 1530 1516 ἐτεγνοποίει
1589 1461 1793 1536 Λόγου,
1850 1463 1946 1515 τοῦ

293 1552 422 1624 παρ’
466 1550 737 1620 Ἕλλησιν
781 1551 925 1614 Διός³
987 1550 1143 1612 οὗτος
1201 1549 1404 1628 χείρων
1456 1554 1553 1605 τοῦ
1609 1553 1677 1623 τῇ
1737 1547 1946 1627 ἀδελφῇ

299 1641 659 1717 μιγνυμένου·
689 1642 872 1694 τέκνον
931 1639 1034 1714 γὰρ
1096 1645 1229 1693 εἶναι
1276 1643 1372 1693 τοῦ
1420 1641 1596 1702 Βυθοῦ
1664 1636 1880 1712 ἐλέγετο
1912 1640 1946 1706 ἡ

295 1731 515 1800 Σιωπή.
541 1732 627 1785 lta
649 1731 848 1785 Graeca
870 1730 1046 1784 verba
1069 1730 1226 1784 edita
1250 1735 1309 1784 et
1339 1729 1616 1784 distincta
1635 1733 1792 1797 sunt,
1818 1745 1948 1798 quae

295 1821 553 1876 Joannes
586 1819 905 1874 Grodecius
948 1820 1030 1873 sic
1073 1819 1498 1890 interpretatus
1551 1823 1676 1873 est:
1730 1841 1749 1866 ι
1784 1815 1950 1882 Quod

298 1909 540 1979 Bythos,
573 1909 632 1962 id
665 1913 756 1963 est
794 1908 1178 1979 profundum,
1209 1909 1480 1979 genuerit
1506 1908 1699 1980 Sigen,
1755 1908 1812 1962 id
1867 1913 1956 1962 est

311 1997 713 2064 Silentium,et
731 1998 800 2052 de
821 1998 948 2068 Sige
967 1998 1293 2068 procrearit
1309 1998 1630 2070 Logon,qui
1644 1998 1871 2068 Jupiter
1883 1997 1958 2052 sit

309 2086 650 2159 gentilibus,
677 2087 1010 2141 etdeterior
1031 2103 1097 2141 ac
1122 2087 1367 2140 inferior
1383 2103 1452 2141 eo
1471 2087 1570 2157 qui
1595 2103 1728 2142 cum
1757 2102 1956 2141 sorore

308 2175 384 2230 sit
416 2177 648 2231 mistus.
684 2177 815 2246 Sige
848 2177 1007 2231 enim
1041 2176 1208 2246 Bythi
1254 2175 1374 2229 ﬁlia
1404 2175 1783 2230 dicebatur.»
1816 2177 1960 2230 Mira

304 2262 402 2318 hic
435 2263 616 2318 tradit
642 2263 936 2334 interpres
969 2263 1040 2316 de
1073 2264 1223 2334 Logo
1281 2262 1694 2318 Valentiniano
1747 2263 1846 2333 qui
1879 2263 1956 2316 sit

304 2355 532 2425 Jupiter
561 2352 880 2424 gentilibus
911 2352 1072 2422 Legit
1103 2353 1400 2406 enimvero
1439 2351 1499 2406 in
1543 2368 1654 2407 ms.
1703 2368 1809 2406 suo
1859 2368 1956 2405 vo-

311 2461 440 2500 cem
465 2441 668 2517 Λόγου,
698 2441 801 2496 sed
828 2446 1101 2510 corrupte
1125 2446 1445 2507 exaratam,
1463 2457 1643 2510 quare
1659 2445 1714 2495 et
1737 2457 1771 2495 a
1799 2440 1963 2510 prio-

308 2533 475 2588 ribus
498 2535 556 2586 et
571 2546 604 2584 a
631 2529 1014 2599 sequentibus
1037 2529 1097 2583 in
1117 2529 1333 2582 Graecis
1355 2529 1644 2593 distinxit,
1661 2529 1723 2584 in
1743 2529 1963 2584 Latinis

311 2628 510 2678 autem
545 2621 783 2689 utrique
815 2619 1125 2673 sententia;
1159 2619 1487 2690 conjunxit,
1540 2636 1677 2674 cum
1717 2617 1964 2672 ἐκτεκνο-

307 2711 453 2765 nolet
489 2709 841 2780 composuit,
874 2725 942 2763 ac
965 2708 1013 2762 si
1047 2709 1334 2778 scriptum
1368 2713 1525 2763 esset
1547 2707 1722 2782 Λόγον
1742 2709 1968 2779 (quem-

308 2799 630 2858 admodum
661 2799 721 2852 in
755 2815 865 2853 ms.
900 2798 1217 2852 Oxoniensi
1252 2797 1491 2869 legitur)
1521 2815 1655 2853 cum
1697 2800 1794 2850 τοῦ
1840 2796 1964 2856 Διός

311 2889 636 2960 conjungit,
679 2904 746 2941 ac
778 2887 825 2941 si
857 2886 1064 2941 eodem
1093 2903 1234 2941 casu
1292 2887 1608 2957 legeretur,
1658 2892 1833 2956 atque
1881 2886 1963 2941 ita

311 2978 512 3035 omnia
533 2976 864 3031 confundit.
893 2976 950 3029 Si
978 2975 1149 3049 Λόγον
1185 2975 1425 3045 quidem
1446 2975 1960 3047 legamus,sensus

311 3067 629 3123 verborum
646 3065 741 3120 hic
754 3064 1101 3134 perspicuus
1120 3071 1238 3118 est:
1257 3086 1284 3113 ‹‹
1310 3064 1529 3134 Bythus
1546 3064 1749 3136 genuit
1767 3063 1966 3134 Sigen,

314 3163 371 3211 et
393 3173 423 3210 e
448 3155 575 3226 Sige
598 3151 899 3225 generavit
921 3153 1156 3223 Logum.
1181 3154 1322 3206 Joxe
1345 3153 1656 3222 gentilium
1674 3152 1770 3206 hic
1794 3152 1964 3222 pejor

314 3252 423 3310 est,
457 3244 555 3313 qui
587 3258 722 3296 cum
755 3257 954 3295 sorore
988 3241 1197 3295 mistus
1230 3247 1336 3295 est.
1392 3241 1537 3296 Filia
1581 3241 1740 3296 enim
1790 3239 1961 3311 Bytbi

317 3332 626 3388 dicebatur
656 3331 846 3400 Siope.
871 3351 899 3379 »
933 3329 1044 3384 Sed
1077 3329 1180 3384 illa
1201 3347 1310 3384 vox
1342 3327 1522 3401 Λόγου
1543 3347 1672 3400 quas
1695 3330 1853 3384 hunc
1878 3328 1961 3383 lo-

320 3437 456 3477 cum
479 3419 624 3475 adeo
651 3418 905 3474 turbavit
928 3419 1172 3473 omnino
1198 3418 1535 3473 necessaria
1555 3435 1675 3472 non
1701 3424 1809 3486 est,
1843 3417 1962 3472 sive

321 3512 541 3586 priora,
574 3509 691 3563 sive
724 3509 1053 3579 posteriora
1081 3507 1254 3562 verba
1271 3507 1573 3578 respicias.
1608 3507 1961 3561 Posteriori-

317 3601 429 3655 bus
462 3615 583 3653 non
615 3597 915 3668 competit,
950 3596 1107 3666 quod
1139 3594 1458 3650 Grodecius
1491 3595 1690 3650 voluit.
1711 3595 1963 3666 Cyrillus

318 3691 477 3746 enim
509 3705 631 3743 non
665 3688 876 3758 Logon,
913 3685 1016 3741 sed
1047 3685 1295 3754 Bythum
1310 3685 1431 3739 Jovi
1456 3689 1778 3755 comparat.
1803 3685 1964 3740 Prio-

317 3780 480 3834 ribus
508 3793 699 3847 neque
732 3773 907 3847 Λόγου
941 3775 1243 3845 competit,
1268 3790 1460 3844 neque
1493 3771 1664 3847 Λόγον
1697 3791 1965 3830 necessa-

315 3869 472 3925 rium
505 3873 630 3932 est;
664 3882 802 3920 nam
849 3867 1181 3917 τεκνοποιεῖν
1234 3863 1436 3918 leberos
1481 3880 1793 3934 procreare,
1835 3865 1962 3934 qui-

316 3976 549 4030 cunque
581 3958 819 4012 tandem
854 3955 936 4010 illi
969 3956 1106 4022 sint,
1133 3955 1272 4009 saiis
1294 3954 1368 4008 ad
1388 3954 1566 4025 hujus
1593 3954 1702 4010 loci
1725 3972 1964 4010 sensum

317 4047 774 4121 exprimendum
807 4045 982 4099 valet.
1027 4045 1208 4098 Docet
1259 4043 1418 4097 enim
1467 4043 1718 4114 Cyrillus
1765 4045 1965 4097 Jovem

317 4139 505 4194 sorori
537 4137 776 4191 mistum
823 4135 1030 4202 fuisse,
1083 4132 1332 4202 Bythum
1383 4148 1452 4186 ex
1500 4131 1624 4187 ﬁlia
1673 4148 1777 4187 sua
1831 4151 1968 4203 pro-

317 4243 550 4284 creasse
583 4226 840 4280 liberos:
876 4223 1034 4293 quod
1065 4222 1296 4292 turpius
1338 4227 1444 4284 est,
1499 4221 1771 4285 Quamvis
1820 4222 1965 4276 mihi

323 4317 648 4372 etiamnum
679 4313 933 4367 maxime
967 4310 1245 4378 arrideat,
1279 4309 1437 4379 quod
1467 4310 1610 4364 olim
1660 4311 1805 4364 mihi
1852 4311 1964 4382 ipsi

319 4407 380 4459 in
412 4408 673 4457 mentem
698 4401 877 4462 venit,
907 4399 1222 4470 legendum
1251 4399 1475 4454 scilicet
1494 4416 1624 4454 esse
1643 4417 1760 4454 non
1784 4398 1964 4473 Λόγου

323 4495 413 4549 vel
447 4491 644 4564 Λόγον,
677 4491 779 4545 sed
812 4489 960 4563 λόγῳ
985 4492 1080 4542 τοῦ
1114 4488 1257 4556 Διός,
1289 4489 1362 4543 ad
1393 4488 1654 4556 modum,
1681 4489 1768 4544 vel
1797 4489 1963 4544 simi-

2048 836 2176 908 Sige
2207 838 2449 890 Alonem
2480 835 2740 904 aliquem
2792 852 3158 906 procreasse,
3208 835 3268 889 id
3316 837 3536 891 factum
3573 852 3695 890 non

2049 942 2119 980 ex
2150 926 2294 993 ﬁlia,
2328 927 2432 981 sed
2463 942 2533 980 ex
2565 932 2754 980 matre
2785 925 3095 981 docebant.
3121 927 3272 998 Logo
3295 927 3474 997 igitur
3492 926 3694 997 Cyrilli

2048 1015 2458 1070 infelicissima
2502 1031 2643 1070 usus
2695 1021 2786 1070 est
2835 1015 3176 1071 Blondellus
3201 1034 3215 1083 ;
3245 1021 3303 1070 et
3332 1016 3475 1070 satis
3504 1016 3697 1070 adhuc

2048 1105 2432 1160 manifestum
2456 1111 2594 1160 esta
2617 1103 2919 1161 Valentino
2943 1121 3249 1176 nunquam
3266 1105 3492 1160 dictum
3513 1106 3696 1161 fuisse

2049 1193 2222 1266 Λόγον
2252 1191 2356 1245 ἀπὸ
2388 1198 2556 1265 Σιγῆς
2587 1190 2900 1266 προελθεῖν.

2122 1282 2397 1353 Exposita
2451 1283 2770 1351 sententia,
2829 1282 3279 1354 rationibusque
3329 1283 3548 1339 nostris
3593 1283 3698 1338 ad-

2052 1387 2254 1425 versus
2285 1370 2578 1425 Blondelli
2609 1371 2860 1426 astutias
2892 1372 3176 1439 defensis,
3208 1372 3512 1428 videamus
3559 1371 3702 1443 quid

2053 1460 2340 1515 Dallaaum
2359 1461 2684 1515 moveritut
2705 1460 2879 1515 aliter
2896 1461 3174 1516 sentiret:
3196 1485 3222 1511 «
3249 1463 3380 1532 Ipsa
3392 1463 3517 1516 haec
3529 1461 3704 1516 verba

2055 1549 2116 1604 in
2140 1549 2520 1604 Valentinum
2555 1550 2719 1618 ferri,
2753 1549 3002 1621 ejusque
3035 1550 3313 1605 delirium
3344 1551 3539 1620 ferire,
3583 1568 3705 1606 non

2057 1644 2165 1708 est,
2194 1639 2407 1710 inquit,
2435 1644 2503 1694 ut
2533 1638 2764 1710 Opinor,
2798 1639 3126 1695 obscurius.
3165 1663 3185 1689 ιι
3222 1641 3484 1695 Primum
3527 1657 3703 1712 quam

2056 1728 2286 1797 timide,
2309 1734 2375 1782 ut
2409 1750 2433 1780 α
2468 1729 2700 1800 opinor,
2735 1750 2763 1778 »
2797 1735 2876 1796 et,
2911 1750 2933 1781 α
2971 1747 3090 1784 non
3140 1729 3484 1785 obscurius!
3521 1752 3548 1779 ››
3582 1732 3704 1786 Imo

1984 1841 2028 1906 Β
2059 1835 2195 1873 vero
2219 1817 2549 1873 certissime
2575 1817 3066 1883 obscurius,et,ut
3086 1819 3319 1890 opinor,
3351 1819 3665 1874 absurdius
3690 1837 3704 1888 ;

2062 1907 2219 1978 quod
2240 1924 2312 1961 ex
2336 1907 2441 1961 viri
2460 1907 2788 1963 doctissimi
2811 1907 3157 1978 probatione
3189 1909 3412 1980 patebit
3440 1909 3706 1965 luculen-

2060 1996 2197 2050 tius.
2235 1998 2314 2050 Ex
2344 1998 2568 2051 Irenaao
2602 1995 2841 2066 quidem
2874 1995 3202 2051 fabulosam
3240 1997 3532 2052 Valentini
3562 1997 3711 2051 divi—

2062 2085 2311 2140 nitatem
2345 2085 2606 2155 exponit,
2633 2085 2959 2155 eademque
2977 2087 3428 2154 Tertullianum,
3458 2087 3711 2158 Epipha-

2063 2175 2230 2228 nium
2252 2175 2465 2229 etalios
2491 2174 2721 2229 tradere
2741 2175 2949 2228 asserit
2982 2176 3110 2230 Haec
3134 2193 3292 2230 nunc
3309 2193 3429 2231 non
3443 2177 3712 2242 excutio;

2064 2263 2169 2319 sed
2191 2280 2334 2318 num
2352 2265 2633 2330 lrenazus,
2659 2263 2750 2317 vel
2773 2263 2926 2318 alius
2951 2264 3266 2334 quisquam
3293 2266 3352 2320 in
3387 2265 3718 2321 enarranda

2066 2352 2359 2407 Valentini
2391 2352 2696 2407 divinitate
2731 2352 2912 2406 tradit
2940 2353 3113 2423 Sigen
3162 2355 3464 2424 peperisse
3499 2355 3714 2426 Logon,

2067 2448 2167 2497 aut
2193 2443 2387 2513 Logon
2421 2458 2542 2496 non
2573 2442 2718 2496 dicit
2738 2441 2809 2496 ab
2842 2441 2959 2496 alia
2982 2459 3160 2512 quam
3183 2443 3311 2515 Sige
3333 2443 3514 2498 fuisse
3542 2444 3716 2499 emis-

2069 2548 2200 2585 sum
2218 2531 2245 2584 Ἰ
2268 2532 2386 2586 Hoc
2404 2548 2522 2586 non
2553 2530 2717 2599 dicit,
2743 2531 2901 2602 quod
2924 2532 3168 2586 omnino
3192 2531 3386 2588 dicere
3412 2532 3637 2601 debuit,
3670 2532 3721 2586 si

2069 2619 2300 2690 aliquid
2333 2619 2490 2690 quod
2523 2619 2598 2675 ad
2627 2637 2795 2675 suam
2845 2621 3201 2675 sententiam
3250 2621 3720 2676 confirmandam

2069 2707 2311 2774 valeret,
2343 2709 2553 2763 afferre
2584 2707 2776 2764 vellet.
2816 2709 2926 2762 Sed
2978 2709 3107 2780 ejus
3156 2709 3284 2764 loco
3330 2710 3441 2764 hoc
3491 2715 3721 2765 tantum

2071 2797 2250 2852 dixit:
2278 2819 2305 2846 «
2330 2798 2587 2862 Quorum
2611 2814 2786 2852 nemo
2820 2802 2907 2852 est
2942 2798 3042 2867 qui
3073 2815 3194 2852 non
3217 2815 3250 2853 a
3281 2799 3410 2869 Sige
3441 2799 3721 2855 eductum

2071 2903 2106 2940 a
2129 2885 2432 2940 Valentino
2461 2887 2770 2957 Logon,vel
2793 2886 3138 2942 immediate
3164 2893 3284 2942 uta
3305 2893 3493 2943 matre
3507 2888 3716 2956 filium,

2071 2975 2159 3029 vel
2208 2981 2367 3030 certe
2413 2975 2669 3030 mediate
2713 2981 2779 3030 ut
2827 2975 2898 3029 ab
2959 2977 3087 3030 avia
3134 2983 3412 3047 nepotem
3470 2993 3718 3032 comme-

2074 3069 2286 3118 moret.
2323 3085 2350 3112 ››
2387 3063 2508 3118 Imo
2535 3080 2668 3118 vero
2697 3065 2821 3118 haec
2854 3065 2913 3118 in
2946 3065 3054 3119 hac
3086 3083 3148 3120 re
3181 3065 3480 3121 distinctio
3511 3066 3580 3120 de
3610 3083 3726 3121 me-

2075 3152 2236 3206 diata
2273 3158 2331 3206 et
2359 3153 2704 3207 immediata
2727 3153 3039 3209 eductione
3062 3161 3152 3210 est
3172 3155 3262 3210 vel
3282 3155 3354 3210 ab
3399 3156 3548 3227 ipso,
3575 3155 3662 3210 vel
3693 3173 3727 3210 a

2077 3241 2380 3296 Blondello
2413 3243 2780 3314 excogitata;
2815 3260 3008 3314 neque
3041 3244 3174 3298 talis
3221 3243 3453 3300 eductio
3505 3245 3576 3299 ab
3609 3245 3728 3299 ullo

2069 3331 2317 3386 istorum
2341 3333 2579 3386 Patrum
2642 3338 2731 3386 est
2791 3332 3098 3403 exposita;
3151 3350 3326 3388 nemo
3377 3351 3582 3388 eorum
3632 3335 3726 3389 vel

2071 3420 2326 3475 mediate
2357 3419 2450 3474 vel
2481 3421 2821 3475 immediate
2857 3421 3052 3492 Logon
3082 3421 3172 3476 vel
3218 3439 3288 3476 ex
3338 3423 3464 3493 Sige
3511 3421 3600 3476 vel
3649 3440 3723 3477 ex

2071 3509 2187 3564 alio
2217 3511 2394 3564 AEone
2428 3510 2704 3565 eductum
2737 3509 2921 3565 fuisse
2951 3510 3117 3564 dixit.
3152 3511 3284 3565 Haec
3315 3510 3717 3582 distinguendi

2073 3597 2368 3654 subtilitas
2399 3605 2456 3654 et
2479 3599 2770 3654 Valentini
2791 3606 2848 3654 et
2865 3600 3105 3654 Patrum
3130 3617 3247 3654 aavo
3275 3599 3445 3671 longe
3469 3600 3717 3654 inferior

2073 3701 2202 3741 esse
2232 3687 2606 3759 cognoscitur
2635 3704 2647 3754 ;
2692 3704 2800 3741 nec
2832 3688 2912 3741 ibi
2942 3687 3207 3742 adhiberi
3235 3687 3457 3754 debuit,
3498 3687 3598 3742 ubi
3647 3687 3722 3743 de

2073 3776 2230 3830 nuda
2252 3793 2457 3830 eorum
2488 3777 2784 3831 sententia
2805 3777 3408 3846 qumritur.Praaterea
3431 3793 3719 3845 quorsum

2075 3867 2201 3920 haec
2235 3865 2534 3919 distinctio
2567 3864 2627 3919 in
2661 3865 2775 3920 duo
2825 3866 3112 3932 membra,
3166 3870 3232 3920 ut
3271 3865 3349 3919 sit
3400 3866 3585 3936 Logus
3631 3866 3723 3921 vel

2077 3954 2236 4009 illius
2265 3954 2446 4026 Siges,
2481 3954 2567 4008 vel
2599 3954 2828 4024 nepos?
2859 3958 2946 4008 An
2977 3954 3272 4025 quispiam
3312 3970 3517 4009 eorum
3573 3972 3722 4026 quos

2075 4048 2520 4111 commemorat,
2556 4044 2748 4115 Logon
2781 4044 2942 4115 Siges
2977 4043 3164 4098 filium
3193 4045 3484 4108 nominat,
3517 4051 3618 4100 aut
3647 4062 3719 4099 ex

2076 4134 2204 4203 Sige
2228 4133 2566 4188 immediate
2589 4133 2804 4201 educit,
2832 4139 2898 4186 ut
2919 4133 3171 4187 Dallaeus
3206 4151 3339 4188 eum
3373 4139 3532 4189 recte
3564 4134 3723 4205 Siges

2076 4224 2267 4278 ﬁlium
2299 4241 2502 4278 vocare
2534 4223 2766 4294 possit?
2794 4223 2949 4277 Dixit
2981 4222 3221 4293 quidem
3253 4225 3513 4279 lrenaaus
3548 4222 3721 4296 Λόγον

2074 4311 2197 4365 Υἱὸν
2233 4315 2574 4386 μονογενοῦς,
2606 4333 2630 4363 ιι
2654 4312 2908 4367 Verbum
2927 4312 3220 4382 Unigeniti
3244 4313 3482 4381 Filium,
3509 4336 3536 4362 ››
3561 4314 3723 4384 Siges

2076 4403 2266 4456 ﬁlium
2280 4419 2397 4456 non
2414 4401 2719 4472 dixit.lpse
2732 4403 3020 4456 Irenaeum
3035 4401 3636 4458 adducitutostendat
3650 4420 3722 4457 ex

2075 4491 2204 4563 Sige
2237 4491 2521 4563 prodiisse
2546 4492 2694 4557 Nun,
2729 4493 2856 4545 Nuu
2887 4495 3085 4544 autem
3110 4496 3167 4543 et
3196 4507 3364 4545 suam
3389 4491 3718 4548 Aletheiam

332 4580 647 4639 litudinem
677 4580 854 4644 Jovis,
887 4595 955 4633 ea
988 4579 1216 4632 ratione
1251 4594 1367 4648 qua
1384 4579 1610 4649 Jupiter
1639 4579 1970 4650 procreavit
1998 4571 2046 4636 Β
2077 4579 2343 4634 emisisse
2378 4579 2592 4650 Logon,
2619 4583 2676 4632 et
2705 4577 2911 4632 eadem
2938 4576 3363 4632 Tertullianum
3389 4586 3444 4634 et
3468 4579 3722 4650 Epipha-

324 4672 568 4735 liberos,
602 4674 668 4723 ut
697 4664 851 4741 λόγῳ
882 4666 1298 4721 adverbialiter
1329 4672 1616 4733 sumatur,
1657 4683 1849 4736 neque
1899 4665 1975 4720 ad

326 4763 567 4815 Aionem
603 4757 1082 4812 Valentinianum
1115 4756 1358 4809 omnino
1408 4761 1650 4826 spectet.
1707 4757 1874 4810 Certe
1922 4755 1972 4810 si

325 4846 495 4924 λόγον
515 4849 922 4916 admittamus,
949 4846 1229 4916 Cyrillum
1263 4846 1536 4916 dogmata
1555 4846 1842 4900 Valentini
1867 4847 1973 4900 mi-

320 4941 486 4996 riiice
518 4936 884 4993 confundere
935 4934 1254 4989 dicendum
1289 4940 1414 5000 est;
1443 4951 1635 5004 neque
1673 4935 1973 4989 excusatio

320 5028 612 5085 Blondelli
644 5027 970 5098 quidquam
1000 5024 1172 5091 valet,
1207 5023 1374 5094 quasi
1410 5023 1655 5094 Bythum
1696 5039 1801 5078 seu
1831 5027 1976 5078 Pro-

316 5125 590 5191 patorem
604 5134 738 5173 cum
753 5118 841 5172 Nu
865 5131 967 5169 seu
982 5118 1154 5168 Patre
1177 5112 1620 5167 Valentinianos
1639 5112 1778 5167 conf
1781 5113 1974 5168 udisse

319 5215 560 5266 statuat.
592 5210 737 5263 Nam
762 5207 811 5262 si
834 5221 1134 5277 supponas
1157 5205 1255 5259 htc
1277 5205 1536 5268 Patrem,
1560 5221 1665 5259 seu
1690 5205 1842 5270 Nun,
1870 5222 1976 5276 pro

323 5297 509 5368 Bytho
534 5303 590 5352 et
607 5300 927 5366 Propatore
951 5293 1103 5347 sumi
1129 5291 1576 5359 debere,omnia
1595 5291 1786 5348 adhuc
1801 5297 1980 5348 erunt

329 5404 365 5441 a
392 5385 595 5440 schola
623 5383 917 5440 Valentini
951 5398 1192 5453 prorsus
1225 5381 1444 5436 uliena.
1476 5380 1694 5452 Bythus
1715 5381 1810 5436 hic
1831 5383 1977 5437 dici-

332 5483 430 5530 tur
449 5476 724 5547 genuisse
748 5475 942 5548 Sigen,
963 5479 1025 5528 at
1042 5473 1213 5546 Sigen
1238 5488 1273 5528 a
1294 5474 1378 5527 Nu
1401 5478 1741 5545 generatam
1771 5473 1976 5544 fuisse,

333 5580 510 5621 nemo
543 5579 806 5633 unquam
829 5562 1380 5618 Valentinianorum
1404 5561 1734 5617 somniavit.
1761 5563 1980 5634 Bytbus

337 5654 554 5714 dicitur
583 5668 654 5708 ex
679 5652 806 5724 Sige
838 5651 1112 5724 genuisse
1144 5651 1355 5724 Logon.
1408 5650 1802 5710 Valentiniani
1843 5651 1982 5710 licet

2080 4669 2246 4723 nium
2271 4667 2541 4723 docuisse
2570 4668 2865 4722 asserit.Si
2899 4673 3096 4720 autem
3130 4668 3253 4722 hinc
3286 4685 3420 4723 vera
3450 4670 3724 4735 sint,tum

2083 4775 2288 4812 eorum
2319 4775 2494 4812 nemo
2519 4758 2710 4828 Logon
2730 4774 2764 4811 a
2789 4757 2918 4828 Sige
2941 4756 3283 4811 immediate
3305 4763 3369 4811 ut
3397 4775 3432 4812 a
3455 4766 3639 4813 matre
3665 4761 3732 4812 li-

2081 4848 2226 4902 lium
2247 4847 2524 4902 eductum
2548 4851 2995 4900 commemorat.
3019 4850 3082 4898 Et
3101 4852 3300 4900 tamen
3326 4848 3584 4903 cumista
3609 4855 3730 4903 tam

2082 4936 2396 4990 infeliciter
2419 4935 2684 5001 dixisset,
2711 4951 2777 4988 ac
2809 4934 2858 4987 si
2886 4936 3120 5005 resjam
3146 4935 3414 4990 confecta
3439 4943 3614 5004 esset,
3637 4938 3732 4990 in-

2083 5026 2253 5096 quit:
2289 5048 2316 5074 «
2352 5025 2484 5078 Haec
2513 5023 2685 5078 nobis
2743 5023 3038 5078 delibasse
3089 5026 3232 5079 satis
3277 5031 3384 5090 est,
3429 5031 3495 5080 ut
3541 5026 3733 5096 quivis

2083 5114 2376 5184 intelligat
2404 5113 2474 5167 de
2503 5113 2612 5166 hac
2673 5111 2965 5166 Valentini
3024 5113 3394 5185 matmologia
3442 5115 3731 5184 cogitasse

2085 5201 2344 5275 epistola:
2375 5201 2450 5256 ad
2480 5201 2886 5273 Magnesianos
2943 5203 3312 5273 scriptorem.
3350 5224 3376 5251 »
3427 5205 3732 5275 Cogitavit,

2085 5293 2332 5358 scilicet,
2363 5290 2460 5345 ille
2493 5291 2773 5362 antiquus
2803 5291 3057 5363 scriptor
3085 5292 3249 5363 prius
3281 5291 3351 5346 de
3385 5294 3643 5349 mediata
3674 5299 3735 5348 et

2086 5381 2432 5438 immediata
2453 5381 2767 5435 eductione
2789 5382 3038 5437 Eonum
3064 5380 3241 5446 ;vidit
3272 5381 3597 5438 secundum
3630 5385 3739 5437 Va-

2088 5470 2298 5526 lentini
2319 5468 2675 5524 sententiam
2690 5484 2724 5523 a
2739 5469 2876 5523 viris
2901 5468 3107 5525 eadem
3132 5467 3528 5525 scribentibus
3543 5471 3738 5543 Logon

2090 5577 2120 5615 e
2153 5561 2281 5632 Sige
2311 5558 2402 5614 vel
2430 5564 2494 5615 ut
2534 5563 2744 5627 matre,
2785 5558 2875 5612 vel
2899 5562 2966 5611 ut
2995 5556 3123 5611 avia
3146 5555 3447 5622 eductum,
3483 5559 3734 5631 ideoque

2089 5650 2438 5723 simpliciter
2458 5653 2634 5722 negat
2658 5647 2913 5704 Verbum
2935 5663 3005 5704 ex
3032 5645 3265 5704 silentio
3282 5647 3739 5721 prodiissellaec
