4064 6134
243 357 348 418 313
990 358 1047 422 J.
1094 357 1512 420 PEARSONII
1557 356 1927 420 VlNDICle
1969 355 2447 421 IGNATIANIE.
2499 393 2574 406 —~
2619 357 2824 420 PARS
2869 358 2944 418 ll.
3566 351 3685 414 3H

247 490 498 545 rationis
538 491 872 547 Dallaeanaa
931 509 1181 559 summa,
1216 509 1394 564 quam
1443 491 1686 555 absona,
1740 508 1917 562 quam
1949 491 2004 559 Α
2038 494 2301 548 Nemone
2334 491 2392 546 id
2425 507 2688 548 asserere
2715 488 3027 562 potuitqui
3049 485 3179 558 ejus
3210 485 3423 542 deliria
3441 501 3564 540 non
3585 500 3682 540 au-

261 580 496 635 detorta
527 581 672 651 quis
705 599 832 636 non
863 581 1065 638 videt?

326 671 643 725 Hactenus
707 672 1002 727 Valentini
1036 673 1393 728 sententiam
1440 673 1734 743 exposuit,
1766 688 1926 728 nune

275 760 538 815 auctoris
569 761 760 815 verba
789 778 924 815 cum
956 762 1082 832 ejus
1113 763 1345 832 placitis
1377 763 1772 833 componit,ut
1793 778 1927 816 eum

272 849 341 904 de
373 849 866 919 Valentino,cum
883 851 1477 922 scriberet,cogitasse
1495 851 1928 922 probet.Primo

272 939 381 994 hoc
401 939 616 993 exinde
639 939 1054 1011 colligit,quod
1069 941 1375 995 ait«Deum
1394 957 1521 996 esse
1537 942 1930 996 unum.»Mira

277 1031 402 1084 haec
429 1029 728 1100 probatio.
763 1030 972 1084 Nonne
1000 1041 1238 1085 causam
1270 1032 1412 1085 satis
1437 1031 1663 1102 justam
1725 1031 1932 1085 habuit

278 1125 485 1174 auctor
529 1118 944 1189 epistolarum,
976 1124 1041 1174 ut
1089 1120 1273 1174 Deum
1307 1137 1493 1174 unum
1550 1121 1793 1187 diceret,
1829 1121 1928 1190 qui

278 1226 434 1279 saepe
491 1208 796 1262 Christum
830 1210 1012 1263 Deum
1061 1225 1188 1264 esse
1221 1208 1425 1264 dixit?
1482 1211 1684 1264 Nonne
1725 1226 1930 1264 omnes

279 1297 555 1352 catholici
589 1301 727 1351 ante
764 1295 1139 1352 Valentinum
1172 1299 1355 1354 Deum
1387 1315 1514 1354 esse
1548 1316 1733 1353 unum
1775 1315 1929 1369 saepe

278 1387 698 1444 aftirmarunt?
719 1387 778 1441 Si
809 1387 1078 1457 quisquis
1100 1387 1249 1442 dixit
1278 1405 1466 1443 unum
1498 1405 1626 1443 esse
1652 1390 1834 1443 Deum
1858 1388 1930 1442 de

279 1476 594 1530 Valentino
626 1477 1106 1546 cogitavit,nemo
1139 1482 1274 1532 ante
1310 1477 1680 1533 Valentinum
1722 1478 1928 1532 catho-

276 1567 386 1621 lice
419 1565 800 1635 scripsit.Sed
832 1565 1098 1621 nondum
1130 1567 1311 1622 etiam
1342 1567 1526 1638 liquet
1553 1567 1929 1622 Valentinum

279 1654 379 1708 Dei
412 1654 706 1708 unitatem
764 1671 1028 1725 negasse.
1061 1656 1206 1710 Nam
1238 1672 1369 1710 cum
1426 1656 1681 1710 Irenzeus
1713 1656 1842 1727 ejus
1875 1660 1932 1708 et

283 1743 634 1812 sequacium
657 1743 926 1798 omnium
944 1743 1151 1798 deliria
1177 1745 1710 1816 exposuissetJIaac
1731 1744 1929 1813 habet,

2036 581 2262 637 diverat
2289 583 2316 637 ‘l
2350 589 2418 636 At
2475 583 2584 637 hoc
2614 598 2750 636 cum
2785 579 3078 635 Valentini
3131 577 3350 632 fabulis
3383 591 3503 630 non
3537 590 3683 630 con-

2035 673 2231 726 sentit.
2267 675 2441 727 Recte
2467 687 2480 726 :
2510 676 2685 742 atque
2713 670 2851 725 hinc
2882 670 3130 723 fortasse
3163 666 3441 736 colligere
3472 679 3682 735 possu-

2036 769 2500 828 mus,auctorem
2535 761 2799 833 epistolae
2832 776 2949 814 non
2972 760 3154 814 fuisse
3175 756 3677 812 Valentinianum:

2036 870 2147 909 nec
2178 854 2338 908 aliud
2371 853 2696 923 quidquam
2739 851 2876 906 inde
2909 850 3445 920 sequitur.Quarto,
3470 869 3498 896 «
3520 845 3684 901 addit

2037 944 2333 998 Christum
2366 943 2468 997 Dei
2501 943 2715 996 Filium
2749 958 2876 996 esse
2903 941 3031 1012 ejus
3062 939 3257 1011 Λόγον.
3293 959 3321 988 ››
3353 937 3496 991 Hinc
3525 940 3682 990 recte

2037 1033 2285 1086 fortasse
2316 1031 2629 1101 colligatur
2653 1035 2958 1085 auctorem
2980 1034 3249 1083 nostrum
3273 1031 3407 1098 post
3427 1026 3481 1079 S.
3510 1026 3683 1080 Joan-

2037 1137 2174 1174 nem
2207 1120 2622 1192 evangelistam
2644 1119 3114 1190 scripsisse,post
3136 1117 3512 1171 Valentinum
3533 1129 3681 1168 neu-

2038 1211 2286 1280 tiquam.
2325 1231 2349 1260 α
2380 1211 2580 1264 Jesum
2613 1208 2852 1279 quidem
2887 1213 2945 1261 et
2973 1207 3270 1261 Christum
3293 1221 3325 1259 a
3359 1204 3544 1257 Verbo
3570 1204 3680 1256 Va-

2037 1300 2301 1355 lentinus
2331 1300 2544 1354 divisit.
2572 1320 2600 1348 »
2633 1297 2744 1353 Sed
2771 1313 2846 1351 an
2870 1297 2996 1351 haec
3027 1296 3228 1351 omnia
3253 1293 3430 1349 simul
3461 1292 3682 1359 dicere,

2039 1398 2128 1447 est
2187 1391 2563 1446 Valentinum
2613 1390 2871 1444 refutare
2895 1388 2921 1442 ?
2950 1391 3040 1442 An
3083 1385 3360 1442 eumdem
3392 1386 3592 1438 Jesum
3626 1389 3685 1438 et

2036 1481 2335 1537 Christum
2368 1486 2426 1536 et
2449 1479 2618 1551 Λόγον
2648 1479 2958 1534 nominare
2983 1482 3071 1532 est
3092 1475 3247 1531 illius
3274 1475 3520 1546 impium
3545 1472 3689 1527 deli-

2038 1572 2194 1625 rium
2227 1569 2532 1641 disjicere?
2556 1569 2683 1622 Non
2715 1568 3030 1638 puto.Nam
3054 1571 3109 1619 et
3141 1565 3254 1635 ipsi
3284 1560 3681 1618 Valentiniani

2040 1662 2316 1718 eumdem
2350 1667 2406 1715 et
2434 1663 2632 1716 Jesum
2665 1666 2723 1714 et
2752 1659 3045 1714 Christum
3081 1663 3138 1711 et
3182 1654 3353 1727 Λόγον
3407 1653 3680 1709 nomina-

2038 1754 2198 1810 bant.
2235 1754 2352 1807 Hoc
2384 1751 2601 1806 diserte
2637 1749 2815 1804 tradit
2836 1747 3258 1812 Theodoretus,
3284 1745 3384 1800 lib.
3417 1751 3452 1812 i,
3479 1760 3606 1814 cap.
3629 1747 3679 1796 ‘7:

283 1831 384 1888 lib.
416 1849 454 1900 1,
488 1848 619 1903 cap.
655 1835 753 1886 19:
808 1855 834 1882 «
870 1834 1087 1888 Omnes
1118 1835 1276 1888 enim
1326 1835 1447 1889 fere
1481 1838 1771 1905 quotquot
1795 1839 1934 1887 sunt

2063 1835 2453 1915 Ιροϐάλλονται
2485 1835 2575 1891 διὰ
2611 1836 2816 1890 τούτων
2849 1835 2940 1889 τὸν
2975 1835 3208 1903 Ἰησοῦν,
3240 1833 3298 1887 ’ὸν
3326 1831 3415 1885 καὶ
3449 1836 3683 1902 Σωτῆρα

283 1923 546 1976 haareses
581 1923 763 1977 Deum
795 1921 1038 1992 quidem
1060 1940 1244 1977 unum
1277 1922 1506 1991 dicnnt,
1528 1924 1631 1978 sed
1662 1940 1765 1994 per
1799 1939 1935 1977 sen-

284 2015 536 2069 tentiam
566 2013 722 2067 mala
743 2013 1193 2068 immutant.»Et
1213 2031 1419 2069 rursus
1441 2013 1542 2068 lib.
1566 2031 1640 2081 ιν,
1665 2031 1793 2085 cap.
1819 2015 1884 2066 58
1919 2029 1932 2065 :

287 2127 310 2154 ι
343 2102 645 2159 Judicabit
676 2107 876 2157 autem
904 2108 962 2157 et
990 2120 1089 2157 eos
1122 2105 1222 2174 qui
1247 2109 1384 2158 sunt
1410 2121 1443 2158 a
1469 2102 1775 2158 Valentino
1808 2119 1936 2156 om-

285 2210 412 2258 nes,
448 2192 595 2262 quia
625 2191 826 2263 lingua
855 2191 1095 2260 quidem
1124 2193 1483 2248 conﬁtentur
1524 2208 1710 2247 unum
1752 2193 1937 2245 Deum

283 2285 616 2348 Patrem,et
648 2297 716 2335 ex
746 2282 858 2335 hoc
887 2281 1123 2348 omnia;
1156 2283 1350 2353 ipsum
1373 2287 1570 2336 autem
1596 2282 1696 2353 qui
1734 2280 1940 2335 fecerit

286 2371 515 2438 omnia,
545 2370 898 2424 defectionis
930 2373 1047 2425 sive
1083 2371 1230 2426 labis
1261 2372 1518 2426 fructum
1552 2388 1679 2426 esse
1712 2370 1876 2424 dicit.
1911 2389 1938 2417 »

285 2465 509 2531 Aperte
533 2459 716 2531 igitur
744 2459 1050 2530 professus
1081 2465 1171 2514 est
1204 2460 1547 2516 Valentinus
1597 2476 1783 2515 unum
1815 2474 1940 2513 esse

289 2551 505 2612 Deum.
568 2554 627 2603 et
686 2548 827 2604 licet
855 2549 1256 2604 Tertullianus
1299 2567 1434 2604 eum
1469 2555 1553 2604 tot
1599 2549 1741 2604 deos
1801 2553 1944 2620 quot

293 2642 508 2693 .Eonas
567 2638 780 2692 fecisse
838 2638 1132 2693 rhetorice
1183 2640 1547 2710 pronuntiet,
1591 2640 1716 2710 ipse
1749 2644 1944 2693 tamen

297 2729 510 2782 .Eonas
543 2726 840 2781 Valentini
874 2727 1022 2780 nihil
1052 2727 1214 2782 aliud
1239 2727 1420 2783 fuisse
1454 2745 1632 2799 quam
1659 2744 1866 2782 sensus
1891 2731 1951 2781 et

304 2823 499 2872 motus
526 2835 539 2882 ;
604 2821 660 2871 et
693 2817 754 2870 in
787 2816 1126 2887 personales
1177 2817 1536 2872 substantias
1568 2834 1600 2872 a
1631 2818 1948 2873 Ptolemaeo

318 2912 563 2960 mutatos
598 2921 728 2960 esse
759 2906 992 2960 asserit.
1017 2908 1309 2960 Praeterea
1326 2906 1590 2977 epistolae
1615 2913 1819 2962 auctor
1841 2907 1953 2961 hoc

315 2995 432 3066 ipso
461 2996 596 3051 loco
629 2995 858 3050 unitate
893 2995 993 3048 Dei
1027 3012 1302 3065 expresse
1335 2995 1614 3051 adversus
1649 2996 1954 3050 Ebionzeos

310 3086 513 3150 utitur,
571 3090 782 3138 contra
840 3100 988 3153 quos
1019 3100 1089 3138 ex
1132 3085 1397 3155 professo
1445 3085 1754 3156 disputans
1786 3085 1958 3140 docet

312 3173 633 3243 prophetas
666 3173 993 3227 secundum
1016 3173 1314 3228 Christum
1338 3173 1568 3239 vixisse,
1596 3179 1652 3227 et
1674 3174 1804 3228 ideo
1830 3191 1956 3244 per-

314 3263 679 3316 secutionem
713 3278 918 3333 passos
961 3278 1113 3332 esse,
1146 3263 1285 3316 dum
1336 3263 1465 3334 ejus
1512 3264 1699 3334 gratia
1741 3263 1953 3318 imbuti

315 3357 533 3419 essent,
568 3355 636 3404 ut
664 3368 874 3406 omnes
933 3357 1321 3422 agnoscerent
1353 3373 1380 3401 «
1415 3353 1572 3423 quod
1621 3369 1772 3407 unus
1804 3353 1959 3406 Deus

316 3447 402 3495 est
433 3440 534 3510 qui
561 3439 963 3494 manifestavit
1012 3440 1271 3512 seipsum
1303 3458 1410 3512 per
1432 3441 1628 3496 Jesum
1661 3442 1958 3496 Christum

315 3529 526 3584 Filium
560 3529 766 3600 ipsius.
798 3548 822 3578 ιι
871 3529 1160 3594 Secundo,
1212 3549 1232 3577 ι
1266 3530 1433 3585 addit
1462 3547 1644 3586 unum
1689 3533 1895 3599 Deum,
1933 3552 1953 3579 ι

313 3618 529 3687 inquit,
581 3618 841 3688 seipsum
876 3618 1288 3673 manifestasse
1327 3636 1432 3690 per
1460 3622 1677 3675 Jesum.
1713 3622 1802 3675 An
1849 3621 1962 3674 hoc

315 3707 514 3761 dicere
572 3724 692 3762 non
744 3707 935 3779 potuit
964 3708 1079 3762 nisi
1131 3708 1202 3762 de
1237 3709 1544 3764 Valentino
1595 3711 1964 3781 cogitasset?

317 3798 600 3862 Quaenam
633 3799 780 3853 ratio
813 3799 967 3870 cogit
995 3800 1089 3854 hic
1121 3817 1228 3854 nos
1247 3800 1319 3855 ad
1345 3801 1502 3856 illius
1525 3801 1733 3856 deliria
1757 3803 1961 3855 confu-

318 3909 453 3964 gere
473 3893 500 3946 ?
541 3894 746 3947 Nonne
776 3892 903 3947 haec
926 3893 1067 3947 satis
1097 3892 1409 3963 perspicua
1438 3897 1579 3946 sunt
1608 3896 1664 3944 et
1694 3891 1766 3945 ad
1790 3891 1964 3946 Ebio—

319 3999 481 4036 nzeos
511 3981 907 4036 confutandos
929 3981 1161 4048 idonea,
1196 3982 1242 4036 si
1268 3982 1612 4036 Valentinus
1635 3996 1964 4050 numquam

320 4071 706 4126 exstitisset?
737 4072 944 4124 Nonne
973 4088 1076 4140 per
1126 4087 1187 4124 se
1220 4071 1362 4125 satis
1411 4076 1568 4125 recte
1603 4069 1757 4124 dicta
1807 4073 1961 4134 sunt,

323 4161 460 4216 licet
493 4161 729 4215 nullum
770 4161 1015 4215 omnino
1065 4161 1407 4216 haereticum
1442 4161 1911 4232 perstringerent
1939 4160 1966 4214 ‘2

321 4249 833 4314 Quemadmodum
878 4250 1149 4305 Clemens
1206 4250 1636 4305 Alexandrinus
1696 4247 1966 4305 Admoni-

324 4340 471 4393 tione
494 4340 573 4394 ad
594 4347 782 4408 gentes
812 4339 1042 4394 locutus
1075 4345 1164 4394 est
1193 4338 1264 4393 de
1292 4338 1518 4393 Christo
1546 4339 1693 4410 Logo
1721 4355 1732 4391 :
1761 4333 1966 4396 Ἀῗδιος

325 4427 478 4489 οὗτος
535 4429 747 4496 Ἰησοῦς
801 4429 882 4488 εἷς
916 4426 1139 4503 ὁμὲγας
1199 4427 1486 4504 ἀρχιερεὺς
1546 4425 1677 4480 Θεοῦ
1735 4446 1793 4480 τε
1850 4424 1967 4487 ἐνὸς

319 4521 413 4570 τοῦ
442 4515 608 4570 αὐτοῦ
638 4517 726 4569 καὶ
761 4514 993 4588 Πατρός,
1041 4517 1255 4587 quibus
1304 4517 1494 4572 verbis
1539 4517 1726 4588 ipsam
1758 4516 1966 4587 Ignatii

2036 1927 2502 2004 προσαγορεύουσι
2569 1925 2659 1980 καὶ
2718 1924 2953 2000 Χριστὸν
3013 1924 3202 1996 Λόγον.
3253 1924 3510 1977 «Jesum
3544 1919 3682 1974 inde

2035 2020 2466 2094 produxerunt,
2500 2033 2676 2088 quem
2738 2021 2796 2070 et
2840 2015 3208 2069 Servatorem
3238 2011 3576 2083 appellant,
3628 2013 3690 2062 et

2037 2110 2334 2165 Christum
2395 2107 2737 2161 Verbum.»
2791 2107 2922 2177 Ipse
2971 2105 3151 2158 etiam
3201 2104 3461 2156 lrenaaus
3507 2098 3683 2152 tradit

2039 2199 2210 2255 nobis
2240 2198 2567 2269 perfectum
2598 2197 2857 2250 fructum
2908 2193 3145 2260 Ἰησοῦν,
3197 2189 3254 2242 ὅν
3309 2187 3401 2242 καὶ
3454 2191 3690 2258 Σωτῆρα

2039 2290 2545 2361 προσαγορευθῆναι
2590 2282 2678 2337 καὶ
2739 2281 2968 2356 Χριστὸν
3028 2279 3119 2334 καὶ
3175 2277 3349 2352 Λόγον
3400 2295 3689 2348 πατρωνυ-

2048 2379 2244 2449 μικῶς,
2285 2374 2374 2428 καὶ
2405 2373 2598 2438 πάντα,
2666 2393 2694 2421 ‹‹
2724 2374 2945 2437 Jesum,
2998 2385 3175 2440 quem
3223 2373 3281 2422 et
3329 2367 3688 2422 Salvatorem

2044 2466 2236 2522 vocari
2253 2471 2310 2519 et
2323 2465 2620 2519 Christum
2636 2467 2692 2517 et
2705 2462 2899 2532 Logon
2915 2457 3409 2530 patronymice,et
3431 2455 3688 2510 omnia.»

2047 2559 2284 2623 Quinto,
2311 2579 2337 2605 «
2374 2552 2546 2629 Λόγον
2572 2568 2905 2607 sermonem
2937 2557 3227 2605 aeternum
3259 2549 3691 2616 dixit.»Nempe

2051 2646 2339 2703 catholice
2365 2661 2376 2698 :
2414 2649 2651 2698 secutus
2679 2647 2768 2696 est
2798 2641 3169 2711 Apostolum,
3196 2637 3472 2693 Ecclesia:
3495 2651 3696 2690 vocem

2053 2736 2261 2799 edidit,
2295 2739 2354 2787 et
2383 2732 2663 2788 adversus
2700 2730 2984 2784 Ebionem
3015 2726 3404 2798 usurpavit.Si
3441 2723 3698 2779 Valenti-

2054 2843 2166 2880 nus
2198 2830 2485 2878 zeternum
2521 2837 2649 2875 esse
2705 2836 2823 2874 non
2854 2818 3125 2885 credidit,
3159 2821 3295 2871 ante
3327 2831 3462 2870 eum
3512 2813 3701 2867 Ebion

2056 2921 2345 2969 aeternum
2373 2927 2502 2966 esse
2535 2909 2767 2980 negavit
2797 2910 3088 2972 Quorsum
3121 2906 3298 2977 igitur
3351 2902 3696 2958 Valentinus

2058 3006 2173 3059 huc
2203 3002 2540 3067 advocatur,
2575 3015 2708 3053 cum
2768 2997 2842 3052 ad
2872 3013 3114 3052 manum
3147 2995 3224 3050 sit
3254 2995 3462 3061 Ebion,
3496 2997 3703 3046 contra

2063 3108 2240 3164 quem
2271 3095 2475 3146 auctor
2507 3087 2772 3158 epistolae
2805 3104 2876 3140 ex
2909 3086 3174 3156 professo
3205 3082 3701 3155 disputat?Sexto,

2065 3205 2093 3233 κ
2127 3182 2196 3236 de
2217 3197 2353 3234 vero
2383 3177 2482 3232 Dei
2515 3174 2675 3248 Λόγῳ
2699 3179 2998 3246 postremo
3027 3172 3268 3243 subjicit
3287 3169 3388 3224 οὐκ
3402 3169 3507 3222 ἀπὸ
3543 3172 3708 3240 Σιγῆς

2063 3267 2372 3344 προελθεῖν.
2410 3289 2438 3316 ››
2487 3269 2683 3332 Recte,
2719 3265 2802 3319 sic
2835 3264 2995 3319 enim
3027 3263 3324 3334 exegetice
3356 3261 3520 3326 dicit,
3551 3256 3708 3328 quod

2067 3366 2202 3418 ante
2230 3359 2476 3424 dixerat,
2505 3373 2639 3410 cum
2671 3371 2802 3409 eum
2837 3347 3011 3426 Λόγον
3043 3348 3217 3405 ἀὶδιον
3247 3350 3712 3423 pronuntiasset.

2066 3453 2152 3505 Ita
2178 3447 2528 3519 Apostolum
2571 3444 2843 3516 explicat,
2879 3443 3162 3497 Ebionem
3205 3441 3441 3504 refutat,
3477 3441 3707 3509 Magne-

2070 3541 2268 3595 sianos
2298 3536 2651 3608 praemunit;
2681 3550 2748 3588 ac
2781 3531 3068 3587 sidiceret
3095 3549 3107 3588 :
3134 3530 3388 3585 Verbum
3421 3528 3532 3582 hoc
3553 3525 3712 3597 quod

2071 3630 2140 3684 de
2195 3627 2424 3682 Christo
2458 3624 2694 3688 dicitur,
2727 3628 3016 3677 aeternum
3065 3625 3174 3684 est,
3208 3635 3326 3674 non
3357 3615 3708 3688 temporale,

2071 3716 2244 3788 quale
2268 3732 2338 3770 ex
2370 3713 2606 3768 silentio
2625 3711 2765 3766 oriri
2791 3710 3079 3777 solet,nec
3109 3708 3223 3762 nisi
3247 3711 3378 3779 post
3403 3703 3706 3760 silentium

2070 3802 2494 3877 prodire;quod
2525 3800 2804 3856 adversus
2836 3797 3118 3852 Ebionem
3152 3796 3400 3866 ejusque
3430 3807 3716 3863 sequaces

2073 3909 2309 3964 semper
2337 3889 2672 3962 urgendum
2706 3893 2825 3954 est;
2848 3903 2968 3941 non
3000 3902 3066 3940 ac
3099 3885 3147 3939 si
3181 3884 3439 3938 diceret:
3478 3904 3505 3930 «
3537 3877 3713 3953 Λόγον

2074 3985 2230 4039 hunc
2259 3980 2410 4036 nihil
2463 3977 2687 4032 habere
2724 3993 2857 4030 cum
2904 3973 3310 4030 Valentiniano
3347 3970 3506 4041 Λόγῳ
3555 3987 3717 4024 com-

2073 4085 2458 4141 mune,quem
2494 4068 2780 4137 impostor
2804 4081 2838 4118 a
2855 4064 2984 4136 Sige
3007 4064 3168 4117 exire
3203 4061 3718 4133 fingebat.»Neque

2074 4163 2235 4217 enim
2260 4159 2356 4213 hic
2404 4156 2475 4211 de
2499 4154 2808 4208 Valentino
2841 4152 3052 4223 agitur,
3087 4151 3189 4205 sed
3225 4150 3295 4204 de
3316 4149 3536 4204 Ebione
3571 4164 3584 4214 ;
3611 4147 3718 4201 im-

2075 4256 2326 4322 portune
2356 4245 2534 4318 igitur
2557 4243 2658 4297 ille
2693 4243 2802 4296 hoc
2835 4241 2961 4296 loco
2994 4240 3347 4295 advocatur:
3381 4254 3573 4308 neque
3606 4236 3717 4290 im-

2074 4344 2279 4413 postor
2301 4337 2399 4391 ille
2413 4349 2677 4404 unquam
2695 4331 2844 4386 dixit
2863 4328 3036 4406 Λόγον
3057 4347 3090 4384 a
3109 4330 3241 4402 Sige
3264 4329 3546 4384 emissum
3566 4343 3720 4396 esse,

2079 4429 2183 4485 sed
2214 4445 2284 4482 ex
2335 4427 2675 4497 Monogene,
2710 4420 2876 4492 Bythi
2937 4425 2996 4475 et
3035 4420 3196 4491 Siges
3224 4419 3342 4474 tilio
3391 4417 3722 4489 unigenito,

2080 4518 2323 4574 Dallaeus
2353 4517 2480 4586 ipse
2501 4512 2860 4568 sententiam
2885 4509 3012 4580 ejus
3035 4527 3104 4564 ex
3135 4511 3358 4563 Irenaeo
3389 4507 3707 4563 delineavit

323 4607 634 4678 epistolam
669 4607 727 4661 in
750 4579 950 4661 animo
977 4579 1200 4662 habens
1227 4623 1368 4661 usus
1388 4623 1511 4660 esse
1545 4579 1967 4660 videatur?.\‘on
2003 4579 2046 4643 θ
2077 4579 2461 4675 reliquosque
2506 4617 2640 4656 eum
2674 4598 2841 4669 sequi
2867 4579 2950 4652 ait
2977 4615 2988 4653 :
3041 4597 3209 4652 nulla
3241 4597 3320 4650 ibi
3366 4595 3500 4667 Logi
3533 4611 3563 4648 e
3594 4595 3723 4662 Sige

321 4704 464 4768 puto
497 4697 688 4751 virum
721 4696 1131 4750 doctissimum
1165 4696 1224 4750 id
1256 4696 1492 4754 velle.ut
1523 4695 1695 4749 aliter
1724 4695 1848 4748 haec
1879 4694 1970 4748 in-

320 4786 509 4857 telligi
541 4803 657 4840 non
694 4786 943 4856 possint,
975 4785 1088 4839 nisi
1119 4791 1186 4839 ut
1214 4785 1590 4839 Valentinum
1618 4784 1971 4838 feriant'hoc

319 4882 575 4940 tantum,
638 4875 869 4945 opinor,
906 4874 1045 4938 vult,
1099 4875 1224 4928 haec
1285 4873 1459 4927 verba
1512 4896 1539 4921 «
1600 4890 1806 4928 omnes
1847 4874 1972 4942 ejus

317 4982 508 5037 nugas
539 4964 839 5035 disjicere.
884 4985 912 5012 ››
946 4963 1056 5017 Sed
1099 4964 1231 5033 quis
1264 4963 1315 5017 ei
1349 4963 1438 5016 vel
1489 4962 1599 5017 hoc
1629 4961 1914 5018 concedet
1944 4961 1971 5015 ‘?

318 5059 408 5110 An
437 5056 538 5125 qui
573 5054 719 5108 dicit
767 5055 952 5107 Deum
983 5070 1167 5107 unum
1203 5069 1264 5108 se
1307 5069 1413 5124 per
1441 5052 1740 5107 Christum
1778 5052 1972 5108 mani-

314 5146 570 5199 festasse
602 5143 746 5197 satis
765 5143 971 5196 omnia
994 5142 1286 5198 Valentini
1323 5142 1595 5214 dogmata
1626 5141 1975 5196 confutavit?

316 5235 527 5288 Nonne
592 5232 748 5286 idem
805 5232 1002 5302 potius
1060 5231 1198 5285 dicit
1235 5231 1390 5300 quod
1431 5230 1576 5284 dixit
1607 5231 1971 5294 Valentinus,

317 5324 418 5394 qui
447 5322 582 5376 ideo
609 5321 894 5376 emissum
917 5321 1216 5374 Christum
1249 5319 1538 5387 docuit,ut
1571 5320 1972 5374 innominabi-

314 5413 436 5466 lem
471 5416 528 5465 et
559 5409 1227 5481 incomprehensibilem
1279 5409 1534 5474 Patrem,
1569 5424 1744 5478 quem
1789 5425 1976 5463 unum

314 5503 506 5556 Deum
541 5501 846 5571 professus
880 5496 1750 5566 est,declararet?Tertio,docet
1771 5501 1978 5552 auctor

316 5593 522 5647 Iesum
553 5590 854 5645 Christum
878 5605 1005 5643 esse
1038 5589 1139 5642 Dei
1163 5587 1326 5642 illius
1357 5589 1456 5658 qui
1489 5604 1550 5642 se
1579 5587 1979 5642 manifestavit

317 5680 560 5738 Filium.
596 5681 827 5752 Ergone
879 5676 1254 5734 Valentinum
1307 5675 1644 5732 necessario
1671 5676 1978 5748 respexit?

2078 4690 2683 4768 progeneratio;nulla
2715 4691 2912 4758 itaque
2943 4687 3039 4741 hic
3069 4687 3143 4741 ad
3175 4687 3552 4741 Valentinum
3575 4683 3727 4738 allu-

2082 4786 2188 4839 sio.
2224 4786 2293 4837 Et
2323 4798 2424 4837 sex
2450 4784 2797 4852 argumenta
2827 4794 2899 4832 ex
2929 4793 3047 4832 una
3079 4775 3375 4830 sententia
3405 4774 3553 4828 mire
3585 4788 3722 4826 con-

2082 4875 2221 4930 ﬂata
2251 4890 2324 4928 ne
2357 4872 2534 4926 unius
2565 4869 2806 4942 quidem
2836 4869 2949 4922 vim
2978 4868 3218 4922 habent.

2149 4965 2338 5028 Quare
2370 4961 2481 5015 hoc
2515 4960 2641 5014 loco
2674 4958 2816 5014 satis
2839 4957 2968 5028 jam
2997 4961 3202 5011 vexato
3235 4960 3411 5025 atque
3464 4952 3719 5018 detorto,

2082 5068 2152 5106 ea
2167 5050 2406 5105 tandem
2430 5047 2796 5116 recolit,quaa
2820 5045 3087 5115 proxima
3102 5043 3274 5114 paulo
3293 5047 3428 5096 ante
3447 5039 3726 5111 periocha

2083 5141 2154 5195 de
2185 5138 2415 5194 Christo
2447 5141 2653 5191 auctor
2675 5133 2939 5204 epistolae
2971 5133 3219 5200 dixerat,
3243 5137 3308 5185 ut
3338 5147 3406 5184 eo
3441 5129 3570 5182 loco
3612 5127 3727 5180 hae-

2082 5229 2263 5284 resim
2295 5223 2585 5280 Valentini
2610 5222 2924 5276 refutatam
2950 5219 3298 5287 inveniat,in
3323 5234 3438 5289 quo
3471 5215 3729 5288 Ignatius

2086 5318 2156 5374 de
2188 5315 2354 5371 nulla
2384 5312 2594 5368 haeresi
2628 5310 2908 5380 disputat,
2935 5310 3038 5364 sed
3072 5314 3301 5364 tantum
3325 5306 3729 5379 Magnesianos

2085 5411 2306 5471 monet,
2367 5409 2432 5459 ut
2489 5419 2523 5458 a
2581 5400 2898 5455 schismate
2932 5407 3193 5467 caveant,
3227 5406 3287 5456 et
3333 5397 3729 5456 Christianam

2083 5498 2391 5553 veritatem
2451 5496 2609 5550 arcte
2655 5489 3086 5562 amplexantur,
3119 5506 3296 5563 quam
3326 5488 3729 5562 particulatim

2086 5586 2358 5658 explicat,
2391 5583 2530 5639 dein
2562 5586 2908 5654 argumento
2941 5581 3013 5637 ab
3043 5582 3272 5638 unitate
3302 5579 3406 5636 Dei
3437 5584 3496 5636 et
3514 5581 3730 5638 Christi

2086 5678 2262 5733 ducto
2302 5677 2591 5732 exornat:
2619 5671 2779 5745 quod
2811 5678 2867 5730 et
2885 5688 2994 5746 per
3023 5689 3085 5731 se
3116 5672 3259 5732 satis
3290 5673 3598 5748 preprium
3621 5674 3730 5742 est,
