  <div class='ocr_page' id='page_1' title='image "/cluster/home/n/w/nwhite01/storage/ocr_20150623/5/mdp.39015015401063/171.png"; bbox 0 0 4064 6134; ppageno 0'>
   <div class='ocr_carea' id='block_1_1' title="bbox 336 354 451 414">
    <p class='ocr_par' dir='ltr' id='par_1_1' title="bbox 336 354 451 414">
     <span class='ocr_line' id='line_1_1' title="bbox 336 354 451 414; baseline 0.009 -1"><span class='ocrx_word' id='word_1_1' title='bbox 336 354 451 414; x_wconf 75' lang='grc'>315</span> 
     </span>
    </p>
   </div>
   <div class='ocr_carea' id='block_1_2' title="bbox 1395 346 2694 412">
    <p class='ocr_par' dir='ltr' id='par_1_2' title="bbox 1395 346 2694 412">
     <span class='ocr_line' id='line_1_2' title="bbox 1395 346 2694 412; baseline -0.004 -1"><span class='ocrx_word' id='word_1_2' title='bbox 1395 353 1459 412; x_wconf 91' lang='lat' dir='ltr'>S.</span> <span class='ocrx_word' id='word_1_3' title='bbox 1507 348 1916 411; x_wconf 84' lang='lat' dir='ltr'>lGNATIUS.</span> <span class='ocrx_word' id='word_1_4' title='bbox 1963 380 2041 391; x_wconf 93' lang='lat'>—</span> <span class='ocrx_word' id='word_1_5' title='bbox 2083 346 2694 408; x_wconf 82' lang='lat' dir='ltr'>PROLEGOMENA.</span> 
     </span>
    </p>
   </div>
   <div class='ocr_carea' id='block_1_3' title="bbox 3623 353 3741 414">
    <p class='ocr_par' dir='ltr' id='par_1_3' title="bbox 3623 353 3741 414">
     <span class='ocr_line' id='line_1_3' title="bbox 3623 353 3741 414; baseline 0.017 -2"><span class='ocrx_word' id='word_1_6' title='bbox 3623 353 3741 414; x_wconf 84' lang='grc'>316</span> 
     </span>
    </p>
   </div>
   <div class='ocr_carea' id='block_1_4' title="bbox 335 477 3739 557">
    <p class='ocr_par' dir='ltr' id='par_1_4' title="bbox 335 477 3739 557">
     <span class='ocr_line' id='line_1_4' title="bbox 335 477 3739 557; baseline -0.001 -17"><span class='ocrx_word' id='word_1_7' title='bbox 335 483 816 541; x_wconf 89' lang='lat' dir='ltr'>etvetustissimis</span> <span class='ocrx_word' id='word_1_8' title='bbox 830 483 1215 552; x_wconf 84' lang='lat' dir='ltr'>scriptoribus</span> <span class='ocrx_word' id='word_1_9' title='bbox 1237 481 1643 538; x_wconf 83' lang='lat' dir='ltr'>familiare.lta</span> <span class='ocrx_word' id='word_1_10' title='bbox 1655 479 1976 536; x_wconf 88' lang='lat' dir='ltr'>Clementis</span> <span class='ocrx_word' id='word_1_11' title='bbox 2008 478 2061 546; x_wconf 76' lang='grc' dir='ltr'>Α</span> <span class='ocrx_word' id='word_1_12' title='bbox 2091 477 2392 540; x_wconf 88' lang='lat' dir='ltr'>dicitur,et</span> <span class='ocrx_word' id='word_1_13' title='bbox 2421 477 2661 534; x_wconf 92' lang='lat' dir='ltr'>initium</span> <span class='ocrx_word' id='word_1_14' title='bbox 2685 479 3041 546; x_wconf 89' lang='lat' dir='ltr'>omnium,et</span> <span class='ocrx_word' id='word_1_15' title='bbox 3061 480 3298 552; x_wconf 75' lang='lat' dir='ltr'>proprie</span> <span class='ocrx_word' id='word_1_16' title='bbox 3320 481 3739 557; x_wconf 83' lang='lat' dir='ltr'>Monogenes.»</span> 
     </span>
    </p>
   </div>
   <div class='ocr_carea' id='block_1_5' title="bbox 337 572 1982 641">
    <p class='ocr_par' dir='ltr' id='par_1_5' title="bbox 337 572 1982 641">
     <span class='ocr_line' id='line_1_5' title="bbox 337 572 1982 641; baseline -0.002 -14"><span class='ocrx_word' id='word_1_17' title='bbox 337 573 725 628; x_wconf 77' lang='lat' dir='ltr'>Alexandrini</span> <span class='ocrx_word' id='word_1_18' title='bbox 783 573 1174 627; x_wconf 77' lang='lat' dir='ltr'>Admonitz’one</span> <span class='ocrx_word' id='word_1_19' title='bbox 1223 572 1297 626; x_wconf 88' lang='lat' dir='ltr'>ad</span> <span class='ocrx_word' id='word_1_20' title='bbox 1351 579 1536 641; x_wconf 85' lang='lat' dir='ltr'>gentes</span> <span class='ocrx_word' id='word_1_21' title='bbox 1593 574 1982 641; x_wconf 71' lang='lat' dir='ltr'>reprmsentat</span> 
     </span>
    </p>
   </div>
   <div class='ocr_carea' id='block_1_6' title="bbox 340 660 1978 733">
    <p class='ocr_par' dir='ltr' id='par_1_6' title="bbox 340 660 1978 733">
     <span class='ocr_line' id='line_1_6' title="bbox 340 660 1978 733; baseline -0.001 -18"><span class='ocrx_word' id='word_1_22' title='bbox 340 663 638 717; x_wconf 83' lang='lat' dir='ltr'>Christum</span> <span class='ocrx_word' id='word_1_23' title='bbox 658 663 848 733; x_wconf 88' lang='lat' dir='ltr'>Logon</span> <span class='ocrx_word' id='word_1_24' title='bbox 863 661 1327 717; x_wconf 87' lang='lat' dir='ltr'>innumerabiles</span> <span class='ocrx_word' id='word_1_25' title='bbox 1339 661 1590 733; x_wconf 89' lang='lat' dir='ltr'>populos</span> <span class='ocrx_word' id='word_1_26' title='bbox 1603 660 1677 716; x_wconf 91' lang='lat' dir='ltr'>ad</span> <span class='ocrx_word' id='word_1_27' title='bbox 1693 660 1789 714; x_wconf 87' lang='lat' dir='ltr'>uni</span> <span class='ocrx_word' id='word_1_28' title='bbox 1801 665 1978 714; x_wconf 92' lang='lat' dir='ltr'>tatem</span> 
     </span>
    </p>
   </div>
   <div class='ocr_carea' id='block_1_7' title="bbox 340 748 1977 819">
    <p class='ocr_par' dir='ltr' id='par_1_7' title="bbox 340 748 1977 819">
     <span class='ocr_line' id='line_1_7' title="bbox 340 748 1977 819; baseline -0.003 -13"><span class='ocrx_word' id='word_1_29' title='bbox 340 751 615 807; x_wconf 69' lang='lat' dir='ltr'>Ecclesiaa</span> <span class='ocrx_word' id='word_1_30' title='bbox 645 768 706 806; x_wconf 82' lang='lat' dir='ltr'>in</span> <span class='ocrx_word' id='word_1_31' title='bbox 737 752 895 807; x_wconf 90' lang='lat' dir='ltr'>hunc</span> <span class='ocrx_word' id='word_1_32' title='bbox 926 752 1168 808; x_wconf 91' lang='lat' dir='ltr'>modum</span> <span class='ocrx_word' id='word_1_33' title='bbox 1201 757 1643 819; x_wconf 86' lang='lat' dir='ltr'>convocantem,</span> <span class='ocrx_word' id='word_1_34' title='bbox 1682 751 1872 804; x_wconf 82' lang='grc' dir='ltr'>Ἥκετε</span> <span class='ocrx_word' id='word_1_35' title='bbox 1903 748 1977 810; x_wconf 86' lang='grc' dir='ltr'>ὡς</span> 
     </span>
    </p>
   </div>
   <div class='ocr_carea' id='block_1_8' title="bbox 338 833 1978 917">
    <p class='ocr_par' dir='ltr' id='par_1_8' title="bbox 338 833 1978 917">
     <span class='ocr_line' id='line_1_8' title="bbox 338 833 1978 917; baseline -0.001 -23"><span class='ocrx_word' id='word_1_36' title='bbox 338 838 456 912; x_wconf 73' lang='grc' dir='ltr'>ἐμὲ,</span> <span class='ocrx_word' id='word_1_37' title='bbox 492 839 579 912; x_wconf 73' lang='grc' dir='ltr'>ὗφ⁹</span> <span class='ocrx_word' id='word_1_38' title='bbox 607 834 699 892; x_wconf 71' lang='grc' dir='ltr'>ἕνα</span> <span class='ocrx_word' id='word_1_39' title='bbox 728 839 1139 917; x_wconf 82' lang='grc' dir='ltr'>ταχθησόμενοι</span> <span class='ocrx_word' id='word_1_40' title='bbox 1175 841 1326 908; x_wconf 84' lang='grc' dir='ltr'>Θεὸν,</span> <span class='ocrx_word' id='word_1_41' title='bbox 1373 840 1460 893; x_wconf 76' lang='grc' dir='ltr'>καὶ</span> <span class='ocrx_word' id='word_1_42' title='bbox 1507 839 1598 894; x_wconf 92' lang='grc' dir='ltr'>τὸν</span> <span class='ocrx_word' id='word_1_43' title='bbox 1659 833 1751 891; x_wconf 74' lang='grc' dir='ltr'>ἕνα</span> <span class='ocrx_word' id='word_1_44' title='bbox 1801 837 1978 912; x_wconf 81' lang='grc' dir='ltr'>Λόγον</span> 
     </span>
    </p>
   </div>
   <div class='ocr_carea' id='block_1_9' title="bbox 331 926 1978 998">
    <p class='ocr_par' dir='ltr' id='par_1_9' title="bbox 331 926 1978 998">
     <span class='ocr_line' id='line_1_9' title="bbox 331 926 1978 998; baseline -0.001 -15"><span class='ocrx_word' id='word_1_45' title='bbox 331 926 429 983; x_wconf 72' lang='grc' dir='ltr'>τοῦ</span> <span class='ocrx_word' id='word_1_46' title='bbox 485 931 638 984; x_wconf 76' lang='grc' dir='ltr'>Θεοῦ.</span> <span class='ocrx_word' id='word_1_47' title='bbox 688 931 775 984; x_wconf 89' lang='lat' dir='ltr'>Ita</span> <span class='ocrx_word' id='word_1_48' title='bbox 811 929 1105 998; x_wconf 71' lang='lat' dir='ltr'>Pazdagog.</span> <span class='ocrx_word' id='word_1_49' title='bbox 1138 929 1237 984; x_wconf 89' lang='lat' dir='ltr'>lib.</span> <span class='ocrx_word' id='word_1_50' title='bbox 1287 947 1326 998; x_wconf 83' lang='grc' dir='ltr'>ι,</span> <span class='ocrx_word' id='word_1_51' title='bbox 1358 929 1650 984; x_wconf 92' lang='lat' dir='ltr'>unitatem</span> <span class='ocrx_word' id='word_1_52' title='bbox 1702 928 1978 983; x_wconf 73' lang='lat' dir='ltr'>Ecclesiae</span> 
     </span>
    </p>
   </div>
   <div class='ocr_carea' id='block_1_10' title="bbox 336 1016 1978 1090">
    <p class='ocr_par' dir='ltr' id='par_1_10' title="bbox 336 1016 1978 1090">
     <span class='ocr_line' id='line_1_10' title="bbox 336 1016 1978 1090; baseline -0.002 -18"><span class='ocrx_word' id='word_1_53' title='bbox 336 1019 587 1073; x_wconf 83' lang='lat' dir='ltr'>miriﬁce</span> <span class='ocrx_word' id='word_1_54' title='bbox 619 1017 920 1090; x_wconf 85' lang='lat' dir='ltr'>depingit:</span> <span class='ocrx_word' id='word_1_55' title='bbox 949 1020 1012 1070; x_wconf 83' lang='grc' dir='ltr'><strong>Ὦ</strong></span> <span class='ocrx_word' id='word_1_56' title='bbox 1043 1018 1316 1089; x_wconf 71' lang='grc' dir='ltr'>θαύματος</span> <span class='ocrx_word' id='word_1_57' title='bbox 1387 1020 1650 1090; x_wconf 73' lang='grc' dir='ltr'>μυστικοῦ</span> <span class='ocrx_word' id='word_1_58' title='bbox 1683 1018 1695 1072; x_wconf 81' lang='lat' dir='ltr'>i</span> <span class='ocrx_word' id='word_1_59' title='bbox 1752 1016 1828 1077; x_wconf 75' lang='grc' dir='ltr'>εἷς</span> <span class='ocrx_word' id='word_1_60' title='bbox 1881 1016 1978 1088; x_wconf 75' lang='grc' dir='ltr'>μὲν</span> 
     </span>
    </p>
   </div>
   <div class='ocr_carea' id='block_1_11' title="bbox 338 1101 1978 1179">
    <p class='ocr_par' dir='ltr' id='par_1_11' title="bbox 338 1101 1978 1179">
     <span class='ocr_line' id='line_1_11' title="bbox 338 1101 1978 1179; baseline 0 -23"><span class='ocrx_word' id='word_1_61' title='bbox 338 1104 364 1156; x_wconf 86' lang='grc' dir='ltr'>ὁ</span> <span class='ocrx_word' id='word_1_62' title='bbox 397 1107 503 1157; x_wconf 81' lang='grc' dir='ltr'>τῶν</span> <span class='ocrx_word' id='word_1_63' title='bbox 537 1101 682 1157; x_wconf 74' lang='grc' dir='ltr'>ὅλων</span> <span class='ocrx_word' id='word_1_64' title='bbox 721 1106 924 1179; x_wconf 79' lang='grc' dir='ltr'>ΙΙατήρ’</span> <span class='ocrx_word' id='word_1_65' title='bbox 961 1106 1035 1165; x_wconf 81' lang='grc' dir='ltr'>εἷς</span> <span class='ocrx_word' id='word_1_66' title='bbox 1068 1103 1124 1158; x_wconf 72' lang='grc' dir='ltr'>δὲ</span> <span class='ocrx_word' id='word_1_67' title='bbox 1153 1105 1241 1160; x_wconf 82' lang='grc' dir='ltr'>καὶ</span> <span class='ocrx_word' id='word_1_68' title='bbox 1288 1110 1395 1160; x_wconf 82' lang='grc' dir='ltr'>τῶν</span> <span class='ocrx_word' id='word_1_69' title='bbox 1451 1103 1596 1160; x_wconf 78' lang='grc' dir='ltr'>ὅλων</span> <span class='ocrx_word' id='word_1_70' title='bbox 1644 1105 1841 1179; x_wconf 59' lang='grc' dir='ltr'><strong>Λόγος</strong></span> <span class='ocrx_word' id='word_1_71' title='bbox 1888 1104 1978 1158; x_wconf 85' lang='grc' dir='ltr'>καὶ</span> 
     </span>
    </p>
   </div>
   <div class='ocr_carea' id='block_1_12' title="bbox 335 1188 1981 1271">
    <p class='ocr_par' dir='ltr' id='par_1_12' title="bbox 335 1188 1981 1271">
     <span class='ocr_line' id='line_1_12' title="bbox 335 1188 1981 1271; baseline 0 -24"><span class='ocrx_word' id='word_1_72' title='bbox 335 1193 397 1247; x_wconf 83' lang='grc' dir='ltr'>τὸ</span> <span class='ocrx_word' id='word_1_73' title='bbox 431 1197 644 1265; x_wconf 78' lang='grc' dir='ltr'>Πνεῦμα</span> <span class='ocrx_word' id='word_1_74' title='bbox 675 1194 737 1247; x_wconf 86' lang='grc' dir='ltr'>τὸ</span> <span class='ocrx_word' id='word_1_75' title='bbox 781 1188 936 1271; x_wconf 73' lang='grc' dir='ltr'>ἅγιον</span> <span class='ocrx_word' id='word_1_76' title='bbox 985 1193 1038 1248; x_wconf 74' lang='grc' dir='ltr'>ἓν</span> <span class='ocrx_word' id='word_1_77' title='bbox 1091 1195 1178 1249; x_wconf 67' lang='grc' dir='ltr'>καὶ</span> <span class='ocrx_word' id='word_1_78' title='bbox 1218 1195 1280 1249; x_wconf 88' lang='grc' dir='ltr'>τὸ</span> <span class='ocrx_word' id='word_1_79' title='bbox 1329 1194 1460 1250; x_wconf 68' lang='grc' dir='ltr'>αὐτὸ</span> <span class='ocrx_word' id='word_1_80' title='bbox 1517 1198 1815 1270; x_wconf 74' lang='grc' dir='ltr'>πανταχοῦ.</span> <span class='ocrx_word' id='word_1_81' title='bbox 1867 1194 1981 1251; x_wconf 86' lang='grc' dir='ltr'>Μία</span> 
     </span>
    </p>
   </div>
   <div class='ocr_carea' id='block_1_13' title="bbox 339 1281 1976 1361">
    <p class='ocr_par' dir='ltr' id='par_1_13' title="bbox 339 1281 1976 1361">
     <span class='ocr_line' id='line_1_13' title="bbox 339 1281 1976 1361; baseline 0 -24"><span class='ocrx_word' id='word_1_82' title='bbox 339 1281 396 1338; x_wconf 80' lang='grc' dir='ltr'>δὲ</span> <span class='ocrx_word' id='word_1_83' title='bbox 429 1283 568 1356; x_wconf 86' lang='grc' dir='ltr'>μόνη</span> <span class='ocrx_word' id='word_1_84' title='bbox 625 1283 828 1360; x_wconf 86' lang='grc' dir='ltr'>γίνεται</span> <span class='ocrx_word' id='word_1_85' title='bbox 887 1286 1070 1361; x_wconf 79' lang='grc' dir='ltr'>μήτηρ</span> <span class='ocrx_word' id='word_1_86' title='bbox 1131 1285 1417 1361; x_wconf 66' lang='grc' dir='ltr'>Παρῦἑειοςο</span> <span class='ocrx_word' id='word_1_87' title='bbox 1475 1284 1802 1354; x_wconf 77' lang='grc' dir='ltr'>Ἐκκλησίαν</span> <span class='ocrx_word' id='word_1_88' title='bbox 1853 1282 1976 1355; x_wconf 83' lang='grc' dir='ltr'>ἐμοὶ</span> 
     </span>
    </p>
   </div>
   <div class='ocr_carea' id='block_1_14' title="bbox 337 1373 1976 1453">
    <p class='ocr_par' dir='ltr' id='par_1_14' title="bbox 337 1373 1976 1453">
     <span class='ocr_line' id='line_1_14' title="bbox 337 1373 1976 1453; baseline 0.001 -24"><span class='ocrx_word' id='word_1_89' title='bbox 337 1373 494 1453; x_wconf 75' lang='grc' dir='ltr'>φίλον</span> <span class='ocrx_word' id='word_1_90' title='bbox 536 1375 700 1444; x_wconf 76' lang='grc' dir='ltr'>αὐτὴν</span> <span class='ocrx_word' id='word_1_91' title='bbox 760 1375 962 1432; x_wconf 69' lang='grc' dir='ltr'>καλεῖν.</span> <span class='ocrx_word' id='word_1_92' title='bbox 1019 1401 1046 1428; x_wconf 87' lang='grc'>‹‹</span> <span class='ocrx_word' id='word_1_93' title='bbox 1104 1381 1146 1434; x_wconf 95' lang='grc' dir='ltr'>Ο</span> <span class='ocrx_word' id='word_1_94' title='bbox 1206 1379 1560 1434; x_wconf 85' lang='lat' dir='ltr'>miraculum</span> <span class='ocrx_word' id='word_1_95' title='bbox 1618 1376 1976 1448; x_wconf 83' lang='lat' dir='ltr'>mysticum!</span> 
     </span>
    </p>
   </div>
   <div class='ocr_carea' id='block_1_15' title="bbox 339 1467 1982 1536">
    <p class='ocr_par' dir='ltr' id='par_1_15' title="bbox 339 1467 1982 1536">
     <span class='ocr_line' id='line_1_15' title="bbox 339 1467 1982 1536; baseline -0.001 -15"><span class='ocrx_word' id='word_1_96' title='bbox 339 1467 499 1521; x_wconf 89' lang='lat' dir='ltr'>Unus</span> <span class='ocrx_word' id='word_1_97' title='bbox 529 1467 770 1536; x_wconf 85' lang='lat' dir='ltr'>quidem</span> <span class='ocrx_word' id='word_1_98' title='bbox 801 1467 1212 1521; x_wconf 83' lang='lat' dir='ltr'>universorum</span> <span class='ocrx_word' id='word_1_99' title='bbox 1237 1469 1412 1522; x_wconf 88' lang='lat' dir='ltr'>Pater</span> <span class='ocrx_word' id='word_1_100' title='bbox 1442 1483 1454 1521; x_wconf 90' lang='lat'>:</span> <span class='ocrx_word' id='word_1_101' title='bbox 1491 1483 1674 1521; x_wconf 91' lang='lat' dir='ltr'>unum</span> <span class='ocrx_word' id='word_1_102' title='bbox 1707 1472 1904 1521; x_wconf 89' lang='lat' dir='ltr'>autem</span> <span class='ocrx_word' id='word_1_103' title='bbox 1925 1470 1982 1519; x_wconf 88' lang='lat' dir='ltr'>et</span> 
     </span>
    </p>
   </div>
   <div class='ocr_carea' id='block_1_16' title="bbox 336 1556 1982 1628">
    <p class='ocr_par' dir='ltr' id='par_1_16' title="bbox 336 1556 1982 1628">
     <span class='ocr_line' id='line_1_16' title="bbox 336 1556 1982 1628; baseline 0 -19"><span class='ocrx_word' id='word_1_104' title='bbox 336 1556 748 1610; x_wconf 89' lang='lat' dir='ltr'>universorum</span> <span class='ocrx_word' id='word_1_105' title='bbox 783 1557 1033 1611; x_wconf 86' lang='lat' dir='ltr'>Verbum</span> <span class='ocrx_word' id='word_1_106' title='bbox 1061 1573 1073 1623; x_wconf 91' lang='lat'><strong>;</strong></span> <span class='ocrx_word' id='word_1_107' title='bbox 1107 1562 1166 1612; x_wconf 94' lang='lat' dir='ltr'>et</span> <span class='ocrx_word' id='word_1_108' title='bbox 1195 1557 1446 1628; x_wconf 76' lang='lat' dir='ltr'>Spiritus</span> <span class='ocrx_word' id='word_1_109' title='bbox 1477 1561 1718 1612; x_wconf 89' lang='lat' dir='ltr'>sanctus</span> <span class='ocrx_word' id='word_1_110' title='bbox 1741 1571 1892 1610; x_wconf 90' lang='lat' dir='ltr'>unus</span> <span class='ocrx_word' id='word_1_111' title='bbox 1913 1571 1982 1610; x_wconf 91' lang='lat' dir='ltr'>ac</span> 
     </span>
    </p>
   </div>
   <div class='ocr_carea' id='block_1_17' title="bbox 345 1644 1980 1716">
    <p class='ocr_par' dir='ltr' id='par_1_17' title="bbox 345 1644 1980 1716">
     <span class='ocr_line' id='line_1_17' title="bbox 345 1644 1980 1716; baseline -0.001 -17"><span class='ocrx_word' id='word_1_112' title='bbox 345 1645 502 1700; x_wconf 91' lang='lat' dir='ltr'>idem</span> <span class='ocrx_word' id='word_1_113' title='bbox 528 1645 903 1716; x_wconf 89' lang='lat' dir='ltr'>ubique.Una</span> <span class='ocrx_word' id='word_1_114' title='bbox 929 1651 1125 1701; x_wconf 89' lang='lat' dir='ltr'>autem</span> <span class='ocrx_word' id='word_1_115' title='bbox 1159 1646 1284 1701; x_wconf 87' lang='lat' dir='ltr'>sola</span> <span class='ocrx_word' id='word_1_116' title='bbox 1305 1652 1394 1701; x_wconf 90' lang='lat' dir='ltr'>est</span> <span class='ocrx_word' id='word_1_117' title='bbox 1424 1651 1615 1702; x_wconf 90' lang='lat' dir='ltr'>mater</span> <span class='ocrx_word' id='word_1_118' title='bbox 1645 1644 1980 1715; x_wconf 80' lang='lat' dir='ltr'>virgozmihi</span> 
     </span>
    </p>
   </div>
   <div class='ocr_carea' id='block_1_18' title="bbox 345 1734 1981 1806">
    <p class='ocr_par' dir='ltr' id='par_1_18' title="bbox 345 1734 1981 1806">
     <span class='ocr_line' id='line_1_18' title="bbox 345 1734 1981 1806; baseline -0.001 -17"><span class='ocrx_word' id='word_1_119' title='bbox 345 1740 543 1789; x_wconf 89' lang='lat' dir='ltr'>autem</span> <span class='ocrx_word' id='word_1_120' title='bbox 593 1734 784 1805; x_wconf 82' lang='lat' dir='ltr'>placet</span> <span class='ocrx_word' id='word_1_121' title='bbox 841 1752 971 1790; x_wconf 91' lang='lat' dir='ltr'>eam</span> <span class='ocrx_word' id='word_1_122' title='bbox 1003 1752 1208 1790; x_wconf 87' lang='lat' dir='ltr'>vocare</span> <span class='ocrx_word' id='word_1_123' title='bbox 1242 1736 1583 1790; x_wconf 88' lang='lat' dir='ltr'>Ecclesiam.</span> <span class='ocrx_word' id='word_1_124' title='bbox 1619 1756 1646 1785; x_wconf 83' lang='lat'><strong>»</strong></span> <span class='ocrx_word' id='word_1_125' title='bbox 1677 1737 1746 1788; x_wconf 88' lang='lat' dir='ltr'>Et</span> <span class='ocrx_word' id='word_1_126' title='bbox 1773 1738 1981 1806; x_wconf 82' lang='lat' dir='ltr'>gentes</span> 
     </span>
    </p>
   </div>
   <div class='ocr_carea' id='block_1_19' title="bbox 339 1823 1980 1894">
    <p class='ocr_par' dir='ltr' id='par_1_19' title="bbox 339 1823 1980 1894">
     <span class='ocr_line' id='line_1_19' title="bbox 339 1823 1980 1894; baseline 0.001 -17"><span class='ocrx_word' id='word_1_127' title='bbox 339 1824 519 1878; x_wconf 88' lang='lat' dir='ltr'>etiam</span> <span class='ocrx_word' id='word_1_128' title='bbox 549 1823 754 1877; x_wconf 85' lang='lat' dir='ltr'>invitat</span> <span class='ocrx_word' id='word_1_129' title='bbox 784 1824 856 1878; x_wconf 90' lang='lat' dir='ltr'>ad</span> <span class='ocrx_word' id='word_1_130' title='bbox 912 1825 1066 1878; x_wconf 91' lang='lat' dir='ltr'>hanc</span> <span class='ocrx_word' id='word_1_131' title='bbox 1105 1824 1419 1892; x_wconf 89' lang='lat' dir='ltr'>unitatem,</span> <span class='ocrx_word' id='word_1_132' title='bbox 1452 1829 1735 1894; x_wconf 89' lang='lat' dir='ltr'>tanquam</span> <span class='ocrx_word' id='word_1_133' title='bbox 1766 1824 1980 1880; x_wconf 90' lang='lat' dir='ltr'>unitati</span> 
     </span>
    </p>
   </div>
   <div class='ocr_carea' id='block_1_20' title="bbox 340 1912 1982 1984">
    <p class='ocr_par' dir='ltr' id='par_1_20' title="bbox 340 1912 1982 1984">
     <span class='ocr_line' id='line_1_20' title="bbox 340 1912 1982 1984; baseline 0.002 -19"><span class='ocrx_word' id='word_1_134' title='bbox 340 1912 552 1967; x_wconf 64' lang='lat' dir='ltr'>divina:</span> <span class='ocrx_word' id='word_1_135' title='bbox 577 1912 940 1968; x_wconf 87' lang='lat' dir='ltr'>conformem</span> <span class='ocrx_word' id='word_1_136' title='bbox 974 1918 1033 1966; x_wconf 89' lang='lat' dir='ltr'>et</span> <span class='ocrx_word' id='word_1_137' title='bbox 1062 1913 1134 1968; x_wconf 92' lang='lat' dir='ltr'>ad</span> <span class='ocrx_word' id='word_1_138' title='bbox 1182 1913 1346 1968; x_wconf 83' lang='lat' dir='ltr'>illam</span> <span class='ocrx_word' id='word_1_139' title='bbox 1380 1913 1618 1967; x_wconf 87' lang='lat' dir='ltr'>tandem</span> <span class='ocrx_word' id='word_1_140' title='bbox 1650 1913 1982 1984; x_wconf 83' lang='lat' dir='ltr'>perducen-</span> 
     </span>
    </p>
   </div>
   <div class='ocr_carea' id='block_1_21' title="bbox 341 2000 1987 2077">
    <p class='ocr_par' dir='ltr' id='par_1_21' title="bbox 341 2000 1987 2077">
     <span class='ocr_line' id='line_1_21' title="bbox 341 2000 1987 2077; baseline -0.001 -22"><span class='ocrx_word' id='word_1_141' title='bbox 341 2006 507 2056; x_wconf 84' lang='lat' dir='ltr'>tem:</span> <span class='ocrx_word' id='word_1_142' title='bbox 569 2000 899 2072; x_wconf 84' lang='grc' dir='ltr'>Σπεύσωμεν</span> <span class='ocrx_word' id='word_1_143' title='bbox 957 2001 1031 2062; x_wconf 86' lang='grc' dir='ltr'>εἰς</span> <span class='ocrx_word' id='word_1_144' title='bbox 1093 2001 1217 2074; x_wconf 87' lang='grc' dir='ltr'>μίαν</span> <span class='ocrx_word' id='word_1_145' title='bbox 1281 2001 1491 2076; x_wconf 78' lang='grc' dir='ltr'>ἀγάπην</span> <span class='ocrx_word' id='word_1_146' title='bbox 1554 2003 1886 2077; x_wconf 77' lang='grc' dir='ltr'>συναχθῆναι</span> <span class='ocrx_word' id='word_1_147' title='bbox 1935 2001 1987 2056; x_wconf 76' lang='grc' dir='ltr'>οἱ</span> 
     </span>
    </p>
   </div>
   <div class='ocr_carea' id='block_1_22' title="bbox 341 2086 1989 2162">
    <p class='ocr_par' dir='ltr' id='par_1_22' title="bbox 341 2086 1989 2162">
     <span class='ocr_line' id='line_1_22' title="bbox 341 2086 1989 2162; baseline 0.001 -20"><span class='ocrx_word' id='word_1_148' title='bbox 341 2086 548 2143; x_wconf 89' lang='grc' dir='ltr'>πολλοὶ</span> <span class='ocrx_word' id='word_1_149' title='bbox 578 2088 714 2144; x_wconf 81' lang='grc' dir='ltr'>κατᾶ</span> <span class='ocrx_word' id='word_1_150' title='bbox 745 2091 842 2159; x_wconf 72' lang='grc' dir='ltr'>τὴν</span> <span class='ocrx_word' id='word_1_151' title='bbox 871 2097 970 2158; x_wconf 79' lang='grc' dir='ltr'>τῆς</span> <span class='ocrx_word' id='word_1_152' title='bbox 1011 2087 1310 2162; x_wconf 79' lang='grc' dir='ltr'>μοναδικῆς</span> <span class='ocrx_word' id='word_1_153' title='bbox 1361 2091 1546 2153; x_wconf 77' lang='grc' dir='ltr'>οὐσίας</span> <span class='ocrx_word' id='word_1_154' title='bbox 1594 2088 1809 2146; x_wconf 73' lang='grc' dir='ltr'>ἕνωσινο</span> <span class='ocrx_word' id='word_1_155' title='bbox 1863 2091 1989 2144; x_wconf 82' lang='grc' dir='ltr'>ἀνα-</span> 
     </span>
    </p>
   </div>
   <div class='ocr_carea' id='block_1_23' title="bbox 344 2175 1989 2255">
    <p class='ocr_par' dir='ltr' id='par_1_23' title="bbox 344 2175 1989 2255">
     <span class='ocr_line' id='line_1_23' title="bbox 344 2175 1989 2255; baseline -0.001 -22"><span class='ocrx_word' id='word_1_156' title='bbox 344 2176 523 2253; x_wconf 84' lang='grc' dir='ltr'>λόγως</span> <span class='ocrx_word' id='word_1_157' title='bbox 585 2178 810 2245; x_wconf 77' lang='grc' dir='ltr'>ὲνότητο.</span> <span class='ocrx_word' id='word_1_158' title='bbox 867 2175 1152 2252; x_wconf 81' lang='grc' dir='ltr'>διώκωμεν</span> <span class='ocrx_word' id='word_1_159' title='bbox 1212 2181 1310 2249; x_wconf 73' lang='grc' dir='ltr'>τὴν</span> <span class='ocrx_word' id='word_1_160' title='bbox 1359 2180 1566 2255; x_wconf 74' lang='grc' dir='ltr'>ἀγαθὴν</span> <span class='ocrx_word' id='word_1_161' title='bbox 1642 2178 1989 2249; x_wconf 65' lang='grc' dir='ltr'>ἐκζ¹ητοῦντες</span> 
     </span>
    </p>
   </div>
   <div class='ocr_carea' id='block_1_24' title="bbox 347 2263 1987 2345">
    <p class='ocr_par' dir='ltr' id='par_1_24' title="bbox 347 2263 1987 2345">
     <span class='ocr_line' id='line_1_24' title="bbox 347 2263 1987 2345; baseline 0.001 -25"><span class='ocrx_word' id='word_1_162' title='bbox 347 2263 573 2340; x_wconf 65' lang='grc' dir='ltr'>μονάδα.</span> <span class='ocrx_word' id='word_1_163' title='bbox 605 2267 668 2323; x_wconf 91' lang='grc' dir='ltr'>ἹῙ</span> <span class='ocrx_word' id='word_1_164' title='bbox 701 2264 756 2321; x_wconf 80' lang='grc' dir='ltr'>δὲ</span> <span class='ocrx_word' id='word_1_165' title='bbox 787 2265 846 2322; x_wconf 82' lang='grc' dir='ltr'>ἐκ</span> <span class='ocrx_word' id='word_1_166' title='bbox 884 2265 1109 2323; x_wconf 79' lang='grc' dir='ltr'>πολλῶν</span> <span class='ocrx_word' id='word_1_167' title='bbox 1149 2265 1344 2331; x_wconf 72' lang='grc' dir='ltr'>ἓνωσες</span> <span class='ocrx_word' id='word_1_168' title='bbox 1397 2269 1455 2323; x_wconf 74' lang='grc' dir='ltr'>ἐκ</span> <span class='ocrx_word' id='word_1_169' title='bbox 1501 2267 1854 2345; x_wconf 86' lang='grc' dir='ltr'>πολυφωνίας</span> <span class='ocrx_word' id='word_1_170' title='bbox 1898 2269 1987 2323; x_wconf 83' lang='grc' dir='ltr'>καὶ</span> 
     </span>
    </p>
   </div>
   <div class='ocr_carea' id='block_1_25' title="bbox 345 2352 1989 2434">
    <p class='ocr_par' dir='ltr' id='par_1_25' title="bbox 345 2352 1989 2434">
     <span class='ocr_line' id='line_1_25' title="bbox 345 2352 1989 2434; baseline 0.002 -25"><span class='ocrx_word' id='word_1_171' title='bbox 345 2354 641 2428; x_wconf 83' lang='grc' dir='ltr'>διασπορᾶς</span> <span class='ocrx_word' id='word_1_172' title='bbox 672 2356 933 2432; x_wconf 84' lang='grc' dir='ltr'>ἁρμονίαν</span> <span class='ocrx_word' id='word_1_173' title='bbox 965 2352 1207 2412; x_wconf 75' lang='grc' dir='ltr'>λαϐοῦσα</span> <span class='ocrx_word' id='word_1_174' title='bbox 1262 2360 1445 2428; x_wconf 77' lang='grc' dir='ltr'>θεϊκήν</span> <span class='ocrx_word' id='word_1_175' title='bbox 1482 2359 1581 2430; x_wconf 86' lang='grc' dir='ltr'>μία</span> <span class='ocrx_word' id='word_1_176' title='bbox 1610 2357 1816 2434; x_wconf 79' lang='grc' dir='ltr'>γίνεται</span> <span class='ocrx_word' id='word_1_177' title='bbox 1848 2379 1989 2430; x_wconf 89' lang='grc' dir='ltr'>συμ-</span> 
     </span>
    </p>
   </div>
   <div class='ocr_carea' id='block_1_26' title="bbox 336 2443 1987 2522">
    <p class='ocr_par' dir='ltr' id='par_1_26' title="bbox 336 2443 1987 2522">
     <span class='ocr_line' id='line_1_26' title="bbox 336 2443 1987 2522; baseline 0.002 -25"><span class='ocrx_word' id='word_1_178' title='bbox 336 2445 628 2518; x_wconf 48' lang='lat' dir='ltr'>nimione-ai</span> <span class='ocrx_word' id='word_1_179' title='bbox 651 2449 890 2520; x_wconf 77' lang='grc' dir='ltr'>χορευτῇ</span> <span class='ocrx_word' id='word_1_180' title='bbox 922 2448 1008 2500; x_wconf 84' lang='grc' dir='ltr'>καὶ</span> <span class='ocrx_word' id='word_1_181' title='bbox 1045 2443 1360 2519; x_wconf 79' lang='grc' dir='ltr'>διδασκάλῳ</span> <span class='ocrx_word' id='word_1_182' title='bbox 1389 2451 1468 2518; x_wconf 82' lang='grc' dir='ltr'>τῷ</span> <span class='ocrx_word' id='word_1_183' title='bbox 1509 2447 1672 2522; x_wconf 86' lang='grc' dir='ltr'>Λόγῳ</span> <span class='ocrx_word' id='word_1_184' title='bbox 1717 2445 1987 2519; x_wconf 76' lang='grc' dir='ltr'>ἑπομένη,</span> 
     </span>
    </p>
   </div>
   <div class='ocr_carea' id='block_1_27' title="bbox 336 2531 1983 2611">
    <p class='ocr_par' dir='ltr' id='par_1_27' title="bbox 336 2531 1983 2611">
     <span class='ocr_line' id='line_1_27' title="bbox 336 2531 1983 2611; baseline 0.001 -25"><span class='ocrx_word' id='word_1_185' title='bbox 336 2531 418 2586; x_wconf 76' lang='grc' dir='ltr'>ἐπ’</span> <span class='ocrx_word' id='word_1_186' title='bbox 442 2533 609 2602; x_wconf 74' lang='grc' dir='ltr'>αὐτὴν</span> <span class='ocrx_word' id='word_1_187' title='bbox 640 2535 739 2602; x_wconf 76' lang='grc' dir='ltr'>τὴν</span> <span class='ocrx_word' id='word_1_188' title='bbox 771 2532 1031 2604; x_wconf 77' lang='grc' dir='ltr'>ἀλήθειαν</span> <span class='ocrx_word' id='word_1_189' title='bbox 1063 2535 1471 2609; x_wconf 78' lang='grc' dir='ltr'>ἀναπαυομένη,</span> <span class='ocrx_word' id='word_1_190' title='bbox 1506 2531 1677 2594; x_wconf 72' lang='grc' dir='ltr'>’Δὸϐἆ</span> <span class='ocrx_word' id='word_1_191' title='bbox 1723 2533 1983 2611; x_wconf 75' lang='grc' dir='ltr'>λέγουσα,</span> 
     </span>
    </p>
   </div>
   <div class='ocr_carea' id='block_1_28' title="bbox 333 2623 1984 2697">
    <p class='ocr_par' dir='ltr' id='par_1_28' title="bbox 333 2623 1984 2697">
     <span class='ocr_line' id='line_1_28' title="bbox 333 2623 1984 2697; baseline 0.004 -21"><span class='ocrx_word' id='word_1_192' title='bbox 333 2623 360 2676; x_wconf 88' lang='grc' dir='ltr'>ὁ</span> <span class='ocrx_word' id='word_1_193' title='bbox 396 2625 605 2697; x_wconf 76' lang='grc' dir='ltr'>Πατήρ.</span> <span class='ocrx_word' id='word_1_194' title='bbox 641 2648 668 2676; x_wconf 87' lang='grc'>‹‹</span> <span class='ocrx_word' id='word_1_195' title='bbox 722 2625 1089 2682; x_wconf 74' lang='lat' dir='ltr'>Festinamus</span> <span class='ocrx_word' id='word_1_196' title='bbox 1137 2632 1203 2682; x_wconf 91' lang='lat' dir='ltr'>ut</span> <span class='ocrx_word' id='word_1_197' title='bbox 1251 2627 1310 2682; x_wconf 91' lang='lat' dir='ltr'>in</span> <span class='ocrx_word' id='word_1_198' title='bbox 1364 2644 1544 2683; x_wconf 91' lang='lat' dir='ltr'>unam</span> <span class='ocrx_word' id='word_1_199' title='bbox 1603 2627 1984 2682; x_wconf 86' lang='lat' dir='ltr'>dilectionem</span> 
     </span>
    </p>
   </div>
   <div class='ocr_carea' id='block_1_29' title="bbox 335 2715 1982 2787">
    <p class='ocr_par' dir='ltr' id='par_1_29' title="bbox 335 2715 1982 2787">
     <span class='ocr_line' id='line_1_29' title="bbox 335 2715 1982 2787; baseline 0.001 -19"><span class='ocrx_word' id='word_1_200' title='bbox 335 2715 505 2769; x_wconf 90' lang='lat' dir='ltr'>multi</span> <span class='ocrx_word' id='word_1_201' title='bbox 523 2717 1163 2787; x_wconf 89' lang='lat' dir='ltr'>cogamur,secundum</span> <span class='ocrx_word' id='word_1_202' title='bbox 1179 2716 1506 2772; x_wconf 83' lang='lat' dir='ltr'>monadicae</span> <span class='ocrx_word' id='word_1_203' title='bbox 1525 2717 1795 2772; x_wconf 83' lang='lat' dir='ltr'>essentias</span> <span class='ocrx_word' id='word_1_204' title='bbox 1809 2717 1982 2772; x_wconf 85' lang='lat' dir='ltr'>unio-</span> 
     </span>
    </p>
   </div>
   <div class='ocr_carea' id='block_1_30' title="bbox 332 2805 1983 2878">
    <p class='ocr_par' dir='ltr' id='par_1_30' title="bbox 332 2805 1983 2878">
     <span class='ocr_line' id='line_1_30' title="bbox 332 2805 1983 2878; baseline 0.001 -20"><span class='ocrx_word' id='word_1_205' title='bbox 332 2821 470 2858; x_wconf 88' lang='lat' dir='ltr'>nem</span> <span class='ocrx_word' id='word_1_206' title='bbox 503 2805 844 2877; x_wconf 85' lang='lat' dir='ltr'>;analogice</span> <span class='ocrx_word' id='word_1_207' title='bbox 878 2807 1159 2862; x_wconf 89' lang='lat' dir='ltr'>unionem</span> <span class='ocrx_word' id='word_1_208' title='bbox 1184 2823 1612 2878; x_wconf 85' lang='lat' dir='ltr'>persequamur</span> <span class='ocrx_word' id='word_1_209' title='bbox 1629 2805 1850 2861; x_wconf 88' lang='lat' dir='ltr'>bonam</span> <span class='ocrx_word' id='word_1_210' title='bbox 1881 2823 1983 2862; x_wconf 85' lang='lat' dir='ltr'>ex-</span> 
     </span>
    </p>
   </div>
   <div class='ocr_carea' id='block_1_31' title="bbox 333 2895 1979 2962">
    <p class='ocr_par' dir='ltr' id='par_1_31' title="bbox 333 2895 1979 2962">
     <span class='ocr_line' id='line_1_31' title="bbox 333 2895 1979 2962; baseline 0.001 -14"><span class='ocrx_word' id='word_1_211' title='bbox 333 2895 636 2962; x_wconf 89' lang='lat' dir='ltr'>quirentes</span> <span class='ocrx_word' id='word_1_212' title='bbox 667 2896 1122 2962; x_wconf 79' lang='lat' dir='ltr'>unitatem.Quas</span> <span class='ocrx_word' id='word_1_213' title='bbox 1155 2903 1244 2952; x_wconf 89' lang='lat' dir='ltr'>est</span> <span class='ocrx_word' id='word_1_214' title='bbox 1274 2901 1472 2952; x_wconf 89' lang='lat' dir='ltr'>autem</span> <span class='ocrx_word' id='word_1_215' title='bbox 1504 2914 1573 2952; x_wconf 86' lang='lat' dir='ltr'>ex</span> <span class='ocrx_word' id='word_1_216' title='bbox 1605 2897 1807 2952; x_wconf 89' lang='lat' dir='ltr'>multis</span> <span class='ocrx_word' id='word_1_217' title='bbox 1838 2896 1979 2951; x_wconf 92' lang='lat' dir='ltr'>unio</span> 
     </span>
    </p>
   </div>
   <div class='ocr_carea' id='block_1_32' title="bbox 334 2985 1980 3057">
    <p class='ocr_par' dir='ltr' id='par_1_32' title="bbox 334 2985 1980 3057">
     <span class='ocr_line' id='line_1_32' title="bbox 334 2985 1980 3057; baseline 0.002 -20"><span class='ocrx_word' id='word_1_218' title='bbox 334 2998 404 3036; x_wconf 84' lang='lat' dir='ltr'>ex</span> <span class='ocrx_word' id='word_1_219' title='bbox 437 3000 642 3039; x_wconf 90' lang='lat' dir='ltr'>vocum</span> <span class='ocrx_word' id='word_1_220' title='bbox 672 2985 1056 3040; x_wconf 88' lang='lat' dir='ltr'>multitudine</span> <span class='ocrx_word' id='word_1_221' title='bbox 1088 2992 1148 3040; x_wconf 92' lang='lat' dir='ltr'>et</span> <span class='ocrx_word' id='word_1_222' title='bbox 1191 2986 1563 3057; x_wconf 88' lang='lat' dir='ltr'>dispersione</span> <span class='ocrx_word' id='word_1_223' title='bbox 1590 2985 1850 3041; x_wconf 87' lang='lat' dir='ltr'>divinam</span> <span class='ocrx_word' id='word_1_224' title='bbox 1881 3001 1980 3040; x_wconf 91' lang='lat' dir='ltr'>ca-</span> 
     </span>
    </p>
   </div>
   <div class='ocr_carea' id='block_1_33' title="bbox 331 3073 1976 3142">
    <p class='ocr_par' dir='ltr' id='par_1_33' title="bbox 331 3073 1976 3142">
     <span class='ocr_line' id='line_1_33' title="bbox 331 3073 1976 3142; baseline 0.001 -16"><span class='ocrx_word' id='word_1_225' title='bbox 331 3073 499 3142; x_wconf 90' lang='lat' dir='ltr'>piens</span> <span class='ocrx_word' id='word_1_226' title='bbox 532 3073 906 3129; x_wconf 88' lang='lat' dir='ltr'>harmoniam</span> <span class='ocrx_word' id='word_1_227' title='bbox 938 3091 1091 3129; x_wconf 90' lang='lat' dir='ltr'>unus</span> <span class='ocrx_word' id='word_1_228' title='bbox 1125 3074 1188 3129; x_wconf 80' lang='lat' dir='ltr'>fit</span> <span class='ocrx_word' id='word_1_229' title='bbox 1219 3079 1567 3140; x_wconf 89' lang='lat' dir='ltr'>concentus,</span> <span class='ocrx_word' id='word_1_230' title='bbox 1601 3091 1784 3130; x_wconf 92' lang='lat' dir='ltr'>unum</span> <span class='ocrx_word' id='word_1_231' title='bbox 1812 3073 1976 3129; x_wconf 91' lang='lat' dir='ltr'>chori</span> 
     </span>
    </p>
   </div>
   <div class='ocr_carea' id='block_1_34' title="bbox 329 3161 1966 3234">
    <p class='ocr_par' dir='ltr' id='par_1_34' title="bbox 329 3161 1966 3234">
     <span class='ocr_line' id='line_1_34' title="bbox 329 3161 1966 3234; baseline 0.002 -20"><span class='ocrx_word' id='word_1_232' title='bbox 329 3161 539 3216; x_wconf 92' lang='lat' dir='ltr'>ducem</span> <span class='ocrx_word' id='word_1_233' title='bbox 575 3180 828 3232; x_wconf 89' lang='lat' dir='ltr'>sequens</span> <span class='ocrx_word' id='word_1_234' title='bbox 860 3169 916 3218; x_wconf 92' lang='lat' dir='ltr'>et</span> <span class='ocrx_word' id='word_1_235' title='bbox 939 3163 1287 3234; x_wconf 85' lang='lat' dir='ltr'>magistrum</span> <span class='ocrx_word' id='word_1_236' title='bbox 1319 3164 1590 3230; x_wconf 87' lang='lat' dir='ltr'>Verbum,</span> <span class='ocrx_word' id='word_1_237' title='bbox 1624 3164 1685 3217; x_wconf 93' lang='lat' dir='ltr'>in</span> <span class='ocrx_word' id='word_1_238' title='bbox 1717 3164 1845 3234; x_wconf 91' lang='lat' dir='ltr'>ipsa</span> <span class='ocrx_word' id='word_1_239' title='bbox 1869 3179 1966 3218; x_wconf 90' lang='lat' dir='ltr'>ac-</span> 
     </span>
    </p>
   </div>
   <div class='ocr_carea' id='block_1_35' title="bbox 328 3251 1967 3319">
    <p class='ocr_par' dir='ltr' id='par_1_35' title="bbox 328 3251 1967 3319">
     <span class='ocr_line' id='line_1_35' title="bbox 328 3251 1967 3319; baseline 0.003 -15"><span class='ocrx_word' id='word_1_240' title='bbox 328 3251 643 3319; x_wconf 90' lang='lat' dir='ltr'>quiescens</span> <span class='ocrx_word' id='word_1_241' title='bbox 703 3252 972 3319; x_wconf 85' lang='lat' dir='ltr'>veritate,</span> <span class='ocrx_word' id='word_1_242' title='bbox 1031 3253 1272 3307; x_wconf 91' lang='lat' dir='ltr'>dicens:</span> <span class='ocrx_word' id='word_1_243' title='bbox 1334 3252 1495 3307; x_wconf 83' lang='lat' dir='ltr'>Abba</span> <span class='ocrx_word' id='word_1_244' title='bbox 1544 3257 1728 3308; x_wconf 89' lang='lat' dir='ltr'>Pater.</span> <span class='ocrx_word' id='word_1_245' title='bbox 1772 3276 1794 3304; x_wconf 79' lang='grc' dir='ltr'><strong><em>ι</em></strong></span> <span class='ocrx_word' id='word_1_246' title='bbox 1835 3254 1967 3309; x_wconf 59' lang='lat' dir='ltr'>Haec</span> 
     </span>
    </p>
   </div>
   <div class='ocr_carea' id='block_1_36' title="bbox 325 3338 1969 3413">
    <p class='ocr_par' dir='ltr' id='par_1_36' title="bbox 325 3338 1969 3413">
     <span class='ocr_line' id='line_1_36' title="bbox 325 3338 1969 3413; baseline 0.004 -23"><span class='ocrx_word' id='word_1_247' title='bbox 325 3338 506 3409; x_wconf 82' lang='lat' dir='ltr'>igitur</span> <span class='ocrx_word' id='word_1_248' title='bbox 536 3339 610 3394; x_wconf 91' lang='lat' dir='ltr'>de</span> <span class='ocrx_word' id='word_1_249' title='bbox 641 3355 758 3394; x_wconf 92' lang='lat' dir='ltr'>uno</span> <span class='ocrx_word' id='word_1_250' title='bbox 792 3341 908 3396; x_wconf 91' lang='lat' dir='ltr'>Deo</span> <span class='ocrx_word' id='word_1_251' title='bbox 961 3343 1154 3410; x_wconf 89' lang='lat' dir='ltr'>Patre,</span> <span class='ocrx_word' id='word_1_252' title='bbox 1183 3347 1242 3395; x_wconf 90' lang='lat' dir='ltr'>et</span> <span class='ocrx_word' id='word_1_253' title='bbox 1271 3358 1390 3396; x_wconf 93' lang='lat' dir='ltr'>uno</span> <span class='ocrx_word' id='word_1_254' title='bbox 1417 3341 1648 3396; x_wconf 86' lang='lat' dir='ltr'>Christo</span> <span class='ocrx_word' id='word_1_255' title='bbox 1681 3342 1830 3413; x_wconf 88' lang='lat' dir='ltr'>Logo</span> <span class='ocrx_word' id='word_1_256' title='bbox 1862 3341 1969 3396; x_wconf 86' lang='lat' dir='ltr'>do-</span> 
     </span>
    </p>
   </div>
   <div class='ocr_carea' id='block_1_37' title="bbox 325 3428 1970 3502">
    <p class='ocr_par' dir='ltr' id='par_1_37' title="bbox 325 3428 1970 3502">
     <span class='ocr_line' id='line_1_37' title="bbox 325 3428 1970 3502; baseline 0.002 -20"><span class='ocrx_word' id='word_1_257' title='bbox 325 3428 538 3494; x_wconf 87' lang='lat' dir='ltr'>ctrina,</span> <span class='ocrx_word' id='word_1_258' title='bbox 573 3446 806 3501; x_wconf 87' lang='lat' dir='ltr'>semper</span> <span class='ocrx_word' id='word_1_259' title='bbox 827 3429 1028 3486; x_wconf 89' lang='lat' dir='ltr'>habita</span> <span class='ocrx_word' id='word_1_260' title='bbox 1057 3436 1146 3485; x_wconf 91' lang='lat' dir='ltr'>est</span> <span class='ocrx_word' id='word_1_261' title='bbox 1176 3447 1282 3502; x_wconf 90' lang='lat' dir='ltr'>per</span> <span class='ocrx_word' id='word_1_262' title='bbox 1310 3448 1372 3485; x_wconf 91' lang='lat' dir='ltr'>se</span> <span class='ocrx_word' id='word_1_263' title='bbox 1404 3431 1547 3485; x_wconf 88' lang='lat' dir='ltr'>satis</span> <span class='ocrx_word' id='word_1_264' title='bbox 1576 3430 1650 3485; x_wconf 91' lang='lat' dir='ltr'>ad</span> <span class='ocrx_word' id='word_1_265' title='bbox 1679 3431 1970 3486; x_wconf 83' lang='lat' dir='ltr'>unitatem</span> 
     </span>
    </p>
   </div>
   <div class='ocr_carea' id='block_1_38' title="bbox 329 3517 1971 3590">
    <p class='ocr_par' dir='ltr' id='par_1_38' title="bbox 329 3517 1971 3590">
     <span class='ocr_line' id='line_1_38' title="bbox 329 3517 1971 3590; baseline 0.003 -19"><span class='ocrx_word' id='word_1_266' title='bbox 329 3517 790 3575; x_wconf 87' lang='lat' dir='ltr'>ecclesiasticam</span> <span class='ocrx_word' id='word_1_267' title='bbox 822 3520 1210 3590; x_wconf 89' lang='lat' dir='ltr'>premendam</span> <span class='ocrx_word' id='word_1_268' title='bbox 1261 3520 1493 3575; x_wconf 90' lang='lat' dir='ltr'>idonea.</span> <span class='ocrx_word' id='word_1_269' title='bbox 1527 3521 1651 3574; x_wconf 90' lang='lat' dir='ltr'>Non</span> <span class='ocrx_word' id='word_1_270' title='bbox 1670 3520 1846 3575; x_wconf 88' lang='lat' dir='ltr'>aliter</span> <span class='ocrx_word' id='word_1_271' title='bbox 1878 3521 1971 3576; x_wconf 90' lang='lat' dir='ltr'>hic</span> 
     </span>
    </p>
   </div>
   <div class='ocr_carea' id='block_1_39' title="bbox 329 3606 1972 3680">
    <p class='ocr_par' dir='ltr' id='par_1_39' title="bbox 329 3606 1972 3680">
     <span class='ocr_line' id='line_1_39' title="bbox 329 3606 1972 3680; baseline 0.002 -20"><span class='ocrx_word' id='word_1_272' title='bbox 329 3606 588 3678; x_wconf 88' lang='lat' dir='ltr'>Ignatius</span> <span class='ocrx_word' id='word_1_273' title='bbox 611 3623 624 3662; x_wconf 91' lang='lat'><strong>:</strong></span> <span class='ocrx_word' id='word_1_274' title='bbox 651 3631 679 3658; x_wconf 85' lang='lat'><strong>«</strong></span> <span class='ocrx_word' id='word_1_275' title='bbox 699 3610 936 3677; x_wconf 90' lang='lat' dir='ltr'>Omnes,</span> <span class='ocrx_word' id='word_1_276' title='bbox 969 3609 1183 3680; x_wconf 87' lang='lat' dir='ltr'>inquit,</span> <span class='ocrx_word' id='word_1_277' title='bbox 1216 3609 1277 3664; x_wconf 91' lang='lat' dir='ltr'>in</span> <span class='ocrx_word' id='word_1_278' title='bbox 1300 3625 1485 3664; x_wconf 93' lang='lat' dir='ltr'>unum</span> <span class='ocrx_word' id='word_1_279' title='bbox 1517 3609 1806 3680; x_wconf 90' lang='lat' dir='ltr'>templum</span> <span class='ocrx_word' id='word_1_280' title='bbox 1832 3627 1972 3665; x_wconf 87' lang='lat' dir='ltr'>con-</span> 
     </span>
    </p>
   </div>
   <div class='ocr_carea' id='block_1_40' title="bbox 327 3696 1971 3768">
    <p class='ocr_par' dir='ltr' id='par_1_40' title="bbox 327 3696 1971 3768">
     <span class='ocr_line' id='line_1_40' title="bbox 327 3696 1971 3768; baseline 0.002 -18"><span class='ocrx_word' id='word_1_281' title='bbox 327 3696 566 3766; x_wconf 89' lang='lat' dir='ltr'>currite,</span> <span class='ocrx_word' id='word_1_282' title='bbox 595 3702 662 3753; x_wconf 88' lang='lat' dir='ltr'>ut</span> <span class='ocrx_word' id='word_1_283' title='bbox 691 3699 753 3754; x_wconf 90' lang='lat' dir='ltr'>in</span> <span class='ocrx_word' id='word_1_284' title='bbox 786 3715 971 3754; x_wconf 90' lang='lat' dir='ltr'>unum</span> <span class='ocrx_word' id='word_1_285' title='bbox 1002 3698 1206 3768; x_wconf 90' lang='lat' dir='ltr'>altare,</span> <span class='ocrx_word' id='word_1_286' title='bbox 1244 3699 1306 3753; x_wconf 92' lang='lat' dir='ltr'>in</span> <span class='ocrx_word' id='word_1_287' title='bbox 1336 3715 1523 3754; x_wconf 91' lang='lat' dir='ltr'>unum</span> <span class='ocrx_word' id='word_1_288' title='bbox 1557 3700 1756 3754; x_wconf 85' lang='lat' dir='ltr'>Jesum</span> <span class='ocrx_word' id='word_1_289' title='bbox 1787 3701 1868 3754; x_wconf 90' lang='lat' dir='ltr'>Ch</span> <span class='ocrx_word' id='word_1_290' title='bbox 1883 3701 1971 3754; x_wconf 90' lang='lat' dir='ltr'>ri-</span> 
     </span>
    </p>
   </div>
   <div class='ocr_carea' id='block_1_41' title="bbox 327 3787 1973 3852">
    <p class='ocr_par' dir='ltr' id='par_1_41' title="bbox 327 3787 1973 3852">
     <span class='ocr_line' id='line_1_41' title="bbox 327 3787 1973 3852; baseline 0.002 -12"><span class='ocrx_word' id='word_1_291' title='bbox 327 3787 585 3851; x_wconf 88' lang='lat' dir='ltr'>stum,ab</span> <span class='ocrx_word' id='word_1_292' title='bbox 619 3803 736 3842; x_wconf 91' lang='lat' dir='ltr'>uno</span> <span class='ocrx_word' id='word_1_293' title='bbox 768 3790 938 3843; x_wconf 89' lang='lat' dir='ltr'>Patre</span> <span class='ocrx_word' id='word_1_294' title='bbox 966 3794 1368 3852; x_wconf 85' lang='lat' dir='ltr'>exeuntem,et</span> <span class='ocrx_word' id='word_1_295' title='bbox 1389 3789 1449 3843; x_wconf 91' lang='lat' dir='ltr'>in</span> <span class='ocrx_word' id='word_1_296' title='bbox 1477 3805 1663 3844; x_wconf 91' lang='lat' dir='ltr'>unum</span> <span class='ocrx_word' id='word_1_297' title='bbox 1687 3790 1973 3846; x_wconf 86' lang='lat' dir='ltr'>exsisten-</span> 
     </span>
    </p>
   </div>
   <div class='ocr_carea' id='block_1_42' title="bbox 326 3877 1974 3950">
    <p class='ocr_par' dir='ltr' id='par_1_42' title="bbox 326 3877 1974 3950">
     <span class='ocr_line' id='line_1_42' title="bbox 326 3877 1974 3950; baseline 0.004 -23"><span class='ocrx_word' id='word_1_298' title='bbox 326 3879 444 3928; x_wconf 89' lang='lat' dir='ltr'>tem</span> <span class='ocrx_word' id='word_1_299' title='bbox 465 3881 522 3928; x_wconf 92' lang='lat' dir='ltr'>et</span> <span class='ocrx_word' id='word_1_300' title='bbox 538 3879 1099 3933; x_wconf 76' lang='lat' dir='ltr'>revertentem.»liic</span> <span class='ocrx_word' id='word_1_301' title='bbox 1117 3877 1312 3949; x_wconf 89' lang='lat' dir='ltr'>Logon</span> <span class='ocrx_word' id='word_1_302' title='bbox 1330 3877 1619 3933; x_wconf 87' lang='lat' dir='ltr'>Valentini</span> <span class='ocrx_word' id='word_1_303' title='bbox 1643 3880 1974 3950; x_wconf 84' lang='lat' dir='ltr'>respexisse</span> 
     </span>
    </p>
   </div>
   <div class='ocr_carea' id='block_1_43' title="bbox 333 3971 1975 4035">
    <p class='ocr_par' dir='ltr' id='par_1_43' title="bbox 333 3971 1975 4035">
     <span class='ocr_line' id='line_1_43' title="bbox 333 3971 1975 4035; baseline 0.004 -15"><span class='ocrx_word' id='word_1_304' title='bbox 333 3971 636 4024; x_wconf 85' lang='lat' dir='ltr'>auctorem</span> <span class='ocrx_word' id='word_1_305' title='bbox 669 3971 791 4024; x_wconf 84' lang='lat' dir='ltr'>vult</span> <span class='ocrx_word' id='word_1_306' title='bbox 818 3971 1092 4035; x_wconf 67' lang='lat' dir='ltr'>Dallaius,</span> <span class='ocrx_word' id='word_1_307' title='bbox 1117 3987 1251 4026; x_wconf 90' lang='lat' dir='ltr'>cum</span> <span class='ocrx_word' id='word_1_308' title='bbox 1293 3975 1492 4025; x_wconf 91' lang='lat' dir='ltr'>tamen</span> <span class='ocrx_word' id='word_1_309' title='bbox 1516 3971 1588 4026; x_wconf 90' lang='lat' dir='ltr'>de</span> <span class='ocrx_word' id='word_1_310' title='bbox 1612 3971 1796 4027; x_wconf 92' lang='lat' dir='ltr'>Verbo</span> <span class='ocrx_word' id='word_1_311' title='bbox 1823 3972 1975 4027; x_wconf 91' lang='lat' dir='ltr'>nihil</span> 
     </span>
    </p>
   </div>
   <div class='ocr_carea' id='block_1_44' title="bbox 327 4055 1973 4130">
    <p class='ocr_par' dir='ltr' id='par_1_44' title="bbox 327 4055 1973 4130">
     <span class='ocr_line' id='line_1_44' title="bbox 327 4055 1973 4130; baseline 0.003 -20"><span class='ocrx_word' id='word_1_312' title='bbox 327 4055 488 4111; x_wconf 89' lang='lat' dir='ltr'>dicat</span> <span class='ocrx_word' id='word_1_313' title='bbox 511 4075 524 4124; x_wconf 89' lang='lat'><strong>;</strong></span> <span class='ocrx_word' id='word_1_314' title='bbox 557 4059 918 4130; x_wconf 76' lang='lat' dir='ltr'>conjungere</span> <span class='ocrx_word' id='word_1_315' title='bbox 944 4059 1144 4130; x_wconf 87' lang='lat' dir='ltr'>itaque</span> <span class='ocrx_word' id='word_1_316' title='bbox 1162 4076 1298 4114; x_wconf 90' lang='lat' dir='ltr'>cum</span> <span class='ocrx_word' id='word_1_317' title='bbox 1329 4059 1576 4130; x_wconf 85' lang='lat' dir='ltr'>reliquis</span> <span class='ocrx_word' id='word_1_318' title='bbox 1602 4061 1743 4116; x_wconf 88' lang='lat' dir='ltr'>satis</span> <span class='ocrx_word' id='word_1_319' title='bbox 1765 4061 1837 4116; x_wconf 91' lang='lat' dir='ltr'>ab</span> <span class='ocrx_word' id='word_1_320' title='bbox 1862 4061 1973 4115; x_wconf 89' lang='lat' dir='ltr'>hoc</span> 
     </span>
    </p>
   </div>
   <div class='ocr_carea' id='block_1_45' title="bbox 330 4145 1976 4221">
    <p class='ocr_par' dir='ltr' id='par_1_45' title="bbox 330 4145 1976 4221">
     <span class='ocr_line' id='line_1_45' title="bbox 330 4145 1976 4221; baseline 0.003 -23"><span class='ocrx_word' id='word_1_321' title='bbox 330 4145 460 4202; x_wconf 93' lang='lat' dir='ltr'>loco</span> <span class='ocrx_word' id='word_1_322' title='bbox 519 4147 832 4218; x_wconf 90' lang='lat' dir='ltr'>disjunctis</span> <span class='ocrx_word' id='word_1_323' title='bbox 893 4149 1041 4202; x_wconf 90' lang='lat' dir='ltr'>etin</span> <span class='ocrx_word' id='word_1_324' title='bbox 1099 4149 1216 4204; x_wconf 88' lang='lat' dir='ltr'>alio</span> <span class='ocrx_word' id='word_1_325' title='bbox 1274 4155 1624 4220; x_wconf 89' lang='lat' dir='ltr'>argumento</span> <span class='ocrx_word' id='word_1_326' title='bbox 1675 4150 1976 4221; x_wconf 91' lang='lat' dir='ltr'>occupatis</span> 
     </span>
    </p>
   </div>
   <div class='ocr_carea' id='block_1_46' title="bbox 329 4236 1978 4312">
    <p class='ocr_par' dir='ltr' id='par_1_46' title="bbox 329 4236 1978 4312">
     <span class='ocr_line' id='line_1_46' title="bbox 329 4236 1978 4312; baseline 0.004 -24"><span class='ocrx_word' id='word_1_327' title='bbox 329 4240 568 4289; x_wconf 84' lang='lat' dir='ltr'>coactus</span> <span class='ocrx_word' id='word_1_328' title='bbox 603 4242 786 4300; x_wconf 89' lang='lat' dir='ltr'>est,ut</span> <span class='ocrx_word' id='word_1_329' title='bbox 814 4236 1043 4307; x_wconf 91' lang='lat' dir='ltr'>aliquid</span> <span class='ocrx_word' id='word_1_330' title='bbox 1073 4255 1140 4292; x_wconf 86' lang='lat' dir='ltr'>ex</span> <span class='ocrx_word' id='word_1_331' title='bbox 1170 4243 1424 4309; x_wconf 90' lang='lat' dir='ltr'>utroque</span> <span class='ocrx_word' id='word_1_332' title='bbox 1461 4237 1978 4312; x_wconf 86' lang='lat' dir='ltr'>exculpat.«Negat</span> 
     </span>
    </p>
   </div>
   <div class='ocr_carea' id='block_1_47' title="bbox 329 4323 1975 4399">
    <p class='ocr_par' dir='ltr' id='par_1_47' title="bbox 329 4323 1975 4399">
     <span class='ocr_line' id='line_1_47' title="bbox 329 4323 1975 4399; baseline 0.004 -22"><span class='ocrx_word' id='word_1_333' title='bbox 329 4323 488 4377; x_wconf 84' lang='lat' dir='ltr'>exire</span> <span class='ocrx_word' id='word_1_334' title='bbox 520 4340 555 4378; x_wconf 91' lang='lat' dir='ltr'>a</span> <span class='ocrx_word' id='word_1_335' title='bbox 587 4325 887 4395; x_wconf 84' lang='lat' dir='ltr'>Sige,dicit</span> <span class='ocrx_word' id='word_1_336' title='bbox 918 4327 1080 4381; x_wconf 83' lang='lat' dir='ltr'>exire</span> <span class='ocrx_word' id='word_1_337' title='bbox 1110 4344 1144 4381; x_wconf 92' lang='lat' dir='ltr'>a</span> <span class='ocrx_word' id='word_1_338' title='bbox 1173 4328 1343 4382; x_wconf 90' lang='lat' dir='ltr'>Patre</span> <span class='ocrx_word' id='word_1_339' title='bbox 1372 4343 1565 4399; x_wconf 77' lang='lat' dir='ltr'>:nergo</span> <span class='ocrx_word' id='word_1_340' title='bbox 1596 4328 1975 4384; x_wconf 87' lang='lat' dir='ltr'>Valentinum</span> 
     </span>
    </p>
   </div>
   <div class='ocr_carea' id='block_1_48' title="bbox 335 4411 1976 4486">
    <p class='ocr_par' dir='ltr' id='par_1_48' title="bbox 335 4411 1976 4486">
     <span class='ocr_line' id='line_1_48' title="bbox 335 4411 1976 4486; baseline 0.005 -22"><span class='ocrx_word' id='word_1_341' title='bbox 335 4411 494 4465; x_wconf 84' lang='lat' dir='ltr'>ferit.</span> <span class='ocrx_word' id='word_1_342' title='bbox 528 4413 652 4476; x_wconf 88' lang='lat' dir='ltr'>Quo</span> <span class='ocrx_word' id='word_1_343' title='bbox 683 4413 835 4468; x_wconf 88' lang='lat' dir='ltr'>nihil</span> <span class='ocrx_word' id='word_1_344' title='bbox 893 4414 1007 4470; x_wconf 93' lang='lat' dir='ltr'>dici</span> <span class='ocrx_word' id='word_1_345' title='bbox 1040 4416 1230 4486; x_wconf 90' lang='lat' dir='ltr'>potuit</span> <span class='ocrx_word' id='word_1_346' title='bbox 1258 4416 1573 4472; x_wconf 83' lang='lat' dir='ltr'>inlelicius.</span> <span class='ocrx_word' id='word_1_347' title='bbox 1608 4417 1666 4472; x_wconf 91' lang='lat' dir='ltr'>Si</span> <span class='ocrx_word' id='word_1_348' title='bbox 1698 4418 1858 4473; x_wconf 89' lang='lat' dir='ltr'>enim</span> <span class='ocrx_word' id='word_1_349' title='bbox 1891 4419 1976 4473; x_wconf 91' lang='lat' dir='ltr'>sic</span> 
     </span>
    </p>
   </div>
   <div class='ocr_carea' id='block_1_49' title="bbox 341 4501 1972 4579">
    <p class='ocr_par' dir='ltr' id='par_1_49' title="bbox 341 4501 1972 4579">
     <span class='ocr_line' id='line_1_49' title="bbox 341 4501 1972 4579; baseline 0.005 -25"><span class='ocrx_word' id='word_1_350' title='bbox 341 4504 549 4554; x_wconf 86' lang='lat' dir='ltr'>auctor</span> <span class='ocrx_word' id='word_1_351' title='bbox 609 4501 976 4560; x_wconf 87' lang='lat' dir='ltr'>Valentinum</span> <span class='ocrx_word' id='word_1_352' title='bbox 1024 4505 1292 4576; x_wconf 90' lang='lat' dir='ltr'>respicit,</span> <span class='ocrx_word' id='word_1_353' title='bbox 1322 4522 1444 4561; x_wconf 91' lang='lat' dir='ltr'>non</span> <span class='ocrx_word' id='word_1_354' title='bbox 1477 4523 1612 4561; x_wconf 91' lang='lat' dir='ltr'>eum</span> <span class='ocrx_word' id='word_1_355' title='bbox 1645 4507 1972 4579; x_wconf 86' lang='lat' dir='ltr'>impugnat,</span> 
     </span>
    </p>
   </div>
   <div class='ocr_carea' id='block_1_50' title="bbox 2087 567 3746 640">
    <p class='ocr_par' dir='ltr' id='par_1_50' title="bbox 2087 567 3746 640">
     <span class='ocr_line' id='line_1_50' title="bbox 2087 567 3746 640; baseline 0.006 -20"><span class='ocrx_word' id='word_1_356' title='bbox 2087 567 2287 622; x_wconf 89' lang='lat' dir='ltr'>Prima</span> <span class='ocrx_word' id='word_1_357' title='bbox 2316 572 2496 622; x_wconf 84' lang='lat' dir='ltr'>tetras</span> <span class='ocrx_word' id='word_1_358' title='bbox 2528 584 2599 622; x_wconf 92' lang='lat' dir='ltr'>ex</span> <span class='ocrx_word' id='word_1_359' title='bbox 2657 569 2802 640; x_wconf 91' lang='lat' dir='ltr'>ipsis</span> <span class='ocrx_word' id='word_1_360' title='bbox 2837 569 3388 626; x_wconf 87' lang='lat' dir='ltr'>Valentinianorum</span> <span class='ocrx_word' id='word_1_361' title='bbox 3439 573 3607 628; x_wconf 90' lang='lat' dir='ltr'>libris</span> <span class='ocrx_word' id='word_1_362' title='bbox 3638 574 3746 630; x_wconf 87' lang='lat' dir='ltr'>de-</span> 
     </span>
    </p>
   </div>
   <div class='ocr_carea' id='block_1_51' title="bbox 2091 656 3739 735">
    <p class='ocr_par' dir='ltr' id='par_1_51' title="bbox 2091 656 3739 735">
     <span class='ocr_line' id='line_1_51' title="bbox 2091 656 3739 735; baseline 0.004 -24"><span class='ocrx_word' id='word_1_363' title='bbox 2091 661 2326 727; x_wconf 87' lang='lat' dir='ltr'>sumpta</span> <span class='ocrx_word' id='word_1_364' title='bbox 2386 656 2542 728; x_wconf 88' lang='lat' dir='ltr'>apud</span> <span class='ocrx_word' id='word_1_365' title='bbox 2587 657 2980 729; x_wconf 89' lang='lat' dir='ltr'>Epiphanium</span> <span class='ocrx_word' id='word_1_366' title='bbox 3029 661 3155 715; x_wconf 78' lang='lat' dir='ltr'>hth</span> <span class='ocrx_word' id='word_1_367' title='bbox 3207 667 3318 729; x_wconf 89' lang='lat' dir='ltr'>est,</span> <span class='ocrx_word' id='word_1_368' title='bbox 3352 661 3545 729; x_wconf 85' lang='grc' dir='ltr'>Βυθὸς,</span> <span class='ocrx_word' id='word_1_369' title='bbox 3580 665 3739 735; x_wconf 73' lang='grc' dir='ltr'>Σιγή,</span> 
     </span>
    </p>
   </div>
   <div class='ocr_carea' id='block_1_52' title="bbox 2089 743 3743 823">
    <p class='ocr_par' dir='ltr' id='par_1_52' title="bbox 2089 743 3743 823">
     <span class='ocr_line' id='line_1_52' title="bbox 2089 743 3743 823; baseline 0.007 -25"><span class='ocrx_word' id='word_1_370' title='bbox 2089 744 2298 818; x_wconf 72' lang='grc' dir='ltr'>Πατὴρ,</span> <span class='ocrx_word' id='word_1_371' title='bbox 2332 743 2720 816; x_wconf 72' lang='grc' dir='ltr'>Ἀλήθεια,ι]1)ἱ</span> <span class='ocrx_word' id='word_1_372' title='bbox 2745 764 2814 802; x_wconf 86' lang='lat' dir='ltr'>ex</span> <span class='ocrx_word' id='word_1_373' title='bbox 2844 750 3016 804; x_wconf 88' lang='lat' dir='ltr'>Patre</span> <span class='ocrx_word' id='word_1_374' title='bbox 3050 755 3110 804; x_wconf 90' lang='lat' dir='ltr'>et</span> <span class='ocrx_word' id='word_1_375' title='bbox 3139 751 3396 807; x_wconf 91' lang='lat' dir='ltr'>Veritate</span> <span class='ocrx_word' id='word_1_376' title='bbox 3421 759 3743 823; x_wconf 85' lang='lat' dir='ltr'>generatur</span> 
     </span>
    </p>
   </div>
   <div class='ocr_carea' id='block_1_53' title="bbox 2093 835 3740 910">
    <p class='ocr_par' dir='ltr' id='par_1_53' title="bbox 2093 835 3740 910">
     <span class='ocr_line' id='line_1_53' title="bbox 2093 835 3740 910; baseline 0.005 -21"><span class='ocrx_word' id='word_1_377' title='bbox 2093 835 2294 907; x_wconf 87' lang='lat' dir='ltr'>Logos.</span> <span class='ocrx_word' id='word_1_378' title='bbox 2319 837 2507 890; x_wconf 87' lang='lat' dir='ltr'>Exivit</span> <span class='ocrx_word' id='word_1_379' title='bbox 2528 837 2706 908; x_wconf 88' lang='lat' dir='ltr'>igitur</span> <span class='ocrx_word' id='word_1_380' title='bbox 2728 837 2910 910; x_wconf 90' lang='lat' dir='ltr'>Logos</span> <span class='ocrx_word' id='word_1_381' title='bbox 2942 839 3270 895; x_wconf 90' lang='lat' dir='ltr'>secundum</span> <span class='ocrx_word' id='word_1_382' title='bbox 3290 841 3740 898; x_wconf 87' lang='lat' dir='ltr'>Valentinianos</span> 
     </span>
    </p>
   </div>
   <div class='ocr_carea' id='block_1_54' title="bbox 2089 925 3737 1003">
    <p class='ocr_par' dir='ltr' id='par_1_54' title="bbox 2089 925 3737 1003">
     <span class='ocr_line' id='line_1_54' title="bbox 2089 925 3737 1003; baseline 0.005 -25"><span class='ocrx_word' id='word_1_383' title='bbox 2089 941 2210 979; x_wconf 92' lang='lat' dir='ltr'>non</span> <span class='ocrx_word' id='word_1_384' title='bbox 2241 941 2276 980; x_wconf 90' lang='lat' dir='ltr'>a</span> <span class='ocrx_word' id='word_1_385' title='bbox 2304 925 2456 998; x_wconf 89' lang='lat' dir='ltr'>Sige,</span> <span class='ocrx_word' id='word_1_386' title='bbox 2507 927 2610 982; x_wconf 91' lang='lat' dir='ltr'>sed</span> <span class='ocrx_word' id='word_1_387' title='bbox 2662 943 2698 983; x_wconf 91' lang='lat' dir='ltr'>a</span> <span class='ocrx_word' id='word_1_388' title='bbox 2723 929 2917 984; x_wconf 87' lang='lat' dir='ltr'>Patre.</span> <span class='ocrx_word' id='word_1_389' title='bbox 2951 929 3140 993; x_wconf 87' lang='lat' dir='ltr'>Quare</span> <span class='ocrx_word' id='word_1_390' title='bbox 3171 930 3220 984; x_wconf 88' lang='lat' dir='ltr'>si</span> <span class='ocrx_word' id='word_1_391' title='bbox 3260 937 3434 987; x_wconf 92' lang='lat' dir='ltr'>autor</span> <span class='ocrx_word' id='word_1_392' title='bbox 3463 933 3737 1003; x_wconf 67' lang='lat' dir='ltr'>epistolas</span> 
     </span>
    </p>
   </div>
   <div class='ocr_carea' id='block_1_55' title="bbox 2090 1014 3738 1091">
    <p class='ocr_par' dir='ltr' id='par_1_55' title="bbox 2090 1014 3738 1091">
     <span class='ocr_line' id='line_1_55' title="bbox 2090 1014 3738 1091; baseline 0.006 -23"><span class='ocrx_word' id='word_1_393' title='bbox 2090 1014 2224 1070; x_wconf 92' lang='lat' dir='ltr'>illos</span> <span class='ocrx_word' id='word_1_394' title='bbox 2256 1015 2566 1072; x_wconf 70' lang='lat' dir='ltr'>haereticos</span> <span class='ocrx_word' id='word_1_395' title='bbox 2598 1017 2659 1071; x_wconf 92' lang='lat' dir='ltr'>in</span> <span class='ocrx_word' id='word_1_396' title='bbox 2697 1017 2895 1072; x_wconf 89' lang='lat' dir='ltr'>animo</span> <span class='ocrx_word' id='word_1_397' title='bbox 2937 1018 3260 1087; x_wconf 82' lang='lat' dir='ltr'>habuisset,</span> <span class='ocrx_word' id='word_1_398' title='bbox 3295 1037 3601 1091; x_wconf 89' lang='lat' dir='ltr'>nunquam</span> <span class='ocrx_word' id='word_1_399' title='bbox 3627 1040 3738 1078; x_wconf 90' lang='lat' dir='ltr'>ne-</span> 
     </span>
    </p>
   </div>
   <div class='ocr_carea' id='block_1_56' title="bbox 2089 1105 3745 1180">
    <p class='ocr_par' dir='ltr' id='par_1_56' title="bbox 2089 1105 3745 1180">
     <span class='ocr_line' id='line_1_56' title="bbox 2089 1105 3745 1180; baseline 0.005 -22"><span class='ocrx_word' id='word_1_400' title='bbox 2089 1111 2281 1175; x_wconf 88' lang='lat' dir='ltr'>gasset</span> <span class='ocrx_word' id='word_1_401' title='bbox 2314 1105 2471 1176; x_wconf 92' lang='lat' dir='ltr'>quod</span> <span class='ocrx_word' id='word_1_402' title='bbox 2494 1105 2578 1160; x_wconf 90' lang='lat' dir='ltr'>illi</span> <span class='ocrx_word' id='word_1_403' title='bbox 2603 1123 2726 1162; x_wconf 91' lang='lat' dir='ltr'>non</span> <span class='ocrx_word' id='word_1_404' title='bbox 2748 1107 3458 1180; x_wconf 85' lang='lat' dir='ltr'>afﬁrmarunt;nunquam</span> <span class='ocrx_word' id='word_1_405' title='bbox 3492 1111 3745 1168; x_wconf 79' lang='lat' dir='ltr'>dixisset</span> 
     </span>
    </p>
   </div>
   <div class='ocr_carea' id='block_1_57' title="bbox 2091 1193 2692 1262">
    <p class='ocr_par' dir='ltr' id='par_1_57' title="bbox 2091 1193 2692 1262">
     <span class='ocr_line' id='line_1_57' title="bbox 2091 1193 2692 1262; baseline 0.005 -15"><span class='ocrx_word' id='word_1_406' title='bbox 2091 1193 2251 1262; x_wconf 91' lang='lat' dir='ltr'>quod</span> <span class='ocrx_word' id='word_1_407' title='bbox 2278 1193 2363 1248; x_wconf 92' lang='lat' dir='ltr'>illi</span> <span class='ocrx_word' id='word_1_408' title='bbox 2395 1194 2692 1250; x_wconf 82' lang='lat' dir='ltr'>dixerunt.</span> 
     </span>
    </p>
   </div>
   <div class='ocr_carea' id='block_1_58' title="bbox 2165 1283 3741 1357">
    <p class='ocr_par' dir='ltr' id='par_1_58' title="bbox 2165 1283 3741 1357">
     <span class='ocr_line' id='line_1_58' title="bbox 2165 1283 3741 1357; baseline 0.004 -20"><span class='ocrx_word' id='word_1_409' title='bbox 2165 1283 2274 1338; x_wconf 92' lang='lat' dir='ltr'>Sed</span> <span class='ocrx_word' id='word_1_410' title='bbox 2306 1284 2354 1339; x_wconf 92' lang='lat' dir='ltr'>si</span> <span class='ocrx_word' id='word_1_411' title='bbox 2390 1285 2768 1340; x_wconf 84' lang='lat' dir='ltr'>Valentinum</span> <span class='ocrx_word' id='word_1_412' title='bbox 2790 1302 2912 1340; x_wconf 92' lang='lat' dir='ltr'>non</span> <span class='ocrx_word' id='word_1_413' title='bbox 2941 1287 3278 1357; x_wconf 83' lang='lat' dir='ltr'>feriat,cum</span> <span class='ocrx_word' id='word_1_414' title='bbox 3313 1289 3473 1344; x_wconf 88' lang='lat' dir='ltr'>exire</span> <span class='ocrx_word' id='word_1_415' title='bbox 3499 1305 3533 1344; x_wconf 93' lang='lat' dir='ltr'>a</span> <span class='ocrx_word' id='word_1_416' title='bbox 3563 1291 3741 1345; x_wconf 85' lang='lat' dir='ltr'>Patre</span> 
     </span>
    </p>
   </div>
   <div class='ocr_carea' id='block_1_59' title="bbox 2091 1371 3741 1447">
    <p class='ocr_par' dir='ltr' id='par_1_59' title="bbox 2091 1371 3741 1447">
     <span class='ocr_line' id='line_1_59' title="bbox 2091 1371 3741 1447; baseline 0.005 -21"><span class='ocrx_word' id='word_1_417' title='bbox 2091 1371 2314 1441; x_wconf 90' lang='lat' dir='ltr'>scribit,</span> <span class='ocrx_word' id='word_1_418' title='bbox 2337 1372 2410 1428; x_wconf 91' lang='lat' dir='ltr'>ad</span> <span class='ocrx_word' id='word_1_419' title='bbox 2441 1391 2576 1429; x_wconf 90' lang='lat' dir='ltr'>eum</span> <span class='ocrx_word' id='word_1_420' title='bbox 2607 1379 2765 1430; x_wconf 91' lang='lat' dir='ltr'>certe</span> <span class='ocrx_word' id='word_1_421' title='bbox 2796 1375 3096 1445; x_wconf 86' lang='lat' dir='ltr'>collineat,</span> <span class='ocrx_word' id='word_1_422' title='bbox 3129 1377 3285 1447; x_wconf 91' lang='lat' dir='ltr'>quod</span> <span class='ocrx_word' id='word_1_423' title='bbox 3317 1392 3386 1432; x_wconf 81' lang='lat' dir='ltr'>ex</span> <span class='ocrx_word' id='word_1_424' title='bbox 3417 1395 3536 1433; x_wconf 92' lang='lat' dir='ltr'>uno</span> <span class='ocrx_word' id='word_1_425' title='bbox 3564 1381 3741 1434; x_wconf 88' lang='lat' dir='ltr'>Patre</span> 
     </span>
    </p>
   </div>
   <div class='ocr_carea' id='block_1_60' title="bbox 2091 1461 3744 1531">
    <p class='ocr_par' dir='ltr' id='par_1_60' title="bbox 2091 1461 3744 1531">
     <span class='ocr_line' id='line_1_60' title="bbox 2091 1461 3744 1531; baseline 0.004 -16"><span class='ocrx_word' id='word_1_426' title='bbox 2091 1461 2251 1515; x_wconf 86' lang='lat' dir='ltr'>exire</span> <span class='ocrx_word' id='word_1_427' title='bbox 2281 1461 2456 1517; x_wconf 86' lang='lat' dir='ltr'>dicat.</span> <span class='ocrx_word' id='word_1_428' title='bbox 2489 1463 2728 1518; x_wconf 86' lang='lat' dir='ltr'>Minime</span> <span class='ocrx_word' id='word_1_429' title='bbox 2750 1480 2884 1519; x_wconf 86' lang='lat' dir='ltr'>vero</span> <span class='ocrx_word' id='word_1_430' title='bbox 2913 1481 2927 1531; x_wconf 90' lang='lat'><strong>;</strong></span> <span class='ocrx_word' id='word_1_431' title='bbox 2953 1481 3074 1520; x_wconf 90' lang='lat' dir='ltr'>non</span> <span class='ocrx_word' id='word_1_432' title='bbox 3101 1465 3262 1519; x_wconf 91' lang='lat' dir='ltr'>enim</span> <span class='ocrx_word' id='word_1_433' title='bbox 3286 1465 3488 1521; x_wconf 90' lang='lat' dir='ltr'>docuit</span> <span class='ocrx_word' id='word_1_434' title='bbox 3522 1467 3744 1521; x_wconf 88' lang='lat' dir='ltr'>Valen-</span> 
     </span>
    </p>
   </div>
   <div class='ocr_carea' id='block_1_61' title="bbox 2091 1550 3738 1624">
    <p class='ocr_par' dir='ltr' id='par_1_61' title="bbox 2091 1550 3738 1624">
     <span class='ocr_line' id='line_1_61' title="bbox 2091 1550 3738 1624; baseline 0.005 -21"><span class='ocrx_word' id='word_1_435' title='bbox 2091 1550 2250 1605; x_wconf 88' lang='lat' dir='ltr'>tinus</span> <span class='ocrx_word' id='word_1_436' title='bbox 2311 1551 2505 1622; x_wconf 90' lang='lat' dir='ltr'>Logon</span> <span class='ocrx_word' id='word_1_437' title='bbox 2560 1568 2628 1606; x_wconf 87' lang='lat' dir='ltr'>ex</span> <span class='ocrx_word' id='word_1_438' title='bbox 2683 1552 2953 1623; x_wconf 89' lang='lat' dir='ltr'>pluribus</span> <span class='ocrx_word' id='word_1_439' title='bbox 3009 1554 3278 1624; x_wconf 90' lang='lat' dir='ltr'>patribus</span> <span class='ocrx_word' id='word_1_440' title='bbox 3309 1556 3538 1610; x_wconf 87' lang='lat' dir='ltr'>exiisse.</span> <span class='ocrx_word' id='word_1_441' title='bbox 3574 1578 3601 1606; x_wconf 87' lang='lat'><strong>«</strong></span> <span class='ocrx_word' id='word_1_442' title='bbox 3636 1559 3738 1624; x_wconf 81' lang='lat' dir='ltr'>At,</span> 
     </span>
    </p>
   </div>
   <div class='ocr_carea' id='block_1_62' title="bbox 2091 1639 3743 1712">
    <p class='ocr_par' dir='ltr' id='par_1_62' title="bbox 2091 1639 3743 1712">
     <span class='ocr_line' id='line_1_62' title="bbox 2091 1639 3743 1712; baseline 0.004 -19"><span class='ocrx_word' id='word_1_443' title='bbox 2091 1639 2304 1710; x_wconf 87' lang='lat' dir='ltr'>inquit,</span> <span class='ocrx_word' id='word_1_444' title='bbox 2338 1657 2456 1694; x_wconf 91' lang='lat' dir='ltr'>non</span> <span class='ocrx_word' id='word_1_445' title='bbox 2487 1639 2633 1695; x_wconf 87' lang='lat' dir='ltr'>dixit</span> <span class='ocrx_word' id='word_1_446' title='bbox 2661 1642 2734 1696; x_wconf 89' lang='lat' dir='ltr'>ab</span> <span class='ocrx_word' id='word_1_447' title='bbox 2765 1658 2883 1695; x_wconf 91' lang='lat' dir='ltr'>uno</span> <span class='ocrx_word' id='word_1_448' title='bbox 2923 1647 3088 1712; x_wconf 89' lang='lat' dir='ltr'>patre</span> <span class='ocrx_word' id='word_1_449' title='bbox 3116 1645 3222 1710; x_wconf 90' lang='lat' dir='ltr'>Nu,</span> <span class='ocrx_word' id='word_1_450' title='bbox 3256 1643 3360 1698; x_wconf 88' lang='lat' dir='ltr'>sed</span> <span class='ocrx_word' id='word_1_451' title='bbox 3392 1649 3450 1699; x_wconf 91' lang='lat' dir='ltr'>et</span> <span class='ocrx_word' id='word_1_452' title='bbox 3481 1661 3516 1700; x_wconf 92' lang='lat' dir='ltr'>a</span> <span class='ocrx_word' id='word_1_453' title='bbox 3540 1651 3743 1701; x_wconf 86' lang='lat' dir='ltr'>matre</span> 
     </span>
    </p>
   </div>
   <div class='ocr_carea' id='block_1_63' title="bbox 2090 1727 3748 1805">
    <p class='ocr_par' dir='ltr' id='par_1_63' title="bbox 2090 1727 3748 1805">
     <span class='ocr_line' id='line_1_63' title="bbox 2090 1727 3748 1805; baseline 0.005 -22"><span class='ocrx_word' id='word_1_454' title='bbox 2090 1727 2377 1784; x_wconf 89' lang='lat' dir='ltr'>Aletheia.</span> <span class='ocrx_word' id='word_1_455' title='bbox 2423 1752 2441 1776; x_wconf 78' lang='grc' dir='ltr'>ι</span> <span class='ocrx_word' id='word_1_456' title='bbox 2477 1729 2836 1784; x_wconf 67' lang='lat' dir='ltr'>Praeclarum</span> <span class='ocrx_word' id='word_1_457' title='bbox 2867 1731 3167 1786; x_wconf 84' lang='lat' dir='ltr'>enimvero</span> <span class='ocrx_word' id='word_1_458' title='bbox 3198 1734 3686 1805; x_wconf 84' lang='lat' dir='ltr'>argumentumlA</span> <span class='ocrx_word' id='word_1_459' title='bbox 3709 1753 3748 1791; x_wconf 91' lang='lat' dir='ltr'>n</span> 
     </span>
    </p>
   </div>
   <div class='ocr_carea' id='block_1_64' title="bbox 2091 1819 3741 1892">
    <p class='ocr_par' dir='ltr' id='par_1_64' title="bbox 2091 1819 3741 1892">
     <span class='ocr_line' id='line_1_64' title="bbox 2091 1819 3741 1892; baseline 0.005 -20"><span class='ocrx_word' id='word_1_460' title='bbox 2091 1828 2160 1873; x_wconf 85' lang='lat' dir='ltr'>eo</span> <span class='ocrx_word' id='word_1_461' title='bbox 2191 1819 2390 1873; x_wconf 91' lang='lat' dir='ltr'>minus</span> <span class='ocrx_word' id='word_1_462' title='bbox 2420 1825 2548 1874; x_wconf 88' lang='lat' dir='ltr'>erat</span> <span class='ocrx_word' id='word_1_463' title='bbox 2576 1835 2644 1874; x_wconf 91' lang='lat' dir='ltr'>ex</span> <span class='ocrx_word' id='word_1_464' title='bbox 2675 1836 2794 1874; x_wconf 92' lang='lat' dir='ltr'>uno</span> <span class='ocrx_word' id='word_1_465' title='bbox 2825 1823 3019 1884; x_wconf 89' lang='lat' dir='ltr'>Patre,</span> <span class='ocrx_word' id='word_1_466' title='bbox 3053 1821 3211 1892; x_wconf 90' lang='lat' dir='ltr'>quod</span> <span class='ocrx_word' id='word_1_467' title='bbox 3263 1829 3420 1878; x_wconf 91' lang='lat' dir='ltr'>esset</span> <span class='ocrx_word' id='word_1_468' title='bbox 3452 1825 3631 1880; x_wconf 90' lang='lat' dir='ltr'>etiam</span> <span class='ocrx_word' id='word_1_469' title='bbox 3665 1842 3741 1880; x_wconf 85' lang='lat' dir='ltr'>ex</span> 
     </span>
    </p>
   </div>
   <div class='ocr_carea' id='block_1_65' title="bbox 2093 1907 3746 1981">
    <p class='ocr_par' dir='ltr' id='par_1_65' title="bbox 2093 1907 3746 1981">
     <span class='ocr_line' id='line_1_65' title="bbox 2093 1907 3746 1981; baseline 0.004 -18"><span class='ocrx_word' id='word_1_470' title='bbox 2093 1907 2392 1963; x_wconf 84' lang='lat' dir='ltr'>matre?De</span> <span class='ocrx_word' id='word_1_471' title='bbox 2418 1908 2762 1979; x_wconf 82' lang='lat' dir='ltr'>posteritate</span> <span class='ocrx_word' id='word_1_472' title='bbox 2793 1909 3106 1965; x_wconf 83' lang='lat' dir='ltr'>Abrahami</span> <span class='ocrx_word' id='word_1_473' title='bbox 3134 1912 3445 1981; x_wconf 84' lang='lat' dir='ltr'>Apostolus</span> <span class='ocrx_word' id='word_1_474' title='bbox 3469 1913 3746 1980; x_wconf 84' lang='lat' dir='ltr'>Hebr.x1,</span> 
     </span>
    </p>
   </div>
   <div class='ocr_carea' id='block_1_66' title="bbox 2095 1995 3750 2073">
    <p class='ocr_par' dir='ltr' id='par_1_66' title="bbox 2095 1995 3750 2073">
     <span class='ocr_line' id='line_1_66' title="bbox 2095 1995 3750 2073; baseline 0.004 -22"><span class='ocrx_word' id='word_1_475' title='bbox 2095 1999 2198 2052; x_wconf 76' lang='lat'>12:</span> <span class='ocrx_word' id='word_1_476' title='bbox 2259 1995 2353 2050; x_wconf 79' lang='grc' dir='ltr'>Διὸ</span> <span class='ocrx_word' id='word_1_477' title='bbox 2385 1996 2471 2073; x_wconf 75' lang='grc' dir='ltr'>ἀφ’</span> <span class='ocrx_word' id='word_1_478' title='bbox 2521 1996 2637 2057; x_wconf 76' lang='grc' dir='ltr'>ἑνὸς</span> <span class='ocrx_word' id='word_1_479' title='bbox 2697 1997 3049 2071; x_wconf 78' lang='grc' dir='ltr'>ἐγενήθησαν,</span> <span class='ocrx_word' id='word_1_480' title='bbox 3108 2001 3342 2070; x_wconf 82' lang='lat' dir='ltr'>Propter</span> <span class='ocrx_word' id='word_1_481' title='bbox 3393 2002 3543 2071; x_wconf 85' lang='lat' dir='ltr'>quod</span> <span class='ocrx_word' id='word_1_482' title='bbox 3585 2009 3641 2057; x_wconf 83' lang='lat' dir='ltr'>et</span> <span class='ocrx_word' id='word_1_483' title='bbox 3677 2004 3750 2057; x_wconf 86' lang='lat' dir='ltr'>ab</span> 
     </span>
    </p>
   </div>
   <div class='ocr_carea' id='block_1_67' title="bbox 2092 2087 3748 2161">
    <p class='ocr_par' dir='ltr' id='par_1_67' title="bbox 2092 2087 3748 2161">
     <span class='ocr_line' id='line_1_67' title="bbox 2092 2087 3748 2161; baseline 0.004 -21"><span class='ocrx_word' id='word_1_484' title='bbox 2092 2103 2200 2140; x_wconf 84' lang='lat' dir='ltr'>uno</span> <span class='ocrx_word' id='word_1_485' title='bbox 2231 2088 2338 2141; x_wconf 78' lang='lat' dir='ltr'>orti</span> <span class='ocrx_word' id='word_1_486' title='bbox 2365 2093 2510 2142; x_wconf 79' lang='lat' dir='ltr'>sunt.</span> <span class='ocrx_word' id='word_1_487' title='bbox 2542 2088 2670 2142; x_wconf 86' lang='lat' dir='ltr'>Non</span> <span class='ocrx_word' id='word_1_488' title='bbox 2701 2087 2879 2157; x_wconf 88' lang='lat' dir='ltr'>igitur</span> <span class='ocrx_word' id='word_1_489' title='bbox 2908 2087 3246 2143; x_wconf 90' lang='lat' dir='ltr'>habuerunt</span> <span class='ocrx_word' id='word_1_490' title='bbox 3274 2095 3525 2144; x_wconf 90' lang='lat' dir='ltr'>matrem</span> <span class='ocrx_word' id='word_1_491' title='bbox 3545 2092 3645 2161; x_wconf 90' lang='lat' dir='ltr'>qui</span> <span class='ocrx_word' id='word_1_492' title='bbox 3673 2093 3748 2147; x_wconf 91' lang='lat' dir='ltr'>ab</span> 
     </span>
    </p>
   </div>
   <div class='ocr_carea' id='block_1_68' title="bbox 2093 2175 3724 2248">
    <p class='ocr_par' dir='ltr' id='par_1_68' title="bbox 2093 2175 3724 2248">
     <span class='ocr_line' id='line_1_68' title="bbox 2093 2175 3724 2248; baseline 0.003 -18"><span class='ocrx_word' id='word_1_493' title='bbox 2093 2175 2425 2231; x_wconf 77' lang='lat' dir='ltr'>Abraliamo</span> <span class='ocrx_word' id='word_1_494' title='bbox 2458 2175 2920 2231; x_wconf 80' lang='lat' dir='ltr'>descenderant?</span> <span class='ocrx_word' id='word_1_495' title='bbox 2939 2183 3040 2232; x_wconf 90' lang='lat' dir='ltr'>aut</span> <span class='ocrx_word' id='word_1_496' title='bbox 3067 2179 3206 2248; x_wconf 92' lang='lat' dir='ltr'>quia</span> <span class='ocrx_word' id='word_1_497' title='bbox 3227 2179 3295 2233; x_wconf 84' lang='lat' dir='ltr'>ab</span> <span class='ocrx_word' id='word_1_498' title='bbox 3323 2196 3432 2233; x_wconf 88' lang='lat' dir='ltr'>uno</span> <span class='ocrx_word' id='word_1_499' title='bbox 3463 2182 3574 2234; x_wconf 76' lang='lat' dir='ltr'>orti</span> <span class='ocrx_word' id='word_1_500' title='bbox 3587 2189 3724 2235; x_wconf 82' lang='lat' dir='ltr'>sunt</span> 
     </span>
    </p>
   </div>
   <div class='ocr_carea' id='block_1_69' title="bbox 2091 2265 3750 2337">
    <p class='ocr_par' dir='ltr' id='par_1_69' title="bbox 2091 2265 3750 2337">
     <span class='ocr_line' id='line_1_69' title="bbox 2091 2265 3750 2337; baseline 0.003 -17"><span class='ocrx_word' id='word_1_501' title='bbox 2091 2282 2261 2320; x_wconf 88' lang='lat' dir='ltr'>avum</span> <span class='ocrx_word' id='word_1_502' title='bbox 2293 2270 2397 2320; x_wconf 89' lang='lat' dir='ltr'>aut</span> <span class='ocrx_word' id='word_1_503' title='bbox 2417 2265 2606 2320; x_wconf 89' lang='lat' dir='ltr'>aviam</span> <span class='ocrx_word' id='word_1_504' title='bbox 2636 2265 2855 2321; x_wconf 90' lang='lat' dir='ltr'>habere</span> <span class='ocrx_word' id='word_1_505' title='bbox 2883 2283 3002 2321; x_wconf 91' lang='lat' dir='ltr'>non</span> <span class='ocrx_word' id='word_1_506' title='bbox 3023 2271 3342 2337; x_wconf 92' lang='lat' dir='ltr'>potuerunt</span> <span class='ocrx_word' id='word_1_507' title='bbox 3371 2269 3398 2323; x_wconf 65' lang='grc' dir='ltr'><strong><em>Ἰ</em></strong></span> <span class='ocrx_word' id='word_1_508' title='bbox 3429 2270 3750 2326; x_wconf 83' lang='lat' dir='ltr'>Nazianze-</span> 
     </span>
    </p>
   </div>
   <div class='ocr_carea' id='block_1_70' title="bbox 2091 2353 3749 2430">
    <p class='ocr_par' dir='ltr' id='par_1_70' title="bbox 2091 2353 3749 2430">
     <span class='ocr_line' id='line_1_70' title="bbox 2091 2353 3749 2430; baseline 0.002 -22"><span class='ocrx_word' id='word_1_509' title='bbox 2091 2370 2204 2408; x_wconf 91' lang='lat' dir='ltr'>nus</span> <span class='ocrx_word' id='word_1_510' title='bbox 2235 2358 2382 2408; x_wconf 89' lang='lat' dir='ltr'>orat.</span> <span class='ocrx_word' id='word_1_511' title='bbox 2415 2357 2436 2406; x_wconf 90' lang='grc'><strong>1</strong></span> <span class='ocrx_word' id='word_1_512' title='bbox 2473 2354 2544 2408; x_wconf 88' lang='lat' dir='ltr'>De</span> <span class='ocrx_word' id='word_1_513' title='bbox 2585 2353 2839 2421; x_wconf 85' lang='lat' dir='ltr'>Adamo;</span> <span class='ocrx_word' id='word_1_514' title='bbox 2888 2359 3066 2408; x_wconf 79' lang='grc' dir='ltr'>Παντα</span> <span class='ocrx_word' id='word_1_515' title='bbox 3099 2354 3229 2428; x_wconf 75' lang='grc' dir='ltr'>ὑπὲρ</span> <span class='ocrx_word' id='word_1_516' title='bbox 3269 2354 3487 2410; x_wconf 81' lang='grc' dir='ltr'>πάντων</span> <span class='ocrx_word' id='word_1_517' title='bbox 3536 2356 3613 2419; x_wconf 78' lang='grc' dir='ltr'>εἷς</span> <span class='ocrx_word' id='word_1_518' title='bbox 3669 2355 3749 2430; x_wconf 76' lang='grc' dir='ltr'>ἓν,</span> 
     </span>
    </p>
   </div>
   <div class='ocr_carea' id='block_1_71' title="bbox 2089 2439 3741 2516">
    <p class='ocr_par' dir='ltr' id='par_1_71' title="bbox 2089 2439 3741 2516">
     <span class='ocr_line' id='line_1_71' title="bbox 2089 2439 3741 2516; baseline 0.004 -20"><span class='ocrx_word' id='word_1_519' title='bbox 2089 2442 2178 2496; x_wconf 81' lang='grc' dir='ltr'>καὶ</span> <span class='ocrx_word' id='word_1_520' title='bbox 2213 2441 2346 2515; x_wconf 71' lang='grc' dir='ltr'>ὑπὲρ</span> <span class='ocrx_word' id='word_1_521' title='bbox 2399 2439 2516 2502; x_wconf 79' lang='grc' dir='ltr'>ἐνὸς</span> <span class='ocrx_word' id='word_1_522' title='bbox 2545 2444 2641 2494; x_wconf 80' lang='grc' dir='ltr'>τοῦ</span> <span class='ocrx_word' id='word_1_523' title='bbox 2693 2442 3059 2516; x_wconf 80' lang='grc' dir='ltr'>προπάτορος.</span> <span class='ocrx_word' id='word_1_524' title='bbox 3113 2445 3271 2511; x_wconf 83' lang='lat' dir='ltr'>Erat,</span> <span class='ocrx_word' id='word_1_525' title='bbox 3306 2445 3535 2500; x_wconf 89' lang='lat' dir='ltr'>scilicet</span> <span class='ocrx_word' id='word_1_526' title='bbox 3577 2447 3741 2503; x_wconf 78' lang='lat' dir='ltr'>Ada-</span> 
     </span>
    </p>
   </div>
   <div class='ocr_carea' id='block_1_72' title="bbox 2088 2533 3739 2607">
    <p class='ocr_par' dir='ltr' id='par_1_72' title="bbox 2088 2533 3739 2607">
     <span class='ocr_line' id='line_1_72' title="bbox 2088 2533 3739 2607; baseline 0.003 -19"><span class='ocrx_word' id='word_1_527' title='bbox 2088 2550 2240 2598; x_wconf 87' lang='lat' dir='ltr'>mus,</span> <span class='ocrx_word' id='word_1_528' title='bbox 2275 2549 2428 2588; x_wconf 90' lang='lat' dir='ltr'>unus</span> <span class='ocrx_word' id='word_1_529' title='bbox 2459 2533 2560 2589; x_wconf 92' lang='lat' dir='ltr'>ille</span> <span class='ocrx_word' id='word_1_530' title='bbox 2591 2538 2872 2604; x_wconf 89' lang='lat' dir='ltr'>propator</span> <span class='ocrx_word' id='word_1_531' title='bbox 2900 2535 3144 2588; x_wconf 89' lang='lat' dir='ltr'>humani</span> <span class='ocrx_word' id='word_1_532' title='bbox 3175 2537 3430 2606; x_wconf 85' lang='lat' dir='ltr'>generis,</span> <span class='ocrx_word' id='word_1_533' title='bbox 3465 2539 3739 2607; x_wconf 90' lang='lat' dir='ltr'>quamvis</span> 
     </span>
    </p>
   </div>
   <div class='ocr_carea' id='block_1_73' title="bbox 2088 2623 3735 2684">
    <p class='ocr_par' dir='ltr' id='par_1_73' title="bbox 2088 2623 3735 2684">
     <span class='ocr_line' id='line_1_73' title="bbox 2088 2623 3735 2684; baseline 0.004 -6"><span class='ocrx_word' id='word_1_534' title='bbox 2088 2625 2204 2678; x_wconf 90' lang='lat' dir='ltr'>Eva</span> <span class='ocrx_word' id='word_1_535' title='bbox 2259 2624 2440 2680; x_wconf 90' lang='lat' dir='ltr'>etiam</span> <span class='ocrx_word' id='word_1_536' title='bbox 2470 2623 2651 2679; x_wconf 89' lang='lat' dir='ltr'>fuerit</span> <span class='ocrx_word' id='word_1_537' title='bbox 2697 2629 2888 2678; x_wconf 89' lang='lat' dir='ltr'>mater</span> <span class='ocrx_word' id='word_1_538' title='bbox 2917 2625 3186 2680; x_wconf 89' lang='lat' dir='ltr'>omnium</span> <span class='ocrx_word' id='word_1_539' title='bbox 3218 2626 3558 2682; x_wconf 82' lang='lat' dir='ltr'>viventium.</span> <span class='ocrx_word' id='word_1_540' title='bbox 3592 2630 3735 2684; x_wconf 89' lang='lat' dir='ltr'>Tam</span> 
     </span>
    </p>
   </div>
   <div class='ocr_carea' id='block_1_74' title="bbox 2086 2712 3732 2787">
    <p class='ocr_par' dir='ltr' id='par_1_74' title="bbox 2086 2712 3732 2787">
     <span class='ocr_line' id='line_1_74' title="bbox 2086 2712 3732 2787; baseline 0.003 -20"><span class='ocrx_word' id='word_1_541' title='bbox 2086 2713 2261 2768; x_wconf 91' lang='lat' dir='ltr'>malis</span> <span class='ocrx_word' id='word_1_542' title='bbox 2291 2712 2496 2770; x_wconf 87' lang='lat' dir='ltr'>avibus</span> <span class='ocrx_word' id='word_1_543' title='bbox 2525 2713 2636 2767; x_wconf 90' lang='lat' dir='ltr'>hoc</span> <span class='ocrx_word' id='word_1_544' title='bbox 2657 2713 2786 2768; x_wconf 93' lang='lat' dir='ltr'>loco</span> <span class='ocrx_word' id='word_1_545' title='bbox 2809 2729 2951 2768; x_wconf 91' lang='lat' dir='ltr'>usus</span> <span class='ocrx_word' id='word_1_546' title='bbox 2975 2716 3064 2767; x_wconf 91' lang='lat' dir='ltr'>vir</span> <span class='ocrx_word' id='word_1_547' title='bbox 3083 2714 3464 2771; x_wconf 90' lang='lat' dir='ltr'>doctissimus</span> <span class='ocrx_word' id='word_1_548' title='bbox 3490 2733 3732 2787; x_wconf 85' lang='lat' dir='ltr'>progre-</span> 
     </span>
    </p>
   </div>
   <div class='ocr_carea' id='block_1_75' title="bbox 2085 2803 3732 2876">
    <p class='ocr_par' dir='ltr' id='par_1_75' title="bbox 2085 2803 3732 2876">
     <span class='ocr_line' id='line_1_75' title="bbox 2085 2803 3732 2876; baseline 0.002 -19"><span class='ocrx_word' id='word_1_549' title='bbox 2085 2803 2245 2858; x_wconf 90' lang='lat' dir='ltr'>ditur</span> <span class='ocrx_word' id='word_1_550' title='bbox 2271 2807 2557 2869; x_wconf 90' lang='lat' dir='ltr'>tamen,et</span> <span class='ocrx_word' id='word_1_551' title='bbox 2582 2807 2882 2872; x_wconf 88' lang='lat' dir='ltr'>postrema</span> <span class='ocrx_word' id='word_1_552' title='bbox 2901 2803 3082 2858; x_wconf 84' lang='lat' dir='ltr'>etiam</span> <span class='ocrx_word' id='word_1_553' title='bbox 3112 2804 3290 2858; x_wconf 91' lang='lat' dir='ltr'>verba</span> <span class='ocrx_word' id='word_1_554' title='bbox 3314 2805 3361 2876; x_wconf 71' lang='grc' dir='ltr'>[Ι</span> <span class='ocrx_word' id='word_1_555' title='bbox 3369 2821 3534 2860; x_wconf 87' lang='lat' dir='ltr'>esum</span> <span class='ocrx_word' id='word_1_556' title='bbox 3557 2807 3732 2860; x_wconf 90' lang='lat' dir='ltr'>Chri-</span> 
     </span>
    </p>
   </div>
   <div class='ocr_carea' id='block_1_76' title="bbox 2084 2891 3722 2958">
    <p class='ocr_par' dir='ltr' id='par_1_76' title="bbox 2084 2891 3722 2958">
     <span class='ocr_line' id='line_1_76' title="bbox 2084 2891 3722 2958; baseline 0.001 -11"><span class='ocrx_word' id='word_1_557' title='bbox 2084 2897 2241 2947; x_wconf 88' lang='lat' dir='ltr'>stum</span> <span class='ocrx_word' id='word_1_558' title='bbox 2273 2891 2335 2946; x_wconf 93' lang='lat' dir='ltr'>in</span> <span class='ocrx_word' id='word_1_559' title='bbox 2365 2907 2573 2958; x_wconf 92' lang='lat' dir='ltr'>unum,</span> <span class='ocrx_word' id='word_1_560' title='bbox 2607 2893 2840 2946; x_wconf 87' lang='lat' dir='ltr'>Patrem</span> <span class='ocrx_word' id='word_1_561' title='bbox 2873 2891 3407 2958; x_wconf 89' lang='lat' dir='ltr'>scilicet,exsistere</span> <span class='ocrx_word' id='word_1_562' title='bbox 3438 2899 3496 2948; x_wconf 88' lang='lat' dir='ltr'>et</span> <span class='ocrx_word' id='word_1_563' title='bbox 3523 2910 3722 2949; x_wconf 87' lang='lat' dir='ltr'>rever-</span> 
     </span>
    </p>
   </div>
   <div class='ocr_carea' id='block_1_77' title="bbox 2080 2981 3722 3051">
    <p class='ocr_par' dir='ltr' id='par_1_77' title="bbox 2080 2981 3722 3051">
     <span class='ocr_line' id='line_1_77' title="bbox 2080 2981 3722 3051; baseline 0.001 -15"><span class='ocrx_word' id='word_1_564' title='bbox 2080 2998 2206 3036; x_wconf 89' lang='lat' dir='ltr'>sum</span> <span class='ocrx_word' id='word_1_565' title='bbox 2240 2983 2393 3051; x_wconf 83' lang='lat' dir='ltr'>esse]</span> <span class='ocrx_word' id='word_1_566' title='bbox 2424 3002 2452 3030; x_wconf 93' lang='grc'>‹‹</span> <span class='ocrx_word' id='word_1_567' title='bbox 2484 2997 2605 3034; x_wconf 91' lang='lat' dir='ltr'>non</span> <span class='ocrx_word' id='word_1_568' title='bbox 2638 2981 2754 3035; x_wconf 93' lang='lat' dir='ltr'>alio</span> <span class='ocrx_word' id='word_1_569' title='bbox 2779 2997 2956 3050; x_wconf 90' lang='lat' dir='ltr'>quam</span> <span class='ocrx_word' id='word_1_570' title='bbox 2991 2982 3049 3036; x_wconf 90' lang='lat' dir='ltr'>iu</span> <span class='ocrx_word' id='word_1_571' title='bbox 3110 2982 3384 3037; x_wconf 81' lang='lat' dir='ltr'>ﬁctitium</span> <span class='ocrx_word' id='word_1_572' title='bbox 3425 2983 3722 3038; x_wconf 87' lang='lat' dir='ltr'>Valentini</span> 
     </span>
    </p>
   </div>
   <div class='ocr_carea' id='block_1_78' title="bbox 2081 3070 3729 3142">
    <p class='ocr_par' dir='ltr' id='par_1_78' title="bbox 2081 3070 3729 3142">
     <span class='ocr_line' id='line_1_78' title="bbox 2081 3070 3729 3142; baseline 0.001 -16"><span class='ocrx_word' id='word_1_573' title='bbox 2081 3070 2378 3126; x_wconf 89' lang='lat' dir='ltr'>Christum</span> <span class='ocrx_word' id='word_1_574' title='bbox 2411 3070 2705 3125; x_wconf 87' lang='lat' dir='ltr'>destinata</span> <span class='ocrx_word' id='word_1_575' title='bbox 2725 3072 3065 3126; x_wconf 80' lang='lat' dir='ltr'>statuit.»At</span> <span class='ocrx_word' id='word_1_576' title='bbox 3087 3078 3385 3142; x_wconf 89' lang='lat' dir='ltr'>postrema</span> <span class='ocrx_word' id='word_1_577' title='bbox 3413 3075 3729 3128; x_wconf 65' lang='lat' dir='ltr'>sententis)</span> 
     </span>
    </p>
   </div>
   <div class='ocr_carea' id='block_1_79' title="bbox 2080 3159 3730 3233">
    <p class='ocr_par' dir='ltr' id='par_1_79' title="bbox 2080 3159 3730 3233">
     <span class='ocr_line' id='line_1_79' title="bbox 2080 3159 3730 3233; baseline 0.001 -18"><span class='ocrx_word' id='word_1_578' title='bbox 2080 3159 2258 3215; x_wconf 89' lang='lat' dir='ltr'>verba</span> <span class='ocrx_word' id='word_1_579' title='bbox 2277 3159 2552 3214; x_wconf 89' lang='lat' dir='ltr'>eumdem</span> <span class='ocrx_word' id='word_1_580' title='bbox 2585 3159 2712 3214; x_wconf 93' lang='lat' dir='ltr'>sine</span> <span class='ocrx_word' id='word_1_581' title='bbox 2735 3159 2914 3215; x_wconf 92' lang='lat' dir='ltr'>dubio</span> <span class='ocrx_word' id='word_1_582' title='bbox 2947 3166 3422 3231; x_wconf 87' lang='lat' dir='ltr'>spectant,quem</span> <span class='ocrx_word' id='word_1_583' title='bbox 3455 3162 3730 3233; x_wconf 89' lang='lat' dir='ltr'>ejusdem</span> 
     </span>
    </p>
   </div>
   <div class='ocr_carea' id='block_1_80' title="bbox 2083 3248 3737 3321">
    <p class='ocr_par' dir='ltr' id='par_1_80' title="bbox 2083 3248 3737 3321">
     <span class='ocr_line' id='line_1_80' title="bbox 2083 3248 3737 3321; baseline 0.002 -19"><span class='ocrx_word' id='word_1_584' title='bbox 2083 3248 2392 3303; x_wconf 74' lang='lat' dir='ltr'>sententiae</span> <span class='ocrx_word' id='word_1_585' title='bbox 2424 3248 2922 3319; x_wconf 88' lang='lat' dir='ltr'>priora;eumdem</span> <span class='ocrx_word' id='word_1_586' title='bbox 2955 3253 3162 3304; x_wconf 89' lang='lat' dir='ltr'>auctor</span> <span class='ocrx_word' id='word_1_587' title='bbox 3191 3249 3470 3321; x_wconf 88' lang='lat' dir='ltr'>intelligit</span> <span class='ocrx_word' id='word_1_588' title='bbox 3499 3266 3533 3305; x_wconf 91' lang='lat' dir='ltr'>a</span> <span class='ocrx_word' id='word_1_589' title='bbox 3558 3251 3737 3306; x_wconf 90' lang='lat' dir='ltr'>Patre</span> 
     </span>
    </p>
   </div>
   <div class='ocr_carea' id='block_1_81' title="bbox 2082 3336 3733 3396">
    <p class='ocr_par' dir='ltr' id='par_1_81' title="bbox 2082 3336 3733 3396">
     <span class='ocr_line' id='line_1_81' title="bbox 2082 3336 3733 3396; baseline 0.003 -5"><span class='ocrx_word' id='word_1_590' title='bbox 2082 3342 2399 3392; x_wconf 82' lang='lat' dir='ltr'>exeuntem</span> <span class='ocrx_word' id='word_1_591' title='bbox 2453 3341 2513 3391; x_wconf 90' lang='lat' dir='ltr'>et</span> <span class='ocrx_word' id='word_1_592' title='bbox 2565 3336 2640 3392; x_wconf 90' lang='lat' dir='ltr'>ad</span> <span class='ocrx_word' id='word_1_593' title='bbox 2685 3338 2922 3392; x_wconf 85' lang='lat' dir='ltr'>Patrem</span> <span class='ocrx_word' id='word_1_594' title='bbox 2970 3343 3386 3395; x_wconf 88' lang='lat' dir='ltr'>revertentem.</span> <span class='ocrx_word' id='word_1_595' title='bbox 3421 3339 3733 3396; x_wconf 86' lang='lat' dir='ltr'>Prioribus</span> 
     </span>
    </p>
   </div>
   <div class='ocr_carea' id='block_1_82' title="bbox 2080 3425 3735 3499">
    <p class='ocr_par' dir='ltr' id='par_1_82' title="bbox 2080 3425 3735 3499">
     <span class='ocr_line' id='line_1_82' title="bbox 2080 3425 3735 3499; baseline 0.003 -19"><span class='ocrx_word' id='word_1_596' title='bbox 2080 3425 2200 3480; x_wconf 84' lang='lat' dir='ltr'>vult</span> <span class='ocrx_word' id='word_1_597' title='bbox 2229 3425 2481 3480; x_wconf 73' lang='lat' dir='ltr'>Dallaaus</span> <span class='ocrx_word' id='word_1_598' title='bbox 2512 3426 2805 3480; x_wconf 89' lang='lat' dir='ltr'>Valentini</span> <span class='ocrx_word' id='word_1_599' title='bbox 2850 3427 3045 3498; x_wconf 85' lang='lat' dir='ltr'>Logon</span> <span class='ocrx_word' id='word_1_600' title='bbox 3077 3427 3261 3495; x_wconf 85' lang='lat' dir='ltr'>feriri,</span> <span class='ocrx_word' id='word_1_601' title='bbox 3297 3429 3735 3499; x_wconf 88' lang='lat' dir='ltr'>posterioribus</span> 
     </span>
    </p>
   </div>
   <div class='ocr_carea' id='block_1_83' title="bbox 2082 3514 3742 3590">
    <p class='ocr_par' dir='ltr' id='par_1_83' title="bbox 2082 3514 3742 3590">
     <span class='ocr_line' id='line_1_83' title="bbox 2082 3514 3742 3590; baseline 0.004 -22"><span class='ocrx_word' id='word_1_602' title='bbox 2082 3514 2350 3586; x_wconf 87' lang='lat' dir='ltr'>ejusdem</span> <span class='ocrx_word' id='word_1_603' title='bbox 2380 3515 2677 3570; x_wconf 88' lang='lat' dir='ltr'>Christum</span> <span class='ocrx_word' id='word_1_604' title='bbox 2702 3531 2714 3580; x_wconf 91' lang='lat'>;</span> <span class='ocrx_word' id='word_1_605' title='bbox 2741 3532 2876 3570; x_wconf 89' lang='lat' dir='ltr'>cum</span> <span class='ocrx_word' id='word_1_606' title='bbox 2907 3516 2967 3570; x_wconf 92' lang='lat' dir='ltr'>in</span> <span class='ocrx_word' id='word_1_607' title='bbox 2987 3515 3196 3571; x_wconf 91' lang='lat' dir='ltr'>Schola</span> <span class='ocrx_word' id='word_1_608' title='bbox 3223 3516 3516 3572; x_wconf 89' lang='lat' dir='ltr'>Valentini</span> <span class='ocrx_word' id='word_1_609' title='bbox 3551 3518 3742 3590; x_wconf 81' lang='lat' dir='ltr'>Logos</span> 
     </span>
    </p>
   </div>
   <div class='ocr_carea' id='block_1_84' title="bbox 2082 3605 3741 3677">
    <p class='ocr_par' dir='ltr' id='par_1_84' title="bbox 2082 3605 3741 3677">
     <span class='ocr_line' id='line_1_84' title="bbox 2082 3605 3741 3677; baseline 0.003 -18"><span class='ocrx_word' id='word_1_610' title='bbox 2082 3609 2141 3660; x_wconf 91' lang='lat' dir='ltr'>et</span> <span class='ocrx_word' id='word_1_611' title='bbox 2197 3605 2462 3660; x_wconf 88' lang='lat' dir='ltr'>Christus</span> <span class='ocrx_word' id='word_1_612' title='bbox 2522 3605 2641 3659; x_wconf 91' lang='lat' dir='ltr'>sint</span> <span class='ocrx_word' id='word_1_613' title='bbox 2675 3621 2915 3676; x_wconf 89' lang='lat' dir='ltr'>prorsus</span> <span class='ocrx_word' id='word_1_614' title='bbox 2977 3611 3035 3659; x_wconf 91' lang='lat' dir='ltr'>et</span> <span class='ocrx_word' id='word_1_615' title='bbox 3071 3606 3249 3677; x_wconf 90' lang='lat' dir='ltr'>plane</span> <span class='ocrx_word' id='word_1_616' title='bbox 3282 3606 3566 3662; x_wconf 88' lang='lat' dir='ltr'>distincti.</span> <span class='ocrx_word' id='word_1_617' title='bbox 3603 3609 3741 3664; x_wconf 86' lang='lat' dir='ltr'>Non</span> 
     </span>
    </p>
   </div>
   <div class='ocr_carea' id='block_1_85' title="bbox 2083 3695 3740 3767">
    <p class='ocr_par' dir='ltr' id='par_1_85' title="bbox 2083 3695 3740 3767">
     <span class='ocr_line' id='line_1_85' title="bbox 2083 3695 3740 3767; baseline 0.002 -19"><span class='ocrx_word' id='word_1_618' title='bbox 2083 3695 2260 3767; x_wconf 83' lang='lat' dir='ltr'>igitur</span> <span class='ocrx_word' id='word_1_619' title='bbox 2287 3699 2628 3764; x_wconf 91' lang='lat' dir='ltr'>utrumque,</span> <span class='ocrx_word' id='word_1_620' title='bbox 2661 3695 2782 3749; x_wconf 90' lang='lat' dir='ltr'>imo</span> <span class='ocrx_word' id='word_1_621' title='bbox 2815 3699 3092 3750; x_wconf 89' lang='lat' dir='ltr'>neutrum</span> <span class='ocrx_word' id='word_1_622' title='bbox 3125 3695 3600 3766; x_wconf 83' lang='lat' dir='ltr'>ferit.Utcunque</span> <span class='ocrx_word' id='word_1_623' title='bbox 3630 3699 3740 3764; x_wconf 89' lang='lat' dir='ltr'>sit,</span> 
     </span>
    </p>
   </div>
   <div class='ocr_carea' id='block_1_86' title="bbox 2080 3785 3744 3860">
    <p class='ocr_par' dir='ltr' id='par_1_86' title="bbox 2080 3785 3744 3860">
     <span class='ocr_line' id='line_1_86' title="bbox 2080 3785 3744 3860; baseline 0.003 -20"><span class='ocrx_word' id='word_1_624' title='bbox 2080 3785 2222 3840; x_wconf 85' lang='lat' dir='ltr'>ferri</span> <span class='ocrx_word' id='word_1_625' title='bbox 2278 3803 2399 3840; x_wconf 92' lang='lat' dir='ltr'>non</span> <span class='ocrx_word' id='word_1_626' title='bbox 2451 3791 2668 3857; x_wconf 89' lang='lat' dir='ltr'>potest,</span> <span class='ocrx_word' id='word_1_627' title='bbox 2701 3791 2766 3840; x_wconf 88' lang='lat' dir='ltr'>ut</span> <span class='ocrx_word' id='word_1_628' title='bbox 2817 3803 2926 3841; x_wconf 88' lang='lat' dir='ltr'>nos</span> <span class='ocrx_word' id='word_1_629' title='bbox 2985 3786 3059 3841; x_wconf 89' lang='lat' dir='ltr'>ad</span> <span class='ocrx_word' id='word_1_630' title='bbox 3095 3786 3387 3842; x_wconf 90' lang='lat' dir='ltr'>Valentini</span> <span class='ocrx_word' id='word_1_631' title='bbox 3443 3789 3636 3860; x_wconf 88' lang='lat' dir='ltr'>Logon</span> <span class='ocrx_word' id='word_1_632' title='bbox 3684 3796 3744 3845; x_wconf 89' lang='lat' dir='ltr'>et</span> 
     </span>
    </p>
   </div>
   <div class='ocr_carea' id='block_1_87' title="bbox 2083 3874 3741 3948">
    <p class='ocr_par' dir='ltr' id='par_1_87' title="bbox 2083 3874 3741 3948">
     <span class='ocr_line' id='line_1_87' title="bbox 2083 3874 3741 3948; baseline 0.004 -20"><span class='ocrx_word' id='word_1_633' title='bbox 2083 3874 2380 3928; x_wconf 91' lang='lat' dir='ltr'>Christum</span> <span class='ocrx_word' id='word_1_634' title='bbox 2401 3874 2722 3946; x_wconf 89' lang='lat' dir='ltr'>rejiciat,et</span> <span class='ocrx_word' id='word_1_635' title='bbox 2741 3875 2918 3930; x_wconf 89' lang='lat' dir='ltr'>simul</span> <span class='ocrx_word' id='word_1_636' title='bbox 2944 3875 3071 3930; x_wconf 69' lang='lat' dir='ltr'>haec</span> <span class='ocrx_word' id='word_1_637' title='bbox 3095 3875 3166 3929; x_wconf 94' lang='lat' dir='ltr'>ab</span> <span class='ocrx_word' id='word_1_638' title='bbox 3191 3881 3429 3931; x_wconf 89' lang='lat' dir='ltr'>auctore</span> <span class='ocrx_word' id='word_1_639' title='bbox 3462 3878 3741 3948; x_wconf 62' lang='lat' dir='ltr'>epistola:</span> 
     </span>
    </p>
   </div>
   <div class='ocr_carea' id='block_1_88' title="bbox 2077 3963 3735 4036">
    <p class='ocr_par' dir='ltr' id='par_1_88' title="bbox 2077 3963 3735 4036">
     <span class='ocr_line' id='line_1_88' title="bbox 2077 3963 3735 4036; baseline 0.003 -17"><span class='ocrx_word' id='word_1_640' title='bbox 2077 3963 2252 4035; x_wconf 88' lang='lat' dir='ltr'>juxta</span> <span class='ocrx_word' id='word_1_641' title='bbox 2307 3963 2362 4020; x_wconf 92' lang='lat' dir='ltr'>S.</span> <span class='ocrx_word' id='word_1_642' title='bbox 2393 3964 2681 4019; x_wconf 84' lang='lat' dir='ltr'>Joannem</span> <span class='ocrx_word' id='word_1_643' title='bbox 2733 3964 2954 4036; x_wconf 84' lang='lat' dir='ltr'>scripta</span> <span class='ocrx_word' id='word_1_644' title='bbox 2989 3965 3357 4035; x_wconf 87' lang='lat' dir='ltr'>pronuntiet.</span> <span class='ocrx_word' id='word_1_645' title='bbox 3392 3965 3542 4030; x_wconf 87' lang='lat' dir='ltr'>Quid</span> <span class='ocrx_word' id='word_1_646' title='bbox 3564 3970 3735 4024; x_wconf 88' lang='lat' dir='ltr'>enim</span> 
     </span>
    </p>
   </div>
   <div class='ocr_carea' id='block_1_89' title="bbox 2086 4050 3748 4123">
    <p class='ocr_par' dir='ltr' id='par_1_89' title="bbox 2086 4050 3748 4123">
     <span class='ocr_line' id='line_1_89' title="bbox 2086 4050 3748 4123; baseline 0.002 -17"><span class='ocrx_word' id='word_1_647' title='bbox 2086 4067 2234 4123; x_wconf 90' lang='lat' dir='ltr'>opus</span> <span class='ocrx_word' id='word_1_648' title='bbox 2267 4055 2354 4105; x_wconf 92' lang='lat' dir='ltr'>est</span> <span class='ocrx_word' id='word_1_649' title='bbox 2385 4056 2448 4105; x_wconf 91' lang='lat' dir='ltr'>ut</span> <span class='ocrx_word' id='word_1_650' title='bbox 2481 4050 2858 4106; x_wconf 85' lang='lat' dir='ltr'>Valentinum</span> <span class='ocrx_word' id='word_1_651' title='bbox 2889 4051 3342 4121; x_wconf 84' lang='lat' dir='ltr'>respiceret,qni</span> <span class='ocrx_word' id='word_1_652' title='bbox 3376 4053 3446 4106; x_wconf 76' lang='lat' dir='ltr'>de</span> <span class='ocrx_word' id='word_1_653' title='bbox 3483 4053 3534 4106; x_wconf 91' lang='lat' dir='ltr'>S.</span> <span class='ocrx_word' id='word_1_654' title='bbox 3568 4055 3748 4110; x_wconf 87' lang='lat' dir='ltr'>Joan-</span> 
     </span>
    </p>
   </div>
   <div class='ocr_carea' id='block_1_90' title="bbox 2082 4139 3739 4212">
    <p class='ocr_par' dir='ltr' id='par_1_90' title="bbox 2082 4139 3739 4212">
     <span class='ocr_line' id='line_1_90' title="bbox 2082 4139 3739 4212; baseline 0.004 -18"><span class='ocrx_word' id='word_1_655' title='bbox 2082 4140 2176 4195; x_wconf 85' lang='lat' dir='ltr'>nis</span> <span class='ocrx_word' id='word_1_656' title='bbox 2206 4146 2406 4195; x_wconf 90' lang='lat' dir='ltr'>mente</span> <span class='ocrx_word' id='word_1_657' title='bbox 2447 4139 2837 4212; x_wconf 86' lang='lat' dir='ltr'>exprimenda</span> <span class='ocrx_word' id='word_1_658' title='bbox 2867 4141 3170 4212; x_wconf 77' lang='lat' dir='ltr'>cogitavit?</span> <span class='ocrx_word' id='word_1_659' title='bbox 3194 4141 3314 4194; x_wconf 92' lang='lat' dir='ltr'>lmo</span> <span class='ocrx_word' id='word_1_660' title='bbox 3347 4142 3490 4212; x_wconf 89' lang='lat' dir='ltr'>quid</span> <span class='ocrx_word' id='word_1_661' title='bbox 3517 4143 3632 4199; x_wconf 89' lang='lat' dir='ltr'>hoc</span> <span class='ocrx_word' id='word_1_662' title='bbox 3663 4148 3739 4200; x_wconf 90' lang='lat' dir='ltr'>ad</span> 
     </span>
    </p>
   </div>
   <div class='ocr_carea' id='block_1_91' title="bbox 2083 4229 3744 4301">
    <p class='ocr_par' dir='ltr' id='par_1_91' title="bbox 2083 4229 3744 4301">
     <span class='ocr_line' id='line_1_91' title="bbox 2083 4229 3744 4301; baseline 0.004 -17"><span class='ocrx_word' id='word_1_663' title='bbox 2083 4230 2529 4300; x_wconf 80' lang='lat' dir='ltr'>generationem</span> <span class='ocrx_word' id='word_1_664' title='bbox 2561 4229 2885 4301; x_wconf 88' lang='lat' dir='ltr'>Logi,quod</span> <span class='ocrx_word' id='word_1_665' title='bbox 2918 4230 3034 4301; x_wconf 86' lang='lat' dir='ltr'>agit</span> <span class='ocrx_word' id='word_1_666' title='bbox 3061 4229 3134 4284; x_wconf 87' lang='lat' dir='ltr'>de</span> <span class='ocrx_word' id='word_1_667' title='bbox 3169 4231 3585 4288; x_wconf 90' lang='lat' dir='ltr'>lncarnatione</span> <span class='ocrx_word' id='word_1_668' title='bbox 3618 4235 3744 4291; x_wconf 88' lang='lat' dir='ltr'>sive</span> 
     </span>
    </p>
   </div>
   <div class='ocr_carea' id='block_1_92' title="bbox 2083 4319 3736 4390">
    <p class='ocr_par' dir='ltr' id='par_1_92' title="bbox 2083 4319 3736 4390">
     <span class='ocr_line' id='line_1_92' title="bbox 2083 4319 3736 4390; baseline 0.004 -17"><span class='ocrx_word' id='word_1_669' title='bbox 2083 4319 2338 4375; x_wconf 91' lang='lat' dir='ltr'>adventu</span> <span class='ocrx_word' id='word_1_670' title='bbox 2369 4319 2430 4373; x_wconf 92' lang='lat' dir='ltr'>in</span> <span class='ocrx_word' id='word_1_671' title='bbox 2461 4319 2753 4374; x_wconf 88' lang='lat' dir='ltr'>mundum</span> <span class='ocrx_word' id='word_1_672' title='bbox 2775 4319 2802 4373; x_wconf 84' lang='lat'><strong>?</strong></span> <span class='ocrx_word' id='word_1_673' title='bbox 2832 4324 2896 4374; x_wconf 90' lang='lat' dir='ltr'>nt</span> <span class='ocrx_word' id='word_1_674' title='bbox 2930 4319 3202 4390; x_wconf 91' lang='lat' dir='ltr'>superius</span> <span class='ocrx_word' id='word_1_675' title='bbox 3232 4338 3369 4376; x_wconf 89' lang='lat' dir='ltr'>eum</span> <span class='ocrx_word' id='word_1_676' title='bbox 3400 4321 3596 4377; x_wconf 90' lang='lat' dir='ltr'>locum</span> <span class='ocrx_word' id='word_1_677' title='bbox 3632 4343 3736 4379; x_wconf 86' lang='lat' dir='ltr'>ex-</span> 
     </span>
    </p>
   </div>
   <div class='ocr_carea' id='block_1_93' title="bbox 2084 4407 2812 4480">
    <p class='ocr_par' dir='ltr' id='par_1_93' title="bbox 2084 4407 2812 4480">
     <span class='ocr_line' id='line_1_93' title="bbox 2084 4407 2812 4480; baseline 0.001 -17"><span class='ocrx_word' id='word_1_678' title='bbox 2084 4409 2426 4480; x_wconf 89' lang='lat' dir='ltr'>ponendum</span> <span class='ocrx_word' id='word_1_679' title='bbox 2459 4425 2586 4464; x_wconf 91' lang='lat' dir='ltr'>esse</span> <span class='ocrx_word' id='word_1_680' title='bbox 2615 4407 2812 4464; x_wconf 91' lang='lat' dir='ltr'>docui.</span> 
     </span>
    </p>
   </div>
   <div class='ocr_carea' id='block_1_94' title="bbox 2155 4515 3726 4587">
    <p class='ocr_par' dir='ltr' id='par_1_94' title="bbox 2155 4515 3726 4587">
     <span class='ocr_line' id='line_1_94' title="bbox 2155 4515 3726 4587; baseline 0.004 -18"><span class='ocrx_word' id='word_1_681' title='bbox 2155 4519 2344 4586; x_wconf 79' lang='lat' dir='ltr'>Atque</span> <span class='ocrx_word' id='word_1_682' title='bbox 2375 4515 2500 4569; x_wconf 83' lang='lat' dir='ltr'>haec</span> <span class='ocrx_word' id='word_1_683' title='bbox 2525 4515 2764 4586; x_wconf 86' lang='lat' dir='ltr'>quidem</span> <span class='ocrx_word' id='word_1_684' title='bbox 2798 4516 2999 4570; x_wconf 91' lang='lat' dir='ltr'>omnia</span> <span class='ocrx_word' id='word_1_685' title='bbox 3019 4522 3160 4571; x_wconf 89' lang='lat' dir='ltr'>sunt</span> <span class='ocrx_word' id='word_1_686' title='bbox 3179 4534 3309 4587; x_wconf 80' lang='lat' dir='ltr'>quas</span> <span class='ocrx_word' id='word_1_687' title='bbox 3340 4518 3426 4572; x_wconf 90' lang='lat' dir='ltr'>vir</span> <span class='ocrx_word' id='word_1_688' title='bbox 3455 4519 3726 4576; x_wconf 89' lang='lat' dir='ltr'>doctissi-</span> 
     </span>
    </p>
   </div>
   <div class='ocr_carea' id='block_1_95' title="bbox 329 4593 3731 4675">
    <p class='ocr_par' dir='ltr' id='par_1_95' title="bbox 329 4593 3731 4675">
     <span class='ocr_line' id='line_1_95' title="bbox 329 4593 3731 4675; baseline 0.004 -25"><span class='ocrx_word' id='word_1_689' title='bbox 329 4595 432 4651; x_wconf 90' lang='lat' dir='ltr'>sed</span> <span class='ocrx_word' id='word_1_690' title='bbox 462 4595 768 4663; x_wconf 83' lang='lat' dir='ltr'>sequitur;</span> <span class='ocrx_word' id='word_1_691' title='bbox 819 4610 941 4649; x_wconf 91' lang='lat' dir='ltr'>non</span> <span class='ocrx_word' id='word_1_692' title='bbox 971 4593 1100 4664; x_wconf 88' lang='lat' dir='ltr'>ejus</span> <span class='ocrx_word' id='word_1_693' title='bbox 1133 4594 1347 4650; x_wconf 90' lang='lat' dir='ltr'>deliria</span> <span class='ocrx_word' id='word_1_694' title='bbox 1392 4595 1702 4662; x_wconf 88' lang='lat' dir='ltr'>refutasse,</span> <span class='ocrx_word' id='word_1_695' title='bbox 1730 4596 1834 4652; x_wconf 91' lang='lat' dir='ltr'>sed</span> <span class='ocrx_word' id='word_1_696' title='bbox 1865 4614 1968 4668; x_wconf 81' lang='grc' dir='ltr'>Ρο-</span> <span class='ocrx_word' id='word_1_697' title='bbox 2004 4598 2048 4663; x_wconf 92' lang='lat' dir='ltr'><strong>D</strong></span> <span class='ocrx_word' id='word_1_698' title='bbox 2080 4621 2212 4659; x_wconf 92' lang='lat' dir='ltr'>mus</span> <span class='ocrx_word' id='word_1_699' title='bbox 2251 4603 2447 4659; x_wconf 89' lang='lat' dir='ltr'>attulit</span> <span class='ocrx_word' id='word_1_700' title='bbox 2478 4610 2541 4658; x_wconf 91' lang='lat' dir='ltr'>ut</span> <span class='ocrx_word' id='word_1_701' title='bbox 2570 4604 2910 4658; x_wconf 88' lang='lat' dir='ltr'>ostenderet</span> <span class='ocrx_word' id='word_1_702' title='bbox 2939 4611 3242 4660; x_wconf 89' lang='lat' dir='ltr'>auctorem</span> <span class='ocrx_word' id='word_1_703' title='bbox 3267 4612 3558 4675; x_wconf 89' lang='lat' dir='ltr'>nostrum,</span> <span class='ocrx_word' id='word_1_704' title='bbox 3584 4610 3731 4665; x_wconf 87' lang='lat' dir='ltr'>dum</span> 
     </span>
    </p>
   </div>
   <div class='ocr_carea' id='block_1_96' title="bbox 329 4683 1971 4756">
    <p class='ocr_par' dir='ltr' id='par_1_96' title="bbox 329 4683 1971 4756">
     <span class='ocr_line' id='line_1_96' title="bbox 329 4683 1971 4756; baseline 0.001 -16"><span class='ocrx_word' id='word_1_705' title='bbox 329 4686 445 4741; x_wconf 90' lang='lat' dir='ltr'>tius</span> <span class='ocrx_word' id='word_1_706' title='bbox 474 4685 780 4756; x_wconf 85' lang='lat' dir='ltr'>amplexus</span> <span class='ocrx_word' id='word_1_707' title='bbox 811 4700 940 4738; x_wconf 90' lang='lat' dir='ltr'>esse</span> <span class='ocrx_word' id='word_1_708' title='bbox 961 4683 1247 4738; x_wconf 89' lang='lat' dir='ltr'>videatur.</span> <span class='ocrx_word' id='word_1_709' title='bbox 1275 4686 1456 4755; x_wconf 84' lang='lat' dir='ltr'>Negat</span> <span class='ocrx_word' id='word_1_710' title='bbox 1486 4685 1644 4740; x_wconf 90' lang='lat' dir='ltr'>enim</span> <span class='ocrx_word' id='word_1_711' title='bbox 1675 4685 1834 4756; x_wconf 91' lang='lat' dir='ltr'>quod</span> <span class='ocrx_word' id='word_1_712' title='bbox 1865 4703 1971 4741; x_wconf 88' lang='lat' dir='ltr'>ne-</span> 
     </span>
    </p>
   </div>
   <div class='ocr_carea' id='block_1_97' title="bbox 329 4772 1975 4847">
    <p class='ocr_par' dir='ltr' id='par_1_97' title="bbox 329 4772 1975 4847">
     <span class='ocr_line' id='line_1_97' title="bbox 329 4772 1975 4847; baseline 0.001 -17"><span class='ocrx_word' id='word_1_713' title='bbox 329 4777 502 4847; x_wconf 77' lang='lat' dir='ltr'>gavit,</span> <span class='ocrx_word' id='word_1_714' title='bbox 553 4775 694 4830; x_wconf 90' lang='lat' dir='ltr'>dicit</span> <span class='ocrx_word' id='word_1_715' title='bbox 750 4772 909 4845; x_wconf 91' lang='lat' dir='ltr'>quod</span> <span class='ocrx_word' id='word_1_716' title='bbox 965 4772 1114 4828; x_wconf 85' lang='lat' dir='ltr'>dixit</span> <span class='ocrx_word' id='word_1_717' title='bbox 1145 4773 1507 4830; x_wconf 89' lang='lat' dir='ltr'>Valentinus.</span> <span class='ocrx_word' id='word_1_718' title='bbox 1541 4775 1722 4847; x_wconf 88' lang='lat' dir='ltr'>Negat</span> <span class='ocrx_word' id='word_1_719' title='bbox 1770 4783 1975 4833; x_wconf 89' lang='lat' dir='ltr'>auctor</span> 
     </span>
    </p>
   </div>
   <div class='ocr_carea' id='block_1_98' title="bbox 331 4861 1977 4938">
    <p class='ocr_par' dir='ltr' id='par_1_98' title="bbox 331 4861 1977 4938">
     <span class='ocr_line' id='line_1_98' title="bbox 331 4861 1977 4938; baseline 0.001 -17"><span class='ocrx_word' id='word_1_720' title='bbox 331 4864 596 4938; x_wconf 61' lang='lat' dir='ltr'>epistolae</span> <span class='ocrx_word' id='word_1_721' title='bbox 629 4861 803 4938; x_wconf 85' lang='grc' dir='ltr'><strong>Λόγον</strong></span> <span class='ocrx_word' id='word_1_722' title='bbox 839 4863 999 4917; x_wconf 85' lang='lat' dir='ltr'>exire</span> <span class='ocrx_word' id='word_1_723' title='bbox 1032 4879 1065 4917; x_wconf 89' lang='lat' dir='ltr'>a</span> <span class='ocrx_word' id='word_1_724' title='bbox 1095 4862 1226 4934; x_wconf 91' lang='lat' dir='ltr'>Sige</span> <span class='ocrx_word' id='word_1_725' title='bbox 1259 4863 1425 4934; x_wconf 89' lang='lat' dir='ltr'>Bythi</span> <span class='ocrx_word' id='word_1_726' title='bbox 1475 4867 1723 4936; x_wconf 85' lang='lat' dir='ltr'>conjuge</span> <span class='ocrx_word' id='word_1_727' title='bbox 1746 4866 1773 4920; x_wconf 84' lang='lat'><strong>?</strong></span> <span class='ocrx_word' id='word_1_728' title='bbox 1797 4868 1977 4936; x_wconf 81' lang='lat' dir='ltr'>Negat</span> 
     </span>
    </p>
   </div>
   <div class='ocr_carea' id='block_1_99' title="bbox 337 4952 1971 5026">
    <p class='ocr_par' dir='ltr' id='par_1_99' title="bbox 337 4952 1971 5026">
     <span class='ocr_line' id='line_1_99' title="bbox 337 4952 1971 5026; baseline -0.001 -14"><span class='ocrx_word' id='word_1_729' title='bbox 337 4961 396 5012; x_wconf 88' lang='lat' dir='ltr'>et</span> <span class='ocrx_word' id='word_1_730' title='bbox 449 4954 820 5019; x_wconf 83' lang='lat' dir='ltr'>Valentinus,</span> <span class='ocrx_word' id='word_1_731' title='bbox 856 4952 955 5022; x_wconf 91' lang='lat' dir='ltr'>qui</span> <span class='ocrx_word' id='word_1_732' title='bbox 1015 4968 1150 5006; x_wconf 90' lang='lat' dir='ltr'>eum</span> <span class='ocrx_word' id='word_1_733' title='bbox 1201 4967 1419 5008; x_wconf 71' lang='lat' dir='ltr'>cmcum</span> <span class='ocrx_word' id='word_1_734' title='bbox 1472 4954 1652 5009; x_wconf 62' lang='lat' dir='ltr'>onna</span> <span class='ocrx_word' id='word_1_735' title='bbox 1683 4954 1971 5026; x_wconf 86' lang='lat' dir='ltr'>depinxit,</span> 
     </span>
    </p>
   </div>
   <div class='ocr_carea' id='block_1_100' title="bbox 333 5049 1978 5128">
    <p class='ocr_par' dir='ltr' id='par_1_100' title="bbox 333 5049 1978 5128">
     <span class='ocr_line' id='line_1_100' title="bbox 333 5049 1978 5128; baseline 0.001 -19"><span class='ocrx_word' id='word_1_736' title='bbox 333 5054 528 5128; x_wconf 88' lang='lat' dir='ltr'>qualis</span> <span class='ocrx_word' id='word_1_737' title='bbox 569 5070 639 5110; x_wconf 90' lang='lat' dir='ltr'>ex</span> <span class='ocrx_word' id='word_1_738' title='bbox 672 5053 799 5124; x_wconf 90' lang='lat' dir='ltr'>Sige</span> <span class='ocrx_word' id='word_1_739' title='bbox 831 5050 999 5122; x_wconf 82' lang='lat' dir='ltr'>Bythi</span> <span class='ocrx_word' id='word_1_740' title='bbox 1031 5049 1281 5120; x_wconf 90' lang='lat' dir='ltr'>conjuge</span> <span class='ocrx_word' id='word_1_741' title='bbox 1313 5051 1471 5104; x_wconf 85' lang='lat' dir='ltr'>exire</span> <span class='ocrx_word' id='word_1_742' title='bbox 1505 5067 1625 5106; x_wconf 91' lang='lat' dir='ltr'>non</span> <span class='ocrx_word' id='word_1_743' title='bbox 1653 5054 1844 5123; x_wconf 92' lang='lat' dir='ltr'>potuit</span> <span class='ocrx_word' id='word_1_744' title='bbox 1880 5072 1892 5121; x_wconf 93' lang='lat'><strong>;</strong></span> <span class='ocrx_word' id='word_1_745' title='bbox 1920 5062 1978 5111; x_wconf 90' lang='lat' dir='ltr'>et</span> 
     </span>
    </p>
   </div>
   <div class='ocr_carea' id='block_1_101' title="bbox 331 5141 1977 5210">
    <p class='ocr_par' dir='ltr' id='par_1_101' title="bbox 331 5141 1977 5210">
     <span class='ocr_line' id='line_1_101' title="bbox 331 5141 1977 5210; baseline -0.001 -9"><span class='ocrx_word' id='word_1_746' title='bbox 331 5162 467 5201; x_wconf 82' lang='lat' dir='ltr'>cum</span> <span class='ocrx_word' id='word_1_747' title='bbox 499 5146 559 5199; x_wconf 91' lang='lat' dir='ltr'>in</span> <span class='ocrx_word' id='word_1_748' title='bbox 593 5142 1128 5199; x_wconf 91' lang='lat' dir='ltr'>deminorationem</span> <span class='ocrx_word' id='word_1_749' title='bbox 1150 5141 1404 5196; x_wconf 90' lang='lat' dir='ltr'>emissus</span> <span class='ocrx_word' id='word_1_750' title='bbox 1425 5147 1745 5210; x_wconf 88' lang='lat' dir='ltr'>esset,eum</span> <span class='ocrx_word' id='word_1_751' title='bbox 1759 5161 1828 5199; x_wconf 86' lang='lat' dir='ltr'>ex</span> <span class='ocrx_word' id='word_1_752' title='bbox 1845 5146 1977 5200; x_wconf 91' lang='lat' dir='ltr'>aliis</span> 
     </span>
    </p>
   </div>
   <div class='ocr_carea' id='block_1_102' title="bbox 326 5229 1964 5303">
    <p class='ocr_par' dir='ltr' id='par_1_102' title="bbox 326 5229 1964 5303">
     <span class='ocr_line' id='line_1_102' title="bbox 326 5229 1964 5303; baseline -0.001 -12"><span class='ocrx_word' id='word_1_753' title='bbox 326 5235 959 5303; x_wconf 73' lang='lat' dir='ltr'>Eonibus,Monogene</span> <span class='ocrx_word' id='word_1_754' title='bbox 990 5235 1048 5284; x_wconf 91' lang='lat' dir='ltr'>et</span> <span class='ocrx_word' id='word_1_755' title='bbox 1069 5229 1338 5284; x_wconf 79' lang='lat' dir='ltr'>Aletheia</span> <span class='ocrx_word' id='word_1_756' title='bbox 1369 5232 1704 5286; x_wconf 90' lang='lat' dir='ltr'>necessario</span> <span class='ocrx_word' id='word_1_757' title='bbox 1741 5233 1964 5290; x_wconf 88' lang='lat' dir='ltr'>eduxit.</span> 
     </span>
    </p>
   </div>
   <div class='ocr_carea' id='block_1_103' title="bbox 331 5319 1979 5393">
    <p class='ocr_par' dir='ltr' id='par_1_103' title="bbox 331 5319 1979 5393">
     <span class='ocr_line' id='line_1_103' title="bbox 331 5319 1979 5393; baseline -0.001 -15"><span class='ocrx_word' id='word_1_758' title='bbox 331 5324 486 5380; x_wconf 87' lang='lat' dir='ltr'>Dicit</span> <span class='ocrx_word' id='word_1_759' title='bbox 509 5327 716 5377; x_wconf 88' lang='lat' dir='ltr'>auctor</span> <span class='ocrx_word' id='word_1_760' title='bbox 747 5320 922 5393; x_wconf 83' lang='grc' dir='ltr'><strong>Λόγον</strong></span> <span class='ocrx_word' id='word_1_761' title='bbox 957 5319 1115 5374; x_wconf 91' lang='lat' dir='ltr'>exire</span> <span class='ocrx_word' id='word_1_762' title='bbox 1141 5335 1175 5372; x_wconf 91' lang='lat' dir='ltr'>a</span> <span class='ocrx_word' id='word_1_763' title='bbox 1206 5320 1375 5373; x_wconf 88' lang='lat' dir='ltr'>Patre</span> <span class='ocrx_word' id='word_1_764' title='bbox 1405 5319 1432 5372; x_wconf 79' lang='lat'>‘?</span> <span class='ocrx_word' id='word_1_765' title='bbox 1462 5319 1618 5374; x_wconf 86' lang='lat' dir='ltr'>Dixit</span> <span class='ocrx_word' id='word_1_766' title='bbox 1660 5326 1719 5375; x_wconf 92' lang='lat' dir='ltr'>et</span> <span class='ocrx_word' id='word_1_767' title='bbox 1771 5323 1979 5378; x_wconf 88' lang='lat' dir='ltr'>Valen-</span> 
     </span>
    </p>
   </div>
   <div class='ocr_carea' id='block_1_104' title="bbox 333 5408 1971 5483">
    <p class='ocr_par' dir='ltr' id='par_1_104' title="bbox 333 5408 1971 5483">
     <span class='ocr_line' id='line_1_104' title="bbox 333 5408 1971 5483; baseline 0.001 -17"><span class='ocrx_word' id='word_1_768' title='bbox 333 5412 530 5478; x_wconf 88' lang='lat' dir='ltr'>tinus;</span> <span class='ocrx_word' id='word_1_769' title='bbox 562 5429 631 5466; x_wconf 88' lang='lat' dir='ltr'>ex</span> <span class='ocrx_word' id='word_1_770' title='bbox 663 5413 986 5483; x_wconf 82' lang='lat' dir='ltr'>Monogene</span> <span class='ocrx_word' id='word_1_771' title='bbox 1018 5408 1181 5464; x_wconf 90' lang='lat' dir='ltr'>enim</span> <span class='ocrx_word' id='word_1_772' title='bbox 1213 5408 1496 5463; x_wconf 88' lang='lat' dir='ltr'>emissum</span> <span class='ocrx_word' id='word_1_773' title='bbox 1537 5409 1736 5478; x_wconf 89' lang='lat' dir='ltr'>tradit,</span> <span class='ocrx_word' id='word_1_774' title='bbox 1768 5413 1971 5467; x_wconf 81' lang='lat' dir='ltr'>Mono-</span> 
     </span>
    </p>
   </div>
   <div class='ocr_carea' id='block_1_105' title="bbox 331 5497 1977 5572">
    <p class='ocr_par' dir='ltr' id='par_1_105' title="bbox 331 5497 1977 5572">
     <span class='ocr_line' id='line_1_105' title="bbox 331 5497 1977 5572; baseline 0.001 -18"><span class='ocrx_word' id='word_1_775' title='bbox 331 5516 513 5572; x_wconf 87' lang='lat' dir='ltr'>genes</span> <span class='ocrx_word' id='word_1_776' title='bbox 544 5506 742 5555; x_wconf 88' lang='lat' dir='ltr'>autem</span> <span class='ocrx_word' id='word_1_777' title='bbox 769 5499 1079 5558; x_wconf 84' lang='lat' dir='ltr'>Valentino</span> <span class='ocrx_word' id='word_1_778' title='bbox 1113 5497 1348 5569; x_wconf 90' lang='lat' dir='ltr'>proprie</span> <span class='ocrx_word' id='word_1_779' title='bbox 1378 5499 1550 5552; x_wconf 90' lang='lat' dir='ltr'>Pater</span> <span class='ocrx_word' id='word_1_780' title='bbox 1577 5504 1688 5554; x_wconf 89' lang='lat' dir='ltr'>est.</span> <span class='ocrx_word' id='word_1_781' title='bbox 1722 5501 1808 5555; x_wconf 89' lang='lat' dir='ltr'>Ita</span> <span class='ocrx_word' id='word_1_782' title='bbox 1857 5502 1977 5556; x_wconf 86' lang='lat' dir='ltr'>Ire-</span> 
     </span>
    </p>
   </div>
   <div class='ocr_carea' id='block_1_106' title="bbox 333 5585 1977 5660">
    <p class='ocr_par' dir='ltr' id='par_1_106' title="bbox 333 5585 1977 5660">
     <span class='ocr_line' id='line_1_106' title="bbox 333 5585 1977 5660; baseline -0.001 -15"><span class='ocrx_word' id='word_1_783' title='bbox 333 5606 520 5656; x_wconf 66' lang='lat' dir='ltr'>nasus,</span> <span class='ocrx_word' id='word_1_784' title='bbox 551 5589 641 5643; x_wconf 83' lang='grc' dir='ltr'>τὸν</span> <span class='ocrx_word' id='word_1_785' title='bbox 676 5585 732 5641; x_wconf 76' lang='grc' dir='ltr'>δὶ</span> <span class='ocrx_word' id='word_1_786' title='bbox 765 5591 904 5643; x_wconf 77' lang='grc' dir='ltr'>Νοῦν</span> <span class='ocrx_word' id='word_1_787' title='bbox 935 5592 1126 5642; x_wconf 76' lang='grc' dir='ltr'>τοῦτον</span> <span class='ocrx_word' id='word_1_788' title='bbox 1167 5587 1258 5640; x_wconf 83' lang='grc' dir='ltr'>καὶ</span> <span class='ocrx_word' id='word_1_789' title='bbox 1293 5587 1569 5660; x_wconf 84' lang='grc' dir='ltr'>Μονογενῆ</span> <span class='ocrx_word' id='word_1_790' title='bbox 1603 5585 1833 5642; x_wconf 75' lang='grc' dir='ltr'>καλοῦσι</span> <span class='ocrx_word' id='word_1_791' title='bbox 1887 5590 1977 5644; x_wconf 82' lang='grc' dir='ltr'>καὶ</span> 
     </span>
    </p>
   </div>
   <div class='ocr_carea' id='block_1_107' title="bbox 334 5677 1980 5755">
    <p class='ocr_par' dir='ltr' id='par_1_107' title="bbox 334 5677 1980 5755">
     <span class='ocr_line' id='line_1_107' title="bbox 334 5677 1980 5755; baseline 0.001 -19"><span class='ocrx_word' id='word_1_792' title='bbox 334 5677 567 5755; x_wconf 74' lang='grc' dir='ltr'>Πατέρα.</span> <span class='ocrx_word' id='word_1_793' title='bbox 623 5679 1020 5746; x_wconf 65' lang='lat' dir='ltr'>Tertullinus</span> <span class='ocrx_word' id='word_1_794' title='bbox 1045 5677 1117 5734; x_wconf 85' lang='lat' dir='ltr'>de</span> <span class='ocrx_word' id='word_1_795' title='bbox 1175 5678 1298 5733; x_wconf 85' lang='lat' dir='ltr'>Nu:</span> <span class='ocrx_word' id='word_1_796' title='bbox 1362 5699 1390 5726; x_wconf 87' lang='grc'><strong><em>‹‹</em></strong></span> <span class='ocrx_word' id='word_1_797' title='bbox 1419 5677 1505 5731; x_wconf 79' lang='lat' dir='ltr'>Ita</span> <span class='ocrx_word' id='word_1_798' title='bbox 1545 5681 1603 5732; x_wconf 85' lang='lat' dir='ltr'>et</span> <span class='ocrx_word' id='word_1_799' title='bbox 1648 5679 1774 5750; x_wconf 89' lang='lat' dir='ltr'>ipse</span> <span class='ocrx_word' id='word_1_800' title='bbox 1807 5681 1980 5736; x_wconf 87' lang='lat' dir='ltr'>Pater</span> 
     </span>
    </p>
   </div>
   <div class='ocr_carea' id='block_1_108' title="bbox 2081 4692 3736 4765">
    <p class='ocr_par' dir='ltr' id='par_1_108' title="bbox 2081 4692 3736 4765">
     <span class='ocr_line' id='line_1_108' title="bbox 2081 4692 3736 4765; baseline 0.002 -17"><span class='ocrx_word' id='word_1_801' title='bbox 2081 4694 2207 4748; x_wconf 68' lang='lat' dir='ltr'>hscc</span> <span class='ocrx_word' id='word_1_802' title='bbox 2239 4693 2542 4758; x_wconf 89' lang='lat' dir='ltr'>scriberet,</span> <span class='ocrx_word' id='word_1_803' title='bbox 2580 4692 2950 4747; x_wconf 88' lang='lat' dir='ltr'>Valentinum</span> <span class='ocrx_word' id='word_1_804' title='bbox 2985 4694 3234 4765; x_wconf 91' lang='lat' dir='ltr'>ejusque</span> <span class='ocrx_word' id='word_1_805' title='bbox 3259 4695 3486 4752; x_wconf 91' lang='lat' dir='ltr'>fabulas</span> <span class='ocrx_word' id='word_1_806' title='bbox 3517 4698 3576 4751; x_wconf 89' lang='lat' dir='ltr'>in</span> <span class='ocrx_word' id='word_1_807' title='bbox 3601 4699 3736 4752; x_wconf 90' lang='lat' dir='ltr'>ani-</span> 
     </span>
    </p>
   </div>
   <div class='ocr_carea' id='block_1_109' title="bbox 2082 4783 3737 4854">
    <p class='ocr_par' dir='ltr' id='par_1_109' title="bbox 2082 4783 3737 4854">
     <span class='ocr_line' id='line_1_109' title="bbox 2082 4783 3737 4854; baseline 0.003 -16"><span class='ocrx_word' id='word_1_808' title='bbox 2082 4801 2179 4839; x_wconf 91' lang='lat' dir='ltr'>mo</span> <span class='ocrx_word' id='word_1_809' title='bbox 2204 4783 2482 4838; x_wconf 90' lang='lat' dir='ltr'>habuisse</span> <span class='ocrx_word' id='word_1_810' title='bbox 2506 4799 2518 4849; x_wconf 92' lang='lat'>;</span> <span class='ocrx_word' id='word_1_811' title='bbox 2549 4799 2803 4853; x_wconf 91' lang='lat' dir='ltr'>quorum</span> <span class='ocrx_word' id='word_1_812' title='bbox 2828 4783 2978 4837; x_wconf 92' lang='lat' dir='ltr'>nihil</span> <span class='ocrx_word' id='word_1_813' title='bbox 3009 4789 3099 4838; x_wconf 92' lang='lat' dir='ltr'>est</span> <span class='ocrx_word' id='word_1_814' title='bbox 3119 4785 3276 4854; x_wconf 91' lang='lat' dir='ltr'>quod</span> <span class='ocrx_word' id='word_1_815' title='bbox 3302 4803 3613 4841; x_wconf 89' lang='lat' dir='ltr'>assensum</span> <span class='ocrx_word' id='word_1_816' title='bbox 3640 4805 3737 4842; x_wconf 85' lang='lat' dir='ltr'>co-</span> 
     </span>
    </p>
   </div>
   <div class='ocr_carea' id='block_1_110' title="bbox 2084 4871 3736 4945">
    <p class='ocr_par' dir='ltr' id='par_1_110' title="bbox 2084 4871 3736 4945">
     <span class='ocr_line' id='line_1_110' title="bbox 2084 4871 3736 4945; baseline 0.002 -18"><span class='ocrx_word' id='word_1_817' title='bbox 2084 4873 2295 4945; x_wconf 88' lang='lat' dir='ltr'>gat,vel</span> <span class='ocrx_word' id='word_1_818' title='bbox 2328 4873 2476 4944; x_wconf 89' lang='lat' dir='ltr'>ipso,</span> <span class='ocrx_word' id='word_1_819' title='bbox 2512 4871 3008 4943; x_wconf 87' lang='lat' dir='ltr'>opinior,judice;</span> <span class='ocrx_word' id='word_1_820' title='bbox 3041 4883 3105 4927; x_wconf 86' lang='lat' dir='ltr'>ut</span> <span class='ocrx_word' id='word_1_821' title='bbox 3135 4890 3241 4944; x_wconf 87' lang='lat' dir='ltr'>ego</span> <span class='ocrx_word' id='word_1_822' title='bbox 3294 4881 3486 4929; x_wconf 87' lang='lat' dir='ltr'>autem</span> <span class='ocrx_word' id='word_1_823' title='bbox 3518 4876 3736 4942; x_wconf 89' lang='lat' dir='ltr'>sentio,</span> 
     </span>
    </p>
   </div>
   <div class='ocr_carea' id='block_1_111' title="bbox 2085 4962 3740 5036">
    <p class='ocr_par' dir='ltr' id='par_1_111' title="bbox 2085 4962 3740 5036">
     <span class='ocr_line' id='line_1_111' title="bbox 2085 4962 3740 5036; baseline 0.003 -19"><span class='ocrx_word' id='word_1_824' title='bbox 2085 4964 2235 5017; x_wconf 89' lang='lat' dir='ltr'>nihil</span> <span class='ocrx_word' id='word_1_825' title='bbox 2261 4962 2417 5033; x_wconf 92' lang='lat' dir='ltr'>quod</span> <span class='ocrx_word' id='word_1_826' title='bbox 2449 4978 2809 5033; x_wconf 90' lang='lat' dir='ltr'>quemquam</span> <span class='ocrx_word' id='word_1_827' title='bbox 2841 4965 2930 5018; x_wconf 90' lang='lat' dir='ltr'>vel</span> <span class='ocrx_word' id='word_1_828' title='bbox 2962 4963 3166 5017; x_wconf 88' lang='lat' dir='ltr'>leviter</span> <span class='ocrx_word' id='word_1_829' title='bbox 3199 4971 3448 5033; x_wconf 88' lang='lat' dir='ltr'>moveat,</span> <span class='ocrx_word' id='word_1_830' title='bbox 3479 4967 3578 5036; x_wconf 89' lang='lat' dir='ltr'>qui</span> <span class='ocrx_word' id='word_1_831' title='bbox 3613 4983 3740 5022; x_wconf 91' lang='lat' dir='ltr'>non</span> 
     </span>
    </p>
   </div>
   <div class='ocr_carea' id='block_1_112' title="bbox 2087 5051 3740 5125">
    <p class='ocr_par' dir='ltr' id='par_1_112' title="bbox 2087 5051 3740 5125">
     <span class='ocr_line' id='line_1_112' title="bbox 2087 5051 3740 5125; baseline 0.002 -19"><span class='ocrx_word' id='word_1_832' title='bbox 2087 5053 2294 5107; x_wconf 90' lang='lat' dir='ltr'>eodem</span> <span class='ocrx_word' id='word_1_833' title='bbox 2329 5051 2500 5107; x_wconf 89' lang='lat' dir='ltr'>modo</span> <span class='ocrx_word' id='word_1_834' title='bbox 2533 5051 2740 5123; x_wconf 84' lang='lat' dir='ltr'>lgnatii</span> <span class='ocrx_word' id='word_1_835' title='bbox 2777 5051 3061 5123; x_wconf 90' lang='lat' dir='ltr'>epistolas</span> <span class='ocrx_word' id='word_1_836' title='bbox 3091 5052 3440 5124; x_wconf 84' lang='lat' dir='ltr'>l.egerit,quo</span> <span class='ocrx_word' id='word_1_837' title='bbox 3474 5056 3740 5125; x_wconf 89' lang='lat' dir='ltr'>Scriptu-</span> 
     </span>
    </p>
   </div>
   <div class='ocr_carea' id='block_1_113' title="bbox 2085 5140 3744 5214">
    <p class='ocr_par' dir='ltr' id='par_1_113' title="bbox 2085 5140 3744 5214">
     <span class='ocr_line' id='line_1_113' title="bbox 2085 5140 3744 5214; baseline 0.002 -19"><span class='ocrx_word' id='word_1_838' title='bbox 2085 5159 2180 5196; x_wconf 87' lang='lat' dir='ltr'>ras</span> <span class='ocrx_word' id='word_1_839' title='bbox 2211 5142 2354 5196; x_wconf 92' lang='lat' dir='ltr'>olim</span> <span class='ocrx_word' id='word_1_840' title='bbox 2391 5141 2619 5214; x_wconf 88' lang='lat' dir='ltr'>legebat</span> <span class='ocrx_word' id='word_1_841' title='bbox 2648 5140 3099 5208; x_wconf 90' lang='lat' dir='ltr'>Valentinus,ut</span> <span class='ocrx_word' id='word_1_842' title='bbox 3127 5143 3349 5209; x_wconf 91' lang='lat' dir='ltr'>omnia,</span> <span class='ocrx_word' id='word_1_843' title='bbox 3386 5142 3628 5209; x_wconf 89' lang='lat' dir='ltr'>scilicet,</span> <span class='ocrx_word' id='word_1_844' title='bbox 3663 5145 3744 5199; x_wconf 88' lang='lat' dir='ltr'>ad</span> 
     </span>
    </p>
   </div>
   <div class='ocr_carea' id='block_1_114' title="bbox 2088 5231 3742 5302">
    <p class='ocr_par' dir='ltr' id='par_1_114' title="bbox 2088 5231 3742 5302">
     <span class='ocr_line' id='line_1_114' title="bbox 2088 5231 3742 5302; baseline 0.001 -15"><span class='ocrx_word' id='word_1_845' title='bbox 2088 5248 2260 5287; x_wconf 90' lang='lat' dir='ltr'>suum</span> <span class='ocrx_word' id='word_1_846' title='bbox 2287 5247 2525 5286; x_wconf 92' lang='lat' dir='ltr'>sensum</span> <span class='ocrx_word' id='word_1_847' title='bbox 2557 5231 2772 5298; x_wconf 90' lang='lat' dir='ltr'>trahat,</span> <span class='ocrx_word' id='word_1_848' title='bbox 2809 5237 2866 5286; x_wconf 91' lang='lat' dir='ltr'>et</span> <span class='ocrx_word' id='word_1_849' title='bbox 2893 5231 2953 5285; x_wconf 90' lang='lat' dir='ltr'>in</span> <span class='ocrx_word' id='word_1_850' title='bbox 2984 5231 3295 5302; x_wconf 90' lang='lat' dir='ltr'>proprium</span> <span class='ocrx_word' id='word_1_851' title='bbox 3327 5233 3742 5288; x_wconf 88' lang='lat' dir='ltr'>characterem</span> 
     </span>
    </p>
   </div>
   <div class='ocr_carea' id='block_1_115' title="bbox 2088 5319 3746 5391">
    <p class='ocr_par' dir='ltr' id='par_1_115' title="bbox 2088 5319 3746 5391">
     <span class='ocr_line' id='line_1_115' title="bbox 2088 5319 3746 5391; baseline 0.001 -15"><span class='ocrx_word' id='word_1_852' title='bbox 2088 5325 2407 5377; x_wconf 90' lang='lat' dir='ltr'>convertat.</span> <span class='ocrx_word' id='word_1_853' title='bbox 2441 5320 2607 5386; x_wconf 86' lang='lat' dir='ltr'>Quod</span> <span class='ocrx_word' id='word_1_854' title='bbox 2652 5321 2700 5374; x_wconf 90' lang='lat' dir='ltr'>si</span> <span class='ocrx_word' id='word_1_855' title='bbox 2731 5320 2825 5375; x_wconf 92' lang='lat' dir='ltr'>cui</span> <span class='ocrx_word' id='word_1_856' title='bbox 2883 5319 3095 5374; x_wconf 91' lang='lat' dir='ltr'>liberet</span> <span class='ocrx_word' id='word_1_857' title='bbox 3133 5320 3348 5388; x_wconf 85' lang='lat' dir='ltr'>facere,</span> <span class='ocrx_word' id='word_1_858' title='bbox 3381 5338 3558 5391; x_wconf 89' lang='lat' dir='ltr'>quam</span> <span class='ocrx_word' id='word_1_859' title='bbox 3607 5339 3746 5391; x_wconf 87' lang='lat' dir='ltr'>pro-</span> 
     </span>
    </p>
   </div>
   <div class='ocr_carea' id='block_1_116' title="bbox 2087 5408 3744 5480">
    <p class='ocr_par' dir='ltr' id='par_1_116' title="bbox 2087 5408 3744 5480">
     <span class='ocr_line' id='line_1_116' title="bbox 2087 5408 3744 5480; baseline -0.001 -14"><span class='ocrx_word' id='word_1_860' title='bbox 2087 5411 2232 5466; x_wconf 90' lang='lat' dir='ltr'>clive</span> <span class='ocrx_word' id='word_1_861' title='bbox 2265 5416 2424 5466; x_wconf 90' lang='lat' dir='ltr'>esset</span> <span class='ocrx_word' id='word_1_862' title='bbox 2447 5410 2798 5465; x_wconf 90' lang='lat' dir='ltr'>catholicum</span> <span class='ocrx_word' id='word_1_863' title='bbox 2823 5408 3088 5480; x_wconf 85' lang='lat' dir='ltr'>quemvis</span> <span class='ocrx_word' id='word_1_864' title='bbox 3119 5411 3354 5464; x_wconf 91' lang='lat' dir='ltr'>Patrem</span> <span class='ocrx_word' id='word_1_865' title='bbox 3387 5412 3449 5464; x_wconf 92' lang='lat' dir='ltr'>in</span> <span class='ocrx_word' id='word_1_866' title='bbox 3479 5411 3744 5465; x_wconf 89' lang='lat' dir='ltr'>Valenti-</span> 
     </span>
    </p>
   </div>
   <div class='ocr_carea' id='block_1_117' title="bbox 2085 5497 3746 5568">
    <p class='ocr_par' dir='ltr' id='par_1_117' title="bbox 2085 5497 3746 5568">
     <span class='ocr_line' id='line_1_117' title="bbox 2085 5497 3746 5568; baseline 0 -12"><span class='ocrx_word' id='word_1_867' title='bbox 2085 5501 2335 5556; x_wconf 90' lang='lat' dir='ltr'>nianum</span> <span class='ocrx_word' id='word_1_868' title='bbox 2367 5497 3003 5568; x_wconf 79' lang='lat' dir='ltr'>converterelExempli</span> <span class='ocrx_word' id='word_1_869' title='bbox 3034 5497 3222 5567; x_wconf 83' lang='lat' dir='ltr'>gratia</span> <span class='ocrx_word' id='word_1_870' title='bbox 3257 5515 3424 5553; x_wconf 89' lang='lat' dir='ltr'>sumo</span> <span class='ocrx_word' id='word_1_871' title='bbox 3459 5500 3746 5555; x_wconf 58' lang='lat' dir='ltr'>suavissi-</span> 
     </span>
    </p>
   </div>
   <div class='ocr_carea' id='block_1_118' title="bbox 2086 5585 3737 5662">
    <p class='ocr_par' dir='ltr' id='par_1_118' title="bbox 2086 5585 3737 5662">
     <span class='ocr_line' id='line_1_118' title="bbox 2086 5585 3737 5662; baseline -0.002 -15"><span class='ocrx_word' id='word_1_872' title='bbox 2086 5608 2213 5647; x_wconf 88' lang='lat' dir='ltr'>mos</span> <span class='ocrx_word' id='word_1_873' title='bbox 2244 5590 2472 5662; x_wconf 89' lang='lat' dir='ltr'>Synesii</span> <span class='ocrx_word' id='word_1_874' title='bbox 2503 5589 2794 5660; x_wconf 80' lang='lat' dir='ltr'>hymnos:</span> <span class='ocrx_word' id='word_1_875' title='bbox 2849 5587 2908 5640; x_wconf 92' lang='lat' dir='ltr'>in</span> <span class='ocrx_word' id='word_1_876' title='bbox 2941 5585 3156 5655; x_wconf 90' lang='lat' dir='ltr'>quibus</span> <span class='ocrx_word' id='word_1_877' title='bbox 3187 5587 3312 5642; x_wconf 61' lang='lat' dir='ltr'>haec</span> <span class='ocrx_word' id='word_1_878' title='bbox 3345 5587 3475 5660; x_wconf 91' lang='lat' dir='ltr'>lego</span> <span class='ocrx_word' id='word_1_879' title='bbox 3507 5594 3564 5643; x_wconf 91' lang='lat' dir='ltr'>et</span> <span class='ocrx_word' id='word_1_880' title='bbox 3595 5591 3737 5659; x_wconf 90' lang='lat' dir='ltr'>qui-</span> 
     </span>
    </p>
   </div>
   <div class='ocr_carea' id='block_1_119' title="bbox 2087 5672 3742 5752">
    <p class='ocr_par' dir='ltr' id='par_1_119' title="bbox 2087 5672 3742 5752">
     <span class='ocr_line' id='line_1_119' title="bbox 2087 5672 3742 5752; baseline -0.004 -16"><span class='ocrx_word' id='word_1_881' title='bbox 2087 5679 2223 5736; x_wconf 87' lang='lat' dir='ltr'>dem</span> <span class='ocrx_word' id='word_1_882' title='bbox 2244 5678 2316 5736; x_wconf 87' lang='lat' dir='ltr'>de</span> <span class='ocrx_word' id='word_1_883' title='bbox 2345 5679 2527 5750; x_wconf 88' lang='lat' dir='ltr'>Logo:</span> <span class='ocrx_word' id='word_1_884' title='bbox 2553 5675 2747 5752; x_wconf 85' lang='grc' dir='ltr'><strong>Λόγος,</strong></span> <span class='ocrx_word' id='word_1_885' title='bbox 2781 5672 2837 5729; x_wconf 76' lang='grc' dir='ltr'>8ν</span> <span class='ocrx_word' id='word_1_886' title='bbox 2862 5672 3087 5749; x_wconf 80' lang='grc' dir='ltr'>μεγάλῳ</span> <span class='ocrx_word' id='word_1_887' title='bbox 3108 5675 3274 5749; x_wconf 80' lang='grc' dir='ltr'>Πατρὶ</span> <span class='ocrx_word' id='word_1_888' title='bbox 3310 5679 3557 5749; x_wconf 85' lang='grc' dir='ltr'>συνυμνῶ</span> <span class='ocrx_word' id='word_1_889' title='bbox 3587 5675 3742 5744; x_wconf 82' lang='grc' dir='ltr'>Νόος</span> 
     </span>
    </p>
   </div>
  </div>
