4064 6134
310 362 421 422 3ὶῖ

1059 363 1115 424 J.
1165 363 1590 424 PEABSONII
1637 363 2004 425 VINDICIIE
2045 363 2527 425 ΙᾶΝΑΤΙΑΝΑῑ.
2579 399 2636 407 -
2700 365 2896 425 PARS
2943 363 3020 423 II.

3632 365 3750 424 818

319 491 561 568 ἆρρήτου
589 495 791 553 Τίκτει
830 517 882 552 σε
912 497 1133 569 Πατρός.
1169 521 1198 548 ‹‹
1244 498 1518 567 Verbum,
1572 498 1730 569 quod
1776 515 1975 570 magnc

2101 500 2384 570 Apostolo
2417 500 2793 564 inculcatam,
2835 504 2922 554 tot
2973 498 3258 554 encomiis
3288 515 3323 553 a
3353 498 3447 556 SS.
3481 499 3753 554 Patribus

326 587 470 641 Cum
491 589 673 642 Patre
693 591 1034 656 cano,Mens
1057 589 1373 644 inetTabilis
1405 589 1602 661 Gignit
1630 595 1686 644 te
1719 590 1929 644 Patris.
1962 611 1990 638 »

330 675 502 730 Vides
524 676 657 731 haec
676 679 887 732 omnia
899 693 1023 732 esse
1045 693 1113 732 ex
1133 678 1426 732 Valentini
1451 679 1672 734 schola.
1697 678 1990 733 Habemus

327 767 564 820 Patrem
588 763 854 838 ἄῤῥητον,
889 768 1029 822 Νοῦν
1063 774 1119 822 et
1145 766 1322 841 Λόγον
1356 774 1475 824 tres
1522 768 1748 840 primos
1779 773 1989 827 Eonas

330 855 654 911 masculos.
692 856 1042 911 Valentinus
1075 857 1200 928 ipse
1234 857 1315 912 ita
1344 857 1612 912 definivit
1640 854 1808 912 δυάδα
1860 859 1990 914 ἀνο-

330 941 624 1014 νόμαστον,
674 942 744 1010 ἧς
796 946 860 997 τὸ
906 943 998 1015 μὲν
1049 965 1101 998 τι
1155 943 1437 1000 καλεῖσθαι
1496 942 1755 1020 ὅρῥητον,
1811 950 1874 1002 τὸ
1932 945 1987 1002 δὲ

332 1033 518 1104 σιγήν.
548 1031 827 1105 ’Ἃῤῥητος
858 1034 1054 1105 itaque
1083 1034 1240 1089 idem
1266 1036 1364 1106 qui
1401 1037 1641 1107 Bythus,
1682 1054 1753 1091 ex
1800 1039 1984 1110 Bytho

329 1123 468 1187 Nus,
502 1138 574 1176 ex
606 1124 694 1178 Nu
727 1123 940 1194 Logus.
972 1126 1161 1180 Purus
1193 1130 1368 1195 potus
1399 1127 1600 1197 itaque
1626 1128 1983 1183 Valentinia-

329 1227 444 1265 nus
462 1211 578 1266 erit
607 1212 911 1282 Synesius.
937 1215 1078 1268 Nam
1098 1220 1157 1270 et
1175 1232 1307 1286 quas
1336 1221 1669 1286 sequuntur
1685 1233 1755 1272 ex
1777 1219 1984 1274 eadem

331 1300 572 1356 ofﬁcina
604 1319 733 1357 esse
774 1304 1085 1359 videntur:
1138 1307 1362 1377 Πρῶτος
1422 1305 1642 1377 πρώτας
1694 1307 1984 1380 Προθορὼν

331 1388 503 1460 ῥίζας.
537 1389 689 1458 Ῥίζα
719 1387 777 1444 δὲ
807 1390 1020 1446 πάντων
1082 1394 1205 1448 Τῶν
1265 1393 1398 1465 μετὰ
1456 1391 1673 1448 κλεινὰν
1724 1395 1833 1450 Τὰν
1886 1397 1980 1450 σὰν

328 1477 538 1551 γένναν.
564 1502 590 1530 (ι
617 1482 851 1537 Primus
873 1499 942 1537 ex
964 1484 1157 1554 prima
1177 1485 1504 1556 Prognatus
1531 1486 1728 1541 radice
1755 1503 1768 1552 ;
1798 1487 1982 1542 Radix

330 1575 532 1624 autem
563 1572 851 1639 omnium,
883 1572 1021 1636 Quae
1053 1572 1293 1627 condita
1322 1579 1462 1628 sunt
1509 1580 1642 1644 post
1694 1575 1979 1645 inclytum

327 1659 516 1713 Tuum
540 1664 754 1714 ortum.
780 1683 806 1709 υ
830 1662 1088 1716 Primam
1110 1662 1269 1717 enim
1295 1663 1521 1718 tetrada
1542 1662 1689 1734 ῥίζαν
1707 1668 1811 1717 τῶν
1845 1665 1948 1718 πάν
1963 1697 1978 1706 -

322 1768 434 1802 των
461 1751 864 1822 appellabant,
899 1758 958 1807 et
989 1753 1202 1824 Logum
1237 1771 1304 1808 ex
1337 1754 1441 1809 illa
1462 1754 1741 1810 eductum
1769 1753 1978 1828 Πατέρα

2100 595 2368 645 ornatam
2394 611 2408 656 ;
2441 587 2596 642 οὐδὲν
2627 589 2730 662 γὰρ
2765 587 2990 661 εἰρήνης
3020 585 3138 641 ἴσον
3166 587 3257 641 καὶ
3309 588 3651 660 συμφωνίας,
3685 594 3751 644 ut

2098 684 2164 732 ut
2181 679 2444 750 loquitur
2464 681 2936 751 Chrysostomus.
2962 679 3053 733 Sic
3083 679 3261 749 igitur
3281 680 3495 733 affatur
3526 679 3754 749 Magne-

2099 767 2217 822 sios
2235 766 2572 838 lgnatius,€v
2598 766 2827 839 ὁμονοίᾳ
2857 769 2990 820 Θεοῦ
3023 762 3349 834 σπουδάζετε
3374 765 3543 819 πάντα
3572 765 3752 838 πρᾶσ-

2099 876 2206 909 σειν
2218 881 2266 924 ,‹‹
2284 860 2343 913 in
2360 860 2676 914 concordia
2690 859 2790 913 Dei
2805 857 3038 913 studete
3052 857 3254 912 omnia
3269 857 3523 927 operari,
3535 879 3555 905 ι
3582 877 3654 926 μη
3667 852 3750 908 δὶν

2097 942 2235 1000 ἔστω
2266 946 2316 1000 ἐν
2351 947 2478 1018 ὑμῖν
2512 947 2540 1000 '6
2580 944 2865 1016 δυνήσεται
2927 945 3066 1016 ὑμᾶς
3117 943 3352 1017 μερίσαι,
3404 968 3432 996 ‹‹
3468 946 3622 1000 nihil
3677 946 3754 1000 sit

2094 1039 2156 1092 in
2188 1038 2349 1092 vobis
2380 1038 2538 1108 quod
2561 1038 2866 1109 possitvos
2887 1037 3114 1108 partiri.
3142 1036 3439 1091 Uniamini
3467 1035 3749 1106 episcopo

2096 1132 2153 1179 et
2182 1125 2658 1196 prmsidentibus,
2697 1127 2767 1180 Ut
2796 1126 3080 1180 Dominus
3113 1124 3240 1179 sine
3275 1126 3446 1178 Patre
3482 1123 3631 1178 nihil
3661 1123 3749 1178 fe-

2094 1215 2194 1281 cit,
2230 1236 2258 1263 »
2289 1216 2574 1286 ἡνωμένος
2609 1211 2706 1280 ὥν,
2743 1236 2769 1264 ‹‹
2801 1215 3006 1270 unitus
3047 1215 3358 1278 exsistens,
3411 1230 3609 1284 neque
3641 1230 3748 1284 per

2093 1306 2376 1374 seipsum.
2412 1321 2605 1374 neque
2636 1320 2742 1375 per
2771 1303 3106 1375 apostolos;
3140 1303 3226 1357 sic
3257 1319 3450 1372 neque
3485 1319 3585 1356 vos
3617 1302 3744 1356 sine

2093 1393 2370 1464 episcopo
2396 1399 2455 1448 et
2478 1393 2839 1464 presbyteris
2865 1393 3090 1464 aliquid
3111 1391 3461 1463 operamini.
3489 1413 3516 1440 ››
3542 1391 3746 1454 Sit,in-

2091 1483 2240 1552 quit,
2273 1479 2358 1535 ἐπὶ
2388 1481 2451 1534 τὸ
2483 1480 2612 1535 αὐτὸ
2644 1504 2672 1531 ‹‹
2704 1498 2825 1537 una
2857 1482 3153 1549 ratio,una
3183 1479 3542 1552 deprecatio,
3575 1496 3744 1535 mens

2089 1589 2227 1639 una,
2259 1590 2377 1628 una
2416 1590 2572 1644 spes.
2609 1595 2636 1622 »
2670 1573 2980 1628 Rationem
3013 1572 3213 1627 statim
3263 1571 3460 1626 reddit
3506 1576 3566 1625 et
3613 1587 3742 1625 eam

2089 1661 2332 1732 quidem
2391 1663 2823 1733 apostolicam:
2889 1660 2983 1721 Εἷς
3032 1658 3173 1713 ἐστιν
3229 1659 3441 1727 Ἰησοῦς
3481 1657 3741 1732 Χριστός,

2094 1773 2119 1803 α
2155 1753 2313 1806 Unus
2342 1753 2510 1806 Jesus
2542 1751 2805 1805 Christas
2838 1755 2945 1817 est,
2982 1770 3006 1800 ››
3042 1766 3158 1819 quo
3189 1748 3403 1804 melius
3433 1749 3584 1802 nihil
3629 1753 3739 1804 est.

323 1837 548 1891 πάντων
577 1843 684 1892 τῶν
711 1840 826 1910 μετ’
855 1837 1011 1893 αὐτὸν
1036 1839 1500 1914 ἐσομένων.Αριιά
1520 1844 1795 1899 eumdem
1817 1845 1975 1918 lego:

2093 1842 2164 1895 Ut
2184 1841 2239 1898 S.
2265 1841 2484 1895 Paulus
2496 1841 2781 1910 Ephesios
2805 1838 2877 1876 19'
2893 1839 3212 1893 cohortans
3232 1843 3297 1892 ut
3312 1842 3545 1892 servent
3569 1859 3595 1887 «
3613 1837 3745 1891 uni—

333 1927 564 2000 Μάκαρ,
594 1927 740 1988 ’ὀστις
786 1928 921 1999 μετὰ
977 1928 1169 2003 μοίρας
1219 1925 1446 1991 Ἐπιϐἁς
1492 1932 1639 1986 Νόου
1685 1931 1982 1997 κελεύθων⁶

331 2016 515 2070 Βυθὸν
550 2013 684 2071 εἶδεν
718 2015 1035 2090 θεολαμπῆ.
1083 2043 1103 2070 ι
1143 2021 1375 2086 Beatus,
1408 2023 1506 2091 qui
1541 2029 1676 2092 post
1721 2023 1840 2077 fata
1891 2027 1990 2078 ln-

333 2123 583 2172 gressus
606 2109 812 2162 Mentis
835 2109 979 2175 vias,
1014 2109 1265 2181 Bythum
1297 2111 1442 2165 vidit
1472 2110 1668 2166 divina
1689 2113 1989 2184 refulgen-

324 2203 448 2250 tem
475 2196 626 2251 luce.
659 2219 686 2246 »
712 2197 883 2252 Vides
913 2205 978 2254 ut
999 2204 1220 2254 statuat
1241 2217 1535 2255 summam
1554 2201 1984 2258 beatitudinem

330 2287 392 2339 in
425 2286 656 2341 visione
687 2288 876 2359 Bythi,
911 2304 1095 2359 eaque
1118 2289 1412 2359 patefacta
1434 2307 1539 2360 per
1564 2292 1712 2347 Nun.
1741 2291 1906 2356 Quod
1931 2296 1987 2346 et

323 2377 549 2430 iterum
568 2377 902 2447 exprimere
927 2377 984 2432 in
1008 2378 1168 2432 hunc
1185 2378 1427 2433 modum
1442 2379 1672 2435 videtur
1689 2397 1700 2434 :
1725 2373 1986 2434 Ἐπιϐαλ-

327 2463 569 2534 λόμενος
605 2462 888 2538 Προσιδεῖν
916 2463 1114 2538 αἶ’γλαν
1165 2465 1459 2538 Ἀκάμαντι
1512 2471 1667 2538 Βυθῷ
1713 2469 1982 2542 Ἀμαρυσ-

331 2554 592 2625 σομὲναν.
631 2577 658 2604 ‹‹
693 2557 840 2610 Dum
869 2561 1053 2627 tegtat—
1107 2558 1329 2612 Intueri
1379 2558 1757 2628 splendorem
1807 2560 1983 2615 Inde-

324 2643 485 2698 fesso
516 2645 705 2714 Bytho
737 2645 1102 2716 Fulgentem.
1122 2668 1146 2698 ι
1175 2648 1357 2702 Deum
1384 2653 1542 2703 certe
1566 2652 1797 2703 Patrem
1821 2656 1985 2705 vocat

329 2730 682 2803 προπάτορα,
717 2739 774 2786 et
830 2731 1179 2800 αἰωνοτόκον,
1229 2741 1285 2789 et
1335 2733 1476 2802 Θῆλυ
1524 2735 1613 2789 καὶ
1663 2733 1841 2810 ἂῤῥεν.
1893 2740 1981 2793 An

339 2821 443 2889 ipsi
473 2821 876 2875 Valentiniani
909 2822 1082 2876 aliter
1103 2822 1489 2892 loquerentur
1512 2825 1539 2880 ?
1568 2825 1786 2880 Eodem
1811 2842 1980 2897 argu-

333 2917 524 2965 mento
555 2911 796 2982 probari
827 2919 1026 2983 posset
1057 2913 1377 2968 Lucianum
1410 2915 1470 2968 in
1519 2915 1842 2986 PhiIOpatri
1875 2919 1981 2971 Va-

327 2998 622 3055 lentinum
656 3001 1096 3071 perstrinxisse,
1129 3002 1229 3057 ubi
1255 3003 1829 3060 deridetdoctrinam
1856 3007 1978 3060 Tri-

328 3089 552 3144 nitatis.
584 3091 671 3144 Ita
704 3091 863 3144 enim
895 3091 1105 3146 Critias
1137 3109 1149 3144 :
1183 3090 1298 3146 Οὐκ
1329 3089 1450 3144 οἶδα
1479 3091 1582 3166 γὰρ
1635 3094 1663 3145 ὅ
1695 3091 1891 3166 λὲγεις,
1922 3090 1978 3147 ἓν

321 3177 461 3248 τρία,
493 3177 621 3251 τρία
657 3174 734 3231 ἕν’
791 3179 866 3249 μὴ
924 3179 1021 3246 τήν
1066 3180 1356 3251 τετρακτὸν
1415 3180 1521 3257 φῇς
1575 3182 1673 3249 τὴν
1737 3183 1978 3257 [Ιυθαγόο

324 3287 440 3338 ρου,
471 3266 506 3334 ἢ
540 3266 641 3334 τὴν
691 3263 952 3340 ὀγδοάδα,
1015 3268 1104 3322 καὶ
1156 3266 1438 3344 τριακάδα.
1497 3272 1596 3326 Cui
1658 3273 1978 3343 respondet

322 3358 656 3428 Triephon:
693 3355 828 3431 Σίγα
863 3358 928 3411 τὰ
961 3355 1159 3432 νὲροεν,
1193 3358 1281 3412 καὶ
1312 3358 1378 3412 τὰ
1428 3365 1590 3433 σιγῆς
1651 3358 1787 3430 ἄξια.
1839 3364 1979 3428 Quis

325 3447 484 3500 enim
517 3446 711 3501 nescit
740 3447 1050 3502 Tetradem
1101 3454 1160 3503 et
1217 3450 1687 3516 Octonationem,
1741 3453 1979 3524 triginta

323 3538 535 3590 £ones
569 3536 1146 3602 Valentinianorum,
1185 3539 1282 3609 qui
1316 3540 1516 3607 etiam,
1551 3545 1697 3594 teste
1732 3542 1974 3612 Irenaeo,

322 3626 634 3682 Tetradem
667 3627 889 3699 πρώτην
947 3626 1036 3680 καὶ
1099 3626 1397 3702 ἀρχέγονον
1450 3630 1830 3704 Πυθαγορικὴν
1891 3651 1976 3685 τε·

319 3714 547 3786 τρακτῦν
583 3716 1022 3771 nominabant?
1049 3717 1198 3783 Quid
1232 3719 1389 3788 quod
1421 3720 1716 3790 Triephon
1775 3722 1975 3777 statim

319 3805 692 3876 respondens
719 3805 876 3861 dicat
906 3807 1030 3861 hazc
1063 3807 1300 3862 silentio
1334 3825 1460 3863 esse
1494 3809 1690 3880 digna,
1725 3816 1790 3864 ut
1819 3829 1974 3882 smpe

318 3895 493 3949 etiam
519 3895 580 3948 in
604 3895 714 3950 hac
737 3913 800 3951 re
818 3898 1021 3951 Patres
1045 3897 1410 3968 loquuntur?
1433 3900 1686 3967 Scilicet,
1706 3901 1752 3956 si
1778 3901 1971 3972 verba,

316 3999 348 4037 a
368 3983 682 4039 Valentino
712 3985 1038 4040 secundum
1063 3987 1366 4057 proprium
1391 3989 1794 4044 characterem
1810 4006 1975 4044 usur-

316 4075 714 4144 pata,quoties
737 4074 889 4145 apud
925 4074 1068 4128 alios
1094 4076 1412 4146 scriptores
1434 4077 1728 4148 leguntur,
1764 4080 1973 4135 eodem

315 4179 491 4217 sensu
522 4163 683 4234 apud
716 4180 814 4217 eos
839 4163 1240 4234 accipiantur;
1268 4183 1680 4238 quemcunque
1703 4168 1972 4223 volumus

313 4259 410 4307 aut
441 4253 702 4320 hostem,
741 4258 840 4308 aut
867 4255 1124 4309 amicum
1155 4255 1444 4311 ‘i'alentini
1467 4257 1856 4314 faciamus.Ut
1883 4259 1970 4316 illi

312 4343 630 4414 Ignatium,
667 4343 747 4396 ita
779 4359 882 4415 ego
919 4344 1246 4398 Luciannm
1281 4346 1533 4415 hostem,
1567 4348 1820 4403 amicum
1867 4365 1971 4404 au-

315 4439 431 4486 tem
464 4433 780 4504 Synesium
804 4432 932 4487 feci.
954 4433 1086 4488 Pari
1111 4435 1249 4506 jure
1273 4441 1597 4507 utrumque
1618 4437 1837 4493 factum
1861 4444 1967 4509 est,

313 4521 424 4575 hoc
457 4526 567 4584 est,
603 4521 789 4576 nullo.

2094 1935 2274 1985 tatem
2301 1931 2546 2001 spiritus
2579 1930 2640 1984 in
2672 1929 2906 1984 vinculo
2928 1927 3110 1999 pacis,
3147 1927 3344 1982 Vocati
3366 1927 3510 1981 estis
3541 1927 3602 1980 in
3623 1942 3744 1982 una

2093 2035 2229 2090 spe;
2271 2036 2426 2074 unus
2456 2019 2759 2085 Dominus,
2794 2033 2912 2072 una
2962 2017 3130 2083 fides,
3180 2032 3367 2071 unum
3420 2016 3742 2086 baptisma,

2092 2126 2248 2164 unus
2261 2111 2437 2173 Deus,
2453 2114 2512 2163 et
2540 2112 2714 2164 Pater
2727 2108 3017 2173 omnium,
3046 2127 3074 2156 »
3097 2107 3379 2177 πανταχοῦ
3396 2104 3458 2157 τὸ
3480 2101 3532 2156 ἔν
3552 2103 3641 2156 καὶ
3668 2103 3744 2164 εἷς

2090 2198 2342 2268 τέθεικεν,
2376 2199 2571 2268 inquit
2595 2197 3017 2259 Theodoretus,
3073 2193 3148 2253 εἷς
3179 2193 3493 2268 συμφωνίαν
3541 2191 3742 2245 συνάπφ

2087 2307 2195 2340 των
2228 2287 2327 2354 τήν
2360 2284 2728 2354 Ἐκκλησίανε
2764 2291 2848 2339 tta
2887 2284 3064 2338 etiam
3097 2288 3155 2336 et
3185 2282 3449 2353 Ignatius
3471 2281 3630 2346 idem
3652 2297 3741 2335 ar-

2088 2385 2440 2450 gumentum
2472 2377 2870 2449 prosequitur.
2896 2398 2923 2424 ‹‹
2950 2375 3166 2429 Omues
3189 2374 3365 2445 igitur
3386 2373 3527 2427 utin
3554 2389 3740 2427 unum

2091 2469 2376 2539 templum
2410 2467 2717 2522 convenite
2749 2465 2991 2536 (quibus
3030 2463 3223 2518 verbis
3253 2463 3610 2534 primitivam
3642 2463 3744 2517 Ec-

2089 2557 2284 2611 clesiae
2316 2557 2604 2611 unitatem
2636 2557 2697 2609 in
2727 2555 2949 2608 Actibus
2980 2554 3353 2623 apostolorum
3383 2552 3742 2622 descriptam

2086 2652 2518 2717 reprmsentare
2546 2644 2824 2713 videtur),
2858 2643 2919 2698 in
2942 2659 3127 2697 unum
3151 2641 3426 2707 altare,in
3449 2657 3635 2696 unum
3648 2642 3742 2695 Je-

2089 2751 2217 2788 sum
2241 2735 2559 2798 Christum,
2589 2756 2616 2781 υ
2647 2748 2846 2802 quem,
2881 2731 3162 2801 quoniam
3197 2731 3410 2784 iterum
3440 2730 3738 2800 proponit,

2087 2823 2263 2878 latius
2294 2821 2594 2888 describit,
2613 2821 2685 2875 ab
2707 2837 2824 2875 uno
2856 2821 3026 2872 Patre
3049 2823 3364 2873 exeuntem
3387 2823 3447 2872 et
3472 2817 3532 2870 in
3555 2833 3740 2871 unum

2087 2912 2559 2979 exsistentem,et
2579 2913 2988 2964 revertentem.
3013 2929 3040 2956 »
3067 2908 3120 2961 S.
3154 2907 3336 2961 Paulo
3369 2907 3423 2962 S.
3450 2907 3733 2960 Joannem

2085 3002 2436 3073 adjungens,
2470 2999 2626 3071 apud
2667 3015 2845 3069 quem
2877 2997 3142 3052 Christus
3174 2996 3298 3066 ipse
3330 2996 3413 3050 ait
3447 3012 3459 3050 ε
3512 2997 3675 3049 Exivi
3703 3010 3737 3050 a

2085 3097 2272 3158 Patre,
2305 3097 2356 3144 et
2396 3092 2521 3144 veni
2567 3092 2626 3144 in
2671 3089 2815 3143 hunc
2870 3086 3184 3147 mundum;
3229 3085 3431 3140 iterum
3477 3085 3733 3153 relinquo

2086 3181 2372 3248 mundum,
2403 3186 2452 3234 et
2482 3179 2621 3233 vado
2651 3179 2723 3232 ad
2763 3183 2978 3232 Patrem
3024 3175 3092 3232 ³ο.
3144 3175 3230 3229 Ab
3277 3175 3508 3230 unitate
3556 3174 3736 3245 igitur

2087 3270 2299 3325 Christi
2325 3275 2383 3323 et
2402 3270 2499 3324 Dei
2525 3269 2713 3323 Patris
2734 3284 2869 3322 cum
2885 3264 3166 3337 Apostolo
3181 3269 3597 3336 argumentum
3622 3263 3733 3317 du-

2081 3360 2162 3416 cit
2182 3359 2442 3430 lgnatius
2473 3357 2546 3413 ad
2575 3355 3108 3412 commendandam
3139 3355 3429 3409 unitatem
3451 3351 3730 3408 ecclesia-

2082 3449 2310 3504 sticam.
2347 3450 2512 3511 Nam,
2551 3451 2618 3502 ut
2661 3446 2883 3517 optime
2935 3443 3264 3499 observavit
3295 3443 3346 3496 S.
3383 3444 3728 3512 Chrysosto-

2080 3556 2236 3607 mus,
2265 3538 2428 3594 Ὀταν
2461 3535 2550 3591 ἐπί
2579 3557 2633 3590 τι
2672 3540 2852 3608 μεῖζον
2901 3533 3191 3608 παρακαλῇ
3225 3532 3253 3584 ὁ
3289 3532 3556 3605 μακάριος
3590 3534 3732 3584 [Ιαῦ-

2080 3626 2197 3696 λος,
2231 3627 2450 3688 συνετὸς
2499 3623 2575 3678 ὧν
2637 3622 2845 3702 σφόδρα
2899 3622 2988 3677 καὶ
3047 3620 3434 3693 πνευματικὸς,
3467 3619 3572 3673 ἀπὸ
3615 3622 3725 3672 τῶν

2079 3717 2130 3774 ἒν
2158 3725 2273 3780 τοῖς
2308 3719 2561 3791 οὐρανοῖς
2606 3722 2841 3772 ποιεῖται
2893 3717 2992 3782 τὴν
3038 3710 3402 3787 ⁸παράκλησιν.
3456 3734 3483 3762 ‹‹
3519 3713 3730 3767 Beatus

2079 3810 2318 3875 Paulus,
2354 3808 2674 3863 admodum
2707 3806 2968 3878 prudens
2999 3821 3066 3859 ac
3099 3801 3446 3873 spiritualis,
3489 3817 3626 3856 cum
3660 3800 3732 3855 ad

2079 3898 2305 3968 aliquid
2338 3897 2717 3968 prmstantius
2749 3897 3038 3959 hortatur,
3073 3892 3144 3947 ab
3177 3892 3249 3945 iis
3271 3907 3402 3961 quas
3451 3891 3513 3944 in
3567 3889 3731 3944 cmlis

2079 3989 2218 4039 sunt
2240 3984 2708 4038 exhortationem
2731 3981 2966 4053 promit.
2997 4002 3025 4029 ››
3049 3980 3264 4044 Quare,
3288 3993 3422 4031 cum
3454 3982 3576 4030 tota
3606 3976 3731 4030 haec

2078 4075 2353 4148 perioche
2387 4074 2536 4129 nihil
2569 4073 2732 4127 aliud
2764 4073 2842 4125 sit
2871 4086 3048 4140 quam
3084 4067 3413 4121 exhortatio
3446 4065 3517 4120 ad
3542 4065 3733 4120 unita-

2077 4172 2217 4235 tem,
2239 4181 2424 4235 eaque
2443 4162 2634 4218 verbis
2658 4166 2716 4216 et
2738 4159 3009 4215 sensibus
3040 4156 3394 4227 evangelicis
3419 4160 3476 4209 et
3495 4159 3729 4226 aposto-

2078 4254 2206 4308 licis
2229 4270 2533 4326 expressa;
2567 4268 2701 4307 cum
2733 4249 2807 4306 ob
2836 4247 3065 4304 unitate
3089 4245 3304 4300 Christi
3329 4250 3387 4299 et
3407 4244 3511 4298 Dei
3536 4243 3727 4298 Patris

2075 4345 2135 4398 in
2171 4345 2279 4398 hac
2311 4344 2439 4414 ipsa
2469 4357 2532 4397 re
2571 4343 2984 4412 argumentum
3043 4336 3260 4390 ducere
3313 4333 3579 4389 solemne
3610 4333 3724 4401 sit;

2077 4436 2417 4504 importuna
2448 4431 2617 4503 plane
2650 4435 2740 4485 est
2760 4429 2831 4484 de
2861 4427 3034 4498 longe
3076 4425 3261 4496 petita
3309 4423 3724 4478 haareticorum

2077 4524 2416 4596 dogmatum
2449 4519 2815 4594 expositione
2835 4523 2938 4574 aut
2957 4515 3312 4570 refutatione
3334 4513 3641 4584 cogitatio;
3669 4516 3729 4567 et

383 4611 455 4664 Ut
483 4579 681 4664 autem
716 4609 944 4679 liquido
961 4617 1241 4681 appareat
1266 4613 1369 4668 has
1393 4630 1598 4668 omnes
1619 4614 1724 4668 viri
1749 4614 1969 4670 doctis-
2001 4579 2045 4643 θ
2077 4579 2256 4669 ειῃῖλωί
2291 4579 2548 4668 auctoris
2577 4611 2651 4665 ad
2683 4624 2851 4664 suam
2891 4605 3265 4677 hypothesim
3318 4579 3579 4658 maxime
3634 4606 3722 4656 at-

309 4700 450 4752 simi
484 4699 910 4770 explicationes
942 4707 998 4754 et
1028 4701 1102 4755 ad
1137 4702 1427 4757 Valentini
1461 4703 1670 4757 deliria
1716 4704 1958 4759 allusio-

307 4807 415 4844 nes
429 4806 548 4843 non
564 4805 693 4843 esse
717 4791 962 4844 omnino
985 4791 1071 4844 vel
1089 4793 1454 4847 necessarias
1467 4793 1556 4848 vel
1571 4801 1956 4868 opportunas,

302 4877 410 4932 sed
443 4877 640 4947 potius
670 4893 704 4931 a
735 4882 933 4931 mente
965 4883 1022 4931 et
1053 4896 1228 4949 scopo
1261 4881 1516 4935 auctoris
1540 4898 1780 4951 prorsus
1810 4883 1956 4938 alie-

300 4983 430 5032 nas,
461 4966 581 5020 imo
632 4971 971 5020 commenta
1016 4983 1165 5034 esse,
1226 4986 1357 5040 quaa
1408 4975 1591 5025 totam
1640 4972 1956 5043 lgnatianae

297 5055 591 5110 orationis
624 5055 840 5110 seriem
873 5056 990 5110 alio
1022 5057 1308 5112 violenter
1339 5058 1728 5130 detorquent;
1760 5062 1956 5118 locum

294 5146 494 5217 ipsum
527 5145 823 5217 integrum
848 5163 1275 5217 proponemus,
1301 5155 1358 5202 et
1388 5149 1782 5221 explicatione
1815 5150 1956 5204 sim-

295 5235 629 5307 plicissima
652 5240 711 5288 et
730 5233 804 5289 ad
819 5251 943 5288 rem
963 5253 1138 5306 quam
1163 5238 1430 5293 volumus
1455 5241 1709 5295 maxime
1733 5258 1958 5296 accom-

297 5323 542 5379 modata
563 5323 636 5377 ab
671 5324 1028 5393 importunis
1057 5325 1267 5396 glossis
1303 5328 1752 5384 vindicabimus.
1790 5331 1958 5384 Prior

300 5413 583 5485 perioche
604 5413 754 5467 nihil
778 5413 942 5468 aliud
966 5420 1054 5469 est
1079 5433 1256 5486 quam
1285 5417 1599 5474 vehemens
1629 5421 1955 5475 exhortatio

301 5503 379 5559 ad
410 5504 705 5558 unitatem
737 5503 1221 5575 ecclesiasticam,
1243 5509 1413 5563 toties
1445 5509 1515 5564 ab
1539 5509 1955 5581 ipso,totiesab

379 5681 424 5718 ”
453 5683 594 5756 Cap.
628 5697 702 5752 Iv,
737 5683 767 5736 3
805 5683 856 5737 6.
932 5682 978 5718 ⁸ο
1004 5685 1167 5742 Joan.
1200 5703 1309 5758 xvi,
1334 5687 1424 5744 28.

2073 4704 2220 4758 tenti
2251 4702 2510 4756 violenta
2541 4698 2866 4754 distractio.

2144 4793 2344 4847 Altera
2372 4807 2506 4845 vero
2538 4806 2668 4860 quas
2699 4786 2968 4858 sequitur
3014 4783 3314 4855 perioche,
3374 4785 3430 4834 et
3478 4778 3718 4848 quidem

2071 4881 2212 4937 satis
2235 4879 2617 4952 prolixa,tota
2638 4882 2860 4948 quanta
2885 4880 2974 4929 est
2993 4873 3066 4928 ad
3089 4870 3361 4926 hmresim
3385 4866 3717 4922 evitandam

2069 4976 2410 5041 comparata
2442 4974 2550 5024 est.
2606 4967 2693 5033 Μὴ
2740 4963 3013 5019 πλανᾶσθε
3054 4965 3175 5018 ταῖς
3223 4952 3601 5030 ἒτεροδοξίαις,
3652 4959 3720 5011 nt

2071 5060 2321 5132 epistola
2367 5061 2440 5114 ad
2498 5061 2853 5128 Smyrnaaos,
2903 5051 3241 5121 καταμάθετε
3288 5050 3378 5100 καὶ
3427 5043 3555 5103 τοὺς
3603 5043 3720 5098 ἑτε-

2070 5146 2446 5223 ροδοξοῦντάς’
2479 5147 2636 5202 unde
2669 5143 2901 5214 Origeni
2931 5136 3236 5212 ἑτερόδοξοι
3280 5153 3388 5190 vox
3433 5133 3580 5189 adeo
3627 5133 3717 5196 fa-

2070 5239 2340 5302 miliaris,
2375 5253 2551 5308 quam
2576 5236 2728 5290 male
2751 5230 3054 5288 transtulit
3078 5223 3712 5297 Hieronymus.Quales

2067 5335 2263 5385 autem
2296 5327 2356 5382 hi
2389 5324 2732 5380 heterodoxi
2772 5323 2890 5376 sive
2922 5317 3184 5374 haaretici
3229 5315 3474 5383 fuerint,
3508 5320 3716 5378 contra

2068 5435 2317 5492 quorum
2351 5417 2626 5488 dogmata
2665 5412 3070 5485 Magnesianos
3119 5405 3458 5479 prmmunit,
3509 5403 3711 5468 statim

2067 5511 2158 5567 his
2180 5508 2370 5566 VBJbiS
2403 5506 2595 5577 docet,
2649 5498 2789 5577 μηδὲ
2840 5497 3141 5573 μυθεύμασι
3196 5492 3454 5557 παλαιοῖς
3496 5493 3710 5572 ἀνωφε-
