4064 6134
326 369 442 430 319

1392 371 1456 430 8.
1503 369 1894 433 IGNATIUS.
1941 402 2020 415 —
2061 367 2682 430 PROLEGOMENA.

3623 367 3743 429 320

325 497 477 555 λὲσιν
499 501 668 554 οὗσιν”
694 518 812 557 non
839 503 996 573 quod
1021 509 1244 572 auctor,
1279 504 1417 575 quia
1446 509 1578 575 post
1607 504 1970 560 Clementem
2000 509 2056 574 Α
2156 501 2319 558 Unde
2353 501 2692 557 ﬁrmissime
2723 501 3038 573 colligitur,
3071 501 3218 557 adeo
3265 506 3330 557 ut
3373 519 3447 557 ne
3493 502 3739 574 quidem

326 590 786 645 Alexandrinum
818 593 1072 663 scripsit,
1104 599 1169 647 ut
1200 593 1539 648 Blondellus
1575 595 1775 662 voluit,
1809 611 1971 650 com-

326 685 528 734 menta
544 679 1088 735 Valentinianorum
1120 682 1365 752 antiqua
1395 682 1515 736 sive
1545 688 1772 738 vetusta
1802 700 1974 738 voca-

325 773 448 832 ret;
479 775 699 839 pugnat
732 770 841 824 hoc
865 769 1022 824 enim
1046 788 1179 825 cum
1205 771 1482 826 omnibus
1508 773 1676 827 istius
1707 772 1811 826 aevi
1836 773 1976 826 scri-

321 856 438 924 ptis
457 872 587 925 quas
604 857 1005 912 haereticorum
1021 859 1296 930 dogmata
1307 865 1976 931 sempertanquamnova

326 944 662 1014 exagitant;
698 947 800 1002 sed
833 948 1101 1003 instituta
1126 949 1368 1004 Judaica
1397 967 1533 1004 cum
1565 949 1779 1005 fabulis
1811 965 1976 1004 com-

327 1035 523 1102 mista,
557 1052 688 1104 qua)
720 1041 1002 1106 tanquam
1041 1034 1248 1090 παλαιᾶ
1294 1045 1350 1093 et
1401 1035 1653 1116 ἀνωφελῆ
1702 1055 1858 1110 saepe
1901 1037 1972 1093 ab

327 1123 592 1192 apostolo
613 1125 1019 1181 traducuntur.
1038 1128 1123 1181 Ita
1144 1129 1270 1198 ipse
1282 1129 1458 1198 paulo
1483 1134 1850 1200 postveteres
1869 1129 1972 1182 Ju-

328 1212 488 1267 daeos
519 1211 568 1266 ἐν
607 1213 862 1275 παλαιοῖς
886 1215 1192 1289 πράγμασιν
1219 1217 1664 1292 ἀναστραφέντας,
1688 1219 1749 1273 in
1776 1220 1975 1272 veteri-

328 1302 422 1356 bus
452 1304 609 1358 rebus
641 1314 976 1361 conversatos
1007 1323 1114 1361 esse
1135 1307 1315 1373 dicit;
1341 1308 1423 1362 ita
1445 1308 1808 1379 Epiphanius
1829 1324 1974 1361 con-

327 1396 417 1446 tra
443 1393 726 1449 Ebionem
751 1393 1123 1465 disputat,b"ct
1149 1396 1212 1449 οὐ
1237 1397 1347 1470 χρὴ
1379 1396 1710 1468 βαπτισμοῖς
1733 1401 1972 1469 χρῆσθαι

325 1480 417 1534 καί
447 1480 616 1544 ἔθεσιν
651 1482 1006 1560 ἀνωφελέσιν,
1040 1507 1063 1536 ιι
1093 1487 1248 1556 quod
1275 1503 1393 1540 non
1435 1491 1702 1557 oporteat
1728 1485 1971 1541 lavacris

323 1573 410 1627 uti
433 1578 492 1626 et
515 1574 1044 1629 consuetudinibus
1067 1575 1396 1629 inutilibus.
1424 1597 1451 1624 ››
1473 1576 1614 1639 Quis
1643 1580 1841 1629 autem
1859 1591 1972 1629 un-

327 1678 505 1732 quam
521 1663 1070 1718 Valentinianorum
1084 1663 1310 1718 fabulas
1323 1669 1552 1718 tantum
1567 1664 1788 1718 diceret
1801 1687 1826 1712 «
1844 1664 1970 1718 inu-

324 1751 479 1805 tiles.
517 1773 544 1800 ››
579 1751 648 1806 de
681 1752 895 1821 quibus
917 1754 1230 1807 Irenaauszu
1264 1755 1451 1823 Super
1471 1769 1677 1807 omnes
1700 1759 1790 1807 est
1817 1751 1968 1806 blas-

2084 593 2156 646 ab
2189 592 2515 647 incredulis
2549 592 2692 663 ipsis
2723 591 3016 646 htereticis
3050 592 3250 663 negari
3291 592 3498 662 possit,
3527 588 3610 644 ὅτι
3659 589 3738 652 εἷς

2084 682 2236 752 Θεός,
2270 681 2464 737 ἐστινὸ
2494 683 2806 755 φανερώσας
2864 683 3051 736 ἑαυτὸν
3103 678 3192 736 διὰ
3241 683 3420 751 Ἰησοῦ
3471 685 3734 756 Χριστοῦ,

2085 773 2245 843 quod
2266 778 2419 828 Deus
2442 790 2620 844 quem
2643 773 2731 826 illi
2755 773 3248 839 coluerunt,unus
3262 779 3320 828 et
3339 773 3495 828 idem
3519 772 3615 841 sit,
3632 773 3734 844 qui

2085 878 2144 915 se
2163 879 2270 933 per
2281 863 2308 916 J
2316 878 2482 918 esum
2506 863 2806 917 Christum
2820 861 3115 929 revelavit,
3136 863 3306 934 cujus
3329 862 3414 916 illi
3434 863 3622 934 gratia
3638 879 3734 916 re-

2083 952 2227 1022 pleti
2252 957 2460 1007 erant:
2493 952 3289 1023 Jesum,inquam,Christum
3309 953 3521 1006 Filium
3537 969 3733 1020 suum,

2085 1058 2206 1096 non
2241 1042 2439 1105 talem,
2477 1042 2714 1112 qualem
2747 1042 2831 1096 illi
2890 1041 3106 1096 docent
3161 1039 3356 1113 (λιτόν,
3415 1041 3502 1096 vel
3547 1039 3730 1094 κοινόν

2083 1130 2172 1184 vel
2202 1127 2368 1202 ψιλὸν
2400 1130 2701 1204 ἄνθρωπον,
2745 1132 3049 1186 hominem
3081 1131 3330 1198 nudum,
3374 1131 3734 1202 simplicem,

2083 1225 2183 1274 aut
2215 1220 2538 1291 vulgarem,
2595 1219 2734 1274 κατᾶ
2789 1217 3022 1295 ἐκλογήν
3070 1218 3190 1272 Tib»
3252 1223 3386 1274 Θεοῦ
3433 1214 3732 1288 κληθέντα,

2083 1308 2412 1363 secundum
2442 1309 2795 1364 electionem
2830 1309 3041 1364 Filium
3075 1310 3175 1364 Dei
3200 1315 3493 1377 vocatum,
3515 1308 3572 1362 ὃν
3602 1307 3736 1380 φάσ-

2079 1416 2269 1450 κουσιν
2300 1396 2398 1450 οὐκ
2429 1396 2488 1450 ἐκ
2518 1401 2652 1451 Θεοῦ
2687 1397 2893 1472 ΙΙατρὸς
2922 1399 3260 1472 γεγενῆσθαι,
3295 1415 3471 1470 quem
3524 1399 3732 1453 dicunt

2079 1489 2416 1542 nonaDeo
2477 1489 2648 1542 Patre
2713 1487 3025 1559 genitum),
3088 1487 3190 1543 sed
3248 1487 3308 1547 ὃς
3368 1485 3507 1540 ἐστιν
3565 1485 3730 1540 αὐτοῦ

2080 1572 2253 1648 Λόγος
2291 1571 2487 1640 ἀΐδιος,
2523 1577 2622 1646 qui
2655 1576 2840 1647 ipsius
2870 1576 2972 1631 Dei
3005 1577 3260 1632 Verbum
3294 1583 3382 1632 est
3412 1582 3725 1644 aeternum,

2083 1664 2408 1718 secundum
2449 1664 2598 1719 illud
2629 1665 2684 1719 S.
2741 1665 2982 1720 Joannis
3012 1664 3060 1698 3"
3095 1683 3107 1720 :
3158 1668 3222 1720 In
3264 1668 3551 1736 principio
3609 1672 3730 1720 erat

2086 1753 2328 1819 Verbum,
2365 1753 2640 1819 Verbum,
2696 1753 2964 1824 inquam,
3021 1760 3220 1810 tamen
3267 1761 3579 1823 aeternum,
3627 1753 3729 1806 Λό-

325 1838 544 1910 phema
573 1839 775 1911 regula
805 1841 1088 1912 ipsorum.
1123 1863 1152 1892 »
1185 1841 1345 1896 Licet
1379 1841 1538 1895 enim
1583 1841 1967 1912 phi1030pho-

2079 1861 2174 1916 γος
2205 1841 2306 1895 οὐκ
2344 1841 2449 1895 ἀπὸ
2480 1848 2635 1915 σιγῆς
2665 1840 2969 1916 προελθών.
3027 1846 3226 1916 Neque
3275 1845 3435 1900 enim
3488 1845 3727 1916 vulgare

326 1944 458 1982 rum
492 1928 848 1996 doctrinam,
880 1947 950 1984 ex
982 1947 1100 2000 qua
1127 1947 1294 1986 suam
1325 1930 1701 2000 aliquatenus
1750 1929 1973 1984 deriva-

326 2023 487 2083 runt,
521 2017 738 2072 alicubi
770 2025 1026 2074 veterem
1061 2027 1118 2074 et
1149 2021 1417 2075 inutilem
1441 2027 1626 2090 vocet,
1659 2038 1864 2076 eorum
1895 2027 1974 2076 ta-

325 2122 464 2160 men
494 2107 925 2180 matzeologiam
949 2115 1008 2163 et
1026 2115 1311 2180 tanquam
1334 2126 1568 2177 novam,
1601 2116 1657 2165 et
1689 2117 1970 2180 tanquam

326 2194 734 2266 blasphemam
757 2197 1135 2252 condemnat.
1165 2198 1419 2270 Ideoque
1441 2199 1971 2271 interpolator,sive

324 2287 1009 2356 paraphrastes,sensum
1043 2289 1564 2357 secutus,auctoris
1595 2296 1857 2343 mentem
1881 2289 1971 2343 his

326 2375 519 2430 verbis
551 2377 842 2446 expressit
871 2393 883 2429 :
918 2372 1070 2445 Μηδὲ
1105 2375 1296 2448 μύθοις
1328 2375 1540 2450 ἑνέχετε
1588 2377 1674 2430 καὶ
1721 2374 1973 2451 γενεαλο-

323 2462 466 2536 γίαις
525 2461 867 2535 ἀπεράντοις,
927 2465 1014 2517 καὶ
1077 2463 1396 2525 Ἰουδαϊκοῖς
1452 2465 1666 2541 τύφοις,
1716 2483 1970 2537 «neque

326 2552 652 2608 intendatis
683 2555 914 2618 fabulis,
948 2560 1005 2609 et
1034 2555 1392 2628 genealogiis
1444 2556 1864 2624 interminatis,
1915 2561 1973 2610 et

327 2642 586 2697 Judaicis
607 2643 1038 2711 inﬂationibus,
1073 2666 1100 2694 »
1135 2645 1330 2700 locum
1361 2645 1414 2699 S.
1446 2645 1613 2700 Pauli
1645 2645 1972 2716 respiciens

327 2731 400 2784 ad
431 2731 803 2786 Timotheum
833 2731 900 2801 3',
934 2734 1027 2788 cui
1061 2733 1238 2788 etiam
1270 2733 1498 2788 addidit
1527 2733 1631 2788 illa
1663 2734 1735 2788 ad
1765 2735 1972 2788 Corin-

328 2820 518 2876 thios:
562 2823 759 2876 Vetera
790 2825 934 2877 enim
983 2825 1342 2888 transierunt,
1395 2830 1446 2877 et
1494 2840 1612 2879 ecce
1653 2827 1806 2892 facta
1843 2830 1971 2879 sunt

326 2912 508 2963 omnia
536 2926 679 2965 nova
703 2909 766 2983 δξ.
791 2911 1025 2966 Nullam
1049 2917 1206 2966 certe
1234 2912 1411 2966 aliam
1436 2912 1613 2983 hujus
1641 2912 1754 2967 loci
1787 2929 1972 2982 expo-

325 2998 603 3054 sitionem
633 3001 853 3070 patitur
882 3001 1030 3055 ratio
1064 3001 1189 3072 ipsa
1226 3001 1650 3056 exhortationis
1695 3018 1825 3070 quae
1858 3001 1968 3055 im-

326 3087 582 3142 mediate
611 3088 1024 3160 subjungitur:
1058 3111 1086 3138 ‹‹
1107 3090 1162 3142 Si
1185 3090 1342 3142 enim
1365 3105 1552 3159 usque
1576 3105 1734 3144 nunc
1755 3105 1968 3143 secun-

326 3177 467 3231 dum
488 3177 858 3231 Judaismum
878 3177 1146 3245 vivimus,
1177 3179 1532 3233 conﬁtemur
1572 3179 1820 3249 gratiam
1848 3195 1967 3233 non

322 3266 640 3336 recepisse.
678 3288 704 3314 »
735 3266 855 3320 Nisi
888 3267 1049 3320 enim
1081 3267 1278 3338 priora
1308 3268 1380 3322 de
1408 3267 1714 3322 Judaismo
1748 3267 1966 3322 intelli-

319 3355 683 3427 gantur,haac
709 3355 879 3427 plane
902 3361 1072 3412 erunt
1098 3357 1368 3412 ridicula.
1393 3358 1706 3425 Quorsum,
1740 3374 1961 3426 quaeso,

319 3444 465 3511 haec,
486 3444 598 3498 nisi
630 3444 749 3498 illis
772 3445 987 3501 fabulis
1009 3447 1253 3501 vetustis
1275 3452 1334 3501 et
1351 3445 1658 3500 inutilibus
1680 3445 1752 3501 ad
1772 3447 1964 3501 Judai-

321 3549 455 3588 cum
473 3534 603 3587 vitae
635 3535 1036 3590 characterem
1066 3535 1429 3590 Christianos
1469 3542 1812 3590 revocarent
1842 3537 1963 3591 hm-

319 3623 488 3678 retici
521 3623 631 3693 illi,
665 3641 878 3680 conrra
908 3642 1056 3695 quos
1086 3625 1397 3695 disputat?
1426 3627 1500 3679 At
1528 3625 1677 3680 nihil
1713 3625 1826 3680 tale
1856 3625 1961 3680 do-

320 3713 442 3768 cuit
473 3713 765 3769 Valentini
799 3714 1038 3781 schola;
1073 3715 1172 3786 qui
1209 3720 1324 3769 tam
1347 3714 1576 3784 abjecte
1599 3715 1671 3770 de
1695 3715 1961 3771 Demiur-

321 3819 390 3873 go
416 3803 671 3874 scripsit,
704 3803 776 3858 ad
834 3803 1024 3876 legem
1075 3804 1386 3859 Mosaicam
1441 3804 1762 3876 discipulos
1811 3821 1960 3860 nun-

323 3907 498 3960 quam
531 3893 840 3947 revocavit.
876 3893 1132 3947 Ebionaai
1165 3893 1274 3947 hoc
1300 3892 1609 3963 urgebant,
1643 3893 1741 3962 qui
1795 3894 1961 3948 Chri-

323 3986 479 4034 stum
503 3980 698 4051 ipsum
728 3981 984 4036 Judaicis
1015 3981 1226 4035 ritibus
1257 3980 1633 4036 obedientem
1664 3982 1846 4036 fuisse
1870 3982 1964 4035 ob-

322 4069 651 4132 servabant,
687 4076 745 4125 et
775 4070 937 4124 illius
969 4069 1238 4140 exemplo
1266 4070 1631 4126 Christianos
1651 4088 1860 4126 omnes
1889 4071 1963 4126 ad

321 4159 562 4214 eosdem
595 4160 742 4214 ritus
773 4159 1172 4214 observandos
1221 4159 1484 4230 obligare
1528 4159 1858 4215 voluerunt.
1895 4162 1962 4215 Hi

322 4249 479 4304 enim
520 4249 850 4303 docuerunt
905 4244 1014 4300 δεῖν
1068 4247 1280 4308 πάντως
1333 4247 1520 4309 αὐτοῖς
1572 4255 1670 4317 τῆς
1729 4256 1966 4322 νομικῆς

327 4337 637 4410 θρησκείας,
671 4337 744 4397 ὡς
774 4339 849 4408 μὴ
891 4335 950 4390 ἄν
982 4334 1070 4392 διὰ
1103 4337 1274 4410 μόνης
1316 4345 1418 4406 τῆς
1468 4339 1542 4399 εἰς
1588 4339 1679 4392 τὸν
1730 4339 1961 4412 Χριστὸν

324 4424 558 4486 πίστεως
589 4425 678 4478 καὶ
707 4429 804 4480 τοῦ
834 4428 952 4480 κατ’
981 4427 1148 4497 αὐτὴν
1183 4428 1304 4503 βίου
1336 4427 1762 4500 σωθησομένους.
1799 4452 1826 4479 «
1861 4430 1965 4484 Le-

321 4516 408 4586 gis
440 4515 905 4572 observationem
937 4518 1046 4572 sibi
1075 4519 1318 4574 omnino
1357 4519 1755 4574 necessariam
1787 4519 1968 4573 duce-

2077 1931 2318 2002 aliquod
2350 1933 2594 1987 verbum
2618 1938 2725 2002 est,
2759 1933 2932 2004 quale
2966 1939 3056 1988 est
3085 1935 3346 1988 hominis
3372 1934 3730 2003 scilicet,aut

2077 2021 2393 2092 cujuslibet
2422 2027 2729 2090 creaturae,
2754 2022 2914 2092 quod
2937 2039 3004 2076 ex
3028 2022 3264 2078 silentio
3288 2022 3524 2094 prodire
3553 2023 3725 2087 solet,

2076 2109 2341 2180 adeoque
2365 2109 2587 2180 aliquid
2610 2109 2949 2180 praecedens
2971 2126 3310 2182 agnoscere,
3346 2110 3451 2166 sed
3474 2110 3724 2165 Verbum

2077 2199 2176 2252 Dei
2212 2199 2445 2268 Deoque
2477 2203 2862 2254 comternum.
2897 2201 3029 2254 Haac
3061 2206 3256 2255 autem
3293 2199 3512 2254 directe
3545 2200 3720 2255 Ebio-

2076 2303 2236 2341 meos
2261 2286 2573 2353 feriebant,
2605 2303 2858 2357 quorum
2887 2289 3064 2342 etiam
3100 2288 3182 2342 iili
3215 2289 3315 2359 qui
3344 2289 3574 2343 caateris
3597 2306 3724 2344 me-

2075 2375 2254 2430 liores
2296 2393 2422 2430 esse
2449 2376 2817 2444 videbantur,
2852 2377 2950 2447 qui
2973 2377 3270 2432 Christum
3303 2395 3371 2433 ex
3401 2378 3632 2450 Virgine
3665 2383 3723 2432 et

2076 2464 2295 2534 Spiritu
2325 2471 2527 2520 sancto
2559 2466 2824 2536 genitum
2848 2483 2974 2521 esse
3009 2483 3123 2521 non
3160 2466 3471 2539 negabant,
3515 2465 3578 2519 οὐ
3615 2468 3721 2538 μὴν

2075 2548 2153 2605 ἔο-
2189 2552 2398 2624 ὁμοίως
2427 2552 2515 2606 καὶ
2549 2553 2698 2607 οὗτοι
2726 2553 3103 2632 προϋπάρχειν
3155 2553 3312 2609 αὐτὸν
3365 2556 3494 2610 Θεὸν
3539 2556 3716 2628 Λόγον

2075 2637 2202 2695 ὄντα
2231 2641 2320 2695 καὶ
2351 2641 2540 2718 σοφίαν
2582 2639 2978 2715 ὁμολογοῦντες
3027 2646 3095 2715 τῇ
3145 2647 3251 2697 τῶν
3293 2643 3570 2718 προτέρων
3621 2665 3720 2700 πε-

2075 2729 2420 2804 ριετρὲποντο
2452 2725 2754 2801 δυσσεϐείᾳ,
2781 2755 2809 2783 ‹‹
2833 2733 3223 2788 nihilominus
3238 2751 3372 2788 eum
3394 2735 3716 2804 Christum,

2073 2826 2276 2892 utpote
2291 2823 2476 2876 Deum
2491 2821 2744 2876 Verbum
2763 2828 2821 2876 et
2837 2823 3354 2893 sapientiam,ante
3367 2825 3565 2879 omnia
3585 2824 3719 2878 sub—

2075 2910 2294 2965 stitisse
2325 2911 2570 2965 minime
2602 2910 2918 2980 fateantur,
2953 2933 2980 2960 »
3013 2911 3278 2982 adeoque
3309 2912 3716 2966 sanctissimos

2072 2998 2392 3068 prophetas
2418 2997 2579 3052 illius
2600 2999 2787 3069 gratia
2803 2999 3122 3070 inspiratos
3145 2999 3325 3055 fuisse
3347 3005 3578 3072 negent,
3596 3021 3622 3048 «
3652 2999 3714 3052 in

2074 3085 2344 3140 eamdem
2367 3103 2502 3141 cum
2528 3087 2823 3158 prioribus
2845 3088 3209 3158 impietatem
3235 3087 3455 3158 delapsi
3482 3093 3620 3142 sunt
3644 3103 3656 3152 ;
3687 3109 3710 3138 υ

2075 3171 2316 3246 μάλιστα
2347 3174 2435 3228 ὅτε
2472 3173 2560 3227 καὶ
2587 3174 2686 3241 τήν
2726 3177 3044 3246 σωματικὴν
3073 3177 3196 3250 περὶ
3257 3177 3346 3230 τὸν
3391 3176 3558 3247 νόμον
3611 3174 3715 3229 λα-

2069 3262 2247 3337 τρείαν
2281 3263 2490 3334 ὁμοίως
2517 3259 2742 3324 ἐκείνοις
2781 3263 3054 3338 περιέπειν
3089 3261 3439 3333 ἐσπούδαζον,
3496 3287 3524 3314 ‹‹
3558 3283 3711 3337 pra)-

2068 3353 2274 3408 sertim
2306 3370 2440 3408 cum
2481 3355 2818 3425 corporales
2849 3354 2997 3426 legis
3028 3355 3291 3409 Mosaicae
3325 3355 3712 3410 caeremonias

2067 3442 2315 3513 perinde
2347 3459 2414 3497 ac
2445 3442 2527 3497 illi
2559 3448 2831 3498 accurate
2861 3443 3217 3513 custodiant,
3253 3466 3278 3492 »ι
3306 3449 3374 3498 ut
3401 3443 3573 3499 docet
3593 3446 3712 3499 Eu-

2068 3531 2284 3586 sebius.
2321 3533 2509 3596 Quare
2541 3533 2612 3586 ab
2647 3533 2975 3604 Epiphanio
2999 3535 3176 3588 etiam
3208 3533 3577 3589 observatam
3599 3538 3707 3603 est,

2069 3621 2226 3691 quod
2253 3622 2307 3678 S.
2341 3623 2615 3689 Joannes,
2658 3618 2880 3695 ἐλέγχει
2929 3619 3120 3683 αὐτοὺς
3174 3622 3310 3676 κατὰ
3358 3622 3534 3676 πάντα
3578 3620 3708 3696 τρό-

2066 3727 2191 3777 πον,
2225 3707 2427 3785 λὲγων,
2457 3709 2540 3763 ὅτι
2573 3709 2626 3762 ἐν
2657 3710 2804 3783 ἀρχῇ
2836 3710 2904 3778 ἧν
2954 3710 2981 3763 ὁ
3016 3710 3212 3786 Λόγος,
3251 3709 3340 3765 καὶ
3367 3711 3394 3764 ὁ
3429 3709 3598 3783 Λόγος
3649 3711 3715 3778 ἦν

2065 3797 2202 3870 πρὸς
2233 3799 2324 3852 τὸν
2358 3799 2510 3866 Θεὸν,
2541 3797 2630 3852 καὶ
2659 3799 2790 3860 Θεὸς
2838 3798 2901 3872 ᾖν
2961 3801 3160 3874 Λόγος,
3214 3825 3242 3852 ‹‹
3277 3802 3494 3858 refutat
3545 3802 3716 3857 Ebio-

2069 3905 2231 3944 naeos
2262 3889 2535 3944 omnibus
2562 3889 2775 3956 modis,
2801 3889 3023 3958 dicens,
3041 3891 3197 3961 quod
3221 3893 3277 3945 in.
3292 3891 3576 3962 principio
3598 3898 3717 3946 erat

2076 3978 2312 4033 Verbum
2335 3986 2387 4033 et
2418 3980 2650 4034 Verbum
2677 3986 2795 4033 erat
2827 3979 2975 4050 apud
2991 3982 3196 4044 Deum;
3217 3987 3266 4034 et
3293 3982 3427 4034 Deus
3448 3988 3564 4035 erat
3589 3983 3722 4035 Ver-

2071 4067 2214 4122 bum.
2250 4088 2278 4117 »
2311 4069 2478 4122 Certe
2510 4067 2557 4120 si
2588 4069 2843 4122 Joannes
2893 4067 3030 4133 illis,
3087 4069 3264 4123 etiam
3313 4070 3572 4141 Ignatius
3626 4070 3719 4123 his

2067 4155 2260 4210 verbis
2291 4156 2597 4212 Ebionzeos
2629 4157 2881 4222 refutat;
2915 4173 3108 4226 neque
3140 4157 3198 4210 id
3246 4157 3463 4213 clarius
3513 4163 3716 4229 patere

2069 4250 2265 4315 potest
2285 4261 2460 4316 quam
2485 4263 2554 4300 ex
2580 4245 2672 4314 iis,
2698 4262 2828 4316 quas
2852 4243 3195 4299 immediate
3211 4251 3267 4299 et
3290 4245 3530 4300 eosdem
3549 4263 3716 4317 aper-

2070 4340 2126 4388 te
2161 4333 2401 4390 feriunt.
2435 4357 2462 4385 «
2495 4335 2553 4389 Si
2587 4335 2784 4405 igitur,
2816 4333 3028 4404 inquit,
3064 4334 3150 4388 illi
3181 4334 3532 4389 divinissimi
3575 4352 3716 4406 pro-

2071 4423 2262 4494 phetaa
2287 4425 2347 4479 in
2377 4425 2671 4480 veteribus
2704 4424 2883 4479 rebus
2913 4425 3240 4478 conversati
3282 4424 3342 4478 in
3395 4425 3716 4478 novitatem

2072 4515 2197 4587 spei
2230 4519 2542 4582 venerunt,
2573 4531 2692 4569 non
2734 4514 3184 4581 sabbatizantes,
3237 4513 3341 4568 sed
3391 4513 3718 4569 secundum

323 4605 487 4672 bant,
520 4606 686 4674 quasi
720 4623 825 4676 per
847 4607 1029 4662 solam
1059 4608 1118 4662 in
1149 4608 1438 4662 Christvm
1470 4608 1646 4662 ﬁdem
1669 4608 1964 4677 vitamque
1997 4590 2041 4655 Ῑ)
2074 4604 2444 4660 Dominicam
2473 4605 2650 4658 vitam
2681 4604 2966 4669 viventes,
3001 4609 3136 4671 etc.,
3163 4603 3458 4674 quomodo
3482 4620 3589 4658 nos
3614 4621 3722 4674 po-

325 4709 396 4748 ex
427 4710 496 4748 ea
527 4694 640 4748 ﬁde
672 4695 1000 4750 traductam
1035 4697 1287 4752 salutem
1319 4697 1604 4767 consequi
1657 4714 1776 4752 non
1823 4696 1970 4752 vale-

326 4789 480 4838 rent.
515 4805 542 4832 n
576 4783 810 4849 Euseb,
843 4785 944 4838 lib.
980 4802 1060 4850 ιιι,
1085 4803 1212 4857 cap.
1247 4789 1332 4838 27.
1370 4786 1441 4841 Ut
1470 4785 1541 4841 ab
1571 4786 1661 4840 his
1683 4787 1860 4858 igitur
1879 4804 1969 4841 ca-

326 4879 521 4938 veant,
555 4875 956 4945 Magnesianos
989 4882 1190 4930 monet
1219 4875 1509 4946 Ignatius;
1544 4876 1760 4946 quippe
1783 4876 1968 4930 Ebion

325 4962 389 5020 in
404 4963 541 5018 Asia
564 4980 736 5018 suum
767 4964 980 5036 dogma
1010 4964 1799 5031 disseminaverat,tradente
1833 4966 1971 5037 Epi-

326 5053 570 5124 phanio,
604 5051 760 5113 οὗτος
797 5052 890 5124 μὲν
917 5051 1009 5106 οὖν
1035 5053 1062 5105 ὁ
1097 5048 1289 5108 Ἐὗίων
1317 5051 1407 5106 καὶ
1447 5050 1606 5113 αὐτὸς
1639 5051 1691 5105 ἐν
1723 5055 1790 5126 τῇ
1816 5053 1971 5123 Ἀσίᾳ

328 5139 450 5214 εἶχε
476 5140 539 5194 τὸ
578 5143 852 5214 κήρυγμα.
887 5143 1102 5197 Contra
1142 5143 1246 5196 hos
1295 5142 1473 5212 igitur
1512 5141 1881 5212 judaizantes
1914 5149 1971 5198 et

329 5232 565 5302 proprie
598 5238 657 5286 et
685 5232 812 5287 fuse
843 5232 1122 5302 disputat.
1175 5254 1201 5280 «
1239 5229 1593 5285 Dividissimi
1642 5233 1799 5286 enim
1830 5250 1970 5304 pro-

330 5320 1100 5392 phetae,inquit,secundum
1123 5321 1418 5375 Christum
1441 5321 1639 5376 Jesum
1661 5322 1930 5376 vixerunt
1953 5338 1967 5388 ;

332 5414 572 5479 propter
603 5411 712 5464 hoc
744 5416 802 5466 et
831 5409 1305 5480 persecutionem
1331 5408 1489 5480 passi
1531 5415 1668 5466 sunt
1697 5411 1971 5481 inspirati

336 5511 370 5552 a
398 5497 587 5568 gratia
616 5499 823 5568 ipsius.
860 5522 886 5548 »ι

405 5677 449 5712 ³¹
483 5677 506 5731 Ι
537 5676 687 5734 Tim.
730 5693 771 5744 ι,
804 5679 854 5731 4.
931 5676 979 5711 ³²
1010 5677 1058 5730 ΙΙ
1088 5678 1217 5732 Cor.
1251 5695 1302 5751 v,
1338 5681 1422 5734 ΓΙ.
1500 5677 1548 5714 ³³
1578 5677 1716 5750 Cap.
1749 5695 1786 5746 ι,
1827 5694 1879 5732 v.
1914 5683 1963 5738 Ι.

2078 4696 2326 4750 terimus
2355 4695 2545 4750 vivere
2577 4694 2703 4749 sine
2734 4693 2852 4759 illo,
2880 4693 3050 4764 cujus
3089 4700 3147 4747 et
3193 4693 3494 4764 propheta)
3541 4693 3725 4747 disci—

2078 4783 2201 4854 puli
2237 4783 2589 4838 exsistentes
2622 4783 2834 4854 spiritu
2866 4782 3060 4852 ipsum
3091 4787 3156 4836 ut
3185 4781 3485 4836 doctorem
3518 4797 3722 4852 exspe-

2080 4871 2359 4926 ctabant?
2384 4893 2412 4921 »
2435 4873 2578 4926 Cum
2601 4871 2779 4943 igitur
2800 4871 2925 4925 haec
2948 4870 3147 4925 omnia
3159 4870 3366 4940 quaein
3390 4869 3498 4925 hac
3525 4871 3724 4940 perio-

2079 4961 2186 5016 che
2215 4961 2597 5015 continentur
2627 4965 2746 5014 tam
2777 4959 3000 5014 directe
3021 4959 3304 5014 Ebionem
3335 4958 3570 5030 feriant,
3588 4976 3724 5014 cum

2078 5065 2154 5104 ne
2186 5049 2435 5104 minima
2466 5047 2705 5119 quidem
2739 5047 3097 5104 sententiola
3125 5048 3312 5102 otiosa
3342 5048 3416 5102 sit
3463 5053 3564 5103 aut
3605 5049 3722 5103 alio

2080 5145 2375 5209 spectans,
2409 5137 2511 5193 sed
2547 5143 2759 5192 cuncta
2776 5137 3087 5192 confertim
3111 5143 3170 5191 et
3190 5135 3586 5208 conglobatim
3611 5137 3726 5192 hm-

2079 5227 2330 5281 reticum
2364 5243 2498 5281 eum
2531 5231 2735 5297 petant
2768 5231 2825 5280 et
2874 5226 3180 5299 jugulent;
3233 5225 3432 5279 nullus
3480 5227 3725 5280 omnino

2081 5316 2308 5372 deliriis
2340 5316 2768 5372 Valentinianis
2799 5316 2960 5372 locus
2992 5333 3121 5371 esse
3145 5320 3354 5386 potest.
3385 5315 3548 5370 Unde
3569 5315 3728 5371 haud

2081 5409 2302 5479 injuria
2332 5409 2502 5465 nobis
2534 5411 2727 5480 posita
2757 5409 2988 5465 videtur
3017 5409 3263 5464 assertio
3295 5409 3576 5473 secunda,
3612 5411 3729 5464 Nec

2079 5516 2256 5556 verba
2285 5501 2414 5573 ipsa
2445 5496 2542 5552 οὐκ
2574 5497 2678 5552 ὰπὸ
2711 5505 2870 5576 σιγῆς
2931 5495 3238 5572 προελθών,
3284 5513 3393 5552 nec
3440 5497 3558 5553 alio
3607 5498 3727 5558 ulla
