4064 6134
311 299 415 360 32!

1037 297 1094 360 Ι.
1145 296 1571 361 PEARSONII
1615 297 1993 360 VINDlCle
2038 299 2538 365 lGNATIAN/E.
2587 337 2661 350 -
2705 306 2916 368 PARS
2958 306 3044 367 II.

3613 307 3730 368 3’22

317 434 408 489 his
434 432 671 488 duabus
705 432 1000 504 periochis
1030 436 1328 501 contenta,
1348 431 1420 488 ad
1446 431 1824 487 Valentinum
1847 449 1970 486 om-
1997 442 2053 503 Α
2085 450 2153 490 ex
2187 435 2278 490 his
2307 438 2569 493 secunda
2600 440 2917 496 emissione
2949 440 3210 495 hominis
3230 444 3287 495 et
3303 439 3580 497 Ecclesiae
3613 442 3728 513 ipsi

321 525 458 580 nino
482 527 786 595 spectare,
818 522 1078 592 adeoque
1110 538 1178 576 ea
1208 522 1335 577 sine
1366 521 1625 577 violenta
1653 522 1967 577 verborum

322 613 663 669 detorsione
696 612 775 667 ad
805 611 961 666 illius
998 610 1252 666 haaresin
1306 611 1714 683 exponendam
1745 618 1847 668 aut
1876 628 1970 665 re-

318 703 622 758 futandam
659 702 945 774 applicari
977 717 1096 755 non
1124 717 1318 773 posse.

966 901 1196 956 CAPUT
1236 900 1326 956 VI.

324 1049 569 1098 Assertio
599 1047 786 1102 tertia,
819 1045 1056 1093 heresin
1088 1044 1231 1092 hanc
1272 1042 1570 1092 Valentino
1609 1043 1791 1103 fuisse
1823 1044 1972 1092 anti-

377 1112 654 1176 quiorem,
686 1117 806 1176 ct_a
846 1105 1122 1176 ge‘teribus
1139 1106 1434 1176 _(_;nost_i_c_£s
1482 1114 1780 1176 acceptant.
1815 1106 1972 1176 1_dem

379 1168 660 1222 Eis-seritur
709 1170 776 1219 ab
836 1169 1070 1229 Irenaeo,
1135 1168 1507 1224 Tcrtulliano,
1564 1169 1884 1228 Epiphanio
1921 1176 1974 1215 et

385 1236 732 1285 Theodoreto.
797 1231 1121 1281 Ostenditur
1174 1229 1425 1293 Bythum
1485 1239 1537 1278 et
1601 1231 1776 1292 Sigen
1824 1231 1976 1279 inter

379 1298 771 1348 Gnosticorum
803 1302 1049 1342 veterum
1079 1294 1510 1341 combinationes
1547 1297 1746 1353 fuisse.
1780 1301 1974 1341 contra

379 1360 764 1410 Blondellum.
797 1357 1080 1406 Probatur
1108 1355 1318 1404 eosdem
1348 1364 1398 1402 et
1437 1356 1571 1403 Nun
1601 1363 1650 1402 et
1681 1355 1972 1404 Aletheian

379 1439 447 1470 ex
475 1421 654 1485 Bytho
683 1428 733 1469 et
762 1421 896 1481 Sige
924 1418 1200 1485 eduxisse,
1232 1433 1300 1465 ex
1329 1419 1421 1485 N_u
1445 1433 1600 1485 _vero_
1620 1419 1705 1485 ne]
1734 1417 1972 1485 Anthro-

369 1501 446 1546 po
478 1480 687 1546 ngon,
748 1480 944 1546 contra
991 1481 1292 1546 Dallgeum.
1355 1480 1510 1546 Trig
1558 1481 1761 1528 Dallaai
1792 1495 1974 1542 argu-

376 1543 575 1596 inentd
597 1547 660 1596 in
693 1545 1045 1594 contrarium
1074 1543 1317 1592 adducta
1345 1543 1710 1603 refelluntur,

381 1707 665 1775 Quamvis
698 1705 966 1776 exposita
996 1703 1495 1775 comprobataque
1527 1703 1856 1758 assertione
1888 1721 1974 1759 se-

316 1799 514 1855 cunda
544 1795 1017 1852 adversariorum
1057 1797 1404 1866 argumento
1435 1792 1791 1848 satisfecisse
1823 1793 1971 1847 mihi
2007 1797 2048 1861 Β

314 1889 543 1952 videar,
577 1886 813 1940 tertiam
847 1890 1045 1939 tamen
1095 1882 1536 1955 adjungendam
1567 1883 1787 1954 putavi.
1819 1883 1978 1938 Licet

313 1977 478 2033 enim
513 1975 660 2030 mihi
692 1972 1213 2046 persuasissimum
1246 1973 1322 2026 sit
1360 1976 1662 2027 auctorem
1695 1971 1977 2043 epistola-

309 2082 447 2121 rum
479 2069 583 2119 aut
606 2061 983 2117 Valentinum
1014 2061 1341 2131 ipsum,aut
1369 2059 1624 2114 haeresin
1661 2059 1790 2131 ejus
1819 2076 1976 2113 nun-

305 2170 490 2226 quam
521 2152 747 2206 diserte
792 2149 1142 2220 respexisse,
1194 2147 1372 2218 idque
1421 2152 1624 2218 putem
1650 2165 1684 2201 a
1714 2163 1809 2202 me
1843 2163 1971 2202 esse

309 2243 459 2300 satis
487 2245 693 2312 aperte
725 2239 1221 2303 demonstratum,
1256 2242 1456 2292 tamen
1491 2252 1566 2291 ne
1600 2236 1732 2307 quis
1754 2237 1815 2290 in
1839 2237 1973 2291 ani-

304 2335 423 2389 mis
458 2329 800 2400 eorum,qui
832 2326 1123 2389 Salmasii,
1158 2326 1450 2380 Blondelli
1481 2331 1539 2380 et
1565 2325 1768 2380 Dallaei
1789 2326 1969 2382 ratio-

305 2423 490 2478 nibus
539 2421 832 2474 hactenus
859 2417 1080 2472 assueti
1109 2421 1266 2483 sunt,
1300 2415 1612 2486 scrupulus
1640 2415 1883 2486 haereat,
1912 2418 1971 2469 et

303 2530 378 2568 ne
410 2515 654 2566 nostros
684 2508 862 2564 etiam
895 2506 1218 2572 Usserium,
1250 2504 1524 2560 Vossium
1556 2509 1614 2560 et
1645 2507 1968 2561 Hammon-

303 2603 447 2657 dum
483 2599 762 2654 deserere
782 2595 1003 2662 videar,
1029 2609 1280 2665 quorum
1315 2595 1732 2665 responsiones
1759 2595 1970 2650 firmis-

307 2693 492 2746 simas
525 2705 654 2744 esse
696 2686 896 2751 credo,
926 2701 1024 2739 eas
1054 2699 1358 2739 resumere
1403 2689 1579 2754 atque
1611 2683 1964 2740 conﬁrmare

307 2779 482 2835 statui
511 2795 522 2831 :
557 2777 708 2832 adeo
739 2779 827 2842 ut,
885 2774 932 2828 si
994 2773 1126 2844 quis
1185 2772 1378 2828 adhuc
1431 2772 1507 2826 sit
1536 2773 1637 2842 qui
1668 2772 1968 2828 existimat

317 2875 610 2922 auctorem
642 2864 716 2920 ad
744 2862 1020 2918 haeresim
1044 2877 1222 2932 quam
1245 2860 1552 2932 amplexus
1584 2867 1673 2915 est
1702 2861 1963 2916 Valenti-

313 2975 436 3016 nus.
469 2955 847 3020 collineasse,
878 2968 954 3006 ne
998 2951 1110 3006 hoc
1145 2950 1384 3021 quidem
1418 2950 1743 3021 quidquam
1774 2951 1965 3006 valeat

303 3047 372 3100 ad
396 3045 785 3100 violationem
809 3046 1145 3111 temporum
1169 3039 1620 3105 ostendendam,
1644 3039 1734 3094 vel
1757 3045 1960 3095 aucto-

2078 531 2278 595 patres
2312 544 2540 595 eorum,
2585 529 2733 584 falso
2793 532 3194 602 cognominati
3225 534 3506 596 Gnostici,
3541 534 3730 605 impu-

2078 620 2261 685 gnant
2292 615 2569 671 adversus
2601 618 2875 688 invicem,
2911 635 3016 673 sua
3044 620 3287 690 propria
3311 620 3732 685 indicantes,et

2080 702 2267 757 malos
2297 703 2457 758 fures
2489 707 2842 777 semetipsos
2873 708 3310 763 convincentes.
3336 731 3364 759 »
3396 709 3733 772 Quereban-

2079 797 2175 846 tur
2217 793 2396 865 igitur
2439 796 2699 850 Gnostici
2761 797 3206 852 Valentinianos
3249 804 3536 868 tanquam
3566 800 3728 854 fures

2078 898 2184 936 sua
2209 883 2596 954 subripuisse,
2631 892 2688 940 et
2719 886 2959 957 quidem
2988 887 3149 941 fures
3177 905 3245 943 eo
3278 890 3534 960 pejores,
3570 890 3729 960 quod

2080 972 2234 1027 male
2276 973 2337 1027 in
2391 975 2695 1045 proprium
2729 975 3132 1031 characterem
3167 994 3236 1032 ea
3263 978 3729 1034 transtulissent.

2081 1067 2218 1119 Post
2246 1067 2537 1122 Irenaeum
2588 1069 2786 1122 statim
2844 1068 3242 1123 Tertullianus
3273 1070 3342 1124 de
3379 1070 3684 1125 Valentino
3713 1085 3727 1127 :

2083 1175 2110 1203 «
2138 1154 2458 1224 Cujusdam
2489 1157 2698 1210 veteris
2730 1157 3027 1228 opinionis
3058 1174 3261 1212 semen
3294 1165 3500 1212 nactus
3533 1159 3731 1213 Colar-

2079 1241 2222 1296 baso
2277 1243 2421 1298 viam
2471 1244 2811 1300 delineavit.
2844 1268 2869 1294 ››
2910 1246 2996 1300 Ad
3029 1263 3204 1316 quem
3235 1264 3475 1302 sensum
3507 1248 3731 1302 intelli-

2080 1330 2271 1402 genda
2301 1331 2574 1388 videntur
2603 1333 2704 1388 illa
2762 1351 2891 1404 qua)
2946 1335 3048 1390 lib.
3108 1337 3183 1389 De
3235 1339 3442 1396 anima.
3476 1353 3602 1407 cap.
3640 1337 3727 1400 18,

2082 1420 2296 1475 habet:
2335 1445 2356 1473 α
2389 1423 2751 1477 Relucentne
2775 1424 2903 1493 jam
2935 1425 3214 1479 haeretica
3245 1426 3473 1480 semina
3505 1426 3736 1484 Gnosti.

2086 1525 2290 1564 corum
2323 1515 2380 1564 et
2423 1511 2971 1566 Valentinianorum
2995 1513 3022 1566 ?
3049 1537 3076 1562 η
3130 1514 3494 1584 Epiphanius
3527 1515 3730 1581 etiam,

2082 1615 2219 1653 cum
2251 1605 2504 1669 quatuor
2532 1601 2643 1655 sibi
2676 1601 2746 1655 de
2780 1601 3082 1656 Valentino
3115 1602 3367 1657 dicenda
3395 1603 3732 1675 proposuis-

2083 1691 2191 1756 set,
2215 1687 2373 1743 unde
2393 1689 2575 1756 venit,
2598 1690 2836 1761 quando
2855 1691 3020 1759 vixit,
3040 1709 3170 1762 qua)
3194 1693 3320 1763 ejus
3344 1692 3729 1761 doctrina,xai

2082 1775 2186 1829 ἀπὸ
2217 1776 2396 1830 ποίων
2434 1777 2530 1837 τὰς
2559 1778 2855 1854 προφάσεις
2904 1776 3122 1855 εἷ’ληφε,
3176 1803 3204 1830 ‹‹
3239 1786 3296 1835 et
3326 1797 3361 1836 8.
3389 1781 3604 1851 quibus
3633 1797 3731 1836 ar-

2081 1873 2362 1938 gumenta
2389 1869 2713 1940 sumpsit,»
2745 1886 2949 1924 eorum
2979 1870 3259 1925 ultimum
3290 1871 3381 1925 his
3411 1871 3602 1925 verbis
3634 1887 3732 1925 ex-

2080 1957 2335 2026 pressit:
2370 1956 2471 2011 Καὶ
2503 1954 2663 2017 αὐτὸς
2686 1957 2783 2024 τὴν
2808 1955 3104 2030 ἐθνόμυθον
3137 1957 3358 2026 ποίησιν
3391 1956 3466 2019 εἷς
3490 1958 3580 2012 τὸν
3611 1959 3732 2012 ἒαυ-

2079 2047 2176 2096 τοῦ
2207 2049 2332 2097 νοῦν
2365 2039 2571 2112 λαϐὼν,
2606 2046 2692 2100 καὶ
2727 2045 2834 2100 ἀπὸ
2862 2046 2972 2100 τῶν
3004 2045 3095 2100 σὺν
3130 2045 3275 2118 αὐτῷ
3302 2047 3392 2100 καὶ
3430 2047 3536 2120 πρὸ
3567 2045 3731 2100 αὐτοῦ

2077 2139 2178 2201 τῆς
2209 2133 2470 2204 ἀληθείας
2499 2133 2928 2189 ἐκπεπτωκότων
2953 2136 3052 2204 τὴν
3079 2135 3334 2189 ὑπόνοιαν
3368 2137 3726 2207 κτησάμενος.

2079 2224 2266 2294 «Ipse
2303 2224 2483 2280 etiam
2541 2225 2839 2279 ethnicam
2899 2226 3105 2295 poesin
3163 2225 3362 2279 animo
3395 2241 3500 2278 suo
3542 2225 3732 2279 conci-

2076 2315 2270 2385 piens,
2306 2322 2364 2370 et
2394 2316 2465 2370 ab
2497 2316 2570 2370 iis
2604 2317 2702 2387 qui
2731 2333 2865 2371 cum
2888 2317 3015 2387 ipso
3040 2322 3097 2370 et
3125 2321 3261 2370 ante
3293 2317 3488 2387 ipsum
3521 2333 3554 2371 a
3583 2317 3728 2371 veri-

2079 2410 2197 2460 tate
2228 2405 2378 2476 lapsi
2414 2410 2573 2472 sunt,
2634 2406 2990 2460 sententiam
3051 2410 3375 2474 mutuatus,
3411 2428 3438 2454 »
3471 2411 3582 2462 etc.
3616 2405 3725 2470 Qui

2075 2499 2272 2548 autem
2304 2494 2390 2548 illi
2414 2494 2678 2548 hmretici
2704 2493 2996 2561 fuerint,a
3018 2494 3232 2564 quibus
3255 2494 3466 2549 deliria
3497 2511 3603 2549 sua
3630 2496 3729 2549 Va-

2073 2583 2334 2638 lentinus
2366 2583 2584 2649 hausit,
2620 2583 2777 2638 idem
2809 2583 3104 2639 ostendit:
3153 2582 3308 2654 Φημὶ
3344 2579 3400 2636 δὲ
3426 2581 3725 2639 Οὐαλεντῖ-

2070 2690 2156 2724 νον
2189 2670 2279 2723 καὶ
2309 2670 2406 2736 τήν
2455 2669 2621 2724 αὐτοῦ
2671 2666 3049 2737 διδασκαλίαν,
3074 2672 3174 2738 τὴν
3206 2667 3311 2723 ἀπὸ
3340 2674 3437 2741 τῇς
3477 2669 3724 2743 μεγάλης

2066 2757 2268 2824 ταύτης
2293 2763 2596 2830 γνωπικῆς
2629 2756 2994 2830 ἐπαργγελίας
3033 2756 3404 2830 ὑπάρχουσαν.
3441 2780 3468 2807 ‹‹
3501 2759 3717 2813 Valen-

2069 2848 2261 2902 tinum
2295 2847 2554 2918 intelligo
2587 2852 2645 2902 et
2674 2847 2828 2902 illius
2861 2848 3350 2917 doctrinam,quac
3384 2864 3417 2902 a
3449 2849 3719 2918 speciosa

2067 2937 2164 2992 illa
2196 2938 2602 2992 Gnosticorum
2634 2938 3002 3008 professione
3034 2936 3269 3007 prodiit.
3304 2958 3333 2986 »
3368 2937 3524 2991 Licet
3555 2937 3714 2992 enim

2066 3027 2433 3098 Epiphanius
2482 3026 2838 3100 αἳρεσιάρχην
2887 3026 3266 3081 Valentinum
3307 3026 3580 3097 appellet,
3613 3027 3715 3081 do-

302 3137 538 3189 ritatem
571 3130 958 3203 epistolarum
992 3127 1108 3182 ullo
1140 3128 1318 3183 modo
1350 3127 1711 3182 elevandam.
1746 3130 1958 3185 Assero
2001 3143 2043 3209 ρ
2072 3118 2322 3172 ctrina!“
2357 3121 2554 3171 tamen
2580 3133 2748 3172 suam
2772 3132 2906 3170 eum
2930 3132 2964 3170 ἃ
2984 3115 3275 3170 Gnosticis
3298 3116 3567 3170 hausisse
3599 3121 3720 3171 tra-

305 3224 464 3279 enim
497 3221 669 3276 lertio
702 3221 855 3274 hanc
902 3218 1094 3288 ipsam
1141 3217 1396 3271 haaresin
1427 3216 1744 3272 Valentino
1777 3217 1955 3271 fuisse

305 3302 729 3372 antiquiorem,
763 3305 822 3353 et
869 3315 904 3353 a
947 3297 1367 3351 vetustioribus
1408 3297 1700 3351 Gnosticis
1730 3295 1954 3352 deriva-

305 3398 458 3457 tam;
481 3405 734 3460 eamque
755 3404 876 3458 praa
900 3391 1071 3441 astate
1102 3385 1398 3456 respicere
1429 3386 1691 3458 potuisse
1710 3386 1764 3439 S.
1789 3387 1955 3457 Igna-

301 3483 454 3537 tium
511 3483 861 3548 martyrem,
895 3480 1191 3546 quatenus
1248 3474 1361 3529 fuit
1413 3475 1486 3529 ab
1520 3475 1957 3545 antiquioribus

303 3569 600 3626 Gnosticis
613 3566 1258 3639 prolata,etantequam
1276 3565 1337 3620 in
1350 3565 1649 3619 Valentini
1663 3565 1958 3620 characte-

304 3677 433 3716 rem
465 3658 581 3713 fuit
631 3655 1074 3720 transformata,
1105 3659 1168 3708 ut
1210 3670 1455 3708 necesse
1485 3671 1606 3709 non
1639 3653 1716 3708 sit
1743 3653 1816 3708 ad
1846 3655 1957 3709 Va-

307 3750 604 3806 lentinum
636 3746 734 3800 hic
764 3760 1091 3800 recurrere.
1116 3744 1260 3798 Nam
1289 3747 1348 3798 et
1377 3744 1502 3814 ipse
1531 3743 1785 3798 Dallaeus
1811 3759 1824 3797 :
1849 3764 1878 3792 «
1902 3742 1958 3796 Si

307 3840 462 3910 quis,
497 3836 715 3908 inquit,
765 3835 843 3889 sit
901 3833 1208 3888 Valentino
1265 3833 1572 3898 vetustior,
1607 3833 1706 3903 qui
1740 3834 1848 3888 hoc
1879 3833 1962 3888 ita

305 3928 591 4000 posuerit,
625 3923 856 3979 fatebor
885 3923 957 3977 ad
988 3921 1119 3989 hoc,
1152 3927 1217 3976 ut
1245 3922 1458 3976 horum
1492 3939 1621 3992 qua}
1653 3922 1960 3976 attulimus

305 4017 569 4090 epistolas
596 4013 912 4068 verborum
936 4016 1133 4066 rectus
1164 4010 1376 4082 aliquis
1408 4016 1466 4065 et
1495 4011 1793 4082 legitimus
1825 4027 1961 4065 con-

307 4109 591 4164 stituatur
621 4120 851 4170 sensus,
885 4101 1048 4159 nulla
1078 4119 1188 4157 nos
1217 4102 1571 4157 necessitate
1601 4101 1727 4172 cogi
1760 4101 1834 4156 ad
1867 4100 1965 4156 Va-

311 4196 526 4251 lentini
559 4192 817 4249 haeresin
850 4207 1174 4247 recurrere.
1203 4212 1231 4240 »

381 4287 544 4340 Hanc
570 4283 753 4356 igitur
779 4282 1170 4337 assertionem
1193 4278 1677 4336 luculentissimis
1701 4283 1963 4334 veterum

309 4376 411 4446 qui
445 4374 517 4429 de
550 4373 664 4427 hac
694 4371 905 4425 haeresi
937 4371 1349 4425 disseruerunt
1369 4368 1728 4424 testimoniis
1749 4367 1964 4438 proba-

2073 3207 2176 3273 dit,
2213 3206 2462 3276 ideoque
2494 3222 2700 3260 eorum
2731 3221 2950 3259 nomen
2983 3204 3093 3258 sibi
3126 3211 3183 3259 et
3209 3206 3331 3259 suis
3362 3205 3716 3276 imposuisse

2072 3299 2287 3370 sapius
2319 3299 2608 3354 observat.
2667 3296 2787 3353 Ἐπὶ
2818 3299 2917 3366 τήν
2969 3300 3076 3350 τῶν
3109 3294 3480 3351 Οὐαλεντίνων
3515 3297 3722 3370 αἳρεσιν

2073 3383 2324 3458 διέξειμι,
2353 3391 2460 3440 τῶν
2518 3383 2584 3456 δὴ
2644 3388 2730 3440 καὶ
2790 3389 3108 3441 Γνωστικῶν
3168 3385 3381 3448 ἑαυτοῖς
3432 3386 3718 3442 ἐπιθέντων

2067 3472 2262 3549 ὄνομα.
2299 3498 2327 3526 ‹‹
2349 3478 2437 3532 Ad
2468 3477 2722 3533 haeresin
2755 3478 3300 3533 Valentinianorum
3333 3483 3590 3546 transeo,
3616 3480 3717 3549 qui

2068 3567 2478 3622 Gnosticorum
2520 3583 2740 3623 nomen
2773 3567 2884 3621 sibi
2916 3567 3347 3637 imposuerunt.
3382 3587 3409 3615 »
3444 3568 3514 3620 Et
3541 3567 3715 3637 paulo

2068 3664 2256 3729 post:
2317 3655 2420 3711 Καὶ
2504 3655 2694 3717 πάντες
2755 3656 3094 3716 Γνωστικοὺς
3171 3653 3392 3716 ἑαυτοὺς
3459 3653 3709 3724 ἐκάλουν,

2068 3743 2431 3806 Οὐαλεντῖνὸς
2459 3765 2539 3813 τε,
2591 3744 2758 3821 φημὶ,
2791 3744 2880 3798 καὶ
2939 3745 2991 3797 οἱ
3040 3744 3146 3817 πρὸ
3196 3743 3361 3797 αὐτοῦ
3396 3744 3712 3805 Γνωστικοί,

2071 3859 2098 3886 ‹‹
2133 3839 2203 3891 Et
2232 3853 2438 3890 omnes
2460 3837 2766 3891 Gnosticos
2788 3840 2975 3890 semet
3000 3836 3400 3906 appellabant,
3425 3841 3481 3891 et
3503 3836 3718 3891 Valen-

2072 3927 2523 3996 tinus,inquam,
2540 3930 2598 3979 et
2619 3925 2719 3995 qui
2743 3924 2912 3979 illum
2931 3931 3368 3994 praacesserunt
3396 3925 3714 3991 Gnostici,»

2070 4020 2141 4072 Et
2167 4033 2373 4072 rursus
2406 4015 2477 4070 de
2509 4015 2757 4070 eodem:
2817 4012 2913 4074 Εἰς
2967 4011 3215 4074 πολλοὺς
3275 4012 3379 4087 γὰρ
3427 4015 3586 4075 οὗτος
3613 4016 3715 4083 τήν

2071 4105 2259 4158 ἑαυτοῦ
2319 4100 2697 4177 ὀνειροπολίαν
2753 4101 3086 4175 ἔπισπείρας,
3159 4102 3458 4156 Γνωστικὸν
3531 4103 3716 4156 ἑαυτὸν

2069 4193 2324 4255 καλέσας.
2364 4217 2392 4245 ‹‹
2425 4195 2527 4249 Hic
2559 4195 2719 4248 enim
2759 4193 2831 4248 ad
2862 4194 3082 4248 multos
3132 4211 3238 4248 sua
3289 4195 3520 4249 somnia
3550 4211 3718 4266 spar-

2073 4302 2235 4357 gens,
2271 4284 2614 4339 Gnosticum
2674 4283 2935 4354 seipsum
2967 4283 3297 4354 appellans,
3334 4306 3361 4332 »
3419 4289 3529 4339 etc.
3581 4286 3722 4340 Post

2072 4375 2468 4448 Epiphanium
2512 4374 2914 4429 Theodoretus
2963 4391 3095 4429 cum
3152 4375 3406 4430 hareses
3439 4375 3720 4445 Simonis,

307 4470 429 4519 tam
459 4463 614 4518 dabo
642 4479 656 4527 ;
689 4476 864 4514 Πεωο
903 4459 1063 4514 enim
1097 4475 1300 4513 eorum
1333 4464 1422 4513 εει
1452 4458 1551 4527 (Illi
1582 4457 1964 4512 Valentinum
1999 4517 2036 4535 η
2074 4463 2401 4531 Menandri,
2432 4463 2740 4527 Saturnili,
2775 4463 3065 4528 Basilidis,
3100 4465 3485 4535 Carpocratis,
3520 4465 3718 4519 Prodi-

307 4559 567 4609 veterem
603 4550 949 4622 opiniOnem
982 4549 1488 4604 resuscitassenon
1511 4547 1726 4602 diserte
1751 4547 1960 4602 tradat.
1994 4517 2040 4582 Β
2073 4556 2244 4626 eique
2276 4554 2596 4624 explicatas
2628 4553 2910 4616 dedisset,
2935 4550 2992 4605 ἐκ
3020 4552 3251 4620 τούτων,
3285 4553 3500 4623 inquit,
3529 4556 3716 4606 πασῶν

306 4646 570 4699 Irenzeus
601 4639 705 4694 lib.
740 4655 779 4706 ι,
813 4655 943 4708 cap.
972 4641 1038 4691 5:
1098 4660 1117 4686 ι
1153 4637 1260 4702 Qui
1294 4636 1454 4692 enim
1487 4641 1576 4690 est
1610 4636 1859 4707 primus,
1889 4635 1961 4690 ab

304 4751 373 4788 ea
405 4749 539 4802 quae
572 4729 792 4784 dicitur
820 4727 1084 4800 gnostica
1103 4727 1364 4794 haeresis,
1390 4726 1666 4796 antiquas
1697 4725 1759 4779 in
1789 4741 1962 4781 suum

305 4823 717 4877 characterem
751 4816 1051 4872 doctrinas
1083 4814 1467 4880 transferens,
1502 4814 1962 4879 Valentinus,sic

303 4909 642 4965 difﬁnivit.»
677 4906 949 4976 Antiquae
981 4904 1162 4977 igitur
1207 4903 1492 4958 doctrinae
1523 4902 1783 4967 fuerunt,
1815 4919 1961 4972 quas

301 5001 362 5055 in
395 5000 807 5054 characterem
839 5010 1012 5049 suum
1053 4992 1401 5047 Valentinus
1442 4991 1765 5046 transtulit.
1797 4991 1962 5046 Idem

296 5091 399 5146 lib.
439 5107 500 5158 ιι,
537 5105 666 5159 cap.
702 5088 802 5141 18:
838 5107 866 5136 ι(
889 5088 1022 5140 Haec
1045 5089 1243 5139 autem
1274 5099 1405 5153 quae
1437 5081 1691 5136 diximus
1719 5081 1790 5136 de
1819 5082 1964 5135 Sen-

298 5197 401 5234 sus
430 5177 510 5246 (id
546 5182 636 5233 est
663 5177 760 5229 τοῦ
783 5175 920 5245 Νοῠ)
945 5173 1287 5239 emissione,
1313 5171 1590 5226 similiter
1608 5170 1960 5225 etadversus

296 5286 400 5324 eos
435 5267 538 5338 qui
569 5283 603 5321 a
633 5263 887 5319 Basilide
929 5268 1086 5331 sunt,
1137 5265 1336 5333 aptata
1377 5265 1550 5315 sunt:
1586 5265 1644 5314 et
1682 5259 1961 5314 adversus

295 5357 569 5427 reliquos
602 5353 931 5419 Gnosticos,
985 5367 1018 5406 a
1062 5351 1276 5421 quibus
1307 5355 1364 5403 et
1394 5349 1454 5402 hi
1485 5349 1658 5402 initia
1698 5348 1961 5402 emissio-

297 5465 448 5504 num
480 5445 842 5516 accipientes
891 5441 1143 5497 convicti
1193 5445 1332 5495 sunt
1389 5441 1450 5494 in
1499 5439 1690 5510 primo
1723 5439 1894 5494 libro.
1929 5461 1958 5489 »

293 5537 760 5593 Generationem
786 5533 964 5604 igitur
979 5533 1075 5583 τοῦ
1094 5532 1288 5594 Νοῦ,οι
1307 5527 1694 5583 emissionum
1709 5528 1959 5583 aliarum

295 5627 446 5680 inita
470 5642 504 5680 a
537 5621 793 5679 Basilide
817 5627 874 5675 et
898 5619 1149 5691 reliquis
1182 5617 1473 5674 Gnosticis
1503 5617 1718 5688 accipit
1747 5616 1957 5674 Valen-

297 5714 486 5772 tinus.
520 5713 688 5771 Idem
721 5709 932 5770 eodem
962 5708 1186 5783 capite:
1222 5728 1250 5760 ‹‹
1274 5708 1354 5764 De
1381 5721 1452 5763 ea
1475 5710 1676 5764 autem
1706 5724 1838 5779 quae
1869 5715 1960 5765 est

2073 4646 2178 4697 τῶν
2215 4640 2467 4715 αἱρέσεων
2502 4641 2530 4694 ὁ
2559 4638 2871 4702 Βαλεντῖνος
2919 4635 3102 4696 λαϐὼν
3151 4640 3400 4716 ἀφορμὰς
3427 4641 3553 4701 τοὺς
3585 4641 3718 4694 ἀπε-

2069 4731 2292 4806 ράντους
2325 4731 2584 4800 σῦνέθηκε
2618 4729 2840 4802 μύθους,
2875 4754 2903 4781 ‹‹
2961 4749 3032 4786 ex
3061 4731 3153 4785 his
3197 4731 3471 4786 omnibus
3525 4732 3716 4785 haare-

2071 4822 2234 4876 sibus
2285 4821 2628 4876 Valentinus
2676 4822 2972 4892 accipiens
3030 4819 3339 4875 materiam
3365 4819 3717 4874 intermina-

2071 4909 2224 4963 biles
2253 4908 2484 4963 fabulas
2516 4910 2870 4979 composuit.
2909 4932 2935 4956 »

2141 5001 2283 5051 Cum
2315 4997 2515 5067 aliqua
2546 5015 2617 5052 ex
2637 4998 2731 5051 his
2757 4998 3101 5052 testimonia
3118 4998 3178 5051 in
3201 4997 3539 5069 Appendice
3560 4998 3723 5068 Igna-

2069 5086 2231 5139 tiana
2257 5087 2498 5139 citasset
2521 5086 2791 5140 Usserius
2809 5091 3029 5154 noster,
3055 5087 3304 5156 epistola
3327 5085 3399 5140 ad
3424 5103 3560 5140 eum
3584 5085 3724 5140 scri-

2068 5181 2169 5246 pta
2195 5173 2265 5228 ab
2291 5174 2656 5228 ﬂammondo
2690 5174 2847 5228 edita
2880 5175 3005 5228 haec
3037 5175 3303 5245 reposuit
3333 5174 3677 5229 Blondellus
3707 5206 3720 5247 ε

2072 5287 2098 5314 ‹‹
2123 5264 2325 5317 lrenaei
2357 5261 2572 5326 nostri,
2605 5279 2720 5331 quo
2779 5263 3042 5332 praaipue
3075 5262 3304 5328 niteris,
3339 5263 3524 5328 locus,
3559 5263 3718 5332 quod

2069 5367 2375 5422 nunquam
2404 5350 2630 5420 negavi,
2651 5350 2824 5404 docet
2853 5350 3223 5404 Valentinum
3247 5349 3500 5404 aliorum
3532 5367 3726 5406 exem-

2068 5442 2165 5513 plo
2199 5437 2448 5514 συζυγίας
2481 5455 2616 5494 suas
2648 5437 2966 5492 efﬁnxisse.
2997 5461 3023 5487 »
3049 5437 3421 5492 Blondellum
3454 5439 3724 5508 sequitur

2069 5531 2358 5586 Dallaaus:
2392 5551 2420 5580 ‹‹
2453 5528 2600 5583 Illud
2633 5545 2736 5600 ego
2770 5528 3010 5599 quidem
3033 5543 3104 5581 ex
3135 5528 3246 5580 hoc
3279 5528 3485 5582 lrenaai
3513 5527 3640 5584 loco
3667 5535 3725 5584 et

2069 5619 2201 5675 aliis
2231 5617 2580 5674 Theodoreti
2609 5624 2667 5673 et
2689 5618 3002 5692 Epiphanii
3034 5616 3330 5672 similibus
3357 5615 3502 5672 locis
3533 5617 3723 5690 legiti-

2066 5725 2162 5768 mo
2193 5709 2404 5767 conﬁci
2436 5713 2495 5766 et
2523 5708 2719 5784 colligi
2749 5707 3030 5784 concedo,
3062 5707 3253 5782 ipsam
3281 5722 3482 5767 rerum
3515 5707 3718 5768 silvam
