  <div class='ocr_page' id='page_1' title='image "/cluster/home/n/w/nwhite01/storage/ocr_20150623/5/mdp.39015015401063/175.png"; bbox 0 0 4064 6134; ppageno 0'>
   <div class='ocr_carea' id='block_1_1' title="bbox 323 248 439 310">
    <p class='ocr_par' dir='ltr' id='par_1_1' title="bbox 323 248 439 310">
     <span class='ocr_line' id='line_1_1' title="bbox 323 248 439 310; baseline -0.026 -1"><span class='ocrx_word' id='word_1_1' title='bbox 323 248 439 310; x_wconf 86' lang='grc'>323</span> 
     </span>
    </p>
   </div>
   <div class='ocr_carea' id='block_1_2' title="bbox 1388 238 2684 309">
    <p class='ocr_par' dir='ltr' id='par_1_2' title="bbox 1388 238 2684 309">
     <span class='ocr_line' id='line_1_2' title="bbox 1388 238 2684 309; baseline 0.007 -9"><span class='ocrx_word' id='word_1_2' title='bbox 1388 238 1452 300; x_wconf 88' lang='lat' dir='ltr'>S.</span> <span class='ocrx_word' id='word_1_3' title='bbox 1498 238 1899 302; x_wconf 71' lang='lat' dir='ltr'>IGNATIFS.</span> <span class='ocrx_word' id='word_1_4' title='bbox 1948 273 2024 288; x_wconf 89' lang='lat'>—</span> <span class='ocrx_word' id='word_1_5' title='bbox 2067 242 2684 309; x_wconf 79' lang='lat' dir='ltr'>PROLEGOMENA.</span> 
     </span>
    </p>
   </div>
   <div class='ocr_carea' id='block_1_3' title="bbox 3614 252 3731 314">
    <p class='ocr_par' dir='ltr' id='par_1_3' title="bbox 3614 252 3731 314">
     <span class='ocr_line' id='line_1_3' title="bbox 3614 252 3731 314; baseline 0.009 -1"><span class='ocrx_word' id='word_1_6' title='bbox 3614 252 3731 314; x_wconf 68' lang='lat'><strong>324</strong></span> 
     </span>
    </p>
   </div>
   <div class='ocr_carea' id='block_1_4' title="bbox 318 374 3728 457">
    <p class='ocr_par' dir='ltr' id='par_1_4' title="bbox 318 374 3728 457">
     <span class='ocr_line' id='line_1_4' title="bbox 318 374 3728 457; baseline 0.001 -18"><span class='ocrx_word' id='word_1_7' title='bbox 318 387 497 454; x_wconf 89' lang='lat' dir='ltr'>atque</span> <span class='ocrx_word' id='word_1_8' title='bbox 528 379 856 447; x_wconf 80' lang='lat' dir='ltr'>materiam,</span> <span class='ocrx_word' id='word_1_9' title='bbox 887 394 957 433; x_wconf 79' lang='lat' dir='ltr'>ex</span> <span class='ocrx_word' id='word_1_10' title='bbox 987 392 1104 449; x_wconf 92' lang='lat' dir='ltr'>qua</span> <span class='ocrx_word' id='word_1_11' title='bbox 1134 374 1482 432; x_wconf 84' lang='lat' dir='ltr'>Valentinus</span> <span class='ocrx_word' id='word_1_12' title='bbox 1505 389 1611 429; x_wconf 91' lang='lat' dir='ltr'>sua</span> <span class='ocrx_word' id='word_1_13' title='bbox 1634 375 1968 445; x_wconf 87' lang='lat' dir='ltr'>composuit</span> <span class='ocrx_word' id='word_1_14' title='bbox 1997 379 2049 445; x_wconf 83' lang='grc' dir='ltr'><strong>Α</strong></span> <span class='ocrx_word' id='word_1_15' title='bbox 2078 377 2193 434; x_wconf 81' lang='lat' dir='ltr'>illae</span> <span class='ocrx_word' id='word_1_16' title='bbox 2225 380 2645 453; x_wconf 68' lang='lat' dir='ltr'>syzygim,quas</span> <span class='ocrx_word' id='word_1_17' title='bbox 2675 382 2925 439; x_wconf 89' lang='lat' dir='ltr'>aliorum</span> <span class='ocrx_word' id='word_1_18' title='bbox 2956 383 3225 457; x_wconf 83' lang='lat' dir='ltr'>exemplo</span> <span class='ocrx_word' id='word_1_19' title='bbox 3260 401 3398 441; x_wconf 90' lang='lat' dir='ltr'>eum</span> <span class='ocrx_word' id='word_1_20' title='bbox 3425 383 3728 443; x_wconf 81' lang='lat' dir='ltr'>efﬁnxisse</span> 
     </span>
    </p>
   </div>
   <div class='ocr_carea' id='block_1_5' title="bbox 312 464 1962 544">
    <p class='ocr_par' dir='ltr' id='par_1_5' title="bbox 312 464 1962 544">
     <span class='ocr_line' id='line_1_5' title="bbox 312 464 1962 544; baseline -0.005 -17"><span class='ocrx_word' id='word_1_21' title='bbox 312 472 441 544; x_wconf 90' lang='lat' dir='ltr'>jam</span> <span class='ocrx_word' id='word_1_22' title='bbox 473 469 629 542; x_wconf 89' lang='lat' dir='ltr'>apud</span> <span class='ocrx_word' id='word_1_23' title='bbox 658 468 1006 523; x_wconf 79' lang='lat' dir='ltr'>vetustiores</span> <span class='ocrx_word' id='word_1_24' title='bbox 1036 464 1251 537; x_wconf 80' lang='lat' dir='ltr'>partim</span> <span class='ocrx_word' id='word_1_25' title='bbox 1284 464 1587 519; x_wconf 86' lang='lat' dir='ltr'>Gnosticos</span> <span class='ocrx_word' id='word_1_26' title='bbox 1632 464 1962 531; x_wconf 64' lang='lat' dir='ltr'>haereticos,</span> 
     </span>
    </p>
   </div>
   <div class='ocr_carea' id='block_1_6' title="bbox 319 552 1967 633">
    <p class='ocr_par' dir='ltr' id='par_1_6' title="bbox 319 552 1967 633">
     <span class='ocr_line' id='line_1_6' title="bbox 319 552 1967 633; baseline -0.005 -18"><span class='ocrx_word' id='word_1_27' title='bbox 319 561 539 633; x_wconf 81' lang='lat' dir='ltr'><strong>partim</strong></span> <span class='ocrx_word' id='word_1_28' title='bbox 562 559 740 613; x_wconf 91' lang='lat' dir='ltr'>etiam</span> <span class='ocrx_word' id='word_1_29' title='bbox 772 561 976 627; x_wconf 89' lang='lat' dir='ltr'>poetas</span> <span class='ocrx_word' id='word_1_30' title='bbox 996 561 1098 610; x_wconf 84' lang='lat' dir='ltr'>aut</span> <span class='ocrx_word' id='word_1_31' title='bbox 1120 554 1502 625; x_wconf 87' lang='lat' dir='ltr'>philosophos</span> <span class='ocrx_word' id='word_1_32' title='bbox 1525 552 1793 607; x_wconf 84' lang='lat' dir='ltr'>ethnicos</span> <span class='ocrx_word' id='word_1_33' title='bbox 1821 552 1967 608; x_wconf 90' lang='lat' dir='ltr'>fuis-</span> 
     </span>
    </p>
   </div>
   <div class='ocr_carea' id='block_1_7' title="bbox 321 642 1967 715">
    <p class='ocr_par' dir='ltr' id='par_1_7' title="bbox 321 642 1967 715">
     <span class='ocr_line' id='line_1_7' title="bbox 321 642 1967 715; baseline -0.004 -11"><span class='ocrx_word' id='word_1_34' title='bbox 321 666 406 705; x_wconf 90' lang='lat' dir='ltr'>se.</span> <span class='ocrx_word' id='word_1_35' title='bbox 440 670 468 699; x_wconf 84' lang='grc'><strong>››</strong></span> <span class='ocrx_word' id='word_1_36' title='bbox 502 648 797 702; x_wconf 82' lang='lat' dir='ltr'>Habemus</span> <span class='ocrx_word' id='word_1_37' title='bbox 827 645 1007 715; x_wconf 81' lang='lat' dir='ltr'>igitur</span> <span class='ocrx_word' id='word_1_38' title='bbox 1034 644 1144 699; x_wconf 89' lang='lat' dir='ltr'>hoc</span> <span class='ocrx_word' id='word_1_39' title='bbox 1176 642 1247 698; x_wconf 87' lang='lat' dir='ltr'>ab</span> <span class='ocrx_word' id='word_1_40' title='bbox 1301 642 1420 697; x_wconf 80' lang='lat' dir='ltr'>illis</span> <span class='ocrx_word' id='word_1_41' title='bbox 1450 658 1821 709; x_wconf 90' lang='lat' dir='ltr'>concessum,</span> <span class='ocrx_word' id='word_1_42' title='bbox 1856 644 1967 697; x_wconf 93' lang='lat' dir='ltr'>Va-</span> 
     </span>
    </p>
   </div>
   <div class='ocr_carea' id='block_1_8' title="bbox 314 729 1967 803">
    <p class='ocr_par' dir='ltr' id='par_1_8' title="bbox 314 729 1967 803">
     <span class='ocr_line' id='line_1_8' title="bbox 314 729 1967 803; baseline -0.006 -9"><span class='ocrx_word' id='word_1_43' title='bbox 314 737 612 794; x_wconf 89' lang='lat' dir='ltr'>lentinum</span> <span class='ocrx_word' id='word_1_44' title='bbox 645 735 900 791; x_wconf 88' lang='lat' dir='ltr'>aliorum</span> <span class='ocrx_word' id='word_1_45' title='bbox 934 731 1204 803; x_wconf 86' lang='lat' dir='ltr'>exemplo</span> <span class='ocrx_word' id='word_1_46' title='bbox 1235 730 1495 802; x_wconf 81' lang='lat' dir='ltr'>syzygias</span> <span class='ocrx_word' id='word_1_47' title='bbox 1527 729 1846 795; x_wconf 82' lang='lat' dir='ltr'>effinxisse,</span> <span class='ocrx_word' id='word_1_48' title='bbox 1882 731 1967 802; x_wconf 89' lang='lat' dir='ltr'>ip-</span> 
     </span>
    </p>
   </div>
   <div class='ocr_carea' id='block_1_9' title="bbox 317 818 1965 897">
    <p class='ocr_par' dir='ltr' id='par_1_9' title="bbox 317 818 1965 897">
     <span class='ocr_line' id='line_1_9' title="bbox 317 818 1965 897; baseline -0.005 -15"><span class='ocrx_word' id='word_1_49' title='bbox 317 842 564 897; x_wconf 89' lang='lat' dir='ltr'>samque</span> <span class='ocrx_word' id='word_1_50' title='bbox 596 840 794 879; x_wconf 91' lang='lat' dir='ltr'>rerum</span> <span class='ocrx_word' id='word_1_51' title='bbox 828 822 1033 877; x_wconf 85' lang='lat' dir='ltr'>silvam</span> <span class='ocrx_word' id='word_1_52' title='bbox 1082 826 1257 890; x_wconf 88' lang='lat' dir='ltr'>atque</span> <span class='ocrx_word' id='word_1_53' title='bbox 1287 818 1601 874; x_wconf 85' lang='lat' dir='ltr'>materiam</span> <span class='ocrx_word' id='word_1_54' title='bbox 1629 837 1662 873; x_wconf 90' lang='lat' dir='ltr'>a</span> <span class='ocrx_word' id='word_1_55' title='bbox 1690 820 1965 875; x_wconf 90' lang='lat' dir='ltr'>vetustio-</span> 
     </span>
    </p>
   </div>
   <div class='ocr_carea' id='block_1_10' title="bbox 310 908 1963 980">
    <p class='ocr_par' dir='ltr' id='par_1_10' title="bbox 310 908 1963 980">
     <span class='ocr_line' id='line_1_10' title="bbox 310 908 1963 980; baseline -0.005 -9"><span class='ocrx_word' id='word_1_56' title='bbox 310 916 475 971; x_wconf 90' lang='lat' dir='ltr'>ribus</span> <span class='ocrx_word' id='word_1_57' title='bbox 506 913 798 971; x_wconf 88' lang='lat' dir='ltr'>Gnosticis</span> <span class='ocrx_word' id='word_1_58' title='bbox 866 910 1154 966; x_wconf 87' lang='lat' dir='ltr'>hausisse.</span> <span class='ocrx_word' id='word_1_59' title='bbox 1216 909 1411 964; x_wconf 90' lang='lat' dir='ltr'>Potuit</span> <span class='ocrx_word' id='word_1_60' title='bbox 1449 908 1651 979; x_wconf 86' lang='lat' dir='ltr'>itaque</span> <span class='ocrx_word' id='word_1_61' title='bbox 1700 909 1963 980; x_wconf 88' lang='lat' dir='ltr'>Ignatius</span> 
     </span>
    </p>
   </div>
   <div class='ocr_carea' id='block_1_11' title="bbox 310 1007 1964 1078">
    <p class='ocr_par' dir='ltr' id='par_1_11' title="bbox 310 1007 1964 1078">
     <span class='ocr_line' id='line_1_11' title="bbox 310 1007 1964 1078; baseline -0.005 -9"><span class='ocrx_word' id='word_1_62' title='bbox 310 1031 484 1069; x_wconf 89' lang='lat' dir='ltr'>verus</span> <span class='ocrx_word' id='word_1_63' title='bbox 513 1013 587 1068; x_wconf 91' lang='lat' dir='ltr'>ad</span> <span class='ocrx_word' id='word_1_64' title='bbox 617 1028 749 1067; x_wconf 90' lang='lat' dir='ltr'>eam</span> <span class='ocrx_word' id='word_1_65' title='bbox 782 1009 1034 1065; x_wconf 74' lang='lat' dir='ltr'>haaresin</span> <span class='ocrx_word' id='word_1_66' title='bbox 1067 1007 1358 1071; x_wconf 83' lang='lat' dir='ltr'>alludere,</span> <span class='ocrx_word' id='word_1_67' title='bbox 1391 1023 1569 1078; x_wconf 90' lang='lat' dir='ltr'>quam</span> <span class='ocrx_word' id='word_1_68' title='bbox 1600 1012 1807 1078; x_wconf 88' lang='lat' dir='ltr'>postea</span> <span class='ocrx_word' id='word_1_69' title='bbox 1836 1022 1964 1062; x_wconf 91' lang='lat' dir='ltr'>am-</span> 
     </span>
    </p>
   </div>
   <div class='ocr_carea' id='block_1_12' title="bbox 312 1095 1962 1175">
    <p class='ocr_par' dir='ltr' id='par_1_12' title="bbox 312 1095 1962 1175">
     <span class='ocr_line' id='line_1_12' title="bbox 312 1095 1962 1175; baseline -0.005 -16"><span class='ocrx_word' id='word_1_70' title='bbox 312 1104 527 1175; x_wconf 84' lang='lat' dir='ltr'>plexus</span> <span class='ocrx_word' id='word_1_71' title='bbox 558 1118 684 1157; x_wconf 90' lang='lat' dir='ltr'>esse</span> <span class='ocrx_word' id='word_1_72' title='bbox 716 1100 932 1155; x_wconf 89' lang='lat' dir='ltr'>dicitur</span> <span class='ocrx_word' id='word_1_73' title='bbox 962 1098 1330 1165; x_wconf 86' lang='lat' dir='ltr'>Valentinus,</span> <span class='ocrx_word' id='word_1_74' title='bbox 1362 1096 1409 1151; x_wconf 90' lang='lat' dir='ltr'>si</span> <span class='ocrx_word' id='word_1_75' title='bbox 1460 1095 1667 1151; x_wconf 84' lang='lat' dir='ltr'>silvam</span> <span class='ocrx_word' id='word_1_76' title='bbox 1695 1100 1751 1150; x_wconf 88' lang='lat' dir='ltr'>et</span> <span class='ocrx_word' id='word_1_77' title='bbox 1780 1101 1962 1151; x_wconf 84' lang='lat' dir='ltr'>mate-</span> 
     </span>
    </p>
   </div>
   <div class='ocr_carea' id='block_1_13' title="bbox 309 1185 1962 1263">
    <p class='ocr_par' dir='ltr' id='par_1_13' title="bbox 309 1185 1962 1263">
     <span class='ocr_line' id='line_1_13' title="bbox 309 1185 1962 1263; baseline -0.005 -14"><span class='ocrx_word' id='word_1_78' title='bbox 309 1195 461 1248; x_wconf 71' lang='lat' dir='ltr'>riam</span> <span class='ocrx_word' id='word_1_79' title='bbox 481 1191 610 1263; x_wconf 87' lang='lat' dir='ltr'>ejus</span> <span class='ocrx_word' id='word_1_80' title='bbox 632 1194 862 1261; x_wconf 87' lang='lat' dir='ltr'>spectes</span> <span class='ocrx_word' id='word_1_81' title='bbox 888 1206 901 1256; x_wconf 90' lang='lat'><strong>;</strong></span> <span class='ocrx_word' id='word_1_82' title='bbox 926 1204 996 1243; x_wconf 91' lang='lat' dir='ltr'>ea</span> <span class='ocrx_word' id='word_1_83' title='bbox 1015 1187 1175 1241; x_wconf 92' lang='lat' dir='ltr'>enim</span> <span class='ocrx_word' id='word_1_84' title='bbox 1196 1187 1492 1241; x_wconf 70' lang='lat' dir='ltr'>haereseos</span> <span class='ocrx_word' id='word_1_85' title='bbox 1523 1185 1773 1240; x_wconf 89' lang='lat' dir='ltr'>materia</span> <span class='ocrx_word' id='word_1_86' title='bbox 1790 1190 1962 1240; x_wconf 75' lang='lat' dir='ltr'>aetate</span> 
     </span>
    </p>
   </div>
   <div class='ocr_carea' id='block_1_14' title="bbox 304 1273 1957 1355">
    <p class='ocr_par' dir='ltr' id='par_1_14' title="bbox 304 1273 1957 1355">
     <span class='ocr_line' id='line_1_14' title="bbox 304 1273 1957 1355; baseline -0.006 -17"><span class='ocrx_word' id='word_1_87' title='bbox 304 1282 515 1355; x_wconf 88' lang='lat' dir='ltr'>Ignatii</span> <span class='ocrx_word' id='word_1_88' title='bbox 533 1297 568 1336; x_wconf 92' lang='lat' dir='ltr'>a</span> <span class='ocrx_word' id='word_1_89' title='bbox 587 1277 1005 1334; x_wconf 82' lang='lat' dir='ltr'>vetustioribus</span> <span class='ocrx_word' id='word_1_90' title='bbox 1029 1273 1316 1331; x_wconf 87' lang='lat' dir='ltr'>Gnosticis</span> <span class='ocrx_word' id='word_1_91' title='bbox 1346 1273 1719 1345; x_wconf 72' lang='lat' dir='ltr'>promulgata</span> <span class='ocrx_word' id='word_1_92' title='bbox 1743 1274 1957 1329; x_wconf 86' lang='lat' dir='ltr'>fuerat.</span> 
     </span>
    </p>
   </div>
   <div class='ocr_carea' id='block_1_15' title="bbox 303 1362 1950 1442">
    <p class='ocr_par' dir='ltr' id='par_1_15' title="bbox 303 1362 1950 1442">
     <span class='ocr_line' id='line_1_15' title="bbox 303 1362 1950 1442; baseline -0.007 -15"><span class='ocrx_word' id='word_1_93' title='bbox 303 1374 495 1442; x_wconf 84' lang='lat' dir='ltr'>Atque</span> <span class='ocrx_word' id='word_1_94' title='bbox 526 1371 814 1425; x_wconf 88' lang='lat' dir='ltr'>hactenus</span> <span class='ocrx_word' id='word_1_95' title='bbox 843 1365 1268 1421; x_wconf 89' lang='lat' dir='ltr'>consentimus.</span> <span class='ocrx_word' id='word_1_96' title='bbox 1299 1364 1367 1419; x_wconf 91' lang='lat' dir='ltr'>In</span> <span class='ocrx_word' id='word_1_97' title='bbox 1414 1362 1521 1418; x_wconf 89' lang='lat' dir='ltr'>illa</span> <span class='ocrx_word' id='word_1_98' title='bbox 1550 1369 1749 1417; x_wconf 90' lang='lat' dir='ltr'>autem</span> <span class='ocrx_word' id='word_1_99' title='bbox 1782 1363 1950 1432; x_wconf 86' lang='lat' dir='ltr'>silva,</span> 
     </span>
    </p>
   </div>
   <div class='ocr_carea' id='block_1_16' title="bbox 305 1452 1957 1527">
    <p class='ocr_par' dir='ltr' id='par_1_16' title="bbox 305 1452 1957 1527">
     <span class='ocr_line' id='line_1_16' title="bbox 305 1452 1957 1527; baseline -0.005 -13"><span class='ocrx_word' id='word_1_100' title='bbox 305 1460 462 1516; x_wconf 89' lang='lat' dir='ltr'>inter</span> <span class='ocrx_word' id='word_1_101' title='bbox 491 1458 875 1516; x_wconf 85' lang='lat' dir='ltr'>velustiorum</span> <span class='ocrx_word' id='word_1_102' title='bbox 906 1455 1167 1527; x_wconf 83' lang='lat' dir='ltr'>syzygias</span> <span class='ocrx_word' id='word_1_103' title='bbox 1196 1452 1443 1524; x_wconf 86' lang='lat' dir='ltr'>reperiri</span> <span class='ocrx_word' id='word_1_104' title='bbox 1476 1456 1800 1523; x_wconf 89' lang='lat' dir='ltr'>potuerunt</span> <span class='ocrx_word' id='word_1_105' title='bbox 1828 1454 1957 1507; x_wconf 76' lang='lat' dir='ltr'>1E0-</span> 
     </span>
    </p>
   </div>
   <div class='ocr_carea' id='block_1_17' title="bbox 304 1541 1955 1619">
    <p class='ocr_par' dir='ltr' id='par_1_17' title="bbox 304 1541 1955 1619">
     <span class='ocr_line' id='line_1_17' title="bbox 304 1541 1955 1619; baseline -0.005 -15"><span class='ocrx_word' id='word_1_106' title='bbox 304 1566 412 1604; x_wconf 88' lang='lat' dir='ltr'>nes</span> <span class='ocrx_word' id='word_1_107' title='bbox 448 1548 558 1617; x_wconf 87' lang='lat' dir='ltr'>illi,</span> <span class='ocrx_word' id='word_1_108' title='bbox 592 1564 740 1619; x_wconf 91' lang='lat' dir='ltr'>quos</span> <span class='ocrx_word' id='word_1_109' title='bbox 761 1545 1096 1617; x_wconf 76' lang='lat' dir='ltr'>respexisse</span> <span class='ocrx_word' id='word_1_110' title='bbox 1116 1543 1320 1598; x_wconf 90' lang='lat' dir='ltr'>volunt</span> <span class='ocrx_word' id='word_1_111' title='bbox 1340 1541 1606 1614; x_wconf 82' lang='lat' dir='ltr'>epistolae</span> <span class='ocrx_word' id='word_1_112' title='bbox 1628 1546 1955 1610; x_wconf 87' lang='lat' dir='ltr'>auctorem,</span> 
     </span>
    </p>
   </div>
   <div class='ocr_carea' id='block_1_18' title="bbox 308 1634 1016 1710">
    <p class='ocr_par' dir='ltr' id='par_1_18' title="bbox 308 1634 1016 1710">
     <span class='ocr_line' id='line_1_18' title="bbox 308 1634 1016 1710; baseline -0.01 -15"><span class='ocrx_word' id='word_1_113' title='bbox 308 1640 439 1710; x_wconf 91' lang='lat' dir='ltr'>Sige</span> <span class='ocrx_word' id='word_1_114' title='bbox 471 1637 698 1694; x_wconf 88' lang='lat' dir='ltr'>scilicet</span> <span class='ocrx_word' id='word_1_115' title='bbox 728 1641 787 1691; x_wconf 89' lang='lat' dir='ltr'>et</span> <span class='ocrx_word' id='word_1_116' title='bbox 814 1634 1016 1706; x_wconf 87' lang='lat' dir='ltr'>Logos,</span> 
     </span>
    </p>
   </div>
   <div class='ocr_carea' id='block_1_19' title="bbox 2072 469 3731 547">
    <p class='ocr_par' dir='ltr' id='par_1_19' title="bbox 2072 469 3731 547">
     <span class='ocr_line' id='line_1_19' title="bbox 2072 469 3731 547; baseline 0.007 -26"><span class='ocrx_word' id='word_1_117' title='bbox 2072 469 2293 524; x_wconf 82' lang='lat' dir='ltr'>fatetur</span> <span class='ocrx_word' id='word_1_118' title='bbox 2318 470 2654 526; x_wconf 89' lang='lat' dir='ltr'>Blondellus</span> <span class='ocrx_word' id='word_1_119' title='bbox 2670 472 2697 527; x_wconf 71' lang='lat'>‘2</span> <span class='ocrx_word' id='word_1_120' title='bbox 2718 473 2816 528; x_wconf 91' lang='lat' dir='ltr'>ubi</span> <span class='ocrx_word' id='word_1_121' title='bbox 2849 473 2951 529; x_wconf 92' lang='lat' dir='ltr'>illa</span> <span class='ocrx_word' id='word_1_122' title='bbox 2981 474 3128 529; x_wconf 84' lang='lat' dir='ltr'>silva</span> <span class='ocrx_word' id='word_1_123' title='bbox 3157 480 3215 529; x_wconf 91' lang='lat' dir='ltr'>et</span> <span class='ocrx_word' id='word_1_124' title='bbox 3237 477 3589 545; x_wconf 82' lang='lat' dir='ltr'>materia,ex</span> <span class='ocrx_word' id='word_1_125' title='bbox 3613 493 3731 547; x_wconf 91' lang='lat' dir='ltr'>qua</span> 
     </span>
    </p>
   </div>
   <div class='ocr_carea' id='block_1_20' title="bbox 2076 557 3730 637">
    <p class='ocr_par' dir='ltr' id='par_1_20' title="bbox 2076 557 3730 637">
     <span class='ocr_line' id='line_1_20' title="bbox 2076 557 3730 637; baseline 0.006 -25"><span class='ocrx_word' id='word_1_126' title='bbox 2076 573 2182 613; x_wconf 88' lang='lat' dir='ltr'>sua</span> <span class='ocrx_word' id='word_1_127' title='bbox 2212 557 2313 613; x_wconf 88' lang='lat' dir='ltr'>ille</span> <span class='ocrx_word' id='word_1_128' title='bbox 2345 561 2698 631; x_wconf 89' lang='lat' dir='ltr'>composuit,</span> <span class='ocrx_word' id='word_1_129' title='bbox 2754 562 3003 618; x_wconf 85' lang='lat' dir='ltr'>docente</span> <span class='ocrx_word' id='word_1_130' title='bbox 3062 563 3281 619; x_wconf 71' lang='lat' dir='ltr'>Dallaio</span> <span class='ocrx_word' id='word_1_131' title='bbox 3302 566 3328 618; x_wconf 69' lang='grc' dir='ltr'><strong><em>Ὺ</em></strong></span> <span class='ocrx_word' id='word_1_132' title='bbox 3387 570 3489 620; x_wconf 86' lang='lat' dir='ltr'>aut</span> <span class='ocrx_word' id='word_1_133' title='bbox 3521 566 3665 637; x_wconf 90' lang='lat' dir='ltr'>quid</span> <span class='ocrx_word' id='word_1_134' title='bbox 3695 583 3730 623; x_wconf 92' lang='lat' dir='ltr'>a</span> 
     </span>
    </p>
   </div>
   <div class='ocr_carea' id='block_1_21' title="bbox 2074 647 3726 723">
    <p class='ocr_par' dir='ltr' id='par_1_21' title="bbox 2074 647 3726 723">
     <span class='ocr_line' id='line_1_21' title="bbox 2074 647 3726 723; baseline 0.007 -23"><span class='ocrx_word' id='word_1_135' title='bbox 2074 647 2363 703; x_wconf 89' lang='lat' dir='ltr'>Gnosticis</span> <span class='ocrx_word' id='word_1_136' title='bbox 2387 649 2603 717; x_wconf 87' lang='lat' dir='ltr'>hausit,</span> <span class='ocrx_word' id='word_1_137' title='bbox 2628 650 2677 704; x_wconf 90' lang='lat' dir='ltr'>si</span> <span class='ocrx_word' id='word_1_138' title='bbox 2710 651 2894 723; x_wconf 89' lang='lat' dir='ltr'>ipsius</span> <span class='ocrx_word' id='word_1_139' title='bbox 2919 653 3227 709; x_wconf 85' lang='lat' dir='ltr'>character</span> <span class='ocrx_word' id='word_1_140' title='bbox 3250 654 3726 712; x_wconf 89' lang='lat' dir='ltr'>combinatioues</span> 
     </span>
    </p>
   </div>
   <div class='ocr_carea' id='block_1_22' title="bbox 2071 741 3405 814">
    <p class='ocr_par' dir='ltr' id='par_1_22' title="bbox 2071 741 3405 814">
     <span class='ocr_line' id='line_1_22' title="bbox 2071 741 3405 814; baseline 0.005 -24"><span class='ocrx_word' id='word_1_141' title='bbox 2071 752 2279 791; x_wconf 90' lang='lat' dir='ltr'>omnes</span> <span class='ocrx_word' id='word_1_142' title='bbox 2310 742 2612 809; x_wconf 87' lang='lat' dir='ltr'>totamque</span> <span class='ocrx_word' id='word_1_143' title='bbox 2645 741 3077 813; x_wconf 70' lang='lat' dir='ltr'>mataeologiam</span> <span class='ocrx_word' id='word_1_144' title='bbox 3108 742 3405 814; x_wconf 87' lang='lat' dir='ltr'>protulit?</span> 
     </span>
    </p>
   </div>
   <div class='ocr_carea' id='block_1_23' title="bbox 2144 826 3724 889">
    <p class='ocr_par' dir='ltr' id='par_1_23' title="bbox 2144 826 3724 889">
     <span class='ocr_line' id='line_1_23' title="bbox 2144 826 3724 889; baseline 0.005 -10"><span class='ocrx_word' id='word_1_145' title='bbox 2144 826 2254 880; x_wconf 89' lang='lat' dir='ltr'>Sed</span> <span class='ocrx_word' id='word_1_146' title='bbox 2312 827 2517 882; x_wconf 89' lang='lat' dir='ltr'>relicta</span> <span class='ocrx_word' id='word_1_147' title='bbox 2556 831 2995 886; x_wconf 80' lang='lat' dir='ltr'>concertatione</span> <span class='ocrx_word' id='word_1_148' title='bbox 3045 832 3401 887; x_wconf 88' lang='lat' dir='ltr'>sententiam</span> <span class='ocrx_word' id='word_1_149' title='bbox 3456 837 3724 889; x_wconf 90' lang='lat' dir='ltr'>nostram</span> 
     </span>
    </p>
   </div>
   <div class='ocr_carea' id='block_1_24' title="bbox 2070 914 3730 990">
    <p class='ocr_par' dir='ltr' id='par_1_24' title="bbox 2070 914 3730 990">
     <span class='ocr_line' id='line_1_24' title="bbox 2070 914 3730 990; baseline 0.005 -23"><span class='ocrx_word' id='word_1_150' title='bbox 2070 914 2455 984; x_wconf 87' lang='lat' dir='ltr'>conﬁrmabo,</span> <span class='ocrx_word' id='word_1_151' title='bbox 2501 916 2931 988; x_wconf 82' lang='lat' dir='ltr'>ostendamque</span> <span class='ocrx_word' id='word_1_152' title='bbox 2972 919 3183 990; x_wconf 91' lang='lat' dir='ltr'>primo,</span> <span class='ocrx_word' id='word_1_153' title='bbox 3233 920 3512 976; x_wconf 91' lang='lat' dir='ltr'>adversus</span> <span class='ocrx_word' id='word_1_154' title='bbox 3558 921 3730 977; x_wconf 91' lang='lat' dir='ltr'>Blon-</span> 
     </span>
    </p>
   </div>
   <div class='ocr_carea' id='block_1_25' title="bbox 2070 1001 3729 1082">
    <p class='ocr_par' dir='ltr' id='par_1_25' title="bbox 2070 1001 3729 1082">
     <span class='ocr_line' id='line_1_25' title="bbox 2070 1001 3729 1082; baseline 0.005 -26"><span class='ocrx_word' id='word_1_155' title='bbox 2070 1001 2316 1066; x_wconf 90' lang='lat' dir='ltr'>dellum,</span> <span class='ocrx_word' id='word_1_156' title='bbox 2348 1005 2603 1075; x_wconf 89' lang='lat' dir='ltr'>primam</span> <span class='ocrx_word' id='word_1_157' title='bbox 2656 1005 2947 1063; x_wconf 87' lang='lat' dir='ltr'>Valentini</span> <span class='ocrx_word' id='word_1_158' title='bbox 2991 1008 3519 1075; x_wconf 89' lang='lat' dir='ltr'>combinationem,</span> <span class='ocrx_word' id='word_1_159' title='bbox 3554 1010 3729 1082; x_wconf 86' lang='lat' dir='ltr'>Bythi</span> 
     </span>
    </p>
   </div>
   <div class='ocr_carea' id='block_1_26' title="bbox 2068 1093 3729 1168">
    <p class='ocr_par' dir='ltr' id='par_1_26' title="bbox 2068 1093 3729 1168">
     <span class='ocr_line' id='line_1_26' title="bbox 2068 1093 3729 1168; baseline 0.006 -21"><span class='ocrx_word' id='word_1_160' title='bbox 2068 1093 2297 1149; x_wconf 88' lang='lat' dir='ltr'>scilicet</span> <span class='ocrx_word' id='word_1_161' title='bbox 2326 1101 2386 1150; x_wconf 90' lang='lat' dir='ltr'>et</span> <span class='ocrx_word' id='word_1_162' title='bbox 2435 1096 2618 1168; x_wconf 87' lang='lat' dir='ltr'>Siges,</span> <span class='ocrx_word' id='word_1_163' title='bbox 2651 1097 2834 1153; x_wconf 86' lang='lat' dir='ltr'>fuisse</span> <span class='ocrx_word' id='word_1_164' title='bbox 2881 1115 2917 1154; x_wconf 91' lang='lat' dir='ltr'>a</span> <span class='ocrx_word' id='word_1_165' title='bbox 2964 1101 3382 1156; x_wconf 82' lang='lat' dir='ltr'>vetustioribus</span> <span class='ocrx_word' id='word_1_166' title='bbox 3431 1102 3729 1157; x_wconf 89' lang='lat' dir='ltr'>Gnosticis</span> 
     </span>
    </p>
   </div>
   <div class='ocr_carea' id='block_1_27' title="bbox 2067 1183 3727 1263">
    <p class='ocr_par' dir='ltr' id='par_1_27' title="bbox 2067 1183 3727 1263">
     <span class='ocr_line' id='line_1_27' title="bbox 2067 1183 3727 1263; baseline 0.006 -26"><span class='ocrx_word' id='word_1_167' title='bbox 2067 1183 2341 1239; x_wconf 90' lang='lat' dir='ltr'>haustam</span> <span class='ocrx_word' id='word_1_168' title='bbox 2362 1201 2376 1250; x_wconf 90' lang='lat'><strong>;</strong></span> <span class='ocrx_word' id='word_1_169' title='bbox 2398 1187 2680 1253; x_wconf 89' lang='lat' dir='ltr'>secundo,</span> <span class='ocrx_word' id='word_1_170' title='bbox 2699 1188 2981 1243; x_wconf 89' lang='lat' dir='ltr'>adversus</span> <span class='ocrx_word' id='word_1_171' title='bbox 3008 1188 3311 1258; x_wconf 75' lang='lat' dir='ltr'>Dallmum,</span> <span class='ocrx_word' id='word_1_172' title='bbox 3328 1191 3521 1263; x_wconf 88' lang='lat' dir='ltr'>Logon</span> <span class='ocrx_word' id='word_1_173' title='bbox 3543 1192 3727 1247; x_wconf 90' lang='lat' dir='ltr'>etiam</span> 
     </span>
    </p>
   </div>
   <div class='ocr_carea' id='block_1_28' title="bbox 2065 1273 3725 1352">
    <p class='ocr_par' dir='ltr' id='par_1_28' title="bbox 2065 1273 3725 1352">
     <span class='ocr_line' id='line_1_28' title="bbox 2065 1273 3725 1352; baseline 0.007 -25"><span class='ocrx_word' id='word_1_174' title='bbox 2065 1273 2247 1329; x_wconf 91' lang='lat' dir='ltr'>fuisse</span> <span class='ocrx_word' id='word_1_175' title='bbox 2274 1291 2307 1330; x_wconf 85' lang='lat' dir='ltr'>a</span> <span class='ocrx_word' id='word_1_176' title='bbox 2337 1278 2422 1331; x_wconf 89' lang='lat' dir='ltr'>Nu</span> <span class='ocrx_word' id='word_1_177' title='bbox 2454 1277 2830 1348; x_wconf 89' lang='lat' dir='ltr'>productum,</span> <span class='ocrx_word' id='word_1_178' title='bbox 2855 1281 3009 1349; x_wconf 89' lang='lat' dir='ltr'>quia</span> <span class='ocrx_word' id='word_1_179' title='bbox 3031 1281 3162 1352; x_wconf 84' lang='lat' dir='ltr'>Sige</span> <span class='ocrx_word' id='word_1_180' title='bbox 3186 1281 3443 1337; x_wconf 90' lang='lat' dir='ltr'>emissus</span> <span class='ocrx_word' id='word_1_181' title='bbox 3474 1288 3583 1350; x_wconf 88' lang='lat' dir='ltr'>est,</span> <span class='ocrx_word' id='word_1_182' title='bbox 3617 1299 3725 1338; x_wconf 87' lang='lat' dir='ltr'>se-</span> 
     </span>
    </p>
   </div>
   <div class='ocr_carea' id='block_1_29' title="bbox 2069 1365 3728 1443">
    <p class='ocr_par' dir='ltr' id='par_1_29' title="bbox 2069 1365 3728 1443">
     <span class='ocr_line' id='line_1_29' title="bbox 2069 1365 3728 1443; baseline 0.005 -25"><span class='ocrx_word' id='word_1_183' title='bbox 2069 1365 2327 1419; x_wconf 89' lang='lat' dir='ltr'>cundum</span> <span class='ocrx_word' id='word_1_184' title='bbox 2360 1367 2666 1422; x_wconf 88' lang='lat' dir='ltr'>Gnosticos</span> <span class='ocrx_word' id='word_1_185' title='bbox 2697 1369 3085 1424; x_wconf 87' lang='lat' dir='ltr'>vetustiores:</span> <span class='ocrx_word' id='word_1_186' title='bbox 3123 1371 3385 1426; x_wconf 72' lang='lat' dir='ltr'>Irenmus</span> <span class='ocrx_word' id='word_1_187' title='bbox 3415 1371 3477 1426; x_wconf 91' lang='lat' dir='ltr'>in</span> <span class='ocrx_word' id='word_1_188' title='bbox 3508 1370 3728 1443; x_wconf 66' lang='lat' dir='ltr'>praifa-</span> 
     </span>
    </p>
   </div>
   <div class='ocr_carea' id='block_1_30' title="bbox 2066 1453 3728 1531">
    <p class='ocr_par' dir='ltr' id='par_1_30' title="bbox 2066 1453 3728 1531">
     <span class='ocr_line' id='line_1_30' title="bbox 2066 1453 3728 1531; baseline 0.005 -24"><span class='ocrx_word' id='word_1_189' title='bbox 2066 1453 2229 1508; x_wconf 89' lang='lat' dir='ltr'>tione</span> <span class='ocrx_word' id='word_1_190' title='bbox 2258 1454 2389 1509; x_wconf 90' lang='lat' dir='ltr'>libri</span> <span class='ocrx_word' id='word_1_191' title='bbox 2425 1457 2668 1511; x_wconf 88' lang='lat' dir='ltr'>secundi</span> <span class='ocrx_word' id='word_1_192' title='bbox 2711 1462 3130 1527; x_wconf 74' lang='lat' dir='ltr'>argumentum</span> <span class='ocrx_word' id='word_1_193' title='bbox 3162 1458 3295 1513; x_wconf 91' lang='lat' dir='ltr'>libri</span> <span class='ocrx_word' id='word_1_194' title='bbox 3329 1459 3506 1530; x_wconf 89' lang='lat' dir='ltr'>primi</span> <span class='ocrx_word' id='word_1_195' title='bbox 3537 1476 3728 1531; x_wconf 89' lang='lat' dir='ltr'>repe—</span> 
     </span>
    </p>
   </div>
   <div class='ocr_carea' id='block_1_31' title="bbox 2065 1543 3734 1620">
    <p class='ocr_par' dir='ltr' id='par_1_31' title="bbox 2065 1543 3734 1620">
     <span class='ocr_line' id='line_1_31' title="bbox 2065 1543 3734 1620; baseline 0.005 -25"><span class='ocrx_word' id='word_1_196' title='bbox 2065 1546 2196 1597; x_wconf 90' lang='lat' dir='ltr'>tens</span> <span class='ocrx_word' id='word_1_197' title='bbox 2219 1543 2529 1614; x_wconf 77' lang='lat' dir='ltr'>proﬁtetur</span> <span class='ocrx_word' id='word_1_198' title='bbox 2559 1560 2620 1598; x_wconf 87' lang='lat' dir='ltr'>se</span> <span class='ocrx_word' id='word_1_199' title='bbox 2652 1545 3201 1601; x_wconf 89' lang='lat' dir='ltr'>Valentinianorum</span> <span class='ocrx_word' id='word_1_200' title='bbox 3221 1563 3544 1619; x_wconf 90' lang='lat' dir='ltr'>eorumque</span> <span class='ocrx_word' id='word_1_201' title='bbox 3568 1549 3734 1620; x_wconf 86' lang='lat' dir='ltr'>quia</span> 
     </span>
    </p>
   </div>
   <div class='ocr_carea' id='block_1_32' title="bbox 2065 1631 3725 1707">
    <p class='ocr_par' dir='ltr' id='par_1_32' title="bbox 2065 1631 3725 1707">
     <span class='ocr_line' id='line_1_32' title="bbox 2065 1631 3725 1707; baseline 0.004 -21"><span class='ocrx_word' id='word_1_202' title='bbox 2065 1631 2303 1686; x_wconf 90' lang='lat' dir='ltr'>Simone</span> <span class='ocrx_word' id='word_1_203' title='bbox 2320 1637 2460 1687; x_wconf 90' lang='lat' dir='ltr'>sunt</span> <span class='ocrx_word' id='word_1_204' title='bbox 2481 1633 2894 1688; x_wconf 89' lang='lat' dir='ltr'>Gnosticorum</span> <span class='ocrx_word' id='word_1_205' title='bbox 2919 1633 3219 1690; x_wconf 90' lang='lat' dir='ltr'>doctrinas</span> <span class='ocrx_word' id='word_1_206' title='bbox 3244 1637 3585 1707; x_wconf 86' lang='lat' dir='ltr'>exposuisse</span> <span class='ocrx_word' id='word_1_207' title='bbox 3611 1654 3624 1704; x_wconf 92' lang='lat'><strong>;</strong></span> <span class='ocrx_word' id='word_1_208' title='bbox 3654 1639 3725 1692; x_wconf 90' lang='lat' dir='ltr'>in</span> 
     </span>
    </p>
   </div>
   <div class='ocr_carea' id='block_1_33' title="bbox 377 1720 3728 1815">
    <p class='ocr_par' dir='ltr' id='par_1_33' title="bbox 377 1720 3728 1815">
     <span class='ocr_line' id='line_1_33' title="bbox 377 1720 3728 1815; baseline 0 -33"><span class='ocrx_word' id='word_1_209' title='bbox 377 1726 489 1782; x_wconf 90' lang='lat' dir='ltr'>Sed</span> <span class='ocrx_word' id='word_1_210' title='bbox 521 1726 742 1797; x_wconf 86' lang='lat' dir='ltr'>excipit</span> <span class='ocrx_word' id='word_1_211' title='bbox 764 1721 1099 1779; x_wconf 89' lang='lat' dir='ltr'>Blondellus</span> <span class='ocrx_word' id='word_1_212' title='bbox 1125 1737 1137 1775; x_wconf 91' lang='lat'><strong>:</strong></span> <span class='ocrx_word' id='word_1_213' title='bbox 1167 1720 1379 1776; x_wconf 83' lang='lat' dir='ltr'>«Alios</span> <span class='ocrx_word' id='word_1_214' title='bbox 1400 1720 1710 1776; x_wconf 88' lang='lat' dir='ltr'>Valentino</span> <span class='ocrx_word' id='word_1_215' title='bbox 1727 1720 1956 1792; x_wconf 88' lang='lat' dir='ltr'>priores</span> <span class='ocrx_word' id='word_1_216' title='bbox 1988 1754 2035 1815; x_wconf 71' lang='grc' dir='ltr'><strong>Β</strong></span> <span class='ocrx_word' id='word_1_217' title='bbox 2063 1720 2175 1775; x_wconf 90' lang='lat' dir='ltr'>hoc</span> <span class='ocrx_word' id='word_1_218' title='bbox 2197 1726 2396 1776; x_wconf 89' lang='lat' dir='ltr'>autem</span> <span class='ocrx_word' id='word_1_219' title='bbox 2427 1722 2720 1793; x_wconf 89' lang='lat' dir='ltr'>promittit</span> <span class='ocrx_word' id='word_1_220' title='bbox 2749 1739 2810 1776; x_wconf 91' lang='lat' dir='ltr'>se</span> <span class='ocrx_word' id='word_1_221' title='bbox 2861 1739 3201 1778; x_wconf 89' lang='lat' dir='ltr'>eversurum</span> <span class='ocrx_word' id='word_1_222' title='bbox 3236 1741 3477 1781; x_wconf 91' lang='lat' dir='ltr'>omnem</span> <span class='ocrx_word' id='word_1_223' title='bbox 3510 1743 3728 1783; x_wconf 85' lang='lat' dir='ltr'>eorum</span> 
     </span>
    </p>
   </div>
   <div class='ocr_carea' id='block_1_34' title="bbox 306 1809 1950 1871">
    <p class='ocr_par' dir='ltr' id='par_1_34' title="bbox 306 1809 1950 1871">
     <span class='ocr_line' id='line_1_34' title="bbox 306 1809 1950 1871; baseline -0.004 0"><span class='ocrx_word' id='word_1_224' title='bbox 306 1814 591 1871; x_wconf 87' lang='lat' dir='ltr'>Profundi</span> <span class='ocrx_word' id='word_1_225' title='bbox 618 1818 677 1868; x_wconf 90' lang='lat' dir='ltr'>et</span> <span class='ocrx_word' id='word_1_226' title='bbox 697 1811 927 1868; x_wconf 88' lang='lat' dir='ltr'>Silentii</span> <span class='ocrx_word' id='word_1_227' title='bbox 968 1809 1470 1867; x_wconf 90' lang='lat' dir='ltr'>combinationem</span> <span class='ocrx_word' id='word_1_228' title='bbox 1503 1809 1809 1864; x_wconf 85' lang='lat' dir='ltr'>induxisse</span> <span class='ocrx_word' id='word_1_229' title='bbox 1830 1826 1950 1864; x_wconf 85' lang='lat' dir='ltr'>non</span> 
     </span>
    </p>
   </div>
   <div class='ocr_carea' id='block_1_35' title="bbox 307 1900 1955 1973">
    <p class='ocr_par' dir='ltr' id='par_1_35' title="bbox 307 1900 1955 1973">
     <span class='ocr_line' id='line_1_35' title="bbox 307 1900 1955 1973; baseline -0.004 -12"><span class='ocrx_word' id='word_1_230' title='bbox 307 1906 484 1962; x_wconf 90' lang='lat' dir='ltr'>modo</span> <span class='ocrx_word' id='word_1_231' title='bbox 506 1910 702 1960; x_wconf 89' lang='lat' dir='ltr'>tecum</span> <span class='ocrx_word' id='word_1_232' title='bbox 725 1904 831 1973; x_wconf 88' lang='lat' dir='ltr'>(ita</span> <span class='ocrx_word' id='word_1_233' title='bbox 844 1901 1143 1958; x_wconf 91' lang='lat' dir='ltr'>Usserium</span> <span class='ocrx_word' id='word_1_234' title='bbox 1166 1900 1530 1971; x_wconf 86' lang='lat' dir='ltr'>alloquitur),</span> <span class='ocrx_word' id='word_1_235' title='bbox 1553 1916 1673 1955; x_wconf 90' lang='lat' dir='ltr'>non</span> <span class='ocrx_word' id='word_1_236' title='bbox 1698 1900 1955 1956; x_wconf 81' lang='lat' dir='ltr'>afﬁrmat</span> 
     </span>
    </p>
   </div>
   <div class='ocr_carea' id='block_1_36' title="bbox 299 1989 1950 2063">
    <p class='ocr_par' dir='ltr' id='par_1_36' title="bbox 299 1989 1950 2063">
     <span class='ocr_line' id='line_1_36' title="bbox 299 1989 1950 2063; baseline -0.004 -13"><span class='ocrx_word' id='word_1_237' title='bbox 299 1996 585 2063; x_wconf 71' lang='lat' dir='ltr'>Irenaaus,</span> <span class='ocrx_word' id='word_1_238' title='bbox 622 1992 727 2049; x_wconf 91' lang='lat' dir='ltr'>sed</span> <span class='ocrx_word' id='word_1_239' title='bbox 758 2007 1013 2058; x_wconf 89' lang='lat' dir='ltr'>mecum,</span> <span class='ocrx_word' id='word_1_240' title='bbox 1057 1990 1104 2044; x_wconf 88' lang='lat' dir='ltr'>si</span> <span class='ocrx_word' id='word_1_241' title='bbox 1154 1989 1296 2059; x_wconf 90' lang='lat' dir='ltr'>quid</span> <span class='ocrx_word' id='word_1_242' title='bbox 1325 1989 1515 2060; x_wconf 91' lang='lat' dir='ltr'>capio,</span> <span class='ocrx_word' id='word_1_243' title='bbox 1571 2006 1642 2044; x_wconf 85' lang='lat' dir='ltr'>ex</span> <span class='ocrx_word' id='word_1_244' title='bbox 1685 1989 1950 2060; x_wconf 88' lang='lat' dir='ltr'>professo</span> 
     </span>
    </p>
   </div>
   <div class='ocr_carea' id='block_1_37' title="bbox 298 2079 1953 2156">
    <p class='ocr_par' dir='ltr' id='par_1_37' title="bbox 298 2079 1953 2156">
     <span class='ocr_line' id='line_1_37' title="bbox 298 2079 1953 2156; baseline -0.004 -16"><span class='ocrx_word' id='word_1_245' title='bbox 298 2088 495 2156; x_wconf 87' lang='lat' dir='ltr'>negat,</span> <span class='ocrx_word' id='word_1_246' title='bbox 528 2100 663 2138; x_wconf 89' lang='lat' dir='ltr'>cum</span> <span class='ocrx_word' id='word_1_247' title='bbox 692 2082 1001 2155; x_wconf 88' lang='lat' dir='ltr'>proprium</span> <span class='ocrx_word' id='word_1_248' title='bbox 1034 2079 1325 2134; x_wconf 87' lang='lat' dir='ltr'>Valentini</span> <span class='ocrx_word' id='word_1_249' title='bbox 1353 2080 1757 2134; x_wconf 90' lang='lat' dir='ltr'>characterem</span> <span class='ocrx_word' id='word_1_250' title='bbox 1788 2095 1953 2134; x_wconf 90' lang='lat' dir='ltr'>com-</span> 
     </span>
    </p>
   </div>
   <div class='ocr_carea' id='block_1_38' title="bbox 295 2168 1949 2242">
    <p class='ocr_par' dir='ltr' id='par_1_38' title="bbox 295 2168 1949 2242">
     <span class='ocr_line' id='line_1_38' title="bbox 295 2168 1949 2242; baseline -0.004 -12"><span class='ocrx_word' id='word_1_251' title='bbox 295 2173 666 2230; x_wconf 85' lang='lat' dir='ltr'>binationem</span> <span class='ocrx_word' id='word_1_252' title='bbox 690 2172 855 2227; x_wconf 92' lang='lat' dir='ltr'>illam</span> <span class='ocrx_word' id='word_1_253' title='bbox 877 2169 1196 2242; x_wconf 87' lang='lat' dir='ltr'>protulisse</span> <span class='ocrx_word' id='word_1_254' title='bbox 1217 2168 1417 2224; x_wconf 87' lang='lat' dir='ltr'>refert.</span> <span class='ocrx_word' id='word_1_255' title='bbox 1443 2190 1471 2219; x_wconf 86' lang='grc'>››</span> <span class='ocrx_word' id='word_1_256' title='bbox 1495 2168 1752 2225; x_wconf 78' lang='lat' dir='ltr'>Dallmus</span> <span class='ocrx_word' id='word_1_257' title='bbox 1773 2169 1949 2240; x_wconf 88' lang='lat' dir='ltr'>paulo</span> 
     </span>
    </p>
   </div>
   <div class='ocr_carea' id='block_1_39' title="bbox 297 2259 1948 2331">
    <p class='ocr_par' dir='ltr' id='par_1_39' title="bbox 297 2259 1948 2331">
     <span class='ocr_line' id='line_1_39' title="bbox 297 2259 1948 2331; baseline -0.004 -11"><span class='ocrx_word' id='word_1_258' title='bbox 297 2266 473 2320; x_wconf 89' lang='lat' dir='ltr'>aliter</span> <span class='ocrx_word' id='word_1_259' title='bbox 501 2265 656 2319; x_wconf 87' lang='lat' dir='ltr'>hanc</span> <span class='ocrx_word' id='word_1_260' title='bbox 686 2279 812 2319; x_wconf 84' lang='lat' dir='ltr'>rem</span> <span class='ocrx_word' id='word_1_261' title='bbox 843 2264 1075 2329; x_wconf 90' lang='lat' dir='ltr'>tractat,</span> <span class='ocrx_word' id='word_1_262' title='bbox 1137 2264 1197 2316; x_wconf 93' lang='lat' dir='ltr'>et</span> <span class='ocrx_word' id='word_1_263' title='bbox 1250 2260 1312 2314; x_wconf 91' lang='lat' dir='ltr'>in</span> <span class='ocrx_word' id='word_1_264' title='bbox 1365 2276 1434 2315; x_wconf 90' lang='lat' dir='ltr'>eo</span> <span class='ocrx_word' id='word_1_265' title='bbox 1466 2260 1799 2331; x_wconf 83' lang='lat' dir='ltr'>argumenti</span> <span class='ocrx_word' id='word_1_266' title='bbox 1828 2259 1948 2314; x_wconf 89' lang='lat' dir='ltr'>vim</span> 
     </span>
    </p>
   </div>
   <div class='ocr_carea' id='block_1_40' title="bbox 299 2348 1950 2423">
    <p class='ocr_par' dir='ltr' id='par_1_40' title="bbox 299 2348 1950 2423">
     <span class='ocr_line' id='line_1_40' title="bbox 299 2348 1950 2423; baseline -0.003 -13"><span class='ocrx_word' id='word_1_267' title='bbox 299 2355 572 2420; x_wconf 90' lang='lat' dir='ltr'>collocat,</span> <span class='ocrx_word' id='word_1_268' title='bbox 606 2352 763 2423; x_wconf 90' lang='lat' dir='ltr'>quod</span> <span class='ocrx_word' id='word_1_269' title='bbox 795 2367 970 2407; x_wconf 91' lang='lat' dir='ltr'>nemo</span> <span class='ocrx_word' id='word_1_270' title='bbox 1022 2355 1160 2404; x_wconf 91' lang='lat' dir='ltr'>ante</span> <span class='ocrx_word' id='word_1_271' title='bbox 1219 2349 1598 2404; x_wconf 89' lang='lat' dir='ltr'>Valentinum</span> <span class='ocrx_word' id='word_1_272' title='bbox 1631 2348 1886 2405; x_wconf 89' lang='lat' dir='ltr'>Verbum</span> <span class='ocrx_word' id='word_1_273' title='bbox 1919 2366 1950 2405; x_wconf 91' lang='lat' dir='ltr'>e</span> 
     </span>
    </p>
   </div>
   <div class='ocr_carea' id='block_1_41' title="bbox 300 2438 1949 2515">
    <p class='ocr_par' dir='ltr' id='par_1_41' title="bbox 300 2438 1949 2515">
     <span class='ocr_line' id='line_1_41' title="bbox 300 2438 1949 2515; baseline -0.004 -17"><span class='ocrx_word' id='word_1_274' title='bbox 300 2443 429 2515; x_wconf 85' lang='lat' dir='ltr'>Sige</span> <span class='ocrx_word' id='word_1_275' title='bbox 461 2441 749 2497; x_wconf 81' lang='lat' dir='ltr'>eduxerit.</span> <span class='ocrx_word' id='word_1_276' title='bbox 784 2439 897 2495; x_wconf 91' lang='lat' dir='ltr'>Sed</span> <span class='ocrx_word' id='word_1_277' title='bbox 928 2454 1286 2510; x_wconf 91' lang='lat' dir='ltr'>quocunque</span> <span class='ocrx_word' id='word_1_278' title='bbox 1317 2438 1492 2493; x_wconf 92' lang='lat' dir='ltr'>modo</span> <span class='ocrx_word' id='word_1_279' title='bbox 1523 2438 1949 2509; x_wconf 89' lang='lat' dir='ltr'>responsiones</span> 
     </span>
    </p>
   </div>
   <div class='ocr_carea' id='block_1_42' title="bbox 296 2527 1951 2600">
    <p class='ocr_par' dir='ltr' id='par_1_42' title="bbox 296 2527 1951 2600">
     <span class='ocr_line' id='line_1_42' title="bbox 296 2527 1951 2600; baseline -0.003 -13"><span class='ocrx_word' id='word_1_280' title='bbox 296 2550 433 2587; x_wconf 88' lang='lat' dir='ltr'>suas</span> <span class='ocrx_word' id='word_1_281' title='bbox 466 2532 801 2596; x_wconf 83' lang='lat' dir='ltr'>eﬂ‘ormant,</span> <span class='ocrx_word' id='word_1_282' title='bbox 851 2529 1008 2585; x_wconf 92' lang='lat' dir='ltr'>elabi</span> <span class='ocrx_word' id='word_1_283' title='bbox 1056 2545 1178 2584; x_wconf 88' lang='lat' dir='ltr'>non</span> <span class='ocrx_word' id='word_1_284' title='bbox 1225 2533 1492 2600; x_wconf 88' lang='lat' dir='ltr'>possunt.</span> <span class='ocrx_word' id='word_1_285' title='bbox 1542 2528 1687 2583; x_wconf 89' lang='lat' dir='ltr'>Cum</span> <span class='ocrx_word' id='word_1_286' title='bbox 1737 2527 1951 2582; x_wconf 89' lang='lat' dir='ltr'>asserit</span> 
     </span>
    </p>
   </div>
   <div class='ocr_carea' id='block_1_43' title="bbox 296 2617 1941 2688">
    <p class='ocr_par' dir='ltr' id='par_1_43' title="bbox 296 2617 1941 2688">
     <span class='ocr_line' id='line_1_43' title="bbox 296 2617 1941 2688; baseline -0.002 -13"><span class='ocrx_word' id='word_1_287' title='bbox 296 2619 643 2676; x_wconf 88' lang='lat' dir='ltr'>Blondellus</span> <span class='ocrx_word' id='word_1_288' title='bbox 675 2620 963 2674; x_wconf 72' lang='lat' dir='ltr'>Irenaeum</span> <span class='ocrx_word' id='word_1_289' title='bbox 996 2639 1025 2668; x_wconf 86' lang='grc'>‹‹</span> <span class='ocrx_word' id='word_1_290' title='bbox 1057 2635 1128 2672; x_wconf 79' lang='lat' dir='ltr'>ex</span> <span class='ocrx_word' id='word_1_291' title='bbox 1158 2618 1423 2688; x_wconf 89' lang='lat' dir='ltr'>professo</span> <span class='ocrx_word' id='word_1_292' title='bbox 1455 2633 1692 2688; x_wconf 88' lang='lat' dir='ltr'>negare,</span> <span class='ocrx_word' id='word_1_293' title='bbox 1725 2637 1754 2667; x_wconf 89' lang='lat'><strong><em>»</em></strong></span> <span class='ocrx_word' id='word_1_294' title='bbox 1789 2617 1941 2672; x_wconf 89' lang='lat' dir='ltr'>Gno-</span> 
     </span>
    </p>
   </div>
   <div class='ocr_carea' id='block_1_44' title="bbox 294 2705 1946 2764">
    <p class='ocr_par' dir='ltr' id='par_1_44' title="bbox 294 2705 1946 2764">
     <span class='ocr_line' id='line_1_44' title="bbox 294 2705 1946 2764; baseline -0.003 0"><span class='ocrx_word' id='word_1_295' title='bbox 294 2710 475 2764; x_wconf 88' lang='lat' dir='ltr'>sticos</span> <span class='ocrx_word' id='word_1_296' title='bbox 504 2714 730 2764; x_wconf 88' lang='lat' dir='ltr'>veteres</span> <span class='ocrx_word' id='word_1_297' title='bbox 759 2706 1043 2762; x_wconf 91' lang='lat' dir='ltr'>Profundi</span> <span class='ocrx_word' id='word_1_298' title='bbox 1074 2712 1134 2762; x_wconf 89' lang='lat' dir='ltr'>et</span> <span class='ocrx_word' id='word_1_299' title='bbox 1163 2706 1391 2761; x_wconf 84' lang='lat' dir='ltr'>Silentii</span> <span class='ocrx_word' id='word_1_300' title='bbox 1441 2705 1946 2761; x_wconf 88' lang='lat' dir='ltr'>combinationem</span> 
     </span>
    </p>
   </div>
   <div class='ocr_carea' id='block_1_45' title="bbox 2060 1809 3731 1883">
    <p class='ocr_par' dir='ltr' id='par_1_45' title="bbox 2060 1809 3731 1883">
     <span class='ocr_line' id='line_1_45' title="bbox 2060 1809 3731 1883; baseline 0.005 -21"><span class='ocrx_word' id='word_1_301' title='bbox 2060 1810 2348 1880; x_wconf 84' lang='lat' dir='ltr'>regulam.</span> <span class='ocrx_word' id='word_1_302' title='bbox 2382 1809 2545 1875; x_wconf 88' lang='lat' dir='ltr'>Quod</span> <span class='ocrx_word' id='word_1_303' title='bbox 2576 1815 2640 1863; x_wconf 91' lang='lat' dir='ltr'>ut</span> <span class='ocrx_word' id='word_1_304' title='bbox 2672 1810 2792 1878; x_wconf 83' lang='lat' dir='ltr'>fiat,</span> <span class='ocrx_word' id='word_1_305' title='bbox 2819 1832 2845 1859; x_wconf 83' lang='lat'>«</span> <span class='ocrx_word' id='word_1_306' title='bbox 2872 1816 3123 1883; x_wconf 85' lang='lat' dir='ltr'>Oportet,</span> <span class='ocrx_word' id='word_1_307' title='bbox 3158 1812 3371 1883; x_wconf 88' lang='lat' dir='ltr'>inquit,</span> <span class='ocrx_word' id='word_1_308' title='bbox 3406 1813 3731 1870; x_wconf 83' lang='lat' dir='ltr'>abscondi—</span> 
     </span>
    </p>
   </div>
   <div class='ocr_carea' id='block_1_46' title="bbox 2059 1899 3729 1977">
    <p class='ocr_par' dir='ltr' id='par_1_46' title="bbox 2059 1899 3729 1977">
     <span class='ocr_line' id='line_1_46' title="bbox 2059 1899 3729 1977; baseline 0.005 -24"><span class='ocrx_word' id='word_1_309' title='bbox 2059 1903 2148 1953; x_wconf 89' lang='lat' dir='ltr'>tas</span> <span class='ocrx_word' id='word_1_310' title='bbox 2166 1899 2430 1970; x_wconf 86' lang='lat' dir='ltr'>ipsorum</span> <span class='ocrx_word' id='word_1_311' title='bbox 2454 1899 2903 1970; x_wconf 82' lang='lat' dir='ltr'>conjugationes</span> <span class='ocrx_word' id='word_1_312' title='bbox 2924 1917 3028 1971; x_wconf 88' lang='lat' dir='ltr'>per</span> <span class='ocrx_word' id='word_1_313' title='bbox 3048 1902 3497 1958; x_wconf 89' lang='lat' dir='ltr'>manifestarum</span> <span class='ocrx_word' id='word_1_314' title='bbox 3515 1905 3729 1977; x_wconf 78' lang='lat' dir='ltr'>conju&#39;</span> 
     </span>
    </p>
   </div>
   <div class='ocr_carea' id='block_1_47' title="bbox 2056 1988 3724 2063">
    <p class='ocr_par' dir='ltr' id='par_1_47' title="bbox 2056 1988 3724 2063">
     <span class='ocr_line' id='line_1_47' title="bbox 2056 1988 3724 2063; baseline 0.004 -20"><span class='ocrx_word' id='word_1_315' title='bbox 2056 1989 2359 2060; x_wconf 88' lang='lat' dir='ltr'>gationum</span> <span class='ocrx_word' id='word_1_316' title='bbox 2394 1988 2679 2043; x_wconf 90' lang='lat' dir='ltr'>indicium</span> <span class='ocrx_word' id='word_1_317' title='bbox 2719 1993 2777 2043; x_wconf 92' lang='lat' dir='ltr'>et</span> <span class='ocrx_word' id='word_1_318' title='bbox 2819 1990 3184 2045; x_wconf 90' lang='lat' dir='ltr'>eversionem</span> <span class='ocrx_word' id='word_1_319' title='bbox 3218 1992 3467 2063; x_wconf 89' lang='lat' dir='ltr'>Bythum</span> <span class='ocrx_word' id='word_1_320' title='bbox 3495 1992 3724 2049; x_wconf 85' lang='lat' dir='ltr'>dissol-</span> 
     </span>
    </p>
   </div>
   <div class='ocr_carea' id='block_1_48' title="bbox 2055 2079 3719 2151">
    <p class='ocr_par' dir='ltr' id='par_1_48' title="bbox 2055 2079 3719 2151">
     <span class='ocr_line' id='line_1_48' title="bbox 2055 2079 3719 2151; baseline 0.005 -19"><span class='ocrx_word' id='word_1_321' title='bbox 2055 2095 2207 2132; x_wconf 91' lang='lat' dir='ltr'>vere.</span> <span class='ocrx_word' id='word_1_322' title='bbox 2246 2100 2272 2126; x_wconf 83' lang='lat'><strong>»</strong></span> <span class='ocrx_word' id='word_1_323' title='bbox 2306 2079 2526 2149; x_wconf 79' lang='lat' dir='ltr'>Bythus</span> <span class='ocrx_word' id='word_1_324' title='bbox 2548 2079 2726 2151; x_wconf 81' lang='lat' dir='ltr'>igitur</span> <span class='ocrx_word' id='word_1_325' title='bbox 2749 2084 2867 2135; x_wconf 90' lang='lat' dir='ltr'>tam</span> <span class='ocrx_word' id='word_1_326' title='bbox 2897 2079 2972 2135; x_wconf 94' lang='lat' dir='ltr'>ad</span> <span class='ocrx_word' id='word_1_327' title='bbox 3000 2086 3263 2136; x_wconf 90' lang='lat' dir='ltr'>veterum</span> <span class='ocrx_word' id='word_1_328' title='bbox 3295 2082 3719 2140; x_wconf 88' lang='lat' dir='ltr'>Gnosticorum</span> 
     </span>
    </p>
   </div>
   <div class='ocr_carea' id='block_1_49' title="bbox 2057 2168 3719 2244">
    <p class='ocr_par' dir='ltr' id='par_1_49' title="bbox 2057 2168 3719 2244">
     <span class='ocr_line' id='line_1_49' title="bbox 2057 2168 3719 2244; baseline 0.005 -24"><span class='ocrx_word' id='word_1_329' title='bbox 2057 2184 2235 2238; x_wconf 89' lang='lat' dir='ltr'>quam</span> <span class='ocrx_word' id='word_1_330' title='bbox 2269 2168 2341 2222; x_wconf 92' lang='lat' dir='ltr'>ad</span> <span class='ocrx_word' id='word_1_331' title='bbox 2376 2168 2922 2223; x_wconf 91' lang='lat' dir='ltr'>Valentinianorum</span> <span class='ocrx_word' id='word_1_332' title='bbox 2954 2169 3218 2241; x_wconf 86' lang='lat' dir='ltr'>regulam</span> <span class='ocrx_word' id='word_1_333' title='bbox 3242 2171 3597 2244; x_wconf 89' lang='lat' dir='ltr'>pertinebat.</span> <span class='ocrx_word' id='word_1_334' title='bbox 3617 2175 3719 2228; x_wconf 87' lang='lat' dir='ltr'>Ti-</span> 
     </span>
    </p>
   </div>
   <div class='ocr_carea' id='block_1_50' title="bbox 2058 2256 3721 2328">
    <p class='ocr_par' dir='ltr' id='par_1_50' title="bbox 2058 2256 3721 2328">
     <span class='ocr_line' id='line_1_50' title="bbox 2058 2256 3721 2328; baseline 0.005 -18"><span class='ocrx_word' id='word_1_335' title='bbox 2058 2256 2214 2311; x_wconf 91' lang='lat' dir='ltr'>tulus</span> <span class='ocrx_word' id='word_1_336' title='bbox 2242 2258 2308 2311; x_wconf 85' lang='lat'>32</span> <span class='ocrx_word' id='word_1_337' title='bbox 2330 2258 2538 2328; x_wconf 87' lang='lat' dir='ltr'>capitis</span> <span class='ocrx_word' id='word_1_338' title='bbox 2561 2257 2662 2311; x_wconf 88' lang='lat' dir='ltr'>lib.</span> <span class='ocrx_word' id='word_1_339' title='bbox 2691 2257 2824 2312; x_wconf 74' lang='grc' dir='ltr'>ιΙιίο</span> <span class='ocrx_word' id='word_1_340' title='bbox 2863 2262 2988 2312; x_wconf 91' lang='lat' dir='ltr'>est:</span> <span class='ocrx_word' id='word_1_341' title='bbox 3026 2281 3053 2308; x_wconf 86' lang='lat'><strong>«</strong></span> <span class='ocrx_word' id='word_1_342' title='bbox 3086 2260 3223 2323; x_wconf 78' lang='lat' dir='ltr'>Qum</span> <span class='ocrx_word' id='word_1_343' title='bbox 3256 2260 3379 2316; x_wconf 86' lang='lat' dir='ltr'>sint</span> <span class='ocrx_word' id='word_1_344' title='bbox 3399 2262 3721 2317; x_wconf 81' lang='lat' dir='ltr'>Gnostico-</span> 
     </span>
    </p>
   </div>
   <div class='ocr_carea' id='block_1_51' title="bbox 2054 2346 3717 2421">
    <p class='ocr_par' dir='ltr' id='par_1_51' title="bbox 2054 2346 3717 2421">
     <span class='ocr_line' id='line_1_51' title="bbox 2054 2346 3717 2421; baseline 0.005 -22"><span class='ocrx_word' id='word_1_345' title='bbox 2054 2363 2186 2400; x_wconf 87' lang='lat' dir='ltr'>rum</span> <span class='ocrx_word' id='word_1_346' title='bbox 2201 2352 2505 2418; x_wconf 88' lang='lat' dir='ltr'>genera,et</span> <span class='ocrx_word' id='word_1_347' title='bbox 2523 2363 2652 2417; x_wconf 76' lang='lat' dir='ltr'>qum</span> <span class='ocrx_word' id='word_1_348' title='bbox 2671 2346 3000 2402; x_wconf 90' lang='lat' dir='ltr'>secundum</span> <span class='ocrx_word' id='word_1_349' title='bbox 3020 2365 3121 2403; x_wconf 90' lang='lat' dir='ltr'>eos</span> <span class='ocrx_word' id='word_1_350' title='bbox 3140 2348 3483 2421; x_wconf 83' lang='lat' dir='ltr'>sententim;</span> <span class='ocrx_word' id='word_1_351' title='bbox 3507 2374 3532 2401; x_wconf 79' lang='grc' dir='ltr'>ι›</span> <span class='ocrx_word' id='word_1_352' title='bbox 3549 2357 3717 2407; x_wconf 87' lang='lat' dir='ltr'>certe</span> 
     </span>
    </p>
   </div>
   <div class='ocr_carea' id='block_1_52' title="bbox 2054 2435 3718 2514">
    <p class='ocr_par' dir='ltr' id='par_1_52' title="bbox 2054 2435 3718 2514">
     <span class='ocr_line' id='line_1_52' title="bbox 2054 2435 3718 2514; baseline 0.005 -24"><span class='ocrx_word' id='word_1_353' title='bbox 2054 2435 2127 2490; x_wconf 91' lang='lat' dir='ltr'>de</span> <span class='ocrx_word' id='word_1_354' title='bbox 2160 2435 2521 2491; x_wconf 91' lang='lat' dir='ltr'>Simonianis</span> <span class='ocrx_word' id='word_1_355' title='bbox 2572 2436 2652 2490; x_wconf 90' lang='lat' dir='ltr'>ibi</span> <span class='ocrx_word' id='word_1_356' title='bbox 2707 2453 2879 2509; x_wconf 91' lang='lat' dir='ltr'>agere</span> <span class='ocrx_word' id='word_1_357' title='bbox 2912 2437 3202 2494; x_wconf 73' lang='lat' dir='ltr'>Irenaeum</span> <span class='ocrx_word' id='word_1_358' title='bbox 3235 2441 3382 2496; x_wconf 89' lang='lat' dir='ltr'>satis</span> <span class='ocrx_word' id='word_1_359' title='bbox 3413 2458 3485 2496; x_wconf 83' lang='lat' dir='ltr'>ex</span> <span class='ocrx_word' id='word_1_360' title='bbox 3513 2444 3718 2514; x_wconf 86' lang='lat' dir='ltr'>priore</span> 
     </span>
    </p>
   </div>
   <div class='ocr_carea' id='block_1_53' title="bbox 2053 2526 3717 2604">
    <p class='ocr_par' dir='ltr' id='par_1_53' title="bbox 2053 2526 3717 2604">
     <span class='ocr_line' id='line_1_53' title="bbox 2053 2526 3717 2604; baseline 0.005 -24"><span class='ocrx_word' id='word_1_361' title='bbox 2053 2526 2246 2597; x_wconf 89' lang='lat' dir='ltr'>capite</span> <span class='ocrx_word' id='word_1_362' title='bbox 2276 2531 2458 2597; x_wconf 90' lang='lat' dir='ltr'>patet.</span> <span class='ocrx_word' id='word_1_363' title='bbox 2510 2547 2539 2575; x_wconf 91' lang='grc'>‹‹</span> <span class='ocrx_word' id='word_1_364' title='bbox 2574 2526 2688 2580; x_wconf 83' lang='lat' dir='ltr'>Alii</span> <span class='ocrx_word' id='word_1_365' title='bbox 2731 2532 2952 2591; x_wconf 88' lang='lat' dir='ltr'>autem,</span> <span class='ocrx_word' id='word_1_366' title='bbox 2984 2527 3199 2600; x_wconf 90' lang='lat' dir='ltr'>inquit,</span> <span class='ocrx_word' id='word_1_367' title='bbox 3233 2547 3438 2587; x_wconf 88' lang='lat' dir='ltr'>rursus</span> <span class='ocrx_word' id='word_1_368' title='bbox 3469 2540 3717 2604; x_wconf 88' lang='lat' dir='ltr'>porten-</span> 
     </span>
    </p>
   </div>
   <div class='ocr_carea' id='block_1_54' title="bbox 2051 2616 3711 2689">
    <p class='ocr_par' dir='ltr' id='par_1_54' title="bbox 2051 2616 3711 2689">
     <span class='ocr_line' id='line_1_54' title="bbox 2051 2616 3711 2689; baseline 0.005 -19"><span class='ocrx_word' id='word_1_369' title='bbox 2051 2620 2181 2670; x_wconf 89' lang='lat' dir='ltr'>tosa</span> <span class='ocrx_word' id='word_1_370' title='bbox 2211 2616 2576 2685; x_wconf 88' lang='lat' dir='ltr'>loquuntur:</span> <span class='ocrx_word' id='word_1_371' title='bbox 2607 2631 2740 2670; x_wconf 91' lang='lat' dir='ltr'>esse</span> <span class='ocrx_word' id='word_1_372' title='bbox 2788 2616 3085 2687; x_wconf 88' lang='lat' dir='ltr'>quoddam</span> <span class='ocrx_word' id='word_1_373' title='bbox 3117 2618 3377 2689; x_wconf 90' lang='lat' dir='ltr'>primum</span> <span class='ocrx_word' id='word_1_374' title='bbox 3411 2620 3615 2677; x_wconf 88' lang='lat' dir='ltr'>lumen</span> <span class='ocrx_word' id='word_1_375' title='bbox 3648 2624 3711 2678; x_wconf 92' lang='lat' dir='ltr'>in</span> 
     </span>
    </p>
   </div>
   <div class='ocr_carea' id='block_1_55' title="bbox 2049 2704 3712 2777">
    <p class='ocr_par' dir='ltr' id='par_1_55' title="bbox 2049 2704 3712 2777">
     <span class='ocr_line' id='line_1_55' title="bbox 2049 2704 3712 2777; baseline 0.007 -19"><span class='ocrx_word' id='word_1_376' title='bbox 2049 2704 2265 2760; x_wconf 86' lang='lat' dir='ltr'>virtute</span> <span class='ocrx_word' id='word_1_377' title='bbox 2291 2704 2457 2775; x_wconf 89' lang='lat' dir='ltr'>Bythi</span> <span class='ocrx_word' id='word_1_378' title='bbox 2474 2704 2712 2759; x_wconf 91' lang='lat' dir='ltr'>beatum</span> <span class='ocrx_word' id='word_1_379' title='bbox 2726 2711 2803 2771; x_wconf 86' lang='lat' dir='ltr'>,et</span> <span class='ocrx_word' id='word_1_380' title='bbox 2818 2706 3271 2777; x_wconf 87' lang='lat' dir='ltr'>incorruptibile</span> <span class='ocrx_word' id='word_1_381' title='bbox 3289 2713 3348 2762; x_wconf 90' lang='lat' dir='ltr'>et</span> <span class='ocrx_word' id='word_1_382' title='bbox 3368 2709 3712 2769; x_wconf 89' lang='lat' dir='ltr'>intermina-</span> 
     </span>
    </p>
   </div>
   <div class='ocr_carea' id='block_1_56' title="bbox 296 2793 3714 2868">
    <p class='ocr_par' dir='ltr' id='par_1_56' title="bbox 296 2793 3714 2868">
     <span class='ocr_line' id='line_1_56' title="bbox 296 2793 3714 2868; baseline 0 -14"><span class='ocrx_word' id='word_1_383' title='bbox 296 2799 622 2865; x_wconf 81' lang='lat' dir='ltr'>induxisse,</span> <span class='ocrx_word' id='word_1_384' title='bbox 656 2814 792 2852; x_wconf 89' lang='lat' dir='ltr'>cum</span> <span class='ocrx_word' id='word_1_385' title='bbox 832 2796 1138 2868; x_wconf 87' lang='lat' dir='ltr'>proprium</span> <span class='ocrx_word' id='word_1_386' title='bbox 1200 2795 1492 2850; x_wconf 88' lang='lat' dir='ltr'>Valentini</span> <span class='ocrx_word' id='word_1_387' title='bbox 1540 2794 1943 2850; x_wconf 88' lang='lat' dir='ltr'>characterem</span> <span class='ocrx_word' id='word_1_388' title='bbox 2049 2798 2198 2848; x_wconf 90' lang='lat' dir='ltr'>tum.</span> <span class='ocrx_word' id='word_1_389' title='bbox 2231 2812 2256 2843; x_wconf 73' lang='grc' dir='ltr'>ι</span> <span class='ocrx_word' id='word_1_390' title='bbox 2297 2794 2410 2848; x_wconf 86' lang='lat' dir='ltr'>Hos</span> <span class='ocrx_word' id='word_1_391' title='bbox 2440 2798 2639 2849; x_wconf 89' lang='lat' dir='ltr'>autem</span> <span class='ocrx_word' id='word_1_392' title='bbox 2681 2793 3055 2849; x_wconf 91' lang='lat' dir='ltr'>Simonianos</span> <span class='ocrx_word' id='word_1_393' title='bbox 3084 2795 3394 2853; x_wconf 90' lang='lat' dir='ltr'>Valentino</span> <span class='ocrx_word' id='word_1_394' title='bbox 3426 2801 3714 2857; x_wconf 89' lang='lat' dir='ltr'>vetustio-</span> 
     </span>
    </p>
   </div>
   <div class='ocr_carea' id='block_1_57' title="bbox 300 2882 3707 2959">
    <p class='ocr_par' dir='ltr' id='par_1_57' title="bbox 300 2882 3707 2959">
     <span class='ocr_line' id='line_1_57' title="bbox 300 2882 3707 2959; baseline 0 -16"><span class='ocrx_word' id='word_1_395' title='bbox 300 2888 804 2943; x_wconf 88' lang='lat' dir='ltr'>combinationem</span> <span class='ocrx_word' id='word_1_396' title='bbox 827 2886 993 2941; x_wconf 91' lang='lat' dir='ltr'>illam</span> <span class='ocrx_word' id='word_1_397' title='bbox 1015 2884 1333 2955; x_wconf 88' lang='lat' dir='ltr'>protulisse</span> <span class='ocrx_word' id='word_1_398' title='bbox 1356 2884 1539 2939; x_wconf 80' lang='lat' dir='ltr'>refert</span> <span class='ocrx_word' id='word_1_399' title='bbox 1567 2901 1580 2949; x_wconf 89' lang='lat'><strong>;</strong></span> <span class='ocrx_word' id='word_1_400' title='bbox 1611 2883 1670 2937; x_wconf 88' lang='lat' dir='ltr'>id</span> <span class='ocrx_word' id='word_1_401' title='bbox 1699 2884 1944 2939; x_wconf 82' lang='lat' dir='ltr'>omnino</span> <span class='ocrx_word' id='word_1_402' title='bbox 2048 2900 2145 2938; x_wconf 90' lang='lat' dir='ltr'>res</span> <span class='ocrx_word' id='word_1_403' title='bbox 2171 2882 2350 2937; x_wconf 90' lang='lat' dir='ltr'>fuisse</span> <span class='ocrx_word' id='word_1_404' title='bbox 2382 2883 2526 2937; x_wconf 90' lang='lat' dir='ltr'>satis</span> <span class='ocrx_word' id='word_1_405' title='bbox 2556 2882 2821 2938; x_wconf 88' lang='lat' dir='ltr'>indicant</span> <span class='ocrx_word' id='word_1_406' title='bbox 2878 2884 3055 2940; x_wconf 88' lang='lat' dir='ltr'>verba</span> <span class='ocrx_word' id='word_1_407' title='bbox 3109 2886 3320 2958; x_wconf 87' lang='lat' dir='ltr'>capitis</span> <span class='ocrx_word' id='word_1_408' title='bbox 3363 2890 3664 2959; x_wconf 87' lang='lat' dir='ltr'>sequentis</span> <span class='ocrx_word' id='word_1_409' title='bbox 3692 2906 3707 2944; x_wconf 92' lang='lat'>:</span> 
     </span>
    </p>
   </div>
   <div class='ocr_carea' id='block_1_58' title="bbox 295 2970 3702 3047">
    <p class='ocr_par' dir='ltr' id='par_1_58' title="bbox 295 2970 3702 3047">
     <span class='ocr_line' id='line_1_58' title="bbox 295 2970 3702 3047; baseline -0 -15"><span class='ocrx_word' id='word_1_410' title='bbox 295 2977 575 3039; x_wconf 78' lang='lat' dir='ltr'>affirmat,</span> <span class='ocrx_word' id='word_1_411' title='bbox 608 2975 767 3046; x_wconf 89' lang='lat' dir='ltr'>quod</span> <span class='ocrx_word' id='word_1_412' title='bbox 797 2991 869 3030; x_wconf 83' lang='lat' dir='ltr'>ex</span> <span class='ocrx_word' id='word_1_413' title='bbox 923 2990 992 3029; x_wconf 89' lang='lat' dir='ltr'>eo</span> <span class='ocrx_word' id='word_1_414' title='bbox 1052 2973 1258 3028; x_wconf 65' lang='lat' dir='ltr'>lrenazi</span> <span class='ocrx_word' id='word_1_415' title='bbox 1289 2972 1440 3040; x_wconf 90' lang='lat' dir='ltr'>loco,</span> <span class='ocrx_word' id='word_1_416' title='bbox 1474 2987 1650 3042; x_wconf 89' lang='lat' dir='ltr'>quem</span> <span class='ocrx_word' id='word_1_417' title='bbox 1681 2971 1943 3037; x_wconf 88' lang='lat' dir='ltr'>adducit,</span> <span class='ocrx_word' id='word_1_418' title='bbox 2049 2992 2077 3022; x_wconf 89' lang='lat'>«</span> <span class='ocrx_word' id='word_1_419' title='bbox 2111 2975 2157 3026; x_wconf 84' lang='lat' dir='ltr'><strong>A</strong></span> <span class='ocrx_word' id='word_1_420' title='bbox 2189 2970 2403 3026; x_wconf 89' lang='lat' dir='ltr'>talibus</span> <span class='ocrx_word' id='word_1_421' title='bbox 2436 2971 2812 3040; x_wconf 90' lang='lat' dir='ltr'>matribus,et</span> <span class='ocrx_word' id='word_1_422' title='bbox 2837 2973 3108 3044; x_wconf 89' lang='lat' dir='ltr'>patribus</span> <span class='ocrx_word' id='word_1_423' title='bbox 3141 2979 3198 3028; x_wconf 91' lang='lat' dir='ltr'>et</span> <span class='ocrx_word' id='word_1_424' title='bbox 3218 2977 3449 3047; x_wconf 87' lang='lat' dir='ltr'>proavis</span> <span class='ocrx_word' id='word_1_425' title='bbox 3480 2993 3579 3031; x_wconf 92' lang='lat' dir='ltr'>eos</span> <span class='ocrx_word' id='word_1_426' title='bbox 3601 2978 3702 3047; x_wconf 92' lang='lat' dir='ltr'>qui</span> 
     </span>
    </p>
   </div>
   <div class='ocr_carea' id='block_1_59' title="bbox 293 3060 3705 3137">
    <p class='ocr_par' dir='ltr' id='par_1_59' title="bbox 293 3060 3705 3137">
     <span class='ocr_line' id='line_1_59' title="bbox 293 3060 3705 3137; baseline -0 -16"><span class='ocrx_word' id='word_1_427' title='bbox 293 3065 561 3135; x_wconf 83' lang='lat' dir='ltr'>exsculpi</span> <span class='ocrx_word' id='word_1_428' title='bbox 593 3080 713 3118; x_wconf 91' lang='lat' dir='ltr'>non</span> <span class='ocrx_word' id='word_1_429' title='bbox 742 3067 958 3133; x_wconf 88' lang='lat' dir='ltr'>potest.</span> <span class='ocrx_word' id='word_1_430' title='bbox 990 3065 1078 3116; x_wconf 85' lang='lat' dir='ltr'>An</span> <span class='ocrx_word' id='word_1_431' title='bbox 1105 3061 1205 3131; x_wconf 88' lang='lat' dir='ltr'>qui</span> <span class='ocrx_word' id='word_1_432' title='bbox 1236 3060 1416 3116; x_wconf 84' lang='lat' dir='ltr'>dicit:</span> <span class='ocrx_word' id='word_1_433' title='bbox 1463 3082 1491 3109; x_wconf 90' lang='grc'>‹‹</span> <span class='ocrx_word' id='word_1_434' title='bbox 1524 3060 1632 3125; x_wconf 90' lang='lat' dir='ltr'>Qui</span> <span class='ocrx_word' id='word_1_435' title='bbox 1665 3061 1824 3116; x_wconf 90' lang='lat' dir='ltr'>enim</span> <span class='ocrx_word' id='word_1_436' title='bbox 1857 3065 1947 3115; x_wconf 91' lang='lat' dir='ltr'>est</span> <span class='ocrx_word' id='word_1_437' title='bbox 1983 3113 2023 3137; x_wconf 60' lang='grc' dir='ltr'>η</span> <span class='ocrx_word' id='word_1_438' title='bbox 2053 3076 2088 3114; x_wconf 92' lang='lat' dir='ltr'>a</span> <span class='ocrx_word' id='word_1_439' title='bbox 2114 3060 2419 3115; x_wconf 89' lang='lat' dir='ltr'>Valentino</span> <span class='ocrx_word' id='word_1_440' title='bbox 2469 3065 2627 3128; x_wconf 90' lang='lat' dir='ltr'>sunt,</span> <span class='ocrx_word' id='word_1_441' title='bbox 2683 3061 2838 3116; x_wconf 89' lang='lat' dir='ltr'>sicut</span> <span class='ocrx_word' id='word_1_442' title='bbox 2868 3061 3010 3133; x_wconf 71' lang='lat' dir='ltr'>ipsa)</span> <span class='ocrx_word' id='word_1_443' title='bbox 3044 3065 3356 3119; x_wconf 76' lang='lat' dir='ltr'>sentnntiw</span> <span class='ocrx_word' id='word_1_444' title='bbox 3404 3069 3461 3118; x_wconf 93' lang='lat' dir='ltr'>et</span> <span class='ocrx_word' id='word_1_445' title='bbox 3489 3064 3705 3137; x_wconf 64' lang='lat' dir='ltr'>regulae</span> 
     </span>
    </p>
   </div>
   <div class='ocr_carea' id='block_1_60' title="bbox 290 3113 3705 3227">
    <p class='ocr_par' dir='ltr' id='par_1_60' title="bbox 290 3113 3705 3227">
     <span class='ocr_line' id='line_1_60' title="bbox 297 3113 3703 3135; baseline 0 -7"><span class='ocrx_word' id='word_1_446' title='bbox 297 3113 561 3135; x_wconf 66' lang='grc' dir='ltr'>ν--η-τ-</span> <span class='ocrx_word' id='word_1_447' title='bbox 594 3113 955 3133; x_wconf 59' lang='grc' dir='ltr'>-η-τν---ρ</span> <span class='ocrx_word' id='word_1_448' title='bbox 991 3113 1078 3116; x_wconf 58' lang='grc' dir='ltr'>--ν-</span> <span class='ocrx_word' id='word_1_449' title='bbox 1113 3113 1204 3131; x_wconf 55' lang='grc' dir='ltr'>-ρ-</span> <span class='ocrx_word' id='word_1_450' title='bbox 1532 3113 1591 3125; x_wconf 48' lang='grc' dir='ltr'>ην</span> <span class='ocrx_word' id='word_1_451' title='bbox 1866 3113 1941 3115; x_wconf 21' lang='grc' dir='ltr'>--ή</span> <span class='ocrx_word' id='word_1_452' title='bbox 2061 3113 2084 3114; x_wconf 61' lang='grc' dir='ltr'><em>η</em></span> <span class='ocrx_word' id='word_1_453' title='bbox 2367 3113 2407 3114; x_wconf 59' lang='grc' dir='ltr'><em>η</em></span> <span class='ocrx_word' id='word_1_454' title='bbox 2480 3113 2486 3114; x_wconf 45' lang='grc' dir='ltr'><em>κ</em></span> <span class='ocrx_word' id='word_1_455' title='bbox 2614 3113 2627 3128; x_wconf 83' lang='lat'>.</span> <span class='ocrx_word' id='word_1_456' title='bbox 2869 3113 3005 3133; x_wconf 57' lang='grc' dir='ltr'>τ-ν-</span> <span class='ocrx_word' id='word_1_457' title='bbox 3044 3113 3353 3119; x_wconf 60' lang='grc' dir='ltr'>-ν--ν---ηπ</span> <span class='ocrx_word' id='word_1_458' title='bbox 3408 3113 3548 3119; x_wconf 61' lang='grc' dir='ltr'>ν--ν</span> <span class='ocrx_word' id='word_1_459' title='bbox 3598 3113 3703 3121; x_wconf 56' lang='grc' dir='ltr'>ην-</span> 
     </span>
     <span class='ocr_line' id='line_1_61' title="bbox 290 3113 3705 3227; baseline -0.001 -19"><span class='ocrx_word' id='word_1_460' title='bbox 290 3153 540 3225; x_wconf 88' lang='lat' dir='ltr'>primus,</span> <span class='ocrx_word' id='word_1_461' title='bbox 575 3151 648 3206; x_wconf 83' lang='lat' dir='ltr'>ab</span> <span class='ocrx_word' id='word_1_462' title='bbox 682 3168 751 3206; x_wconf 90' lang='lat' dir='ltr'>ea</span> <span class='ocrx_word' id='word_1_463' title='bbox 779 3168 910 3221; x_wconf 68' lang='lat' dir='ltr'>quae</span> <span class='ocrx_word' id='word_1_464' title='bbox 943 3151 1161 3205; x_wconf 93' lang='lat' dir='ltr'>dicitur</span> <span class='ocrx_word' id='word_1_465' title='bbox 1189 3149 1468 3205; x_wconf 90' lang='lat' dir='ltr'>Gnostica</span> <span class='ocrx_word' id='word_1_466' title='bbox 1498 3148 1764 3217; x_wconf 81' lang='lat' dir='ltr'>haeresis,</span> <span class='ocrx_word' id='word_1_467' title='bbox 1797 3150 1946 3204; x_wconf 90' lang='lat' dir='ltr'>anti-</span> <span class='ocrx_word' id='word_1_468' title='bbox 1981 3113 2024 3181; x_wconf 63' lang='grc' dir='ltr'>ο</span> <span class='ocrx_word' id='word_1_469' title='bbox 2054 3150 2378 3205; x_wconf 89' lang='lat' dir='ltr'>ostendunt</span> <span class='ocrx_word' id='word_1_470' title='bbox 2406 3166 2528 3218; x_wconf 91' lang='lat' dir='ltr'>eos,</span> <span class='ocrx_word' id='word_1_471' title='bbox 2561 3166 2807 3205; x_wconf 91' lang='lat' dir='ltr'>necesse</span> <span class='ocrx_word' id='word_1_472' title='bbox 2865 3150 2978 3207; x_wconf 85' lang='lat' dir='ltr'>fuit</span> <span class='ocrx_word' id='word_1_473' title='bbox 3031 3152 3342 3209; x_wconf 90' lang='lat' dir='ltr'>manifeste</span> <span class='ocrx_word' id='word_1_474' title='bbox 3372 3113 3638 3227; x_wconf 53' lang='lat' dir='ltr'>arguere.</span> <span class='ocrx_word' id='word_1_475' title='bbox 3676 3176 3705 3205; x_wconf 81' lang='grc'>››</span> 
     </span>
    </p>
   </div>
   <div class='ocr_carea' id='block_1_61' title="bbox 290 3238 3712 3313">
    <p class='ocr_par' dir='ltr' id='par_1_61' title="bbox 290 3238 3712 3313">
     <span class='ocr_line' id='line_1_62' title="bbox 290 3238 3712 3313; baseline 0.001 -17"><span class='ocrx_word' id='word_1_476' title='bbox 290 3258 437 3313; x_wconf 87' lang='lat' dir='ltr'>quas</span> <span class='ocrx_word' id='word_1_477' title='bbox 475 3240 537 3294; x_wconf 91' lang='lat' dir='ltr'>in</span> <span class='ocrx_word' id='word_1_478' title='bbox 585 3255 759 3295; x_wconf 90' lang='lat' dir='ltr'>suum</span> <span class='ocrx_word' id='word_1_479' title='bbox 791 3240 1192 3294; x_wconf 89' lang='lat' dir='ltr'>characterem</span> <span class='ocrx_word' id='word_1_480' title='bbox 1248 3238 1548 3293; x_wconf 87' lang='lat' dir='ltr'>doctrinas</span> <span class='ocrx_word' id='word_1_481' title='bbox 1579 3238 1944 3293; x_wconf 89' lang='lat' dir='ltr'>transferens</span> <span class='ocrx_word' id='word_1_482' title='bbox 2052 3239 2171 3293; x_wconf 89' lang='lat' dir='ltr'>Hoc</span> <span class='ocrx_word' id='word_1_483' title='bbox 2200 3244 2400 3293; x_wconf 87' lang='lat' dir='ltr'>autem</span> <span class='ocrx_word' id='word_1_484' title='bbox 2429 3241 2489 3294; x_wconf 92' lang='lat' dir='ltr'>et</span> <span class='ocrx_word' id='word_1_485' title='bbox 2516 3238 2632 3293; x_wconf 91' lang='lat' dir='ltr'>alio</span> <span class='ocrx_word' id='word_1_486' title='bbox 2674 3239 2881 3295; x_wconf 69' lang='lat' dir='ltr'>lrenaai</span> <span class='ocrx_word' id='word_1_487' title='bbox 2942 3240 3071 3296; x_wconf 92' lang='lat' dir='ltr'>loco</span> <span class='ocrx_word' id='word_1_488' title='bbox 3128 3241 3232 3297; x_wconf 92' lang='lat' dir='ltr'>lib.</span> <span class='ocrx_word' id='word_1_489' title='bbox 3264 3244 3304 3310; x_wconf 91' lang='lat' dir='ltr'>i,</span> <span class='ocrx_word' id='word_1_490' title='bbox 3347 3260 3397 3298; x_wconf 94' lang='lat' dir='ltr'>c.</span> <span class='ocrx_word' id='word_1_491' title='bbox 3432 3246 3519 3311; x_wconf 76' lang='lat'>19,</span> <span class='ocrx_word' id='word_1_492' title='bbox 3550 3243 3712 3300; x_wconf 90' lang='lat' dir='ltr'>clare</span> 
     </span>
    </p>
   </div>
   <div class='ocr_carea' id='block_1_62' title="bbox 290 3328 1942 3399">
    <p class='ocr_par' dir='ltr' id='par_1_62' title="bbox 290 3328 1942 3399">
     <span class='ocr_line' id='line_1_63' title="bbox 290 3328 1942 3399; baseline -0.002 -13"><span class='ocrx_word' id='word_1_493' title='bbox 290 3330 642 3386; x_wconf 89' lang='lat' dir='ltr'>Valentinus</span> <span class='ocrx_word' id='word_1_494' title='bbox 671 3329 757 3384; x_wconf 91' lang='lat' dir='ltr'>sic</span> <span class='ocrx_word' id='word_1_495' title='bbox 786 3328 1091 3397; x_wconf 83' lang='lat' dir='ltr'>difﬁnivit,</span> <span class='ocrx_word' id='word_1_496' title='bbox 1123 3328 1474 3383; x_wconf 89' lang='lat' dir='ltr'>dualitatem</span> <span class='ocrx_word' id='word_1_497' title='bbox 1501 3328 1822 3399; x_wconf 90' lang='lat' dir='ltr'>quamdam</span> <span class='ocrx_word' id='word_1_498' title='bbox 1852 3329 1942 3383; x_wconf 88' lang='lat' dir='ltr'>in-</span> 
     </span>
    </p>
   </div>
   <div class='ocr_carea' id='block_1_63' title="bbox 291 3416 1942 3490">
    <p class='ocr_par' dir='ltr' id='par_1_63' title="bbox 291 3416 1942 3490">
     <span class='ocr_line' id='line_1_64' title="bbox 291 3416 1942 3490; baseline -0.002 -14"><span class='ocrx_word' id='word_1_499' title='bbox 291 3419 746 3488; x_wconf 88' lang='lat' dir='ltr'>nominabilem,</span> <span class='ocrx_word' id='word_1_500' title='bbox 770 3419 944 3490; x_wconf 81' lang='lat' dir='ltr'>cujus</span> <span class='ocrx_word' id='word_1_501' title='bbox 962 3418 1204 3489; x_wconf 90' lang='lat' dir='ltr'>quidem</span> <span class='ocrx_word' id='word_1_502' title='bbox 1228 3417 1455 3488; x_wconf 92' lang='lat' dir='ltr'>aliquid</span> <span class='ocrx_word' id='word_1_503' title='bbox 1477 3416 1670 3473; x_wconf 89' lang='lat' dir='ltr'>vocari</span> <span class='ocrx_word' id='word_1_504' title='bbox 1703 3418 1942 3473; x_wconf 91' lang='lat' dir='ltr'>inenar-</span> 
     </span>
    </p>
   </div>
   <div class='ocr_carea' id='block_1_64' title="bbox 293 3505 1942 3579">
    <p class='ocr_par' dir='ltr' id='par_1_64' title="bbox 293 3505 1942 3579">
     <span class='ocr_line' id='line_1_65' title="bbox 293 3505 1942 3579; baseline -0.002 -15"><span class='ocrx_word' id='word_1_505' title='bbox 293 3508 504 3577; x_wconf 88' lang='lat' dir='ltr'>rabile,</span> <span class='ocrx_word' id='word_1_506' title='bbox 533 3508 693 3564; x_wconf 91' lang='lat' dir='ltr'>aliud</span> <span class='ocrx_word' id='word_1_507' title='bbox 738 3513 938 3563; x_wconf 89' lang='lat' dir='ltr'>autem</span> <span class='ocrx_word' id='word_1_508' title='bbox 961 3507 1158 3579; x_wconf 86' lang='lat' dir='ltr'>Sigen,</span> <span class='ocrx_word' id='word_1_509' title='bbox 1184 3528 1209 3555; x_wconf 80' lang='grc'><strong>·›</strong></span> <span class='ocrx_word' id='word_1_510' title='bbox 1244 3511 1420 3577; x_wconf 86' lang='lat' dir='ltr'>negat</span> <span class='ocrx_word' id='word_1_511' title='bbox 1449 3505 1755 3561; x_wconf 91' lang='lat' dir='ltr'>Gnosticos</span> <span class='ocrx_word' id='word_1_512' title='bbox 1787 3511 1942 3561; x_wconf 90' lang='lat' dir='ltr'>vete-</span> 
     </span>
    </p>
   </div>
   <div class='ocr_carea' id='block_1_65' title="bbox 288 3594 1944 3654">
    <p class='ocr_par' dir='ltr' id='par_1_65' title="bbox 288 3594 1944 3654">
     <span class='ocr_line' id='line_1_66' title="bbox 288 3594 1944 3654; baseline -0.002 0"><span class='ocrx_word' id='word_1_513' title='bbox 288 3615 387 3654; x_wconf 90' lang='lat' dir='ltr'>res</span> <span class='ocrx_word' id='word_1_514' title='bbox 418 3597 699 3653; x_wconf 90' lang='lat' dir='ltr'>Profundi</span> <span class='ocrx_word' id='word_1_515' title='bbox 732 3603 790 3653; x_wconf 90' lang='lat' dir='ltr'>et</span> <span class='ocrx_word' id='word_1_516' title='bbox 819 3596 1049 3652; x_wconf 85' lang='lat' dir='ltr'>Silentii</span> <span class='ocrx_word' id='word_1_517' title='bbox 1081 3594 1580 3651; x_wconf 89' lang='lat' dir='ltr'>combinationem</span> <span class='ocrx_word' id='word_1_518' title='bbox 1607 3594 1944 3650; x_wconf 80' lang='lat' dir='ltr'>induxisse?</span> 
     </span>
    </p>
   </div>
   <div class='ocr_carea' id='block_1_66' title="bbox 289 3685 1943 3757">
    <p class='ocr_par' dir='ltr' id='par_1_66' title="bbox 289 3685 1943 3757">
     <span class='ocr_line' id='line_1_67' title="bbox 289 3685 1943 3757; baseline -0.002 -14"><span class='ocrx_word' id='word_1_519' title='bbox 289 3694 392 3744; x_wconf 88' lang='lat' dir='ltr'>aut</span> <span class='ocrx_word' id='word_1_520' title='bbox 421 3687 573 3743; x_wconf 89' lang='lat' dir='ltr'>illud</span> <span class='ocrx_word' id='word_1_521' title='bbox 594 3688 874 3756; x_wconf 85' lang='lat' dir='ltr'>affirmat,</span> <span class='ocrx_word' id='word_1_522' title='bbox 898 3687 1057 3741; x_wconf 91' lang='lat' dir='ltr'>unde</span> <span class='ocrx_word' id='word_1_523' title='bbox 1079 3702 1147 3741; x_wconf 91' lang='lat' dir='ltr'>ea</span> <span class='ocrx_word' id='word_1_524' title='bbox 1180 3685 1412 3757; x_wconf 88' lang='lat' dir='ltr'>negatio</span> <span class='ocrx_word' id='word_1_525' title='bbox 1444 3690 1746 3755; x_wconf 90' lang='lat' dir='ltr'>sequatur,</span> <span class='ocrx_word' id='word_1_526' title='bbox 1780 3685 1943 3740; x_wconf 88' lang='lat' dir='ltr'>scili-</span> 
     </span>
    </p>
   </div>
   <div class='ocr_carea' id='block_1_67' title="bbox 287 3775 1939 3849">
    <p class='ocr_par' dir='ltr' id='par_1_67' title="bbox 287 3775 1939 3849">
     <span class='ocr_line' id='line_1_68' title="bbox 287 3775 1939 3849; baseline -0.001 -17"><span class='ocrx_word' id='word_1_527' title='bbox 287 3783 380 3834; x_wconf 88' lang='lat' dir='ltr'>cet</span> <span class='ocrx_word' id='word_1_528' title='bbox 408 3778 717 3849; x_wconf 89' lang='lat' dir='ltr'>proprium</span> <span class='ocrx_word' id='word_1_529' title='bbox 760 3776 1060 3832; x_wconf 87' lang='lat' dir='ltr'>Valentini</span> <span class='ocrx_word' id='word_1_530' title='bbox 1106 3776 1508 3831; x_wconf 88' lang='lat' dir='ltr'>characterem</span> <span class='ocrx_word' id='word_1_531' title='bbox 1552 3775 1939 3831; x_wconf 91' lang='lat' dir='ltr'>combinatio-</span> 
     </span>
    </p>
   </div>
   <div class='ocr_carea' id='block_1_68' title="bbox 287 3863 1941 3937">
    <p class='ocr_par' dir='ltr' id='par_1_68' title="bbox 287 3863 1941 3937">
     <span class='ocr_line' id='line_1_69' title="bbox 287 3863 1941 3937; baseline -0.001 -15"><span class='ocrx_word' id='word_1_532' title='bbox 287 3884 428 3922; x_wconf 89' lang='lat' dir='ltr'>nem</span> <span class='ocrx_word' id='word_1_533' title='bbox 459 3866 624 3923; x_wconf 90' lang='lat' dir='ltr'>illam</span> <span class='ocrx_word' id='word_1_534' title='bbox 652 3866 938 3922; x_wconf 89' lang='lat' dir='ltr'>Profundi</span> <span class='ocrx_word' id='word_1_535' title='bbox 963 3871 1021 3921; x_wconf 92' lang='lat' dir='ltr'>et</span> <span class='ocrx_word' id='word_1_536' title='bbox 1041 3865 1271 3921; x_wconf 89' lang='lat' dir='ltr'>Silentii</span> <span class='ocrx_word' id='word_1_537' title='bbox 1294 3865 1614 3937; x_wconf 90' lang='lat' dir='ltr'>protulisse</span> <span class='ocrx_word' id='word_1_538' title='bbox 1637 3863 1665 3920; x_wconf 84' lang='lat'><strong>?</strong></span> <span class='ocrx_word' id='word_1_539' title='bbox 1693 3866 1808 3937; x_wconf 88' lang='lat' dir='ltr'>Ego</span> <span class='ocrx_word' id='word_1_540' title='bbox 1831 3881 1941 3920; x_wconf 88' lang='lat' dir='ltr'>nec</span> 
     </span>
    </p>
   </div>
   <div class='ocr_carea' id='block_1_69' title="bbox 286 3953 1938 4028">
    <p class='ocr_par' dir='ltr' id='par_1_69' title="bbox 286 3953 1938 4028">
     <span class='ocr_line' id='line_1_70' title="bbox 286 3953 1938 4028; baseline -0.002 -18"><span class='ocrx_word' id='word_1_541' title='bbox 286 3956 546 4028; x_wconf 88' lang='lat' dir='ltr'>priorem</span> <span class='ocrx_word' id='word_1_542' title='bbox 576 3955 978 4028; x_wconf 80' lang='lat' dir='ltr'>negationem,</span> <span class='ocrx_word' id='word_1_543' title='bbox 1010 3971 1122 4009; x_wconf 91' lang='lat' dir='ltr'>nec</span> <span class='ocrx_word' id='word_1_544' title='bbox 1162 3955 1555 4026; x_wconf 88' lang='lat' dir='ltr'>posteriorem</span> <span class='ocrx_word' id='word_1_545' title='bbox 1585 3953 1938 4009; x_wconf 83' lang='lat' dir='ltr'>afﬁrmatio-</span> 
     </span>
    </p>
   </div>
   <div class='ocr_carea' id='block_1_70' title="bbox 284 4044 1940 4115">
    <p class='ocr_par' dir='ltr' id='par_1_70' title="bbox 284 4044 1940 4115">
     <span class='ocr_line' id='line_1_71' title="bbox 284 4044 1940 4115; baseline -0.004 -12"><span class='ocrx_word' id='word_1_546' title='bbox 284 4062 423 4103; x_wconf 89' lang='lat' dir='ltr'>nem</span> <span class='ocrx_word' id='word_1_547' title='bbox 454 4046 515 4100; x_wconf 91' lang='lat' dir='ltr'>in</span> <span class='ocrx_word' id='word_1_548' title='bbox 547 4046 741 4102; x_wconf 89' lang='lat' dir='ltr'>verbis</span> <span class='ocrx_word' id='word_1_549' title='bbox 760 4044 970 4100; x_wconf 71' lang='lat' dir='ltr'>Irenaai</span> <span class='ocrx_word' id='word_1_550' title='bbox 992 4044 1222 4115; x_wconf 91' lang='lat' dir='ltr'>reperio</span> <span class='ocrx_word' id='word_1_551' title='bbox 1248 4062 1263 4112; x_wconf 88' lang='lat'><strong>;</strong></span> <span class='ocrx_word' id='word_1_552' title='bbox 1297 4044 1416 4099; x_wconf 90' lang='lat' dir='ltr'>imo</span> <span class='ocrx_word' id='word_1_553' title='bbox 1447 4060 1521 4099; x_wconf 88' lang='lat' dir='ltr'>ne</span> <span class='ocrx_word' id='word_1_554' title='bbox 1555 4059 1774 4099; x_wconf 90' lang='lat' dir='ltr'>nomen</span> <span class='ocrx_word' id='word_1_555' title='bbox 1805 4044 1940 4097; x_wconf 87' lang='lat' dir='ltr'>Pro-</span> 
     </span>
    </p>
   </div>
   <div class='ocr_carea' id='block_1_71' title="bbox 284 4131 1940 4206">
    <p class='ocr_par' dir='ltr' id='par_1_71' title="bbox 284 4131 1940 4206">
     <span class='ocr_line' id='line_1_72' title="bbox 284 4131 1940 4206; baseline -0.005 -14"><span class='ocrx_word' id='word_1_556' title='bbox 284 4135 477 4204; x_wconf 86' lang='lat' dir='ltr'>fundi,</span> <span class='ocrx_word' id='word_1_557' title='bbox 512 4136 631 4190; x_wconf 88' lang='lat' dir='ltr'>sive</span> <span class='ocrx_word' id='word_1_558' title='bbox 663 4135 829 4206; x_wconf 82' lang='lat' dir='ltr'>Bytbi</span> <span class='ocrx_word' id='word_1_559' title='bbox 865 4136 1021 4190; x_wconf 92' lang='lat' dir='ltr'>inter</span> <span class='ocrx_word' id='word_1_560' title='bbox 1048 4137 1297 4189; x_wconf 66' lang='lat' dir='ltr'>Aionum</span> <span class='ocrx_word' id='word_1_561' title='bbox 1331 4134 1576 4189; x_wconf 90' lang='lat' dir='ltr'>nomina</span> <span class='ocrx_word' id='word_1_562' title='bbox 1601 4148 1670 4186; x_wconf 91' lang='lat' dir='ltr'>eo</span> <span class='ocrx_word' id='word_1_563' title='bbox 1702 4131 1813 4186; x_wconf 93' lang='lat' dir='ltr'>loci</span> <span class='ocrx_word' id='word_1_564' title='bbox 1846 4131 1940 4184; x_wconf 92' lang='lat' dir='ltr'>in-</span> 
     </span>
    </p>
   </div>
   <div class='ocr_carea' id='block_1_72' title="bbox 281 4219 1933 4295">
    <p class='ocr_par' dir='ltr' id='par_1_72' title="bbox 281 4219 1933 4295">
     <span class='ocr_line' id='line_1_73' title="bbox 281 4219 1933 4295; baseline -0.002 -18"><span class='ocrx_word' id='word_1_565' title='bbox 281 4225 474 4289; x_wconf 88' lang='lat' dir='ltr'>venio,</span> <span class='ocrx_word' id='word_1_566' title='bbox 497 4224 611 4279; x_wconf 89' lang='lat' dir='ltr'>nisi</span> <span class='ocrx_word' id='word_1_567' title='bbox 632 4228 948 4295; x_wconf 90' lang='lat' dir='ltr'>postquam</span> <span class='ocrx_word' id='word_1_568' title='bbox 972 4223 1213 4295; x_wconf 77' lang='lat' dir='ltr'>triginta</span> <span class='ocrx_word' id='word_1_569' title='bbox 1235 4223 1447 4278; x_wconf 65' lang='lat' dir='ltr'>!Eones</span> <span class='ocrx_word' id='word_1_570' title='bbox 1460 4222 1588 4292; x_wconf 88' lang='lat' dir='ltr'>jam</span> <span class='ocrx_word' id='word_1_571' title='bbox 1607 4219 1933 4275; x_wconf 89' lang='lat' dir='ltr'>enumerati</span> 
     </span>
    </p>
   </div>
   <div class='ocr_carea' id='block_1_73' title="bbox 288 4308 1935 4381">
    <p class='ocr_par' dir='ltr' id='par_1_73' title="bbox 288 4308 1935 4381">
     <span class='ocr_line' id='line_1_74' title="bbox 288 4308 1935 4381; baseline -0.003 -13"><span class='ocrx_word' id='word_1_572' title='bbox 288 4317 491 4369; x_wconf 90' lang='lat' dir='ltr'>essent</span> <span class='ocrx_word' id='word_1_573' title='bbox 517 4328 530 4378; x_wconf 94' lang='lat'><strong>;</strong></span> <span class='ocrx_word' id='word_1_574' title='bbox 564 4311 722 4381; x_wconf 90' lang='lat' dir='ltr'>quod</span> <span class='ocrx_word' id='word_1_575' title='bbox 772 4327 1081 4381; x_wconf 90' lang='lat' dir='ltr'>nunquam</span> <span class='ocrx_word' id='word_1_576' title='bbox 1122 4315 1281 4365; x_wconf 91' lang='lat' dir='ltr'>certe</span> <span class='ocrx_word' id='word_1_577' title='bbox 1312 4308 1550 4363; x_wconf 89' lang='lat' dir='ltr'>fecisset</span> <span class='ocrx_word' id='word_1_578' title='bbox 1576 4309 1857 4375; x_wconf 84' lang='lat' dir='ltr'>Irenaeus,</span> <span class='ocrx_word' id='word_1_579' title='bbox 1886 4308 1935 4363; x_wconf 88' lang='lat' dir='ltr'>si</span> 
     </span>
    </p>
   </div>
   <div class='ocr_carea' id='block_1_74' title="bbox 283 4396 1936 4471">
    <p class='ocr_par' dir='ltr' id='par_1_74' title="bbox 283 4396 1936 4471">
     <span class='ocr_line' id='line_1_75' title="bbox 283 4396 1936 4471; baseline -0.004 -15"><span class='ocrx_word' id='word_1_580' title='bbox 283 4416 503 4456; x_wconf 88' lang='lat' dir='ltr'>nomen</span> <span class='ocrx_word' id='word_1_581' title='bbox 521 4400 687 4471; x_wconf 88' lang='lat' dir='ltr'>Bythi</span> <span class='ocrx_word' id='word_1_582' title='bbox 705 4416 739 4454; x_wconf 93' lang='lat' dir='ltr'>a</span> <span class='ocrx_word' id='word_1_583' title='bbox 752 4399 1063 4455; x_wconf 90' lang='lat' dir='ltr'>Valentino</span> <span class='ocrx_word' id='word_1_584' title='bbox 1081 4398 1359 4470; x_wconf 88' lang='lat' dir='ltr'>primitus</span> <span class='ocrx_word' id='word_1_585' title='bbox 1375 4397 1684 4451; x_wconf 89' lang='lat' dir='ltr'>inventum</span> <span class='ocrx_word' id='word_1_586' title='bbox 1698 4402 1756 4451; x_wconf 89' lang='lat' dir='ltr'>et</span> <span class='ocrx_word' id='word_1_587' title='bbox 1775 4396 1936 4451; x_wconf 91' lang='lat' dir='ltr'>illius</span> 
     </span>
    </p>
   </div>
   <div class='ocr_carea' id='block_1_75' title="bbox 2051 3328 3713 3401">
    <p class='ocr_par' dir='ltr' id='par_1_75' title="bbox 2051 3328 3713 3401">
     <span class='ocr_line' id='line_1_76' title="bbox 2051 3328 3713 3401; baseline 0.003 -18"><span class='ocrx_word' id='word_1_588' title='bbox 2051 3328 2503 3399; x_wconf 88' lang='lat' dir='ltr'>comprobatur:</span> <span class='ocrx_word' id='word_1_589' title='bbox 2530 3352 2557 3379; x_wconf 85' lang='grc'>‹‹</span> <span class='ocrx_word' id='word_1_590' title='bbox 2583 3329 2728 3383; x_wconf 90' lang='lat' dir='ltr'>Cum</span> <span class='ocrx_word' id='word_1_591' title='bbox 2755 3329 2829 3384; x_wconf 90' lang='lat' dir='ltr'>sit</span> <span class='ocrx_word' id='word_1_592' title='bbox 2849 3329 3028 3401; x_wconf 83' lang='lat' dir='ltr'>igitur</span> <span class='ocrx_word' id='word_1_593' title='bbox 3049 3330 3330 3387; x_wconf 89' lang='lat' dir='ltr'>adversus</span> <span class='ocrx_word' id='word_1_594' title='bbox 3355 3350 3565 3388; x_wconf 91' lang='lat' dir='ltr'>omnes</span> <span class='ocrx_word' id='word_1_595' title='bbox 3585 3333 3713 3388; x_wconf 77' lang='lat' dir='ltr'>has-</span> 
     </span>
    </p>
   </div>
   <div class='ocr_carea' id='block_1_76' title="bbox 2049 3418 3713 3491">
    <p class='ocr_par' dir='ltr' id='par_1_76' title="bbox 2049 3418 3713 3491">
     <span class='ocr_line' id='line_1_77' title="bbox 2049 3418 3713 3491; baseline 0.003 -18"><span class='ocrx_word' id='word_1_596' title='bbox 2049 3435 2214 3473; x_wconf 90' lang='lat' dir='ltr'>reses</span> <span class='ocrx_word' id='word_1_597' title='bbox 2235 3418 2489 3474; x_wconf 91' lang='lat' dir='ltr'>detectio</span> <span class='ocrx_word' id='word_1_598' title='bbox 2530 3423 2708 3489; x_wconf 90' lang='lat' dir='ltr'>atque</span> <span class='ocrx_word' id='word_1_599' title='bbox 2734 3420 3068 3476; x_wconf 90' lang='lat' dir='ltr'>conviction</span> <span class='ocrx_word' id='word_1_600' title='bbox 3094 3421 3255 3477; x_wconf 91' lang='lat' dir='ltr'>varia</span> <span class='ocrx_word' id='word_1_601' title='bbox 3274 3427 3335 3477; x_wconf 91' lang='lat' dir='ltr'>et</span> <span class='ocrx_word' id='word_1_602' title='bbox 3354 3423 3713 3491; x_wconf 90' lang='lat' dir='ltr'>multifaria,</span> 
     </span>
    </p>
   </div>
   <div class='ocr_carea' id='block_1_77' title="bbox 2050 3506 3713 3584">
    <p class='ocr_par' dir='ltr' id='par_1_77' title="bbox 2050 3506 3713 3584">
     <span class='ocr_line' id='line_1_78' title="bbox 2050 3506 3713 3584; baseline 0.005 -24"><span class='ocrx_word' id='word_1_603' title='bbox 2050 3511 2109 3560; x_wconf 92' lang='lat' dir='ltr'>et</span> <span class='ocrx_word' id='word_1_604' title='bbox 2138 3506 2309 3561; x_wconf 92' lang='lat' dir='ltr'>nobis</span> <span class='ocrx_word' id='word_1_605' title='bbox 2330 3506 2698 3577; x_wconf 89' lang='lat' dir='ltr'>propositum</span> <span class='ocrx_word' id='word_1_606' title='bbox 2729 3511 2836 3573; x_wconf 91' lang='lat' dir='ltr'>est,</span> <span class='ocrx_word' id='word_1_607' title='bbox 2862 3508 3142 3564; x_wconf 90' lang='lat' dir='ltr'>omnibus</span> <span class='ocrx_word' id='word_1_608' title='bbox 3168 3508 3241 3564; x_wconf 92' lang='lat' dir='ltr'>iis</span> <span class='ocrx_word' id='word_1_609' title='bbox 3264 3511 3594 3567; x_wconf 90' lang='lat' dir='ltr'>secundum</span> <span class='ocrx_word' id='word_1_610' title='bbox 3621 3512 3713 3584; x_wconf 86' lang='lat' dir='ltr'>ip-</span> 
     </span>
    </p>
   </div>
   <div class='ocr_carea' id='block_1_78' title="bbox 2049 3596 3714 3667">
    <p class='ocr_par' dir='ltr' id='par_1_78' title="bbox 2049 3596 3714 3667">
     <span class='ocr_line' id='line_1_79' title="bbox 2049 3596 3714 3667; baseline 0.004 -16"><span class='ocrx_word' id='word_1_611' title='bbox 2049 3612 2250 3651; x_wconf 91' lang='lat' dir='ltr'>sorum</span> <span class='ocrx_word' id='word_1_612' title='bbox 2278 3596 2681 3651; x_wconf 89' lang='lat' dir='ltr'>characterem</span> <span class='ocrx_word' id='word_1_613' title='bbox 2714 3597 3143 3667; x_wconf 90' lang='lat' dir='ltr'>contradicere,</span> <span class='ocrx_word' id='word_1_614' title='bbox 3176 3601 3584 3657; x_wconf 88' lang='lat' dir='ltr'>necessarium</span> <span class='ocrx_word' id='word_1_615' title='bbox 3611 3618 3714 3657; x_wconf 92' lang='lat' dir='ltr'>ar-</span> 
     </span>
    </p>
   </div>
   <div class='ocr_carea' id='block_1_79' title="bbox 2048 3686 3718 3763">
    <p class='ocr_par' dir='ltr' id='par_1_79' title="bbox 2048 3686 3718 3763">
     <span class='ocr_line' id='line_1_80' title="bbox 2048 3686 3718 3763; baseline 0.004 -22"><span class='ocrx_word' id='word_1_616' title='bbox 2048 3686 2248 3741; x_wconf 85' lang='lat' dir='ltr'>bitrati</span> <span class='ocrx_word' id='word_1_617' title='bbox 2266 3702 2472 3742; x_wconf 90' lang='lat' dir='ltr'>sumus</span> <span class='ocrx_word' id='word_1_618' title='bbox 2485 3686 2649 3758; x_wconf 90' lang='lat' dir='ltr'>prius</span> <span class='ocrx_word' id='word_1_619' title='bbox 2662 3686 2884 3742; x_wconf 89' lang='lat' dir='ltr'>referre</span> <span class='ocrx_word' id='word_1_620' title='bbox 2897 3688 3126 3743; x_wconf 89' lang='lat' dir='ltr'>fontem</span> <span class='ocrx_word' id='word_1_621' title='bbox 3142 3695 3197 3744; x_wconf 90' lang='lat' dir='ltr'>et</span> <span class='ocrx_word' id='word_1_622' title='bbox 3211 3689 3476 3746; x_wconf 90' lang='lat' dir='ltr'>radicem</span> <span class='ocrx_word' id='word_1_623' title='bbox 3497 3708 3718 3763; x_wconf 85' lang='lat' dir='ltr'>eorum,</span> 
     </span>
    </p>
   </div>
   <div class='ocr_carea' id='block_1_80' title="bbox 2046 3775 3722 3851">
    <p class='ocr_par' dir='ltr' id='par_1_80' title="bbox 2046 3775 3722 3851">
     <span class='ocr_line' id='line_1_81' title="bbox 2046 3775 3722 3851; baseline 0.004 -21"><span class='ocrx_word' id='word_1_624' title='bbox 2046 3779 2113 3830; x_wconf 91' lang='lat' dir='ltr'>ut</span> <span class='ocrx_word' id='word_1_625' title='bbox 2136 3775 2632 3831; x_wconf 89' lang='lat' dir='ltr'>sublimissimum</span> <span class='ocrx_word' id='word_1_626' title='bbox 2657 3792 2866 3831; x_wconf 90' lang='lat' dir='ltr'>eorum</span> <span class='ocrx_word' id='word_1_627' title='bbox 2885 3777 3137 3847; x_wconf 89' lang='lat' dir='ltr'>Bythum</span> <span class='ocrx_word' id='word_1_628' title='bbox 3161 3780 3722 3851; x_wconf 87' lang='lat' dir='ltr'>cognoscensintel-</span> 
     </span>
    </p>
   </div>
   <div class='ocr_carea' id='block_1_81' title="bbox 2046 3863 3721 3936">
    <p class='ocr_par' dir='ltr' id='par_1_81' title="bbox 2046 3863 3721 3936">
     <span class='ocr_line' id='line_1_82' title="bbox 2046 3863 3721 3936; baseline 0.004 -17"><span class='ocrx_word' id='word_1_629' title='bbox 2046 3864 2194 3936; x_wconf 84' lang='lat' dir='ltr'>ligas</span> <span class='ocrx_word' id='word_1_630' title='bbox 2208 3864 2481 3920; x_wconf 88' lang='lat' dir='ltr'>arborem</span> <span class='ocrx_word' id='word_1_631' title='bbox 2496 3863 2567 3919; x_wconf 93' lang='lat' dir='ltr'>de</span> <span class='ocrx_word' id='word_1_632' title='bbox 2585 3881 2702 3935; x_wconf 90' lang='lat' dir='ltr'>qua</span> <span class='ocrx_word' id='word_1_633' title='bbox 2714 3864 3093 3921; x_wconf 84' lang='lat' dir='ltr'>deﬂuxerunt</span> <span class='ocrx_word' id='word_1_634' title='bbox 3106 3866 3253 3923; x_wconf 91' lang='lat' dir='ltr'>tales</span> <span class='ocrx_word' id='word_1_635' title='bbox 3272 3867 3521 3925; x_wconf 87' lang='lat' dir='ltr'>fructus.</span> <span class='ocrx_word' id='word_1_636' title='bbox 3535 3892 3561 3918; x_wconf 86' lang='lat'>»</span> <span class='ocrx_word' id='word_1_637' title='bbox 3576 3870 3721 3926; x_wconf 88' lang='lat' dir='ltr'>Fuit</span> 
     </span>
    </p>
   </div>
   <div class='ocr_carea' id='block_1_82' title="bbox 2045 3953 3708 4031">
    <p class='ocr_par' dir='ltr' id='par_1_82' title="bbox 2045 3953 3708 4031">
     <span class='ocr_line' id='line_1_83' title="bbox 2045 3953 3708 4031; baseline 0.004 -23"><span class='ocrx_word' id='word_1_638' title='bbox 2045 3953 2224 4026; x_wconf 87' lang='lat' dir='ltr'>igitur</span> <span class='ocrx_word' id='word_1_639' title='bbox 2245 3954 2308 4009; x_wconf 92' lang='lat' dir='ltr'>in</span> <span class='ocrx_word' id='word_1_640' title='bbox 2332 3954 2493 4009; x_wconf 88' lang='lat' dir='ltr'>fonte</span> <span class='ocrx_word' id='word_1_641' title='bbox 2514 3958 2573 4008; x_wconf 92' lang='lat' dir='ltr'>et</span> <span class='ocrx_word' id='word_1_642' title='bbox 2601 3954 2799 4009; x_wconf 91' lang='lat' dir='ltr'>radice</span> <span class='ocrx_word' id='word_1_643' title='bbox 2826 3954 3107 4010; x_wconf 63' lang='lat' dir='ltr'>doctrina:</span> <span class='ocrx_word' id='word_1_644' title='bbox 3131 3958 3423 4014; x_wconf 60' lang='lat' dir='ltr'>Gnostica:</span> <span class='ocrx_word' id='word_1_645' title='bbox 3456 3959 3708 4031; x_wconf 90' lang='lat' dir='ltr'>Bythus.</span> 
     </span>
    </p>
   </div>
   <div class='ocr_carea' id='block_1_83' title="bbox 2045 4043 3712 4116">
    <p class='ocr_par' dir='ltr' id='par_1_83' title="bbox 2045 4043 3712 4116">
     <span class='ocr_line' id='line_1_84' title="bbox 2045 4043 3712 4116; baseline 0.004 -18"><span class='ocrx_word' id='word_1_646' title='bbox 2045 4045 2179 4099; x_wconf 88' lang='lat' dir='ltr'>Fuit</span> <span class='ocrx_word' id='word_1_647' title='bbox 2207 4048 2404 4099; x_wconf 88' lang='lat' dir='ltr'>autem</span> <span class='ocrx_word' id='word_1_648' title='bbox 2438 4043 2566 4115; x_wconf 87' lang='lat' dir='ltr'>Sige</span> <span class='ocrx_word' id='word_1_649' title='bbox 2598 4048 2701 4098; x_wconf 91' lang='lat' dir='ltr'>aut</span> <span class='ocrx_word' id='word_1_650' title='bbox 2732 4044 2915 4116; x_wconf 87' lang='lat' dir='ltr'>Bytho</span> <span class='ocrx_word' id='word_1_651' title='bbox 2940 4061 3155 4112; x_wconf 82' lang='lat' dir='ltr'>coaeva,</span> <span class='ocrx_word' id='word_1_652' title='bbox 3180 4052 3283 4102; x_wconf 91' lang='lat' dir='ltr'>aut</span> <span class='ocrx_word' id='word_1_653' title='bbox 3312 4048 3561 4104; x_wconf 88' lang='lat' dir='ltr'>fortasse</span> <span class='ocrx_word' id='word_1_654' title='bbox 3593 4067 3712 4105; x_wconf 88' lang='lat' dir='ltr'>no-</span> 
     </span>
    </p>
   </div>
   <div class='ocr_carea' id='block_1_84' title="bbox 2042 4132 3717 4206">
    <p class='ocr_par' dir='ltr' id='par_1_84' title="bbox 2042 4132 3717 4206">
     <span class='ocr_line' id='line_1_85' title="bbox 2042 4132 3717 4206; baseline 0.005 -19"><span class='ocrx_word' id='word_1_655' title='bbox 2042 4147 2167 4187; x_wconf 86' lang='lat' dir='ltr'>men</span> <span class='ocrx_word' id='word_1_656' title='bbox 2182 4132 2311 4203; x_wconf 86' lang='lat' dir='ltr'>ejus</span> <span class='ocrx_word' id='word_1_657' title='bbox 2325 4132 2424 4187; x_wconf 90' lang='lat' dir='ltr'>illo</span> <span class='ocrx_word' id='word_1_658' title='bbox 2439 4132 2606 4203; x_wconf 89' lang='lat' dir='ltr'>Bythi</span> <span class='ocrx_word' id='word_1_659' title='bbox 2619 4133 3063 4206; x_wconf 88' lang='lat' dir='ltr'>antiquius;ipsi</span> <span class='ocrx_word' id='word_1_660' title='bbox 3081 4141 3241 4191; x_wconf 88' lang='lat' dir='ltr'>certe</span> <span class='ocrx_word' id='word_1_661' title='bbox 3257 4136 3481 4193; x_wconf 92' lang='lat' dir='ltr'>Simoni</span> <span class='ocrx_word' id='word_1_662' title='bbox 3495 4137 3717 4195; x_wconf 90' lang='lat' dir='ltr'>aderat</span> 
     </span>
    </p>
   </div>
   <div class='ocr_carea' id='block_1_85' title="bbox 2043 4222 3718 4299">
    <p class='ocr_par' dir='ltr' id='par_1_85' title="bbox 2043 4222 3718 4299">
     <span class='ocr_line' id='line_1_86' title="bbox 2043 4222 3718 4299; baseline 0.005 -23"><span class='ocrx_word' id='word_1_663' title='bbox 2043 4224 2423 4293; x_wconf 76' lang='lat' dir='ltr'>Ennma,quae</span> <span class='ocrx_word' id='word_1_664' title='bbox 2446 4226 2504 4277; x_wconf 92' lang='lat' dir='ltr'>et</span> <span class='ocrx_word' id='word_1_665' title='bbox 2518 4222 2990 4294; x_wconf 90' lang='lat' dir='ltr'>Sige,etquidem</span> <span class='ocrx_word' id='word_1_666' title='bbox 3010 4223 3082 4279; x_wconf 88' lang='lat' dir='ltr'>ab</span> <span class='ocrx_word' id='word_1_667' title='bbox 3102 4224 3272 4280; x_wconf 90' lang='lat' dir='ltr'>initio</span> <span class='ocrx_word' id='word_1_668' title='bbox 3299 4226 3427 4299; x_wconf 91' lang='lat' dir='ltr'>Sige</span> <span class='ocrx_word' id='word_1_669' title='bbox 3445 4227 3718 4299; x_wconf 90' lang='lat' dir='ltr'>appella-</span> 
     </span>
    </p>
   </div>
   <div class='ocr_carea' id='block_1_86' title="bbox 2042 4310 3714 4384">
    <p class='ocr_par' dir='ltr' id='par_1_86' title="bbox 2042 4310 3714 4384">
     <span class='ocr_line' id='line_1_87' title="bbox 2042 4310 3714 4384; baseline 0.002 -17"><span class='ocrx_word' id='word_1_670' title='bbox 2042 4316 2193 4378; x_wconf 89' lang='lat' dir='ltr'>ta,ut</span> <span class='ocrx_word' id='word_1_671' title='bbox 2213 4310 2779 4366; x_wconf 89' lang='lat' dir='ltr'>ostenditEusebius</span> <span class='ocrx_word' id='word_1_672' title='bbox 2798 4313 2873 4366; x_wconf 85' lang='lat' dir='ltr'>De</span> <span class='ocrx_word' id='word_1_673' title='bbox 2903 4312 3032 4367; x_wconf 75' lang='grc' dir='ltr'>θοοὶ.</span> <span class='ocrx_word' id='word_1_674' title='bbox 3067 4314 3413 4384; x_wconf 78' lang='lat' dir='ltr'>theologiaJ.</span> <span class='ocrx_word' id='word_1_675' title='bbox 3452 4333 3511 4380; x_wconf 79' lang='grc' dir='ltr'>ιι,</span> <span class='ocrx_word' id='word_1_676' title='bbox 3546 4332 3594 4371; x_wconf 91' lang='lat' dir='ltr'>c.</span> <span class='ocrx_word' id='word_1_677' title='bbox 3626 4319 3663 4371; x_wconf 85' lang='lat'>9</span> <span class='ocrx_word' id='word_1_678' title='bbox 3698 4333 3714 4371; x_wconf 91' lang='lat'>:</span> 
     </span>
    </p>
   </div>
   <div class='ocr_carea' id='block_1_87' title="bbox 2043 4397 3707 4480">
    <p class='ocr_par' dir='ltr' id='par_1_87' title="bbox 2043 4397 3707 4480">
     <span class='ocr_line' id='line_1_88' title="bbox 2043 4397 3707 4480; baseline 0.001 -25"><span class='ocrx_word' id='word_1_679' title='bbox 2043 4402 2173 4456; x_wconf 81' lang='grc' dir='ltr'>Κατ’</span> <span class='ocrx_word' id='word_1_680' title='bbox 2202 4398 2360 4454; x_wconf 83' lang='grc' dir='ltr'>αὐτὸν</span> <span class='ocrx_word' id='word_1_681' title='bbox 2394 4397 2601 4453; x_wconf 80' lang='grc' dir='ltr'>ἐκεῖνον</span> <span class='ocrx_word' id='word_1_682' title='bbox 2643 4399 2735 4453; x_wconf 89' lang='grc' dir='ltr'>τὸν</span> <span class='ocrx_word' id='word_1_683' title='bbox 2766 4404 2873 4454; x_wconf 84' lang='grc' dir='ltr'>τῶν</span> <span class='ocrx_word' id='word_1_684' title='bbox 2935 4399 3103 4465; x_wconf 83' lang='grc' dir='ltr'>ἀθέων</span> <span class='ocrx_word' id='word_1_685' title='bbox 3142 4403 3476 4475; x_wconf 75' lang='grc' dir='ltr'>αἱρεσιωτῶν</span> <span class='ocrx_word' id='word_1_686' title='bbox 3510 4401 3707 4480; x_wconf 82' lang='grc' dir='ltr'>ἀρχη-</span> 
     </span>
    </p>
   </div>
   <div class='ocr_carea' id='block_1_88' title="bbox 284 4478 1945 4566">
    <p class='ocr_par' dir='ltr' id='par_1_88' title="bbox 284 4484 1936 4559">
     <span class='ocr_line' id='line_1_89' title="bbox 284 4484 1936 4559; baseline -0.003 -15"><span class='ocrx_word' id='word_1_687' title='bbox 284 4489 611 4545; x_wconf 88' lang='lat' dir='ltr'>characteri</span> <span class='ocrx_word' id='word_1_688' title='bbox 642 4488 938 4559; x_wconf 88' lang='lat' dir='ltr'>peculiare</span> <span class='ocrx_word' id='word_1_689' title='bbox 969 4487 1196 4543; x_wconf 88' lang='lat' dir='ltr'>fuisset.</span> <span class='ocrx_word' id='word_1_690' title='bbox 1233 4486 1411 4541; x_wconf 85' lang='lat' dir='ltr'>Miror</span> <span class='ocrx_word' id='word_1_691' title='bbox 1451 4484 1727 4556; x_wconf 88' lang='lat' dir='ltr'>equidem</span> <span class='ocrx_word' id='word_1_692' title='bbox 1759 4485 1936 4541; x_wconf 90' lang='lat' dir='ltr'>talem</span> 
     </span>
    </p>
   </div>
   <div class='ocr_carea' id='block_1_89' title="bbox 2054 4478 3711 4566">
    <p class='ocr_par' dir='ltr' id='par_1_89' title="bbox 2054 4478 3711 4566">
     <span class='ocr_line' id='line_1_90' title="bbox 2054 4478 3711 4566; baseline 0.002 -23"><span class='ocrx_word' id='word_1_693' title='bbox 2054 4489 2165 4562; x_wconf 66' lang='grc' dir='ltr'>τὸν,</span> <span class='ocrx_word' id='word_1_694' title='bbox 2189 4488 2249 4552; x_wconf 81' lang='grc' dir='ltr'>’ὀς</span> <span class='ocrx_word' id='word_1_695' title='bbox 2272 4489 2338 4544; x_wconf 81' lang='grc' dir='ltr'>τὰ</span> <span class='ocrx_word' id='word_1_696' title='bbox 2365 4489 2493 4553; x_wconf 73' lang='grc' dir='ltr'>ἄθεα</span> <span class='ocrx_word' id='word_1_697' title='bbox 2516 4485 2861 4563; x_wconf 81' lang='grc' dir='ltr'>δογματίζων</span> <span class='ocrx_word' id='word_1_698' title='bbox 2896 4489 3215 4566; x_wconf 76' lang='grc' dir='ltr'>ἀπεφαίνετο</span> <span class='ocrx_word' id='word_1_699' title='bbox 3239 4489 3543 4566; x_wconf 71' lang='grc' dir='ltr'>λέγων,⁷Ην</span> <span class='ocrx_word' id='word_1_700' title='bbox 3569 4478 3711 4556; x_wconf 66' lang='lat' dir='ltr'>Geo:</span> 
     </span>
    </p>
   </div>
   <div class='ocr_carea' id='block_1_90' title="bbox 281 4574 1936 4647">
    <p class='ocr_par' dir='ltr' id='par_1_90' title="bbox 281 4574 1936 4647">
     <span class='ocr_line' id='line_1_91' title="bbox 281 4574 1936 4647; baseline -0.001 -15"><span class='ocrx_word' id='word_1_701' title='bbox 281 4576 738 4647; x_wconf 79' lang='lat' dir='ltr'>virum,qualem</span> <span class='ocrx_word' id='word_1_702' title='bbox 762 4576 945 4631; x_wconf 90' lang='lat' dir='ltr'>fuisse</span> <span class='ocrx_word' id='word_1_703' title='bbox 968 4574 1337 4631; x_wconf 90' lang='lat' dir='ltr'>Blondellum</span> <span class='ocrx_word' id='word_1_704' title='bbox 1355 4574 1580 4640; x_wconf 89' lang='lat' dir='ltr'>volunt,</span> <span class='ocrx_word' id='word_1_705' title='bbox 1616 4579 1734 4629; x_wconf 91' lang='lat' dir='ltr'>tam</span> <span class='ocrx_word' id='word_1_706' title='bbox 1767 4591 1936 4630; x_wconf 89' lang='lat' dir='ltr'>secu-</span> 
     </span>
    </p>
   </div>
   <div class='ocr_carea' id='block_1_91' title="bbox 283 4663 1934 4738">
    <p class='ocr_par' dir='ltr' id='par_1_91' title="bbox 283 4663 1934 4738">
     <span class='ocr_line' id='line_1_92' title="bbox 283 4663 1934 4738; baseline -0.002 -15"><span class='ocrx_word' id='word_1_707' title='bbox 283 4685 346 4724; x_wconf 87' lang='lat' dir='ltr'>re</span> <span class='ocrx_word' id='word_1_708' title='bbox 381 4674 620 4738; x_wconf 88' lang='lat' dir='ltr'>tamque</span> <span class='ocrx_word' id='word_1_709' title='bbox 670 4666 881 4738; x_wconf 90' lang='lat' dir='ltr'>supine</span> <span class='ocrx_word' id='word_1_710' title='bbox 931 4667 1211 4721; x_wconf 89' lang='lat' dir='ltr'>adversus</span> <span class='ocrx_word' id='word_1_711' title='bbox 1263 4665 1703 4722; x_wconf 85' lang='lat' dir='ltr'>Armachanum</span> <span class='ocrx_word' id='word_1_712' title='bbox 1735 4663 1934 4735; x_wconf 89' lang='lat' dir='ltr'>dispu-</span> 
     </span>
    </p>
   </div>
   <div class='ocr_carea' id='block_1_92' title="bbox 279 4754 1932 4824">
    <p class='ocr_par' dir='ltr' id='par_1_92' title="bbox 279 4754 1932 4824">
     <span class='ocr_line' id='line_1_93' title="bbox 279 4754 1932 4824; baseline -0.002 -11"><span class='ocrx_word' id='word_1_713' title='bbox 279 4762 456 4813; x_wconf 91' lang='lat' dir='ltr'>tasse.</span> <span class='ocrx_word' id='word_1_714' title='bbox 487 4756 711 4811; x_wconf 83' lang='lat' dir='ltr'>Asserit</span> <span class='ocrx_word' id='word_1_715' title='bbox 752 4756 1011 4810; x_wconf 67' lang='lat' dir='ltr'>Irenaeus</span> <span class='ocrx_word' id='word_1_716' title='bbox 1057 4754 1433 4809; x_wconf 89' lang='lat' dir='ltr'>Valentinum</span> <span class='ocrx_word' id='word_1_717' title='bbox 1475 4754 1751 4824; x_wconf 90' lang='lat' dir='ltr'>antiquas</span> <span class='ocrx_word' id='word_1_718' title='bbox 1783 4756 1932 4810; x_wconf 85' lang='lat' dir='ltr'>Gno-</span> 
     </span>
    </p>
   </div>
   <div class='ocr_carea' id='block_1_93' title="bbox 281 4844 1934 4903">
    <p class='ocr_par' dir='ltr' id='par_1_93' title="bbox 281 4844 1934 4903">
     <span class='ocr_line' id='line_1_94' title="bbox 281 4844 1934 4903; baseline -0.002 -1"><span class='ocrx_word' id='word_1_719' title='bbox 281 4848 565 4903; x_wconf 90' lang='lat' dir='ltr'>sticorum</span> <span class='ocrx_word' id='word_1_720' title='bbox 598 4845 897 4901; x_wconf 90' lang='lat' dir='ltr'>doctrinas</span> <span class='ocrx_word' id='word_1_721' title='bbox 936 4845 998 4899; x_wconf 91' lang='lat' dir='ltr'>in</span> <span class='ocrx_word' id='word_1_722' title='bbox 1031 4860 1203 4899; x_wconf 91' lang='lat' dir='ltr'>suum</span> <span class='ocrx_word' id='word_1_723' title='bbox 1237 4844 1639 4899; x_wconf 87' lang='lat' dir='ltr'>characterem</span> <span class='ocrx_word' id='word_1_724' title='bbox 1674 4848 1934 4899; x_wconf 87' lang='lat' dir='ltr'>transtu-</span> 
     </span>
    </p>
   </div>
   <div class='ocr_carea' id='block_1_94' title="bbox 278 4932 1934 5004">
    <p class='ocr_par' dir='ltr' id='par_1_94' title="bbox 278 4932 1934 5004">
     <span class='ocr_line' id='line_1_95' title="bbox 278 4932 1934 5004; baseline -0.002 -12"><span class='ocrx_word' id='word_1_725' title='bbox 278 4937 419 4993; x_wconf 89' lang='lat' dir='ltr'>lisse</span> <span class='ocrx_word' id='word_1_726' title='bbox 437 4954 449 5004; x_wconf 90' lang='lat'><strong>;</strong></span> <span class='ocrx_word' id='word_1_727' title='bbox 470 4953 590 4992; x_wconf 90' lang='lat' dir='ltr'>non</span> <span class='ocrx_word' id='word_1_728' title='bbox 612 4940 810 4992; x_wconf 89' lang='lat' dir='ltr'>autem</span> <span class='ocrx_word' id='word_1_729' title='bbox 825 4951 957 4990; x_wconf 92' lang='lat' dir='ltr'>eam</span> <span class='ocrx_word' id='word_1_730' title='bbox 979 4934 1300 5000; x_wconf 90' lang='lat' dir='ltr'>solam,sed</span> <span class='ocrx_word' id='word_1_731' title='bbox 1321 4939 1381 4988; x_wconf 90' lang='lat' dir='ltr'>et</span> <span class='ocrx_word' id='word_1_732' title='bbox 1398 4932 1659 5002; x_wconf 89' lang='lat' dir='ltr'>reliquas</span> <span class='ocrx_word' id='word_1_733' title='bbox 1680 4933 1934 4989; x_wconf 87' lang='lat' dir='ltr'>breviter</span> 
     </span>
    </p>
   </div>
   <div class='ocr_carea' id='block_1_95' title="bbox 276 5023 1929 5099">
    <p class='ocr_par' dir='ltr' id='par_1_95' title="bbox 276 5023 1929 5099">
     <span class='ocr_line' id='line_1_96' title="bbox 276 5023 1929 5099; baseline -0.003 -16"><span class='ocrx_word' id='word_1_734' title='bbox 276 5027 591 5099; x_wconf 89' lang='lat' dir='ltr'>percurrit,</span> <span class='ocrx_word' id='word_1_735' title='bbox 632 5032 937 5096; x_wconf 85' lang='lat' dir='ltr'>totamque</span> <span class='ocrx_word' id='word_1_736' title='bbox 976 5024 1267 5080; x_wconf 88' lang='lat' dir='ltr'>Valentini</span> <span class='ocrx_word' id='word_1_737' title='bbox 1302 5023 1732 5094; x_wconf 69' lang='lat' dir='ltr'>matzeologiam</span> <span class='ocrx_word' id='word_1_738' title='bbox 1766 5040 1929 5079; x_wconf 80' lang='lat' dir='ltr'>sum-</span> 
     </span>
    </p>
   </div>
   <div class='ocr_carea' id='block_1_96' title="bbox 276 5113 1932 5189">
    <p class='ocr_par' dir='ltr' id='par_1_96' title="bbox 276 5113 1932 5189">
     <span class='ocr_line' id='line_1_97' title="bbox 276 5113 1932 5189; baseline -0.002 -18"><span class='ocrx_word' id='word_1_739' title='bbox 276 5116 485 5172; x_wconf 90' lang='lat' dir='ltr'>matim</span> <span class='ocrx_word' id='word_1_740' title='bbox 515 5115 881 5189; x_wconf 80' lang='lat' dir='ltr'>perstringit.</span> <span class='ocrx_word' id='word_1_741' title='bbox 914 5114 973 5170; x_wconf 93' lang='lat' dir='ltr'>Si</span> <span class='ocrx_word' id='word_1_742' title='bbox 1004 5114 1182 5186; x_wconf 88' lang='lat' dir='ltr'>igitur</span> <span class='ocrx_word' id='word_1_743' title='bbox 1222 5131 1289 5168; x_wconf 91' lang='lat' dir='ltr'>eo</span> <span class='ocrx_word' id='word_1_744' title='bbox 1322 5113 1436 5168; x_wconf 89' lang='lat' dir='ltr'>loci</span> <span class='ocrx_word' id='word_1_745' title='bbox 1465 5114 1727 5167; x_wconf 71' lang='lat' dir='ltr'>Irenaeus</span> <span class='ocrx_word' id='word_1_746' title='bbox 1758 5118 1932 5179; x_wconf 79' lang='lat' dir='ltr'>negat</span> 
     </span>
    </p>
   </div>
   <div class='ocr_carea' id='block_1_97' title="bbox 273 5201 1927 5276">
    <p class='ocr_par' dir='ltr' id='par_1_97' title="bbox 273 5201 1927 5276">
     <span class='ocr_line' id='line_1_98' title="bbox 273 5201 1927 5276; baseline -0.002 -17"><span class='ocrx_word' id='word_1_747' title='bbox 273 5213 504 5262; x_wconf 86' lang='lat' dir='ltr'>veteres</span> <span class='ocrx_word' id='word_1_748' title='bbox 518 5206 823 5262; x_wconf 87' lang='lat' dir='ltr'>Gnosticos</span> <span class='ocrx_word' id='word_1_749' title='bbox 836 5204 1090 5276; x_wconf 89' lang='lat' dir='ltr'>primam</span> <span class='ocrx_word' id='word_1_750' title='bbox 1106 5203 1610 5258; x_wconf 90' lang='lat' dir='ltr'>combinationem</span> <span class='ocrx_word' id='word_1_751' title='bbox 1626 5201 1927 5257; x_wconf 78' lang='lat' dir='ltr'>induxisse</span> 
     </span>
    </p>
   </div>
   <div class='ocr_carea' id='block_1_98' title="bbox 275 5292 1931 5368">
    <p class='ocr_par' dir='ltr' id='par_1_98' title="bbox 275 5292 1931 5368">
     <span class='ocr_line' id='line_1_99' title="bbox 275 5292 1931 5368; baseline -0.002 -17"><span class='ocrx_word' id='word_1_752' title='bbox 275 5295 435 5352; x_wconf 89' lang='lat' dir='ltr'>idem</span> <span class='ocrx_word' id='word_1_753' title='bbox 462 5297 686 5368; x_wconf 87' lang='lat' dir='ltr'>pariter</span> <span class='ocrx_word' id='word_1_754' title='bbox 706 5295 777 5350; x_wconf 92' lang='lat' dir='ltr'>de</span> <span class='ocrx_word' id='word_1_755' title='bbox 801 5293 1077 5348; x_wconf 91' lang='lat' dir='ltr'>omnibus</span> <span class='ocrx_word' id='word_1_756' title='bbox 1099 5293 1416 5348; x_wconf 90' lang='lat' dir='ltr'>dicendum</span> <span class='ocrx_word' id='word_1_757' title='bbox 1441 5292 1571 5347; x_wconf 90' lang='lat' dir='ltr'>erit.</span> <span class='ocrx_word' id='word_1_758' title='bbox 1598 5294 1670 5344; x_wconf 88' lang='lat' dir='ltr'>At</span> <span class='ocrx_word' id='word_1_759' title='bbox 1691 5292 1739 5345; x_wconf 90' lang='lat' dir='ltr'>si</span> <span class='ocrx_word' id='word_1_760' title='bbox 1769 5292 1931 5348; x_wconf 91' lang='lat' dir='ltr'>nulla</span> 
     </span>
    </p>
   </div>
   <div class='ocr_carea' id='block_1_99' title="bbox 2042 4577 3709 4652">
    <p class='ocr_par' dir='ltr' id='par_1_99' title="bbox 2042 4577 3709 4652">
     <span class='ocr_line' id='line_1_100' title="bbox 2042 4577 3709 4652; baseline 0.004 -19"><span class='ocrx_word' id='word_1_761' title='bbox 2042 4577 2131 4633; x_wconf 85' lang='grc' dir='ltr'>καὶ</span> <span class='ocrx_word' id='word_1_762' title='bbox 2160 4581 2317 4652; x_wconf 84' lang='grc' dir='ltr'>Σιγή.</span> <span class='ocrx_word' id='word_1_763' title='bbox 2341 4602 2369 4630; x_wconf 89' lang='grc'>‹‹</span> <span class='ocrx_word' id='word_1_764' title='bbox 2392 4579 2730 4636; x_wconf 88' lang='lat' dir='ltr'>Secundum</span> <span class='ocrx_word' id='word_1_765' title='bbox 2754 4580 2925 4635; x_wconf 90' lang='lat' dir='ltr'>illum</span> <span class='ocrx_word' id='word_1_766' title='bbox 2945 4581 3262 4652; x_wconf 91' lang='lat' dir='ltr'>impiorum</span> <span class='ocrx_word' id='word_1_767' title='bbox 3281 4583 3709 4640; x_wconf 79' lang='lat' dir='ltr'>hmreticorum</span> 
     </span>
    </p>
   </div>
   <div class='ocr_carea' id='block_1_100' title="bbox 2041 4669 3711 4743">
    <p class='ocr_par' dir='ltr' id='par_1_100' title="bbox 2041 4669 3711 4743">
     <span class='ocr_line' id='line_1_101' title="bbox 2041 4669 3711 4743; baseline 0.003 -20"><span class='ocrx_word' id='word_1_768' title='bbox 2041 4670 2393 4741; x_wconf 89' lang='lat' dir='ltr'>principem,</span> <span class='ocrx_word' id='word_1_769' title='bbox 2427 4669 2528 4741; x_wconf 92' lang='lat' dir='ltr'>qui</span> <span class='ocrx_word' id='word_1_770' title='bbox 2554 4669 2738 4741; x_wconf 88' lang='lat' dir='ltr'>impia</span> <span class='ocrx_word' id='word_1_771' title='bbox 2760 4670 3161 4741; x_wconf 86' lang='lat' dir='ltr'>dogmatizans</span> <span class='ocrx_word' id='word_1_772' title='bbox 3186 4673 3592 4743; x_wconf 88' lang='lat' dir='ltr'>pronuntiavit</span> <span class='ocrx_word' id='word_1_773' title='bbox 3614 4674 3711 4728; x_wconf 91' lang='lat' dir='ltr'>di-</span> 
     </span>
    </p>
   </div>
   <div class='ocr_carea' id='block_1_101' title="bbox 2043 4759 3709 4835">
    <p class='ocr_par' dir='ltr' id='par_1_101' title="bbox 2043 4759 3709 4835">
     <span class='ocr_line' id='line_1_102' title="bbox 2043 4759 3709 4835; baseline 0.002 -21"><span class='ocrx_word' id='word_1_774' title='bbox 2043 4776 2184 4815; x_wconf 91' lang='lat' dir='ltr'>cens</span> <span class='ocrx_word' id='word_1_775' title='bbox 2208 4777 2221 4813; x_wconf 91' lang='lat'>:</span> <span class='ocrx_word' id='word_1_776' title='bbox 2253 4760 2391 4815; x_wconf 84' lang='lat' dir='ltr'>Erat</span> <span class='ocrx_word' id='word_1_777' title='bbox 2420 4760 2575 4814; x_wconf 85' lang='lat' dir='ltr'>Deus</span> <span class='ocrx_word' id='word_1_778' title='bbox 2598 4763 2657 4813; x_wconf 90' lang='lat' dir='ltr'>et</span> <span class='ocrx_word' id='word_1_779' title='bbox 2677 4759 2831 4831; x_wconf 87' lang='lat' dir='ltr'>Sige.</span> <span class='ocrx_word' id='word_1_780' title='bbox 2856 4784 2877 4811; x_wconf 72' lang='grc' dir='ltr'><strong><em>ι</em></strong></span> <span class='ocrx_word' id='word_1_781' title='bbox 2906 4761 2976 4813; x_wconf 86' lang='lat' dir='ltr'>Et</span> <span class='ocrx_word' id='word_1_782' title='bbox 2996 4760 3069 4815; x_wconf 91' lang='lat' dir='ltr'>de</span> <span class='ocrx_word' id='word_1_783' title='bbox 3098 4760 3293 4831; x_wconf 91' lang='lat' dir='ltr'>prima</span> <span class='ocrx_word' id='word_1_784' title='bbox 3322 4763 3555 4835; x_wconf 83' lang='lat' dir='ltr'>syzygia</span> <span class='ocrx_word' id='word_1_785' title='bbox 3586 4763 3709 4835; x_wconf 80' lang='lat' dir='ltr'>By-</span> 
     </span>
    </p>
   </div>
   <div class='ocr_carea' id='block_1_102' title="bbox 2044 4848 3712 4920">
    <p class='ocr_par' dir='ltr' id='par_1_102' title="bbox 2044 4848 3712 4920">
     <span class='ocr_line' id='line_1_103' title="bbox 2044 4848 3712 4920; baseline 0.001 -17"><span class='ocrx_word' id='word_1_786' title='bbox 2044 4849 2125 4903; x_wconf 90' lang='lat' dir='ltr'>thi</span> <span class='ocrx_word' id='word_1_787' title='bbox 2160 4853 2219 4903; x_wconf 94' lang='lat' dir='ltr'>et</span> <span class='ocrx_word' id='word_1_788' title='bbox 2249 4848 2428 4920; x_wconf 86' lang='lat' dir='ltr'>Siges,</span> <span class='ocrx_word' id='word_1_789' title='bbox 2470 4854 2748 4918; x_wconf 89' lang='lat' dir='ltr'>tanquam</span> <span class='ocrx_word' id='word_1_790' title='bbox 2791 4850 2863 4903; x_wconf 90' lang='lat' dir='ltr'>ab</span> <span class='ocrx_word' id='word_1_791' title='bbox 2910 4849 3187 4904; x_wconf 90' lang='lat' dir='ltr'>omnibus</span> <span class='ocrx_word' id='word_1_792' title='bbox 3216 4851 3513 4908; x_wconf 88' lang='lat' dir='ltr'>veteribus</span> <span class='ocrx_word' id='word_1_793' title='bbox 3546 4854 3712 4906; x_wconf 84' lang='lat' dir='ltr'>Gno-</span> 
     </span>
    </p>
   </div>
   <div class='ocr_carea' id='block_1_103' title="bbox 2042 4936 3712 5012">
    <p class='ocr_par' dir='ltr' id='par_1_103' title="bbox 2042 4936 3712 5012">
     <span class='ocr_line' id='line_1_104' title="bbox 2042 4936 3712 5012; baseline 0.002 -20"><span class='ocrx_word' id='word_1_794' title='bbox 2042 4936 2228 5005; x_wconf 91' lang='lat' dir='ltr'>sticis,</span> <span class='ocrx_word' id='word_1_795' title='bbox 2261 4953 2382 4992; x_wconf 89' lang='lat' dir='ltr'>non</span> <span class='ocrx_word' id='word_1_796' title='bbox 2426 4936 2856 4992; x_wconf 87' lang='lat' dir='ltr'>Valentinianis</span> <span class='ocrx_word' id='word_1_797' title='bbox 2918 4943 3174 5004; x_wconf 90' lang='lat' dir='ltr'>tantum,</span> <span class='ocrx_word' id='word_1_798' title='bbox 3206 4940 3407 5012; x_wconf 86' lang='lat' dir='ltr'>agnita</span> <span class='ocrx_word' id='word_1_799' title='bbox 3434 4939 3712 5011; x_wconf 88' lang='lat' dir='ltr'>loquitur</span> 
     </span>
    </p>
   </div>
   <div class='ocr_carea' id='block_1_104' title="bbox 2044 5025 3707 5101">
    <p class='ocr_par' dir='ltr' id='par_1_104' title="bbox 2044 5025 3707 5101">
     <span class='ocr_line' id='line_1_105' title="bbox 2044 5025 3707 5101; baseline 0.003 -21"><span class='ocrx_word' id='word_1_800' title='bbox 2044 5029 2301 5081; x_wconf 70' lang='lat' dir='ltr'>Irenmus</span> <span class='ocrx_word' id='word_1_801' title='bbox 2331 5025 2434 5080; x_wconf 92' lang='lat' dir='ltr'>lib.</span> <span class='ocrx_word' id='word_1_802' title='bbox 2469 5043 2505 5093; x_wconf 84' lang='grc' dir='ltr'>ι,</span> <span class='ocrx_word' id='word_1_803' title='bbox 2537 5041 2665 5096; x_wconf 86' lang='lat' dir='ltr'>cap.</span> <span class='ocrx_word' id='word_1_804' title='bbox 2700 5029 2753 5080; x_wconf 82' lang='lat'>5.</span> <span class='ocrx_word' id='word_1_805' title='bbox 2788 5028 2933 5082; x_wconf 88' lang='lat' dir='ltr'>Nam</span> <span class='ocrx_word' id='word_1_806' title='bbox 2964 5045 3099 5084; x_wconf 88' lang='lat' dir='ltr'>cum</span> <span class='ocrx_word' id='word_1_807' title='bbox 3131 5045 3343 5084; x_wconf 83' lang='lat' dir='ltr'>novam</span> <span class='ocrx_word' id='word_1_808' title='bbox 3375 5029 3707 5101; x_wconf 86' lang='lat' dir='ltr'>quamdam</span> 
     </span>
    </p>
   </div>
   <div class='ocr_carea' id='block_1_105' title="bbox 2038 5114 3705 5188">
    <p class='ocr_par' dir='ltr' id='par_1_105' title="bbox 2038 5114 3705 5188">
     <span class='ocr_line' id='line_1_106' title="bbox 2038 5114 3705 5188; baseline 0.003 -19"><span class='ocrx_word' id='word_1_809' title='bbox 2038 5114 2413 5183; x_wconf 68' lang='lat' dir='ltr'>archegonon</span> <span class='ocrx_word' id='word_1_810' title='bbox 2459 5114 2900 5170; x_wconf 89' lang='lat' dir='ltr'>octonationem</span> <span class='ocrx_word' id='word_1_811' title='bbox 2949 5116 3021 5173; x_wconf 90' lang='lat' dir='ltr'>ab</span> <span class='ocrx_word' id='word_1_812' title='bbox 3071 5116 3366 5188; x_wconf 86' lang='lat' dir='ltr'>aliquibus</span> <span class='ocrx_word' id='word_1_813' title='bbox 3397 5118 3705 5174; x_wconf 88' lang='lat' dir='ltr'>Valentini</span> 
     </span>
    </p>
   </div>
   <div class='ocr_carea' id='block_1_106' title="bbox 2037 5202 3708 5277">
    <p class='ocr_par' dir='ltr' id='par_1_106' title="bbox 2037 5202 3708 5277">
     <span class='ocr_line' id='line_1_107' title="bbox 2037 5202 3708 5277; baseline 0.002 -20"><span class='ocrx_word' id='word_1_814' title='bbox 2037 5202 2343 5273; x_wconf 87' lang='lat' dir='ltr'>discipulis</span> <span class='ocrx_word' id='word_1_815' title='bbox 2375 5202 2763 5274; x_wconf 85' lang='lat' dir='ltr'>excogitatam</span> <span class='ocrx_word' id='word_1_816' title='bbox 2802 5210 3087 5273; x_wconf 89' lang='lat' dir='ltr'>notasset,</span> <span class='ocrx_word' id='word_1_817' title='bbox 3123 5229 3149 5255; x_wconf 94' lang='grc'>‹‹</span> <span class='ocrx_word' id='word_1_818' title='bbox 3196 5206 3303 5261; x_wconf 90' lang='lat' dir='ltr'>has</span> <span class='ocrx_word' id='word_1_819' title='bbox 3341 5206 3569 5277; x_wconf 88' lang='lat' dir='ltr'>volunt,</span> <span class='ocrx_word' id='word_1_820' title='bbox 3602 5207 3708 5261; x_wconf 85' lang='lat' dir='ltr'>in-</span> 
     </span>
    </p>
   </div>
   <div class='ocr_carea' id='block_1_107' title="bbox 2037 5292 3706 5365">
    <p class='ocr_par' dir='ltr' id='par_1_107' title="bbox 2037 5292 3706 5365">
     <span class='ocr_line' id='line_1_108' title="bbox 2037 5292 3706 5365; baseline 0.001 -18"><span class='ocrx_word' id='word_1_821' title='bbox 2037 5293 2183 5364; x_wconf 88' lang='lat' dir='ltr'>quit,</span> <span class='ocrx_word' id='word_1_822' title='bbox 2216 5293 2461 5348; x_wconf 79' lang='lat' dir='ltr'>virtutes</span> <span class='ocrx_word' id='word_1_823' title='bbox 2504 5292 2687 5348; x_wconf 89' lang='lat' dir='ltr'>fuisse</span> <span class='ocrx_word' id='word_1_824' title='bbox 2746 5298 2884 5349; x_wconf 89' lang='lat' dir='ltr'>ante</span> <span class='ocrx_word' id='word_1_825' title='bbox 2949 5296 3202 5365; x_wconf 90' lang='lat' dir='ltr'>Bythum</span> <span class='ocrx_word' id='word_1_826' title='bbox 3232 5300 3291 5350; x_wconf 91' lang='lat' dir='ltr'>et</span> <span class='ocrx_word' id='word_1_827' title='bbox 3320 5296 3514 5365; x_wconf 79' lang='lat' dir='ltr'>Sigen,</span> <span class='ocrx_word' id='word_1_828' title='bbox 3548 5318 3576 5346; x_wconf 89' lang='grc'>››</span> <span class='ocrx_word' id='word_1_829' title='bbox 3606 5294 3706 5349; x_wconf 83' lang='grc' dir='ltr'>ἳνα.</span> 
     </span>
    </p>
   </div>
   <div class='ocr_carea' id='block_1_108' title="bbox 277 5378 1945 5459">
    <p class='ocr_par' dir='ltr' id='par_1_108' title="bbox 277 5380 1928 5452">
     <span class='ocr_line' id='line_1_109' title="bbox 277 5380 1928 5452; baseline -0.003 -13"><span class='ocrx_word' id='word_1_830' title='bbox 277 5401 349 5439; x_wconf 86' lang='lat' dir='ltr'>ex</span> <span class='ocrx_word' id='word_1_831' title='bbox 370 5384 491 5440; x_wconf 86' lang='lat' dir='ltr'>illis</span> <span class='ocrx_word' id='word_1_832' title='bbox 511 5382 1049 5440; x_wconf 89' lang='lat' dir='ltr'>combinationibus</span> <span class='ocrx_word' id='word_1_833' title='bbox 1072 5398 1107 5437; x_wconf 90' lang='lat' dir='ltr'>a</span> <span class='ocrx_word' id='word_1_834' title='bbox 1126 5381 1422 5437; x_wconf 89' lang='lat' dir='ltr'>veteribus</span> <span class='ocrx_word' id='word_1_835' title='bbox 1444 5384 1687 5452; x_wconf 85' lang='lat' dir='ltr'>accepta</span> <span class='ocrx_word' id='word_1_836' title='bbox 1712 5380 1928 5446; x_wconf 90' lang='lat' dir='ltr'>sit,ubi</span> 
     </span>
    </p>
   </div>
   <div class='ocr_carea' id='block_1_109' title="bbox 2054 5378 3710 5459">
    <p class='ocr_par' dir='ltr' id='par_1_109' title="bbox 2054 5378 3710 5459">
     <span class='ocr_line' id='line_1_110' title="bbox 2054 5378 3710 5459; baseline 0.002 -23"><span class='ocrx_word' id='word_1_837' title='bbox 2054 5380 2258 5436; x_wconf 75' lang='grc' dir='ltr'>τελείων</span> <span class='ocrx_word' id='word_1_838' title='bbox 2320 5379 2653 5453; x_wconf 84' lang='grc' dir='ltr'>τεΛειὸτεροι</span> <span class='ocrx_word' id='word_1_839' title='bbox 2714 5387 2951 5458; x_wconf 77' lang='grc' dir='ltr'>φανῶσιν</span> <span class='ocrx_word' id='word_1_840' title='bbox 3012 5378 3183 5451; x_wconf 75' lang='grc' dir='ltr'>ὄντες,</span> <span class='ocrx_word' id='word_1_841' title='bbox 3240 5383 3331 5438; x_wconf 74' lang='grc' dir='ltr'>καὶ</span> <span class='ocrx_word' id='word_1_842' title='bbox 3379 5388 3710 5459; x_wconf 69' lang='grc' dir='ltr'>γνωπικῶν</span> 
     </span>
    </p>
   </div>
   <div class='ocr_carea' id='block_1_110' title="bbox 277 5468 1928 5543">
    <p class='ocr_par' dir='ltr' id='par_1_110' title="bbox 277 5468 1928 5543">
     <span class='ocr_line' id='line_1_111' title="bbox 277 5468 1928 5543; baseline -0.003 -15"><span class='ocrx_word' id='word_1_843' title='bbox 277 5477 454 5528; x_wconf 88' lang='lat' dir='ltr'>erunt</span> <span class='ocrx_word' id='word_1_844' title='bbox 469 5473 586 5527; x_wconf 70' lang='lat' dir='ltr'>illm</span> <span class='ocrx_word' id='word_1_845' title='bbox 607 5473 870 5543; x_wconf 68' lang='lat' dir='ltr'>antiquas</span> <span class='ocrx_word' id='word_1_846' title='bbox 882 5470 1347 5542; x_wconf 71' lang='lat' dir='ltr'>doctrinm,quas</span> <span class='ocrx_word' id='word_1_847' title='bbox 1364 5470 1425 5525; x_wconf 91' lang='lat' dir='ltr'>in</span> <span class='ocrx_word' id='word_1_848' title='bbox 1445 5486 1617 5525; x_wconf 90' lang='lat' dir='ltr'>suum</span> <span class='ocrx_word' id='word_1_849' title='bbox 1635 5468 1928 5524; x_wconf 88' lang='lat' dir='ltr'>characte-</span> 
     </span>
    </p>
   </div>
   <div class='ocr_carea' id='block_1_111' title="bbox 273 5560 1924 5619">
    <p class='ocr_par' dir='ltr' id='par_1_111' title="bbox 273 5560 1924 5619">
     <span class='ocr_line' id='line_1_112' title="bbox 273 5560 1924 5619; baseline -0.002 0"><span class='ocrx_word' id='word_1_850' title='bbox 273 5579 400 5619; x_wconf 88' lang='lat' dir='ltr'>rem</span> <span class='ocrx_word' id='word_1_851' title='bbox 432 5563 821 5619; x_wconf 83' lang='lat' dir='ltr'>transtulisse</span> <span class='ocrx_word' id='word_1_852' title='bbox 870 5561 1249 5618; x_wconf 86' lang='lat' dir='ltr'>Valentinum</span> <span class='ocrx_word' id='word_1_853' title='bbox 1282 5561 1461 5618; x_wconf 81' lang='lat' dir='ltr'>tradit</span> <span class='ocrx_word' id='word_1_854' title='bbox 1490 5562 1748 5616; x_wconf 77' lang='lat' dir='ltr'>lrenaaus</span> <span class='ocrx_word' id='word_1_855' title='bbox 1770 5560 1797 5615; x_wconf 81' lang='lat'><strong>?</strong></span> <span class='ocrx_word' id='word_1_856' title='bbox 1824 5560 1924 5617; x_wconf 89' lang='lat' dir='ltr'>ubi</span> 
     </span>
    </p>
   </div>
   <div class='ocr_carea' id='block_1_112' title="bbox 2034 5471 3711 5545">
    <p class='ocr_par' dir='ltr' id='par_1_112' title="bbox 2034 5471 3711 5545">
     <span class='ocr_line' id='line_1_113' title="bbox 2034 5471 3711 5545; baseline 0.004 -21"><span class='ocrx_word' id='word_1_857' title='bbox 2034 5471 2499 5545; x_wconf 81' lang='grc' dir='ltr'>γνωστικώτεροι,</span> <span class='ocrx_word' id='word_1_858' title='bbox 2555 5477 2726 5527; x_wconf 87' lang='lat' dir='ltr'>vetus</span> <span class='ocrx_word' id='word_1_859' title='bbox 2785 5471 3079 5544; x_wconf 88' lang='lat' dir='ltr'>interpres</span> <span class='ocrx_word' id='word_1_860' title='bbox 3109 5490 3217 5544; x_wconf 88' lang='lat' dir='ltr'>pro</span> <span class='ocrx_word' id='word_1_861' title='bbox 3248 5491 3357 5530; x_wconf 89' lang='lat' dir='ltr'>sua</span> <span class='ocrx_word' id='word_1_862' title='bbox 3386 5474 3449 5529; x_wconf 91' lang='lat' dir='ltr'>in</span> <span class='ocrx_word' id='word_1_863' title='bbox 3480 5475 3711 5532; x_wconf 72' lang='lat' dir='ltr'>Grmcis</span> 
     </span>
    </p>
   </div>
   <div class='ocr_carea' id='block_1_113' title="bbox 2035 5561 3710 5639">
    <p class='ocr_par' dir='ltr' id='par_1_113' title="bbox 2035 5561 3710 5639">
     <span class='ocr_line' id='line_1_114' title="bbox 2035 5561 3710 5639; baseline 0.003 -23"><span class='ocrx_word' id='word_1_864' title='bbox 2035 5562 2361 5633; x_wconf 84' lang='lat' dir='ltr'>imperitia,</span> <span class='ocrx_word' id='word_1_865' title='bbox 2380 5583 2407 5612; x_wconf 82' lang='lat'>«</span> <span class='ocrx_word' id='word_1_866' title='bbox 2434 5565 2503 5618; x_wconf 90' lang='lat' dir='ltr'>ut</span> <span class='ocrx_word' id='word_1_867' title='bbox 2520 5561 2923 5632; x_wconf 87' lang='lat' dir='ltr'>perfectorum</span> <span class='ocrx_word' id='word_1_868' title='bbox 2940 5561 3328 5634; x_wconf 79' lang='lat' dir='ltr'>perfectiores</span> <span class='ocrx_word' id='word_1_869' title='bbox 3347 5570 3710 5639; x_wconf 79' lang='lat' dir='ltr'>appareant,</span> 
     </span>
    </p>
   </div>
  </div>
