4064 6134
283 295 388 356 325

1005 302 1064 364 εἰ.
1108 302 1537 366 PEARSONII
1583 304 1958 367 VlNDlCI/E
2002 301 2493 364 lGNATIANIE.
2538 336 2616 347 —
2658 304 2860 365 PARS
2902 306 2987 367 II.

3580 302 3698 366 326

288 436 343 486 et
370 431 790 488 Gnosticorum
848 434 1037 507 magis
1069 436 1328 492 Gnostici
1388 436 1517 494 viri.
1553 459 1582 487 ››
1624 439 1694 491 Et
1740 435 1941 492 statim
1972 439 2021 503 Α
2055 434 2177 490 dito
2197 436 2503 492 continere
2523 453 2630 509 per
2660 436 2985 494 silentium.
3007 459 3034 488 »
3058 438 3224 494 Certe
3258 438 3406 494 illud
3437 460 3465 490 «
3489 456 3595 511 per
3620 441 3698 495 si-

290 522 612 577 exclamat:
645 521 715 575 Ὦ
744 520 1061 599 ληρολόγοι
1090 525 1498 602 σοφισταί,νε1,
1520 531 1587 582 ut
1612 525 1674 581 in
1714 524 1939 581 Latinis

290 610 537 683 legimus
572 628 585 665 :
629 635 657 662 (ι
694 613 738 668 Ο
769 629 1057 684 pepones,
1089 615 1370 687 sophistas
1413 614 1850 687 vituperabiles,
1882 620 1944 669 et

289 717 403 755 non
431 699 562 755 viri.
598 721 628 751 ››
646 702 990 773 Respondet
1021 703 1095 759 ad
1124 705 1284 759 hunc
1301 703 1497 759 locum
1530 704 1602 760 ab
1626 705 1942 760 Hammon-

292 790 365 844 do
401 788 545 843 olim
603 789 933 846 adductum
988 792 1259 855 Dallaaus,
1294 798 1352 846 et
1381 793 1689 848 Gnosticos
1720 793 1815 848 hic
1847 809 1942 848 re-

296 878 531 950 stringit
560 878 635 934 ad
661 902 681 925 ·
711 880 1091 936 Valentinum
1110 886 1169 936 et
1197 881 1420 937 similes
1448 882 1734 937 Axionico
1765 882 1942 937 disci-

292 967 485 1040 pulos,
519 968 568 1023 si
600 968 836 1035 regulas
866 970 1132 1042 magistri
1163 971 1422 1044 integras
1454 971 1631 1027 nullis
1662 971 1945 1027 auctariis

301 1057 691 1128 interpolatas
721 1058 1176 1115 custodiebant:
1214 1082 1242 1109 »
1291 1077 1474 1131 quare
1504 1066 1704 1117 autem
1733 1061 1807 1116 ad
1836 1060 1945 1115 hos

302 1147 642 1218 resuingat,
674 1147 972 1203 rationem
1002 1149 1226 1204 nullam
1254 1150 1444 1205 aﬂ‘ert.

364 1256 579 1309 Fateor
609 1254 887 1326 equidem
916 1256 1293 1313 Valentinum
1323 1262 1383 1312 et
1410 1257 1638 1314 similes
1670 1257 1946 1313 Axionico

309 1344 635 1416 discipulos
664 1344 895 1416 seipsos
924 1346 1257 1418 appellasse
1287 1348 1562 1403 Gnoticos
1587 1365 1600 1415 ;
1631 1347 1734 1403 sed
1764 1361 1946 1417 quare

298 1433 357 1488 hi
392 1433 506 1488 soli
537 1434 652 1488 hoc
683 1433 814 1489 loco
846 1435 955 1490 sub
985 1436 1229 1491 nomine
1259 1436 1521 1509 generali
1551 1437 1952 1509 perfectorum

300 1529 357 1577 et
387 1523 807 1578 Gnosticorum
837 1523 1087 1597 intelligi
1120 1523 1504 1591 debeant,aut
1533 1524 1829 1597 quomodo
1856 1541 1949 1580 re-

300 1617 391 1667 cte
424 1612 684 1683 possint,
708 1628 832 1668 non
860 1612 1047 1668 video.
1081 1614 1426 1670 Valentinus
1456 1614 1668 1671 unicus
1727 1615 1856 1681 fuit,
1892 1619 1951 1670 et

294 1701 647 1773 hujusmodi
679 1701 952 1775 discipuli
983 1704 1085 1774 qui
1108 1720 1244 1759 eum
1265 1720 1372 1776 per
1392 1705 1595 1761 omnia
1624 1720 1947 1776 sequeren-

2048 524 2300 580 lentium
2328 549 2349 575 κ
2374 526 2683 581 transtulit
2705 526 2897 582 ﬁdeiis
2920 526 3024 581 sed
3044 527 3354 600 imperitus
3378 529 3694 601 interpres,

2049 630 2117 670 ac
2139 615 2188 668 si
2218 615 2504 686 scriptum
2534 614 2745 671 fuisset
2769 617 2966 671 Graece
2997 612 3085 669 διὰ
3119 622 3455 690 Σιγῆς,οιιῐῐι
3484 620 3696 675 verisi-

2052 704 2375 759 millimum
2407 705 2787 777 sitscrtptum
2817 706 3084 762 fuisscab
3117 706 3343 762 Irenaeo
3365 702 3454 760 διὰ
3482 709 3580 775 τὴν
3606 713 3696 761 Σι-

2052 794 2180 868 γήν,
2210 793 2269 848 id
2300 800 2387 849 est
2413 801 2645 865 propter
2662 795 2835 865 Sigen
2858 812 2872 862 ;
2896 800 2961 850 ut
2987 795 3254 866 loquitur
3271 797 3692 864 Tertullianus;

2054 902 2083 933 α
2113 883 2224 940 Sed
2254 884 2593 940 intercessit
2620 891 2812 942 mater
2856 886 3007 957 Sige,
3040 886 3143 942 illa
3186 886 3434 955 scilicet,
3470 905 3601 961 quae
3632 892 3693 944 et

2053 971 2200 1044 ipsis
2230 974 2528 1030 hmreticis
2559 975 2681 1030 suis
2712 980 2904 1030 tacere
2936 975 3286 1047 prmscribit.
3324 998 3352 1025 »

2127 1073 2686 1129 Luculentissimum
2711 1075 2965 1146 denique
2999 1075 3404 1131 testimonium
3434 1082 3522 1132 est
3543 1078 3701 1149 quod

2053 1162 2224 1218 nobis
2254 1166 2477 1236 praabet
2507 1166 2817 1236 Gregorius
2848 1165 3243 1221 Nazianzenus
3279 1167 3547 1223 oratione
3580 1169 3648 1222 23
3678 1185 3693 1222 :
3757 1191 3774 1208 ο

2056 1248 2247 1305 Ἢνίκα
2289 1249 2531 1322 Σίμωνες
2564 1251 2662 1325 μὲν
2716 1252 2805 1306 καὶ
2855 1251 3186 1326 Μαρκίωνες,
3237 1252 3588 1309 Οὐαλεντῖνο(
3639 1256 3698 1311 τὲ

2055 1359 2193 1401 τινες
2231 1340 2321 1394 καὶ
2353 1337 2667 1396 Βασιλεῖδαι
2697 1340 2789 1395 καὶ
2843 1338 3139 1416 Κὲρδωνες,
3195 1343 3452 1417 Κήρινθοί
3499 1365 3559 1398 τι
3611 1347 3702 1400 καὶ

2058 1430 2464 1503 Καρποκράτεις
2513 1429 2603 1485 καὶ
2651 1432 2861 1497 πᾶα·αὴ
2894 1432 3017 1505 περὶ
3077 1430 3311 1493 ἐκείνους
3359 1431 3597 1511 φλυαρία
3644 1455 3703 1488 τε

2056 1517 2151 1571 καὶ
2179 1517 2426 1591 τερατεία
2453 1518 2540 1572 ἐπὶ
2568 1516 2822 1573 πλεῖστον
2853 1519 2948 1574 τὸν
2977 1524 3085 1573 τῶν
3140 1518 3285 1575 ὅλων
3332 1521 3460 1576 Θεὸν
3506 1523 3699 1596 τεμόν-

2056 1626 2165 1675 τες,
2197 1607 2283 1662 καὶ
2319 1607 2450 1678 ὑπὲρ
2479 1611 2576 1662 τοῦ
2611 1609 2839 1683 Ἀγαθοῦ
2866 1612 2945 1680 τῷ
2972 1604 3296 1685 δημιουργῷ
3342 1608 3703 1683 πολὲμήσαν-

2058 1717 2145 1759 τες
2176 1691 2362 1752 ἔπειτα
2392 1695 2767 1768 κατεπόθησαν
2797 1700 2878 1770 τῷ
2916 1697 3120 1753 ἑαυτῶν
3150 1700 3308 1770 Βυθῷ
3335 1697 3426 1754 καί
3454 1704 3523 1774 τῇ
3559 1703 3702 1776 Σιγῇ

294 1796 413 1859 tur,
445 1807 560 1846 nec
595 1789 820 1862 aliquid
842 1792 1239 1865 inventisejus
1260 1793 1785 1863 adderent,lrenasi
1807 1799 1951 1849 mta-

2070 1782 2443 1861 παραδοθέντες
2462 1783 2647 1861 ὥσπερ
2674 1785 2743 1854 ἧν
2767 1786 2934 1856 ἄξιον.
2960 1812 2985 1839 (ι
3013 1789 3159 1844 Cum
3181 1789 3452 1845 Simones
3474 1795 3533 1845 et
3556 1793 3701 1847 Mar-

297 1886 376 1947 te,
400 1878 730 1935 admodum
758 1882 932 1953 pauci
952 1882 1194 1938 fuerunt
1221 1900 1234 1938 :
1266 1884 1614 1940 Tertulliani
1647 1888 1806 1939 certe
1829 1899 1950 1938 aevo

297 1969 465 2025 solus
487 1985 563 2024 ex
583 1969 657 2025 iis
676 1971 998 2027 Axionicus
1025 1974 1525 2039 remansit.Quam
1546 1974 1756 2047 ignava
1776 1974 1956 2046 igitur

300 2063 463 2115 esset
498 2058 626 2115 hmc
661 2060 1057 2132 exprobratio,
1088 2062 1247 2133 quod
1277 2063 1485 2134 paucis
1515 2062 1870 2134 quibusdam
1897 2064 1957 2117 et

296 2148 767 2222 particularibus
799 2150 1093 2207 Gnosticis
1121 2151 1306 2207 videri
1338 2152 1953 2224 vellentperfectiores

295 2243 357 2295 et
382 2238 581 2310 magis
610 2238 873 2294 Gnostici
901 2239 914 2293 l
943 2241 1286 2297 Praesertim
1317 2257 1450 2297 cum
1483 2241 1738 2314 objectio
1760 2242 1821 2297 in
1851 2242 1953 2297 Se-

292 2325 721 2391 cundianos,et
743 2327 1232 2398 Ptolemaicos,et
1261 2330 1577 2386 Marcosios
1608 2346 1674 2385 ac
1695 2330 1955 2401 reliquos

297 2431 532 2485 omnes,
569 2421 863 2487 quotquot
894 2416 1119 2489 aliquid
1154 2418 1450 2474 Valentini
1477 2418 1762 2475 doctrinm
1796 2417 1958 2473 addi-

300 2505 466 2575 dere,
497 2505 860 2576 quadraret;
893 2506 980 2561 illi
1008 2507 1169 2562 enim
1200 2523 1406 2564 omnes
1451 2509 1731 2581 magistro
1763 2525 1868 2563 suo
1901 2513 1961 2563 et

306 2593 532 2649 talibus
565 2593 851 2665 discipuls
881 2596 1274 2667 sapientiores
1305 2600 1363 2651 et
1409 2595 1841 2669 γνωστικώτεροι
1870 2596 1959 2651 vi-

307 2682 434 2737 deri
475 2683 1013 2748 voluerunt.Quare
1045 2685 1225 2757 igitur
1250 2686 1512 2741 Irenaaus
1532 2685 1626 2741 his
1655 2685 1757 2756 qui
1777 2685 1956 2741 aliam

312 2772 755 2828 octonationem
788 2773 1217 2845 excogitarunt,
1245 2773 1389 2829 illud
1423 2773 1958 2846 exprobrat?Quare

315 2862 503 2916 statim
535 2861 602 2916 in
629 2861 1125 2918 exclamationem
1157 2862 1321 2918 illam
1353 2862 1629 2935 erumpit,
1663 2863 1712 2918 si
1754 2863 1958 2935 paucis

322 2956 539 3007 tantum
562 2952 925 3023 quibusdam
945 2953 1339 3026 sapientiores
1353 2970 1414 3009 se
1431 2952 1957 3009 venditarent‘nmo

308 3060 439 3099 vero
462 3044 595 3099 haec
623 3045 996 3117 archegonos
1025 3044 1325 3100 octonatio
1371 3060 1492 3100 non
1523 3048 1754 3099 tantum
1787 3060 1821 3099 a
1855 3045 1958 3099 Va-

307 3131 533 3188 lentino
566 3138 626 3187 et
674 3133 960 3188 Axionico
1010 3132 1308 3188 similibus
1345 3132 1674 3205 discipulis,
1707 3131 1811 3187 sed
1843 3136 1903 3187 et
1926 3148 1961 3187 a

304 3221 849 3278 combinationibus
869 3222 1258 3293 reliquorum,
1282 3223 1383 3294 qui
1415 3238 1485 3277 ex
1518 3222 1731 3277 Schola
1749 3221 1956 3277 Valen-

309 3311 420 3366 tini
452 3311 818 3383 prodeuntes
848 3311 920 3367 ab
951 3328 1019 3367 eo
1050 3312 1112 3367 in
1162 3312 1368 3368 multis
1407 3316 1803 3378 recesserunt,
1841 3316 1900 3366 et
1931 3327 1965 3366 a

311 3400 602 3456 doctrinis
618 3400 1290 3456 omniumvetustiorum
1315 3399 1727 3455 Gnosticorum
1752 3398 1965 3453 discre-

308 3489 508 3561 pabat,
533 3494 596 3545 et
625 3506 694 3546 eo
726 3505 943 3562 genere
974 3488 1232 3544 ﬁctionis
1269 3489 1577 3544 universas
1598 3487 1767 3559 longe
1789 3502 1968 3558 supe-

316 3577 506 3634 rabat.
547 3579 876 3635 Voluerunt
905 3578 1085 3651 igitur
1112 3577 1200 3634 illi
1231 3577 1334 3650 qui
1380 3578 1505 3632 haac
1537 3578 1962 3648 excogitarunt,

318 3672 600 3728 omnibus
630 3673 874 3728 omnino
897 3677 1035 3729 ante
1056 3688 1117 3727 se
1140 3671 1433 3727 Gnosticis
1463 3670 1854 3742 sapientiores
1880 3670 1965 3723 vi-

319 3761 447 3817 deri
471 3778 486 3817 :
519 3762 703 3832 idque
731 3778 866 3817 cum
895 3761 1300 3834 indignatione
1323 3759 1578 3831 quadam
1602 3764 1660 3813 et
1688 3758 1965 3813 irrisione

325 3850 662 3923 exprimere
692 3849 875 3906 voluit
902 3851 1179 3905 Irenaeus.
1214 3850 1281 3904 ln
1312 3848 1580 3904 eamdem
1603 3847 1962 3903 sententiam

222 3996 227 4003 ,
317 3939 683 4011 interpretor
714 3955 844 4009 qua
896 3937 1262 4010 Epiphanius
1292 3936 1365 3993 de
1407 3937 1728 3992 Ptolemzeo
1760 3935 1961 4003 tradit,

314 4029 419 4101 qui
446 4034 549 4096 τῆς
585 4027 683 4100 μὶν
717 4027 895 4082 αὐτῶν
935 4025 1294 4098 καλουμένων
1325 4029 1666 4094 Γνωστικῶν,
1715 4025 1806 4079 καὶ
1850 4028 1959 4079 τῶν

307 4118 427 4172 κατ’
463 4113 825 4175 Οὐαλωτῖνον
885 4116 1149 4191 ὑπάρχων
1197 4115 1475 4191 αἱρέσεως,
1505 4133 1639 4172 cum
1700 4121 1758 4172 et
1806 4117 1960 4171 Gno-

314 4208 603 4264 sticorum
634 4212 696 4261 et
726 4206 1277 4263 Valentinianorum
1298 4206 1555 4262 haeresin
1573 4205 1968 4278 amplectere-

310 4302 429 4365 tur,
457 4294 619 4370 ἓτερα
668 4294 812 4370 παρὰ
840 4292 970 4357 τοὺς
1002 4292 1167 4348 αὐτοῦ
1217 4290 1584 4355 διδασκάλους
1638 4293 1967 4366 ὑποτιθέμε-

309 4405 429 4455 νος,
460 4386 580 4443 alia
610 4391 827 4458 praeter
843 4402 913 4442 ea
943 4400 1076 4457 qua:
1107 4401 1142 4440 a
1170 4383 1617 4457 magistris,sive
1650 4384 1962 4455 Gnosticis,

314 4478 434 4531 sive
463 4474 918 4542 Valentinianis,
950 4479 1259 4547 acceperat
1289 4472 1538 4545 ﬁngens,
1571 4468 1666 4526 δύο
1699 4470 1962 4549 συζύγους

1990 3176 2039 3244 C

2061 1877 2284 1946 ciones,
2302 1882 2359 1932 et
2384 1877 2680 1932 Valentini
2712 1880 2770 1932 et
2794 1876 3064 1932 Basilidaa
3097 1883 3155 1932 et
3176 1878 3705 1947 Cerdones,Cerin-

2062 1967 2148 2022 thi
2180 1967 2359 2022 etiam
2376 1971 2435 2022 et
2463 1967 2934 2039 Carpocrates,et
2961 1983 3171 2022 omnes
3201 1983 3408 2023 eorum
3443 1984 3612 2042 nugas
3645 1976 3703 2025 et

2061 2057 2795 2129 praestigiae,posteaquam
2826 2073 3025 2111 rerum
3058 2056 3326 2111 omnium
3360 2057 3545 2113 Deum
3571 2076 3703 2130 per-

2062 2147 2344 2202 diuturna
2375 2151 2640 2217 tempore
2673 2145 3024 2215 secuissent,
3049 2145 3393 2218 bellumque
3424 2163 3530 2217 pro
3550 2149 3708 2204 Bono

2062 2236 2340 2292 adversus
2371 2238 2710 2291 Creatorem
2740 2234 3341 2307 gessissent,suomet,
3362 2242 3428 2291 ut
3470 2254 3707 2308 aequum

2065 2331 2209 2397 erat,
2242 2326 2539 2382 Profundo
2598 2325 2890 2396 absorptm
2921 2341 2988 2381 ac
3035 2325 3282 2380 Silentio
3314 2327 3544 2383 traditae
3575 2328 3706 2383 fue-

2063 2421 2220 2472 runt.
2256 2437 2284 2466 ››
2309 2416 2394 2471 Ad
2426 2431 2602 2486 quem
2634 2414 2831 2469 locum
2863 2414 3020 2470 Elias
3051 2414 3349 2472 Cretensis
3380 2418 3505 2475 haec
3522 2418 3709 2475 adno-

2063 2510 2149 2561 tat
2173 2523 2186 2560 :
2212 2526 2241 2554 «
2264 2506 2345 2560 Ac
2366 2503 2693 2559 Simoniani
2708 2503 2949 2574 quidem
2976 2506 3345 2562 octonarium
3367 2524 3679 2565 numerum
3694 2552 3709 2578 ,

2065 2595 2138 2650 ob
2163 2597 2375 2649 Eones
2406 2611 2506 2649 eos
2537 2609 2685 2665 quos
2715 2592 3237 2662 colebant,honore
3266 2596 3711 2668 prosequeban-

2066 2690 2181 2740 tur.
2212 2683 2593 2755 Nugabantur
2625 2683 2783 2738 enim
2817 2683 3069 2754 Bythum
3105 2701 3239 2739 cum
3269 2702 3377 2740 sua
3408 2686 3541 2757 Sige
3563 2702 3707 2740 con-

2065 2789 2336 2848 gressum
2368 2775 2619 2828 Mentem
2652 2777 2709 2826 et
2742 2772 3062 2827 Veritatem
3096 2774 3394 2844 genuisse,
3428 2779 3539 2829 etc.
3575 2795 3604 2823 »
3636 2776 3705 2829 Et

2066 2864 2298 2919 Nicetas
2325 2862 2400 2918 ad
2422 2863 2825 2917 orationem“.
2852 2878 2864 2915 :
2889 2882 2917 2911 «
2947 2860 3275 2916 Simoniani
3298 2862 3538 2933 quidem
3559 2868 3714 2918 octo-

2066 2952 2324 3018 narium,
2356 2956 2599 3024 propter
2620 2956 2751 3006 octo
2781 2950 2915 3005 illos
2944 2951 3204 3023 magistri
3237 2951 3329 3006 sui
3360 2952 3712 3016 Eones,ho-

2067 3040 2771 3097 norihabebant.Etenim
2798 3056 2869 3095 ex
2882 3039 3050 3111 Bythi
3076 3057 3213 3096 cum
3238 3041 3370 3107 Sige
3392 3057 3712 3114 congressu

2073 3133 2324 3186 Mentem
2344 3146 2411 3185 ac
2434 3128 2751 3184 Veritatem
2774 3133 3113 3201 procreatas
3132 3145 3260 3184 esse
3281 3128 3580 3185 fabulatus
3604 3135 3714 3199 est,

2075 3227 2254 3293 atque
2286 3221 2368 3275 ita
2396 3219 2620 3292 primos
2641 3223 2941 3290 parentes,
2974 3224 3040 3273 ut
3061 3219 3189 3291 jam
3220 3219 3442 3275 dictum
3475 3224 3583 3289 est,
3615 3221 3720 3294 By-

2074 3312 2240 3366 thum
2274 3315 2329 3365 et
2364 3310 2535 3382 Sigen
2569 3308 2879 3363 conﬁnxit.
2914 3329 2943 3358 »
2970 3308 3222 3381 Bythum
3260 3308 3440 3381 igitur
3460 3313 3518 3364 et
3548 3310 3721 3383 Sigen

2075 3401 2232 3457 inter
2260 3403 2471 3455 Eones
2484 3416 2623 3455 suos
2635 3398 2916 3454 habuisse
2938 3398 3316 3454 veteresillos
3349 3403 3484 3455 ante
3509 3401 3723 3457 Valen-

2074 3493 2266 3547 tinum
2323 3490 2648 3559 Gnosticos,
2683 3489 2883 3546 dixere
2934 3489 3399 3561 quamplurimi;
3446 3506 3568 3546 non
3618 3491 3718 3547 ha-

2072 3581 2294 3649 buisse,
2328 3586 2465 3636 ante
2510 3578 2906 3646 Blondellum,
2967 3579 3199 3650 opinor,
3230 3595 3407 3634 nemo
3447 3578 3615 3636 dixit.
3648 3583 3719 3636 Et

2075 3672 2316 3743 quidem
2366 3688 2488 3726 non
2536 3675 2769 3726 tantum
2799 3670 3023 3742 primas
3074 3670 3336 3742 syzygias
3366 3686 3401 3725 a
3429 3672 3712 3726 vetustio-

2072 3761 2237 3816 ribus
2282 3760 2580 3815 haareticis
2627 3760 2927 3831 accepisse
2967 3758 3368 3827 Valentinum,
3408 3758 3509 3814 sed
3543 3764 3601 3814 et
3625 3776 3718 3816 ea-

2073 3868 2206 3906 rum
2240 3850 2418 3905 etiam
2471 3848 2719 3905 nomina
2748 3849 3126 3904 continuasse
3156 3848 3249 3903 vel
3304 3848 3454 3904 illud
3486 3849 3718 3920 suadet,

2073 3939 2231 4012 quod
2288 3955 2421 3994 cum
2481 3955 2660 3993 novas
2718 3938 2838 3992 illis
2870 3936 3349 3994 nomenclaturas
3392 3937 3719 3996 addidisset

2070 4032 2429 4104 Epiphanes,
2492 4030 2791 4086 Monoteta
2848 4034 2907 4084 et
2976 4030 3285 4097 Henoteta,
3339 4031 3587 4086 Monada
3661 4035 3719 4086 et

2072 4123 2218 4189 Heu,
2250 4119 2451 4176 statim
2509 4118 2803 4174 exclamet
2856 4119 3138 4188 Irenaaus,
3172 4116 3280 4173 ἰοὺ
3326 4116 3434 4188 iob,
3467 4122 3564 4195 φεῦ
3595 4122 3717 4198 φεῦ,

2070 4213 2363 4268 rationem
2396 4209 2673 4276 reddens,
2707 4233 2734 4260 «
2770 4210 3051 4280 quoniam
3081 4210 3207 4282 ipse
3246 4210 3490 4266 nomina
3523 4212 3722 4283 posuit

2073 4303 2377 4374 figmento,
2422 4316 2554 4371 quaa
2587 4316 2622 4355 a
2679 4299 2919 4355 nemine
2970 4298 3157 4355 altero
3187 4301 3381 4372 posita
3416 4306 3572 4356 sunt.
3601 4301 3722 4356 Hoc

2077 4391 2237 4447 enim
2269 4394 2434 4447 tanta
2465 4388 2859 4445 admiratione
2884 4388 3125 4462 dignum
3153 4405 3273 4445 non
3294 4388 3578 4459 fuisset,si
3612 4391 3724 4446 Va-

2078 4480 2338 4537 lentinus
2396 4478 2572 4552 paulo
2623 4483 2763 4534 ante
2815 4478 3182 4550 Epiphanem
3235 4478 3431 4535 eidem
3487 4480 3719 4536 Tetradi

309 4568 390 4635 τῷ
450 4567 569 4635 Θεῷ
597 4567 679 4635 τῷ
720 4564 847 4638 παρ’
903 4561 1088 4624 αὐτοῖς
1143 4559 1301 4634 Βυθῷ
1349 4558 1678 4633 καλουμένῳ
1710 4560 1957 4632 ἐπενόησε

2078 4586 2230 4626 nova
2259 4585 2504 4642 prorsus
2546 4567 2794 4624 nomina
2844 4572 2904 4622 et
2931 4572 3067 4624 ante
3098 4567 3367 4625 inaudita
3408 4568 3729 4642 imposuis-

307 4652 399 4707 καὶ
432 4649 751 4727 ἐχαρίσατο,
786 4675 815 4703 ‹‹
849 4652 997 4709 duas
1027 4653 1310 4725 conjuges
1336 4652 1476 4719 Deo,
1503 4666 1681 4723 quem
1702 4651 1808 4720 illi,
1840 4657 1967 4707 tum

307 4743 574 4799 Gnostici
608 4748 736 4798 tum
768 4741 1460 4813 Valentiniani,Bythum
1480 4739 1961 4809 vocabant,attri-

306 4831 551 4888 buebat.
588 4853 618 4881 »
650 4833 771 4888 Hoc
804 4832 1023 4904 quippe
1054 4830 1340 4887 doctrina:
1369 4828 1778 4885 Gnosticorum
1810 4837 1966 4886 vete-

309 4938 446 4977 rum
467 4926 528 4977 et
558 4919 1116 4977 Valentinianorum
1138 4917 1363 4991 adjecit
1391 4916 1776 4985 Ptolemaeus;
1810 4920 1969 4991 quod

310 5027 449 5066 cum
477 5010 578 5065 isti
630 5027 816 5066 unam
848 5014 1077 5066 tantum
1110 5008 1425 5081 conjugem
1470 5007 1657 5078 Bytho
1689 5023 1817 5075 suo,
1850 5009 1965 5063 En-

309 5116 510 5156 nceam
571 5098 804 5155 scilicet
840 5105 945 5155 aut
986 5099 1181 5171 Sigen,
1212 5096 1608 5161 afﬁnxissent,
1639 5097 1740 5152 ille
1788 5097 1968 5154 etiam

308 5188 596 5245 Thelema
627 5205 734 5245 seu
778 5189 1154 5244 Voluntatem
1200 5186 1395 5242 eidem
1425 5186 1721 5242 connubio
1745 5188 1963 5258 junxit.

313 5279 524 5348 Neque
554 5293 691 5333 vero
750 5293 857 5349 ego
889 5276 1095 5332 dubito
1126 5275 1271 5346 quin
1312 5273 1593 5330 Basilides
1655 5276 1969 5332 Gnosticus

308 5373 453 5427 ante
486 5366 870 5421 Valentinum
899 5366 960 5421 in
983 5365 1174 5437 prima
1197 5380 1305 5420 sua
1333 5362 1772 5419 combinatione
1794 5365 1968 5438 Sigen

305 5454 622 5520 habuerit,
657 5460 715 5510 et
767 5454 1019 5510 Ἒννοιαν
1078 5469 1248 5509 suam
1305 5451 1469 5527 Σιγήν
1519 5454 1827 5509 vocaverit.
1863 5455 1969 5511 Ille

308 5544 473 5599 enim
500 5544 728 5611 docuit,
761 5548 911 5599 teste
941 5545 1165 5600 Irenaeo
1195 5542 1357 5611 lib,i,
1385 5559 1436 5596 c.
1469 5543 1557 5611 23-,
1584 5564 1615 5593 «
1648 5558 1971 5617 non'opor-

308 5639 436 5691 tere
456 5633 709 5691 omnino
728 5630 1302 5706 ipsorunmysteria
1318 5631 1620 5702 eﬂ‘aai,sed
1640 5633 1703 5689 in
1722 5633 1967 5691 abscon-

2075 4663 2184 4715 set.

2148 4746 2441 4813 Secundo,
2474 4748 2671 4821 Logon
2711 4747 2889 4803 etiam
2931 4747 3114 4803 fuisse
3146 4748 3301 4803 inter
3331 4748 3537 4803 ﬁctitia
3566 4752 3723 4802 veteo

2081 4854 2211 4892 rum
2245 4837 2656 4892 Gnosticorum
2689 4837 2958 4905 numina,
2992 4842 3048 4891 et
3078 4853 3184 4908 per
3205 4837 3464 4909 syzygias
3494 4835 3724 4906 aliquas

2079 4942 2114 4981 a
2144 4927 2273 4997 Sige
2306 4924 2379 4981 ad
2412 4943 2548 4981 eum
2583 4930 2929 4998 perventum
2952 4929 3176 4993 esse,ut
3204 4925 3264 4978 in
3289 4925 3489 4979 schola
3511 4923 3723 4979 Valen-

2077 5014 2440 5086 tini,pariter
2479 5012 3053 5086 probabimus:quod
3085 5012 3227 5067 satis
3258 5017 3347 5066 est
3376 5012 3448 5066 ad
3483 5016 3720 5067 senten-

2080 5105 2223 5159 tiam
2254 5108 2517 5158 nostram
2553 5103 2831 5158 adversus
2863 5102 3066 5158 Dallaai
3099 5100 3466 5173 objectiones
3497 5100 3724 5156 conﬁr-

2076 5192 2376 5249 mandam.
2404 5193 2605 5262 Neque
2666 5192 2823 5247 enim
2856 5190 3113 5247 Gnostici
3146 5188 3449 5262 illi,neque
3472 5189 3728 5245 Valenti-

2078 5300 2193 5339 nus
2224 5282 2351 5353 ipse
2384 5281 2605 5335 diserte
2630 5295 2898 5350 unquam
2929 5279 3077 5334 dixit
3107 5279 3305 5333 Lohon
3336 5296 3366 5334 e
3399 5280 3529 5347 Sige
3555 5280 3727 5335 emis-

2080 5389 2211 5429 sum
2246 5387 2393 5427 esse.
2426 5367 2723 5424 Basilides
2758 5368 2916 5422 inter
2947 5368 3255 5423 Gnosticos
3275 5366 3388 5423 fuit
3412 5367 3725 5425 Valentino

2078 5461 2385 5526 vetustior,
2439 5463 2499 5514 at
2526 5456 2624 5512 ille
2680 5456 2752 5512 de
2803 5457 2955 5529 Logo
3006 5457 3230 5530 pariter
3271 5474 3338 5514 ac
3377 5457 3726 5516 Valentinus

2081 5551 2288 5607 sensit.
2345 5546 2752 5604 Theodoretu’s
2782 5547 2964 5603 Παντεῖ
3011 5546 3127 5616 fab.
3154 5546 3259 5602 lib.
3295 5565 3345 5617 ν,
3381 5566 3432 5605 c.
3473 5552 3558 5621 ll,
3591 5566 3727 5606 cum

2077 5638 2371 5696 Valentini
2405 5637 2477 5696 de
2499 5634 2688 5696 Verbo
2721 5636 3077 5695 sententiam
3108 5637 3436 5711 recitasset,
3479 5638 3605 5697 haec
3625 5639 3725 5697 ad-
