4064 6134
298 335 402 398 329

1018 332 1074 396 Ι.
1122 335 1534 400 PEARSONll
1580 335 1721 396 VIN
1731 333 1960 396 DIGLE

2070 334 2480 396 ιΝΑΤΙΑΝΑΞ.
2525 367 2605 380 -
2645 333 2852 398 PARS
2895 333 2975 397 Π.

3597 341 3718 403 330

303 469 578 527 dicuntur
610 469 1043 542 Nicolaitaa,qui
1076 474 1215 525 sunt
1244 469 1431 526 vulsio
1462 470 1593 542 ejus
1616 486 1746 541 qum
1795 469 1943 526 falso
1976 470 2030 537 Α
2061 485 2138 525 no
2169 467 2314 526 dicit
2343 469 2502 541 quod
2531 487 2709 527 nemo
2731 475 2868 527 ante
2901 488 3036 529 eum
3057 472 3394 544 afﬁrmavit,
3422 476 3715 550 cujusque

304 559 761 632 cognominatur
785 558 1029 614 scientia
1052 574 1065 625 ;
1091 563 1158 614 ut
1187 558 1577 615 confunderet
1608 575 1708 616 eos
1735 564 1794 614 et
1816 575 1949 613 sua-

305 649 462 705 deret
493 649 915 719 eos,quoniam
942 665 1096 704 unus
1125 651 1280 704 Deus
1313 649 1410 720 qui
1445 649 1650 704 omnia
1677 647 1818 704 fecit
1847 665 1953 720 per

309 737 552 793 Verbum
580 744 848 807 suum,et
868 754 984 794 non
1005 736 1509 808 quemadmodum
1535 737 1622 792 illi
1644 736 1953 805 dicunt,al-

311 833 494 883 terum
519 827 1236 898 quidemd‘abricatorem,
1271 826 1454 882 alium
1486 831 1680 882 autem
1715 829 1952 882 Patrem

312 916 558 973 Domini.
590 938 618 966 »
647 917 706 971 Si
742 917 902 973 enim
925 917 1242 972 Cerinthus
1267 921 1587 987 antequam
1610 916 1664 971 S.
1697 917 1953 972 Joannes

313 1006 686 1078 Evangelium
737 1006 1060 1078 scripserit,
1109 1005 1571 1069 Fabricatorem,
1604 1005 1664 1060 id
1695 1011 1805 1069 est,
1839 1005 1952 1059 De-

315 1097 603 1168 miurgum
643 1095 826 1151 alium
880 1113 914 1150 a
942 1097 1113 1151 Patre
1148 1095 1421 1161 Domini;
1475 1095 1522 1150 si
1556 1093 1742 1150 multo
1784 1094 1950 1166 prius

312 1187 460 1242 idem
477 1186 795 1242 docuerint
817 1185 1114 1241 Nicolaitaa
1131 1186 1202 1252 ;si
1221 1186 1522 1241 Nicolaitae
1543 1186 1954 1242 Gnosticorum

312 1276 493 1331 vulsio
517 1277 740 1331 fuerint
762 1275 898 1346 (hoc
921 1280 1011 1330 est
1052 1274 1434 1346 Ἀπόσπασμα,
1467 1281 1535 1330 ut
1562 1281 1703 1346 puto
1730 1291 1743 1341 ;
1795 1274 1951 1330 Glos.

315 1368 370 1423 V.
405 1363 802 1430 Ἀποσπασθὲν,
837 1364 1126 1434 avulsum,
1155 1363 1514 1433 ’Λπόσπασις,
1578 1364 1815 1420 avulsus
1845 1381 1858 1428 ;
1891 1366 1958 1418 ut

309 1473 457 1528 saepe
488 1456 756 1526 loquitur
787 1456 1174 1527 Epiphanius,
1210 1454 1432 1524 Ἀνέστη
1466 1451 1632 1508 πάλιν
1691 1450 1952 1514 Θεόδοτός

305 1565 384 1604 τις
416 1543 752 1616 ἀπόσπασμα
785 1543 1050 1620 ὑπρρχων
1084 1542 1144 1598 ἐκ
1197 1549 1296 1612 τῆς
1356 1543 1763 1617 προειρημένης
1823 1541 1954 1596 ἀλόο

308 1655 404 1707 γον.)
433 1632 718 1706 αἱρέσεως,
757 1640 815 1689 et
846 1651 858 1689 :
885 1635 983 1689 Ἐκ
1011 1631 1209 1687 τούτου
1240 1632 1292 1686 οἱ
1346 1633 1643 1702 Non-clavo?
1702 1630 1954 1687 ἀπόσπα-

311 1742 416 1794 σμα
447 1717 600 1782 ὄντες
630 1720 839 1794 αὐτοῦ),
895 1729 1215 1793 utrumque
1247 1723 1536 1794 sequitur,
1587 1727 1646 1777 et
1673 1727 1810 1778 ante
1846 1723 1956 1776 Va-

311 1815 606 1870 lentinum
639 1814 874 1885 aliquos
891 1813 1163 1870 docuisse
1186 1814 1371 1869 alium
1394 1830 1522 1870 esse
1535 1815 1718 1869 Deum
1742 1819 1957 1886 praeter

309 1906 736 1968 Creatorem,et
761 1904 1069 1959 Gnosticos
1095 1903 1423 1975 apostolica
1451 1909 1722 1975 tempora
1752 1908 1957 1958 conta-

307 1993 810 2059 minasse.Quales
841 2000 1011 2049 erant
1037 1994 1240 2048 Simon
1271 1998 1329 2047 et
1358 1993 1674 2048 Cerinthus
1702 1992 1955 2048 Nazian-

311 2101 480 2150 zeno,
509 2081 605 2136 τὸν
634 2085 743 2136 τῶν
775 2078 920 2135 ὅλων
954 2081 1086 2136 Θεὸν
1115 2083 1394 2152 τεμόντες,
1424 2081 1510 2136 καὶ
1547 2081 1677 2155 ὑπὲρ
1699 2084 1797 2135 τοῦ
1828 2081 1959 2154 ἀγα-

301 2175 394 2227 θοῦ
425 2176 507 2243 τῷ
541 2168 870 2245 δημιουργῷ
918 2167 1353 2243 πολεμήσαντες,
1413 2177 1478 2227 ut
1533 2171 1904 2228 ostendimus
1937 2186 1951 2237 ;

301 2265 507 2336 quales
534 2264 890 2335 Hymenaeus
907 2266 965 2317 et
986 2262 1254 2318 Philetus
1266 2262 1619 2334 Epiphanio,
1641 2258 1812 2315 ἃλλον
1828 2259 1955 2314 Θεὸν

303 2349 798 2426 καταγγέλΛοντες,
833 2375 859 2402 ‹‹
885 2352 1070 2408 alium
1102 2351 1288 2408 Deum
1327 2351 1772 2420 annuntiantes,
1806 2373 1832 2404 ι
1867 2347 1958 2404 καί

309 2441 568 2516 λέγοντες
603 2440 680 2512 μή
712 2438 772 2494 ἐκ
811 2443 944 2495 Θεοῦ
1003 2446 1322 2515 γεγενῆσθαι
1374 2440 1466 2495 τὸν
1525 2441 1754 2512 κόσμον,
1813 2437 1960 2494 ἀλλὰ

305 2531 408 2585 ὑπὸ
438 2530 632 2604 ἀρχῶν
665 2528 756 2584 mi
787 2527 1068 2600 ἐξουσιῶν,
1092 2551 1120 2580 ‹‹
1145 2535 1204 2584 et
1231 2529 1500 2586 dicentes
1522 2531 1814 2586 mundum
1837 2547 1958 2586 non

304 2638 339 2676 a
370 2622 489 2676 Deo
523 2635 653 2675 esse
683 2618 1039 2681 factum,sed
1069 2635 1102 2674 a
1130 2619 1560 2690 principatibus
1586 2637 1653 2675 ac
1676 2625 1960 2690 postesta-

311 2710 487 2765 tibus.
525 2731 553 2757 »
589 2709 859 2764 Posthaac
888 2707 1036 2762 adeo
1069 2713 1274 2778 aperta
1297 2709 1636 2764 testimonia
1665 2709 1796 2779 quis
1833 2725 1958 2763 creo

313 2801 408 2856 det
437 2799 742 2855 neminem
767 2805 903 2854 ante
935 2797 1308 2854 Valentinum
1331 2799 1600 2855 docuisse
1627 2799 1809 2855 alium
1831 2815 1961 2855 esse

321 2890 495 2944 Deum
527 2895 746 2962 praeter
777 2889 1156 2944 Creatorem?
1183 2890 1516 2960 prmsertim
1544 2907 1679 2945 cum
1710 2888 1786 2944 ad
1830 2905 1961 2944 eam

314 2980 782 3051 propositionem
804 2978 1274 3034 confirmandam
1318 2978 1470 3034 nihil
1511 2979 1674 3034 aliud
1695 2978 1963 3034 attulerit

307 3072 391 3125 vir
412 3069 943 3136 doctissimus,nisi
964 3069 1068 3124 illa
1082 3069 1314 3136 verba,«
1330 3069 1386 3124 Si
1403 3069 1828 3126 Tertullianum
1852 3085 1960 3125 au-

307 3161 524 3216 dimus.
564 3181 592 3209 »
625 3162 700 3215 At
731 3158 1074 3214 Tertulliani
1107 3158 1282 3215 verba
1312 3164 1518 3215 contra
1538 3165 1801 3215 veterum
1818 3176 1961 3214 con-

303 3267 547 3306 sensum
581 3247 908 3320 premenda
939 3265 1058 3303 non
1083 3254 1224 3304 sunt
1249 3269 1264 3315 ;
1287 3265 1479 3320 neque
1504 3248 1960 3314 dicendum,Va—

302 3341 605 3396 lentinum
637 3345 697 3393 et
735 3337 1094 3393 Marcionem
1127 3337 1285 3393 solos
1316 3343 1375 3392 et
1403 3339 1630 3409 primos
1679 3339 1804 3393 haec
1856 3337 1959 3392 do-

303 3430 522 3495 cuisse,
563 3445 635 3484 ex
667 3428 852 3484 solius
883 3427 1228 3482 Tertulliani
1262 3429 1632 3496 auctoritate,
1667 3431 1766 3499 qui
1818 3427 1962 3484 alibi

304 3521 572 3592 primum
604 3517 961 3594 Marcionem
984 3517 1110 3572 haec
1136 3517 1460 3573 asseruisse
1483 3518 1728 3583 ait,cum
1761 3524 1962 3574 tamen

309 3608 438 3679 ipse
496 3605 829 3662 Cerdonem
900 3605 1210 3660 Marcionis
1258 3606 1602 3677 magistrum
1659 3611 1960 3678 agnoscat.

311 3723 335 3747 ιι
374 3696 616 3762 Habuit,
645 3695 862 3766 inquit,
895 3701 954 3750 et
974 3695 1304 3750 Cerdonem
1328 3695 1648 3766 quemdam
1679 3696 1962 3752 informa-

311 3793 504 3842 torem
537 3784 804 3840 scandali
829 3784 1022 3855 hujus.
1057 3807 1084 3833 »
1117 3785 1262 3839 Cum
1294 3785 1454 3840 enim
1487 3785 1884 3842 Valentiniani
1907 3793 1964 3844 et

314 3876 677 3931 Marcionita
697 3874 1042 3929 Tertulliani
1064 3891 1184 3928 aavo
1204 3873 1462 3930 maxime
1497 3875 1760 3931 celebres
1783 3877 1966 3932 haere-

316 3966 417 4020 tici
446 3964 693 4031 fuerint,
718 3963 949 4034 quoties
981 3963 1053 4018 de
1085 3963 1408 4018 hanresibus
1443 3963 1722 4036 disputat,
1757 3965 1830 4020 ad
1863 3983 1962 4023 eos

312 4056 438 4110 fere
470 4053 776 4120 collineat,
810 4059 867 4106 et
888 4051 1266 4107 Valentinum
1298 4069 1366 4107 ac
1416 4053 1770 4109 Marcionem
1794 4055 1964 4125 quasi

313 4146 618 4218 principes
638 4145 810 4210 ferit;
838 4145 1104 4214 quamvis
1127 4149 1185 4198 et
1205 4144 1331 4214 ipse
1351 4160 1700 4216 praecoquos
1723 4149 1779 4199 et
1799 4145 1966 4201 abor-

313 4237 461 4290 tivos
478 4235 858 4290 Marcionitas
891 4233 1000 4289 sub
1043 4234 1328 4306 apostolis
1358 4239 1657 4306 agnoscat,
1718 4236 1966 4292 Docetas

312 4325 542 4380 scilicet
565 4342 578 4391 ;
602 4328 837 4396 poterat
852 4328 1052 4380 autem
1074 4329 1134 4378 et
1153 4323 1303 4379 alios
1320 4340 1454 4379 cum
1477 4323 1773 4380 veteribus
1792 4341 1965 4397 agno-

314 4430 478 4469 scere
504 4412 891 4485 Demiurgum
922 4429 955 4467 a
986 4412 1103 4467 Deo
1142 4411 1489 4479 dividentes,
1525 4413 1624 4483 qui
1676 4429 1794 4468 non
1855 4414 1968 4468 mi-

315 4520 428 4558 nus
455 4507 632 4559 erant
663 4501 1019 4558 Marcionita)
1050 4501 1370 4574 praecoqui.

1991 3211 2038 3277 Β

2060 560 2424 616 contrarium
2455 560 2628 616 multi
2658 567 3060 617 asseruerunt.
3112 564 3438 620 Attulimus
3500 582 3712 622 eorum

2060 649 2530 721 testimonia,qui
2561 649 2782 706 diserte
2813 651 3146 708 docuerunt
3165 653 3421 724 primam
3453 655 3718 727 ogdoada

2061 754 2097 793 a
2133 738 2427 793 veteribus
2449 739 2742 795 Gnosticis
2772 740 3068 812 proditam
3115 741 3320 808 fuisse,
3371 745 3596 803 decada
3657 755 3717 806 et

2062 827 2407 884 duodecada
2435 846 2470 883 a
2493 829 2799 885 Valentino
2830 831 3468 890 additas.Ostendimus
3503 853 3574 892 ex
3594 841 3716 894 Ire-

2063 933 2192 972 naso
2221 919 2349 972 Nun
2375 922 2434 972 et
2451 917 2727 974 Alethian
2755 936 2824 974 ex
2856 921 3040 991 Bytho
3062 927 3121 975 et
3143 921 3272 994 Sige
3295 925 3587 994 prodiisse
3619 944 3711 984 se-

2062 1005 2324 1062 cundum
2347 1012 2570 1062 veteres
2619 1009 2965 1075 Gnosticos;
3023 1009 3465 1069 Valentinianos
3524 1015 3710 1074 fuisse

2061 1095 2244 1163 fures,
2269 1100 2329 1150 et
2348 1096 2590 1167 quidem
2622 1097 2753 1152 ideo
2784 1097 2994 1166 malos,
3029 1115 3150 1154 non
3196 1101 3353 1170 quod
3404 1103 3557 1160 hanc
3617 1110 3708 1161 te-

2065 1185 2233 1240 trada
2262 1185 2335 1240 ab
2365 1185 2487 1240 illis
2517 1187 2877 1258 acceperint,
2907 1187 3012 1242 sed
3069 1188 3228 1258 quod
3273 1193 3592 1249 secundam
3627 1200 3712 1252 te-

2065 1272 2234 1329 trada
2263 1273 2418 1329 male
2451 1273 2991 1346 tradiderint,quod
3015 1292 3086 1330 ex
3123 1277 3271 1348 Logo
3297 1284 3354 1334 et
3379 1283 3489 1336 Zoe
3520 1282 3715 1342 Homi.

2063 1379 2202 1418 nem
2234 1368 2293 1418 et
2321 1363 2645 1419 Ecclesiam
2691 1363 3021 1421 eduxerint.
3061 1365 3147 1421 Ad
3178 1383 3285 1422 sua
3310 1370 3718 1428 conﬁrmanda

2061 1452 2213 1506 nihil
2243 1451 2409 1508 aliud
2430 1452 2674 1508 adducit
2700 1454 2786 1508 vir
2817 1453 3220 1523 doctissimus,
3257 1473 3436 1528 quam
3468 1461 3627 1530 quod
3651 1463 3716 1517 in

2064 1541 2343 1596 omnibus
2363 1541 2436 1596 ab
2459 1543 2684 1597 Irenaao
2707 1543 2968 1598 recitatis
2979 1543 3396 1602 haereticorum
3415 1549 3718 1606 Valentino

2065 1631 2453 1686 vetustiorum
2484 1631 2838 1703 Theogoniis
2867 1649 2988 1687 non
3020 1640 3302 1704 appareat
3332 1637 3468 1709 Logi
3526 1655 3557 1693 e
3587 1641 3718 1713 Sige

2067 1719 2340 1787 emissio;
2371 1719 2452 1774 ita
2471 1719 2543 1774 ad
2576 1720 2634 1774 id
2657 1721 2812 1790 quod
2835 1722 3095 1778 afﬁrmat
3115 1723 3541 1783 stabiliendum
3565 1730 3718 1784 nihil

1990 1845 2036 1911 Β
2067 1809 2312 1911 omninp
2344 1808 2684 1908 adducit,ad
2714 1810 2774 1864 id
2802 1810 2958 1911 quod
2981 1816 3158 1883 negat
3178 1813 3330 1868 nihil
3361 1815 3524 1872 aliud
3546 1819 3720 1873 aﬂ‘ert

2069 1915 2246 1969 quam
2278 1898 2482 1954 lrenaei
2504 1899 2567 1954 in
2599 1899 2984 1954 contexendis
3005 1901 3366 1974 genealogiis
3391 1904 3714 1964 silentium.

2064 1990 2134 2044 Et
2161 1988 2401 2059 quidem
2433 1988 2480 2042 si
2511 1989 2772 2044 Irenaeus
2816 1989 3030 2044 nullibi
3089 1991 3150 2045 id
3181 1991 3521 2062 indicasset,
3555 1997 3715 2067 quod

2063 2095 2172 2133 nos
2203 2077 2592 2158 afﬁrmamus,
2626 2078 2674 2132 si
2705 2079 3077 2150 genealogias
3107 2082 3375 2137 omnium
3409 2084 3714 2140 haeretico-

2065 2184 2196 2224 rum
2222 2167 2449 2239 integre
2481 2183 2616 2222 cum
2639 2167 2916 2222 omnibus
2938 2168 3220 2224 :Eonibus
3243 2187 3566 2244 eorumque
3589 2191 3713 2229 om-

2063 2256 2240 2312 nibus
2269 2255 2612 2312 nominibus
2642 2262 3152 2327 repraasentasset,
3190 2259 3420 2330 aliquid
3477 2264 3710 2323 roboris

2063 2345 2201 2401 huic
2231 2349 2581 2417 argumento
2614 2344 2860 2413 inesset,
2894 2345 2968 2400 ad
3001 2345 3179 2402 fidem
3202 2347 3456 2406 aliorum
3486 2353 3710 2409 Irenaeo

2062 2434 2460 2507 posteriorum
2483 2433 2542 2488 in
2574 2434 2683 2489 hac
2703 2450 2765 2488 re
2798 2433 3164 2494 elevandam.
3193 2439 3338 2494 Cum
3368 2445 3566 2497 autem
3593 2461 3715 2500 non

2064 2528 2299 2580 tantum
2329 2524 2589 2578 Irenaius
2621 2522 2746 2593 ipse
2779 2523 2965 2578 multa
2995 2524 3174 2592 dicat,
3208 2544 3339 2597 qum
3370 2529 3445 2585 ad
3504 2549 3714 2590 eorum

2065 2612 2446 2679 sententiam,
2480 2612 2581 2681 qui
2612 2611 2865 2682 primam
2895 2613 3346 2672 Octonationem
3370 2619 3714 2678 Valentinia

2065 2701 2358 2758 Gnosticis
2389 2706 2686 2772 sumptam
2718 2701 3038 2769 tradidere,
3070 2704 3544 2764 conﬁrmandam
3575 2727 3712 2782 spe-

2066 2796 2246 2860 ctant,
2275 2789 2720 2846 utostendimus
2744 2808 2758 2857 ;
2783 2807 2918 2846 cum
2941 2791 3200 2866 integras
3213 2796 3479 2852 omnium
3500 2815 3714 2870 genea-

2065 2881 2249 2954 logias
2272 2881 2534 2935 Irenaaus
2565 2895 2685 2934 non
2716 2883 3250 2952 repraesentaverit,
3283 2889 3349 2939 ut
3361 2885 3488 2956 jam
3511 2894 3715 2944 osten—

2067 2972 2298 3038 demus,
2331 2969 2566 3026 nullum
2596 2987 2842 3042 prorsus
2871 2971 3011 3028 huic
3069 2981 3418 3046 argumento
3477 2979 3594 3033 vim
3624 2980 3712 3036 in-

2067 3077 2196 3117 esse
2228 3059 2480 3131 quilibet
2507 3059 2871 3116 fatebitur.Si
2895 3062 3055 3116 enim
3083 3062 3326 3137 integras
3356 3083 3477 3121 non
3495 3067 3713 3125 fuerint

2065 3150 2423 3223 genealogiaa
2453 3149 2844 3221 Singularium
2873 3150 3304 3209 'haareticoaum
3361 3155 3433 3210 ab
3486 3159 3712 3215 Irenaao

2066 3239 2406 3314 propositae,
2438 3238 2486 3294 si
2514 3238 2654 3293 alibi
2686 3239 2813 3309 ipse
2845 3239 3143 3297 haereticis
3174 3244 3460 3301 attribuat
3489 3265 3618 3318 quas
3651 3250 3712 3304 in

2067 3329 2424 3402 genealogiis
2455 3345 2660 3383 eorum
2691 3345 2813 3384 non
2844 3329 3250 3397 inveniuntur,
3275 3335 3322 3388 si
3357 3335 3632 3392 similiter
3654 3340 3714 3394 in

2068 3419 2140 3474 iis
2167 3419 2345 3474 etiam
2370 3418 2471 3488 qui
2507 3417 2884 3473 Valentinum
2915 3421 3099 3474 secuti
3124 3425 3590 3481 suntsententiis
3612 3427 3714 3482 de-

2069 3507 2400 3564 scribendis
2411 3507 3112 3578 multaomittantur.quae
3128 3509 3244 3564 illis
3263 3511 3576 3570 tribuenda
3589 3533 3718 3571 esse

2070 3617 2245 3656 nemo
2277 3598 2706 3666 diffitebitur,si
2737 3598 2866 3652 haec
2896 3599 3100 3654 omnia
3129 3604 3467 3658 necessario
3500 3621 3567 3659 ex
3591 3607 3720 3677 ipsa

2070 3690 2298 3746 ratione
2332 3687 2650 3751 scribendi,
2670 3703 2848 3758 quam
2880 3687 2979 3742 ille
3011 3690 3318 3760 amplexus
3341 3698 3716 3764 est,sequan-

2073 3783 2168 3834 tur
2200 3794 2214 3844 ;
2248 3776 2413 3831 nulla
2442 3792 2577 3830 cum
2606 3775 2835 3830 ratione
2867 3791 2934 3830 ea
2956 3777 3157 3832 omnia
3185 3780 3430 3834 nomina
3459 3782 3716 3852 cuipiam

2072 3864 2421 3935 deneganda
2451 3869 2782 3935 erunt,quaa
2810 3864 2871 3918 in
2901 3864 3030 3935 ejus
3046 3866 3406 3940 genealogiis
3427 3871 3714 3940 apudlre-

2072 3972 2304 4014 neaeum
2336 3971 2456 4009 non
2487 3959 2794 4025 apparent.
2823 3956 2893 4009 Ut
2920 3961 3118 4010 autem
3141 3958 3291 4012 ratio
3323 3959 3619 4016 scribendi
3641 3965 3714 4019 ab

2072 4049 2296 4102 Irenaeo
2327 4043 2692 4110 observata,a
2727 4043 2943 4098 Dallaao
2972 4044 3219 4099 minime
3249 4064 3539 4119 perpensa
3553 4057 3714 4122 pate-

2076 4137 2178 4192 ﬁat
2211 4152 2224 4202 ;
2258 4133 2502 4188 observo
2533 4131 2638 4186 viri
2669 4131 2996 4186 doctissimi
3020 4135 3196 4189 verba
3227 4151 3239 4190 :
3266 4158 3294 4185 «
3327 4139 3591 4195 Primum
3618 4158 3713 4196 ca-

2074 4230 2180 4296 put
2210 4222 2282 4278 ad
2312 4221 2687 4277 Valentinum
2719 4220 3018 4292 pertinere
3049 4225 3308 4281 ostendit
3337 4232 3396 4282 et
3436 4230 3716 4300 praefixus

2077 4313 2128 4368 ei
2160 4310 2455 4374 titulus,et
2483 4310 2612 4382 ipsa
2641 4310 2838 4382 operis
2870 4312 3154 4381 praefatio.
3190 4336 3219 4364 »

2151 4412 2271 4465 Imo
2294 4426 2432 4465 vero
2455 4408 2790 4481 etpraefatio
2804 4414 2861 4463 et
2877 4409 3086 4466 titulus
3103 4418 3163 4466 et
3183 4416 3391 4486 capitis
3406 4417 3590 4489 ipsius
3605 4423 3730 4478 tota

2079 4500 2262 4557 series
2284 4497 2647 4562 ostendit,ad
2673 4498 2863 4570 ipsius
2881 4499 3206 4573 discipulos
3228 4504 3374 4560 illud
3405 4509 3724 4578 pertinere,

382 4591 732 4650 Secundum
782 4591 987 4647 Dalleei
1021 4597 1436 4663 argumentum
1484 4596 1573 4646 est
1602 4607 1663 4646 :«
1698 4593 1970 4648 Haaretici
2002 4576 2048 4641 Ῑ)
2078 4607 2230 4662 quos
2251 4589 2322 4645 ab
2346 4588 2450 4643 illo
2476 4588 2538 4642 in
2559 4589 3020 4659 quamplurimis
3041 4591 3358 4649 descivisse
3389 4576 3599 4654 omnes
3621 4576 3728 4654 no?

311 4683 625 4738 Valentino
645 4682 996 4736 vetustiores
1020 4697 1228 4736 omnes
1250 4697 1311 4735 se
1327 4681 1438 4752 ipsi
1455 4681 1754 4752 negabunt
1777 4683 1970 4754 Logon

310 4773 473 4844 Siges
493 4771 588 4826 vel
621 4771 813 4825 ﬁlium
844 4769 934 4826 vel
975 4774 1255 4841 nepotem
1288 4768 1614 4825 induxisse.
1638 4792 1667 4821 »
1700 4771 1970 4825 Fortasse

308 4863 426 4917 Nos
457 4859 704 4933 quidem
734 4860 1011 4926 fatemur,
1034 4859 1154 4914 imo
1173 4858 1492 4930 probamus
1513 4850 1706 4929 neque
1739 4860 1971 4915 Gnosti-

306 4967 520 5005 corum
537 4954 1026 5020 veterum,neque
1045 4947 1590 5003 Valentinianorum
1608 4964 1969 5019 quemquam

309 5041 508 5112 Logon
533 5039 696 5111 Siges
733 5038 920 5094 filium
942 5035 1274 5104 induxisse,
1308 5036 1486 5107 idque
1517 5037 1832 5092 observatu
1875 5036 1967 5091 di-

295 5146 490 5202 gnum
502 5127 791 5184 ostendizi.
805 5144 873 5182 us
894 5126 967 5182 ad
985 5125 1331 5183 sententiam
1345 5125 1547 5181 Dallaei
1567 5126 1971 5184 refellendam.

298 5219 422 5274 Sed
458 5234 654 5289 neque
688 5217 761 5272 de
793 5215 1110 5288 nepotibus
1132 5216 1294 5287 Siges
1317 5220 1418 5271 aut
1437 5215 1694 5270 Gnostici
1728 5215 1818 5270 illi
1869 5223 1971 5273 aut

312 5306 723 5363 Valentiniani
757 5304 1085 5377 quidquam
1117 5304 1516 5377 philosophati
1539 5305 1846 5360 sunt.Cum
1871 5323 1970 5364 au-

314 5403 446 5452 tem
477 5396 664 5461 addit,
697 5411 830 5450 eam
861 5393 1128 5450 lauream
1191 5394 1483 5449 Valentini
1513 5411 1665 5461 esse,
1700 5417 1728 5444 »
1762 5395 1863 5466 qui
1895 5412 1969 5452 ex

312 5482 604 5538 omnibus
650 5481 1061 5537 hmresiarchis
1111 5480 1274 5536 illam
1332 5482 1581 5536 Eanum
1641 5481 1966 5553 ogdoadem

307 5571 598 5643 princeps
631 5570 1049 5638 instituerit,in
1081 5588 1198 5642 qua
1227 5587 1294 5624 ex
1329 5571 1510 5641 Bytho
1571 5576 1628 5624 et
1678 5570 1808 5642 Sige
1866 5588 1972 5643 per

301 5660 443 5717 Nun
479 5667 535 5717 et
559 5659 844 5717 Alethian
874 5659 1056 5732 Logos
1076 5676 1209 5716 cum
1245 5662 1354 5717 Zoe
1377 5659 1610 5732 prodit;
1638 5683 1662 5709 ››
1686 5659 1745 5715 id
1777 5661 1970 5716 omni-

638 5781 908 5842 PATROL.
958 5779 1067 5840 Gl.
1114 5778 1190 5844 V.

2081 4677 2886 4748 taruntJnipsaPrmfatione
2917 4686 3121 4749 aperte
3166 4684 3498 4752 proﬁtetur.
3538 4708 3562 4736 α
3590 4705 3725 4743 cum

2079 4765 2800 4839 legissetCommentarios
2815 4768 3598 4840 ipsorum,quemadmodum
3613 4775 3722 4845 ipsi

2081 4857 2303 4922 dicunt,
2331 4855 2620 4910 Valentini
2653 4855 3102 4926 discipulorum,
3137 4860 3492 4928 quibusdam
3525 4869 3722 4918 autem

2078 4948 2343 5018 ipsorum
2364 4949 2422 5000 et
2444 4960 2794 5017 congressus
2817 4966 2845 4994 »
2871 4945 3306 5012 fuisset,eorum
3329 4950 3471 5004 velle
3495 4967 3557 5006 se
3587 4968 3722 5007 sen-

2081 5035 2323 5092 tentiam
2356 5035 3006 5105 exponere,praesertim
3032 5035 3547 5102 Ptolemaicorum,
3565 5039 3723 5111 quod

2079 5124 2270 5196 primo
2300 5121 2493 5192 capite
2525 5121 2892 5191 facit.Neque
2913 5123 3071 5178 enim
3089 5141 3223 5180 cum
3249 5126 3556 5182 Valentino
3580 5145 3725 5184 con-

2078 5228 2314 5286 gressus
2327 5225 2590 5280 unquam
2614 5214 2730 5274 est;
2761 5226 2954 5281 neque
2977 5212 3107 5282 ejus
3127 5214 3730 5286 Commentarios,sed

2079 5301 2383 5361 Ptolemaei
2405 5316 2474 5355 eo
2515 5299 2707 5370 capite
2730 5300 3007 5370 explicat.
3037 5304 3262 5359 Titulus
3287 5306 3498 5377 capitis
3529 5308 3613 5364 ita
3671 5325 3737 5365 se

2081 5392 2258 5450 habet
2292 5408 2354 5446 ;‹‹
2387 5388 2653 5445 Narratio
2671 5387 2866 5444 omnis
2887 5394 3220 5464 argumenti
3248 5394 3540 5454 Valentini
3564 5401 3738 5458 disci-

2079 5483 2378 5556 pulorum.
2423 5501 2452 5529 »
2481 5480 2667 5552 Caput
2696 5479 2893 5551 ipsum
2924 5480 3007 5537 ita
3042 5482 3276 5556 incipit,
3312 5484 3538 5559 Λέγουσι
3597 5491 3726 5562 γὰρ,

2081 5595 2109 5624 ‹‹
2142 5573 2348 5628 dicunt
2373 5571 2553 5634 enim,
2587 5591 2613 5619 »
2665 5569 2739 5626 ad
2769 5576 3070 5642 postrema
3122 5575 3498 5636 Praefationis
3555 5581 3732 5638 verba.

2081 5659 2433 5733 respiciens,
2494 5656 2597 5712 ὑπὸ
2654 5659 2756 5728 τῆς
2810 5656 3023 5716 ἐκεινων
3101 5661 3490 5736 πιθανολογίας
3565 5671 3734 5738 οὔσης

3341 5784 3411 5846 11
