4064 6134
322 331 436 391 331

1389 324 1454 386 S.
1503 319 1875 383 IGNATIUS
1915 347 1993 364 -ι
2041 317 2652 380 PROLEGOMENA.

3615 317 3731 378 332

323 461 640 530 τοιαύτηςμ(
665 459 736 515 ab
758 459 998 514 illorum
1031 457 1274 513 suadela
1302 473 1434 528 qum
1456 461 1547 510 est
1578 453 1967 510 talis.»Primo

2094 451 2217 522 jam
2249 450 2498 506 ulterius
2523 450 2771 506 detortis
2805 449 2904 506 :'0
2937 449 3030 520 μὲν
3049 448 3151 523 γὰρ
3193 449 3412 523 πρὼτος
3471 448 3578 502 ἀπὸ
3635 449 3736 516 τῆς

327 554 506 625 igitur
535 551 726 620 capite
746 549 1074 603 [remeusin
1093 548 1295 602 animo
1318 546 1523 600 habuit
1541 544 1978 598 Valentiniano-

325 658 459 696 rum
483 640 746 694 scholam
780 638 908 691 fuse
939 636 1282 706 depingere,
1334 641 1392 689 et
1423 649 1717 688 summam
1768 647 1971 686 eorum

328 729 613 786 doctrinm
636 745 770 782 cum
793 726 1069 780 omnibus
1091 726 1355 795 ipsorum
1369 723 1975 777 EonibusetEonum

326 816 1061 886 nominibus,reliquisque
1083 831 1214 884 quae
1237 814 1312 868 ad
1329 829 1532 867 eorum
1565 812 1815 866 hmresin
1841 827 1977 882 per-

328 909 616 972 tinebant,
651 905 828 960 simul
861 911 918 958 et
939 904 1047 958 sub
1078 920 1197 958 uno
1229 904 1399 974 quasi
1431 906 1672 973 aspectu
1702 916 1925 971 ponere
1960 914 1973 963 ;

329 1006 534 1072 postea
565 1013 698 1051 vero
721 1003 779 1048 et
803 995 1238 1059 Gnosticorum,
1270 1009 1305 1047 a
1357 993 1514 1062 quib.
1547 1008 1573 1045 s
1604 1007 1711 1045 sua
1760 991 1975 1045 hause-

329 1093 553 1156 runt,et
578 1084 868 1140 Valentini
896 1083 1170 1154 ipsius,et
1199 1082 1360 1136 illius
1380 1080 1810 1151 discipulorum
1855 1079 1976 1133 sin-

329 1179 562 1252 gulares
585 1175 911 1230 sententias
923 1173 1180 1229 breviter
1200 1170 1682 1244 exponere,quod
1696 1187 1841 1241 opus
1857 1186 1976 1224 non

331 1272 490 1322 esset
513 1265 746 1337 singula
776 1264 1152 1334 attingere,et
1181 1278 1315 1332 quas
1345 1267 1521 1316 antea
1550 1260 1780 1314 dixerat
1806 1273 1975 1328 repe-

329 1357 681 1424 tere.Neque
713 1353 892 1424 igitur
912 1368 1116 1406 omnes
1139 1367 1346 1406 eorum
1376 1348 1743 1423 genealogias
1775 1347 1976 1418 singu.

328 1444 494 1499 latim
530 1446 858 1507 enumerat,
885 1457 1079 1511 neque
1107 1441 1308 1494 omnia
1338 1441 1586 1493 {Bonum
1617 1437 1863 1491 nomina
1893 1452 1978 1490 re-

329 1533 687 1596 citat.Quare
717 1531 908 1602 capite
926 1530 1165 1584 demum
1187 1529 1396 1598 quinto
1419 1527 1492 1582 de
1513 1525 1826 1580 Valentino
1849 1525 1977 1596 ipso

333 1623 546 1694 agit,ut
575 1624 781 1691 postea
813 1618 884 1673 de
913 1619 1164 1688 reliquis
1198 1616 1610 1687 separatim,ut
1633 1630 1839 1670 eorum
1861 1614 1978 1668 dif-

333 1710 618 1766 ferentias
649 1713 832 1775 notet,
865 1713 924 1761 et
944 1707 1201 1778 origines
1255 1706 1525 1761 observet
1555 1721 1569 1770 ;
1605 1720 1723 1759 non
1754 1709 1977 1767 autem,

333 1805 401 1853 ut
423 1799 548 1853 vult
577 1797 850 1863 Dallaaus,
883 1819 911 1846 «
948 1796 1177 1851 duobus
1226 1795 1372 1849 locis
1411 1810 1649 1849 omnem
1685 1792 1977 1848 Valentini

333 1887 768 1958 matmologiam
802 1887 1061 1957 exponit.
1101 1909 1120 1933 ι
1151 1886 1249 1939 His
1277 1891 1436 1939 recte
1469 1883 1812 1951 observatis,
1845 1883 1978 1953 quis

333 1993 456 2032 non
479 1975 676 2030 statim
693 1975 965 2047 intelligit
978 1975 1036 2028 in
1054 1974 1451 2042 singularibus
1464 1979 1523 2029 et
1544 1974 1975 2036 Gnosticorum,

332 2073 392 2119 et
425 2065 742 2130 Valentini,
769 2069 827 2119 et
857 2064 1286 2135 discipulorum
1318 2063 1468 2135 ejus_
1504 2061 1863 2134 genealogiis
1891 2077 1979 2115 re-

330 2156 486 2228 quiri
519 2160 619 2210 aut
670 2155 996 2224 exspectari
1057 2171 1175 2209 non
1232 2154 1447 2208 debere
1505 2168 1712 2207 omnes
1768 2167 1976 2205 eorum

331 2247 563 2310 IEonas,
597 2249 699 2298 aut
728 2259 932 2298 eorum
965 2243 1211 2297 nomina
1231 2243 1258 2297 ‘2
1285 2244 1444 2298 Inter
1470 2243 1680 2296 Eonas
1701 2239 1977 2296 Basilidis

331 2333 643 2388 Valentino
676 2333 926 2387 senioris
946 2338 1296 2387 numeratur
1326 2334 1547 2387 Ennma
1570 2346 1584 2397 ;
1608 2347 1739 2386 eam
1777 2335 1975 2385 autem

333 2423 507 2494 Sigen
539 2439 658 2476 non
679 2422 1021 2477 nominasse
1046 2422 1363 2477 Basilidem
1386 2423 1518 2492 quis
1542 2421 1678 2476 inde
1715 2421 1973 2492 colligat,

330 2512 487 2582 quod
523 2515 780 2566 lrenaaus
813 2513 924 2566 hoc
957 2529 1077 2566 non
1101 2513 1380 2579 affirmat,
1409 2528 1542 2566 cum
1603 2510 1971 2576 Ptolemaici,

327 2601 622 2656 Valentini
647 2600 1294 2672 discipuli,inipsorum
1307 2601 1617 2655 sententia:
1631 2600 1974 2671 descriptio-

324 2707 399 2746 ne
420 2690 603 2745 solam
627 2693 907 2745 Ennmam
928 2691 1108 2745 etiam
1127 2691 1407 2746 habuisse
1425 2689 1969 2760 deprehendantur,

323 2795 470 2850 quos
484 2785 685 2834 tamen
706 2779 995 2834 Valentini
1019 2780 1192 2851 Sigen
1208 2779 1506 2849 respuisse
1520 2795 1694 2833 nemo
1717 2779 1977 2833 affirma-

321 2865 409 2919 bit
430 2865 457 2920 7
483 2867 651 2921 Certe
675 2882 852 2936 quam
877 2869 1160 2921 Ennmam
1187 2866 1371 2922 solam
1391 2866 1471 2920 ibi
1500 2867 1845 2921 Ptolemaici
1869 2883 1971 2920 vo-

323 2962 478 3026 cant,
495 2955 768 3011 eamdem
791 2956 969 3010 etiam
992 2956 1207 3010 Charin
1227 2955 1555 3026 appellasse
1581 2955 1964 3011 Ptolemaeum

319 3051 547 3099 certum
579 3045 820 3099 aliunde
852 3051 978 3109 est;
1009 3046 1136 3116 ipse
1168 3046 1327 3100 enim
1359 3046 1419 3098 in
1449 3045 1778 3114 fragmento
1810 3045 1967 3114 quod

321 3133 647 3188 etiamnum
672 3133 829 3203 apud
849 3135 1138 3188 Irenaeum
1189 3140 1400 3201 exstat,
1432 3135 1504 3189 de
1538 3135 1592 3190 S.
1625 3136 1848 3189 Joanne
1884 3134 1970 3187 lo-

319 3238 528 3292 quens,
565 3216 852 3294 Ἀκριϐὡς,
887 3223 1101 3293 inquit,
1155 3222 1244 3276 καὶ
1301 3223 1400 3288 τήν
1453 3222 1675 3294 πρώτην
1731 3222 1966 3292 ἐμήνυσε
1999 3203 2042 3268 C

316 3307 566 3383 τετράδα,
599 3309 811 3384 Πατέρα
844 3311 1008 3365 εἰπὼν
1033 3312 1122 3365 καὶ
1159 3313 1352 3383 Χάριν,
1398 3311 1488 3364 καὶ
1519 3310 1610 3364 τὸν
1673 3311 1962 3386 Μονογενῆ

316 3399 406 3453 καὶ
439 3397 746 3467 Ἀλήθειαν.
785 3423 812 3450 ‹‹
840 3401 1159 3473 Diligenter
1187 3402 1366 3471 igitur
1394 3401 1654 3455 ostendit
1709 3403 1964 3472 primam

320 3491 859 3560 quaternationem,
894 3492 1128 3545 Patrem
1163 3490 1371 3544 dicens
1403 3495 1459 3544 et
1494 3490 1731 3552 Charin,
1766 3497 1824 3544 et
1858 3492 1967 3544 Mo-

319 3595 630 3650 nogenem,
665 3585 722 3634 et
758 3580 1208 3634 Veritatemmln
1235 3579 1736 3650 ipsaGenealogia
1762 3579 1966 3634 Valen-

324 3669 650 3740 tini,capite
684 3667 1113 3739 quinto,primo
1145 3667 1274 3721 loco
1307 3667 1548 3736 ponitur
1566 3669 1709 3722 Eon
1741 3669 1968 3738 primus

319 3759 426 3813 sub
458 3758 584 3814 solo
618 3759 860 3813 nomine
909 3753 1200 3829 ’Ap’p’v’peu,
1232 3771 1410 3825 quem
1441 3762 1646 3827 postea
1701 3757 1964 3827 quidem.

323 3847 426 3902 sed
458 3849 669 3915 obiter,
703 3846 1024 3910 Bu06v,non
1056 3843 1326 3918 ’Ἂρῥητον
1373 3847 1661 3900 nominat.
1694 3847 1967 3902 Basilidis

313 3936 716 4006 genealogiam
749 3935 1038 4006 integram
1065 3949 1186 3988 non
1207 3934 1478 3989 nominat
1504 3937 1765 3990 Irenmus
1788 3953 1800 3991 :
1826 3952 1966 3991 nam

314 4030 464 4080 teste
496 4025 576 4078 Cl.
609 4023 1013 4078 Alexandrino
1044 4024 1309 4079 Stromat.
1377 4024 1479 4078 lib.
1527 4042 1600 4092 iv,
1639 4021 1965 4092 Βασιλείδης

311 4111 615 4170 ὐποστατάς
649 4109 1003 4182 Δικαιοσύνην
1064 4132 1123 4166 τε
1175 4111 1269 4166 καὶ
1327 4113 1426 4181 τὴν
1483 4110 1744 4187 θυγατέρα
1793 4113 1964 4181 αὐτῆς

311 4204 415 4269 τήν
449 4199 688 4273 Εῗρήνην
732 4196 1110 4274 ὑπολαμϐάνει
1143 4201 1196 4256 ἄν
1231 4198 1487 4277 Ὀγδοάδι
1549 4203 1727 4274 μένιιν
1789 4199 1964 4257 διατε-

311 4291 602 4362 ταγμὲνας.
639 4314 666 4341 α
705 4291 984 4347 Basilides
1005 4298 1205 4348 autem
1237 4298 1362 4348 tum
1382 4293 1700 4361 Justitiam,
1734 4299 1858 4348 tum
1891 4295 1966 4349 fi-

312 4380 457 4434 liam
491 4381 620 4451 ejus
639 4382 850 4436 Pacem
874 4383 1042 4452 quasi
1066 4382 1459 4438 subsistentes
1477 4388 1645 4453 putat
1665 4384 1727 4438 in
1757 4383 1968 4456 ogdoa—

314 4468 383 4522 de
409 4485 650 4525 manere
676 4469 995 4540 dispositas
1017 4497 1030 4535 ί
1049 4492 1075 4519 ››
1095 4487 1242 4542 quas
1255 4471 1412 4541 apud
1436 4473 1723 4526 Irenaeum
1745 4471 1964 4530 frustra

2093 537 2397 612 λεγομένης
2429 541 2732 607 Γνωστικῆς
2767 537 3021 612 αἱρέσεως
3053 539 3147 601 τὰς
3174 537 3408 612 ἀρχαίας
3463 537 3538 599 εἷς
3597 537 3733 592 ἴδιον

2093 635 2415 701 χαρακτῆρα
2447 623 2798 689 διδασκαλίας
2833 628 3179 700 μεθαρμόσας
3231 628 3407 689 οὕτως
3470 628 3742 704 ἐξηροιρό-

2089 737 2272 791 ρησεν.
2303 721 2424 774 Duo
2443 719 2582 774 hinc
2603 717 2678 774 ad
2696 719 3052 774 sententiam
3078 735 3243 774 suam
3267 719 3740 774 confirmandam

2087 810 2471 876 alfert,unum
2511 825 2546 863 a
2592 808 2984 880 dispositione
3015 809 3173 863 vocis
3209 812 3450 880 πρῶτος,
3483 809 3738 864 alterum

2086 897 2158 952 ab
2219 897 2585 968 expositione
2639 898 2903 953 vocabuli
2971 897 3341 970 μεθαρμόσας,
3427 899 3736 952 inﬁrmum

2085 992 2406 1058 utrumque
2438 993 2805 1043 etcoaclum.
2841 987 3044 1042 Priora
3073 987 3384 1042 sententim
3433 989 3610 1042 verba
3657 989 3742 1044 ita

2087 1076 2534 1148 interpretatur,
2567 1083 2631 1130 ut
2654 1098 2681 1127 ιι
2708 1077 2911 1131 lrenaei
2932 1093 3103 1131 mens
3134 1078 3230 1144 sit,
3260 1076 3637 1132 Valentinum
3661 1094 3735 1132 ex

2095 1165 2201 1220 illa
2229 1167 2642 1220 Gnosticorum
2669 1166 2879 1220 haeresi
2905 1167 3163 1237 primum
3185 1165 3384 1229 fuisse,
3413 1166 3512 1236 qui
3545 1182 3616 1220 ex
3635 1183 3737 1220 ve-

2093 1255 2322 1311 teribus
2353 1255 2660 1319 doctrinis,
2703 1256 2777 1310 ad
2809 1272 2977 1310 suam
3028 1256 3282 1310 formam
3315 1255 3618 1310 translatis
3675 1261 3742 1310 et

2089 1345 2494 1415 aptatis,quod
2510 1345 2750 1416 subjicit
2772 1346 2986 1416 dogma
3015 1344 3380 1399 tradiderit.»
3399 1346 3517 1400 Hoc
3538 1350 3748 1400 autem

2087 1440 2154 1488 ut
2184 1434 2360 1488 faciat
2388 1435 2555 1505 quasi
2580 1434 2791 1489 lrenaii
2823 1434 2999 1488 verba
3047 1434 3173 1488 hinc
3199 1433 3458 1490 adducit.
3488 1435 3752 1490 Valenti-

2089 1539 2231 1577 num
2265 1545 2292 1573 ‹‹
2326 1540 2396 1577 ex
2420 1523 2918 1578 Gnosticahmresi
2951 1523 3209 1594 primum
3242 1524 3327 1578 sic
3345 1523 3752 1589 detinivisse,»

2088 1629 2402 1684 perperam
2434 1617 2493 1667 et
2521 1613 2746 1668 dolose.
2767 1615 2912 1667 Tum
2943 1630 3080 1668 vero
3113 1614 3756 1685 Petavium,interpre-

2089 1707 2207 1757 tem
2241 1703 2384 1757 satis
2441 1701 2762 1767 eruditum,
2792 1707 2850 1756 et
2879 1707 3020 1757 tunc
3055 1703 3341 1773 temporis
3390 1709 3570 1771 certe,
3604 1719 3754 1759 cum

2090 1792 2406 1847 Usseriana
2435 1790 2700 1845 nondum
2730 1790 3110 1863 prodiissent,
3136 1792 3352 1863 effugia
3381 1792 3629 1847 minime
3647 1810 3755 1848 co-

2083 1881 2390 1952 gitantem,
2425 1880 2683 1951 sugillat.
2728 1882 2946 1936 Petavii
2980 1881 3390 1952 interpretatio
3423 1882 3550 1936 haec
3607 1889 3751 1941 est:

2083 1993 2111 2021 «
2128 1971 2358 2026 Etenim
2381 1971 2532 2041 quia
2554 1972 2963 2027 Gnosticorum
2981 1972 3193 2027 haeresi
3211 1972 3562 2045 deprompta
3582 1991 3759 2044 qum-

2085 2061 2221 2116 dam
2244 2061 2414 2114 initia
2425 2061 2514 2131 pri
2524 2078 2654 2116 mus
2669 2061 2983 2132 peculiaris
2997 2063 3071 2117 ad
3095 2068 3268 2117 sectas
3287 2063 3538 2118 formam
3556 2072 3684 2120 trau
3705 2085 3759 2122 s-

2087 2150 2224 2205 tulit
2248 2150 2596 2205 Valentinus
2627 2151 2710 2206 ita
2741 2151 2973 2206 deﬁnit.
3008 2173 3036 2202 »
3069 2152 3219 2216 Quid
3251 2153 3312 2207 in
3373 2153 3482 2208 hac
3542 2154 3745 2210 inter-

2082 2247 2415 2318 pretatione
2439 2247 2528 2301 vir
2555 2247 2934 2303 doctissimus
2961 2249 3391 2320 reprehendit?
3416 2272 3444 2299 α
3475 2251 3746 2323 Frustra,

2081 2335 2297 2405 inquit,
2329 2337 2602 2391 Petavius
2633 2338 2811 2393 verba
2833 2338 2938 2393 iila
2963 2335 3067 2390 ἀπὸ
3105 2343 3208 2406 τῆς
3253 2338 3554 2412 λεγομένης
3587 2345 3746 2395 Γνω-

2081 2430 2269 2492 στικῆς
2290 2421 2547 2499 αἱρέσεως
2580 2443 2715 2482 cum
2745 2427 2922 2482 verbo
2957 2429 3306 2499 μεθαρμόσας
3339 2430 3738 2503 conjungens,

2084 2515 2170 2569 sic
2196 2515 2710 2587 interpretatur,ut
2741 2517 2883 2572 velit
2916 2517 3289 2573 Valentinum
3315 2519 3562 2592 intelligi
3595 2521 3739 2576 illas

2083 2604 2385 2660 doctrinas
2409 2623 2480 2661 ex
2516 2607 2927 2662 Gnosticorum
2960 2607 3173 2663 haeresi
3207 2609 3650 2681 deprompsisse
3677 2612 3740 2665 '?»

2080 2695 2228 2760 Quid
2257 2712 2392 2750 vero
2414 2696 2442 2750 τ
2471 2713 2546 2750 an
2581 2698 2756 2752 aliter
2783 2698 3072 2753 Irenaeum
3107 2699 3482 2771 interpretari
3518 2703 3738 2772 potuit,

2079 2800 2258 2854 quam
2292 2790 2357 2838 ut
2385 2785 2504 2840 illa;
2537 2785 2822 2842 doctrinas
2844 2788 3278 2859 antiqum,quas
3306 2790 3364 2844 in
3389 2807 3559 2845 suum
3586 2792 3733 2846 cha-

2079 2879 2390 2937 racterem,
2414 2875 2532 2929 sive
2565 2876 2880 2946 peculiaris
2913 2883 3088 2932 sectae
3118 2878 3366 2933 formam
3423 2881 3736 2934 transtulit

2082 2963 2489 3030 Valentinus,a
2510 2964 2713 3020 schola
2734 2971 2996 3021 veterum
3019 2969 3425 3022 Gnosticorum
3448 2967 3729 3038 deprom-

2078 3055 2192 3121 ptm
2215 3052 2336 3106 sint
2355 3053 2480 3106 ?An
2515 3060 2739 3108 veteres
2762 3054 2875 3109 illa;
2899 3055 3183 3110 doctrinae
3209 3056 3346 3110 alibi
3372 3072 3545 3126 quam
3567 3057 3730 3127 apud

2080 3141 2386 3195 Gnosticos
2418 3142 2732 3198 exstabant
2753 3144 2779 3198 ?
2810 3144 3060 3200 Dallaeus
3096 3146 3222 3218 ipse
3280 3146 3465 3217 ipsam
3524 3162 3732 3202 rerum

2081 3229 2285 3284 silvam
2308 3235 2485 3301 atque
2507 3233 2917 3301 materiam,ex
2935 3251 3052 3305 qua
3072 3236 3418 3290 Valentinus
3438 3252 3543 3291 sua
3563 3253 3700 3291 com
3718 3269 3735 3280 -

2081 3319 2296 3388 posuit,
2333 3320 2489 3391 apud
2519 3323 2867 3378 vetustiores
2901 3325 3208 3379 Cnosticos
3233 3325 3414 3379 fuisse
3436 3325 3737 3381 concedit.

2079 3406 2180 3462 Illa
2193 3414 2389 3463 autem
2410 3427 2608 3466 rerum
2627 3412 2773 3466 silva
2784 3419 2960 3484 atque
2977 3415 3224 3468 materia
3238 3431 3313 3468 an
3331 3415 3556 3485 aliquid
3569 3415 3744 3472 aliud

2080 3495 2525 3569 fuerunt,quam
2548 3502 2807 3572 antiquas
2821 3502 3106 3557 doctrinae
3127 3504 3155 3557 ?
3178 3510 3278 3558 aut
3308 3503 3547 3558 aliunde
3591 3505 3740 3560 illas

2083 3586 2766 3655 transtulitValentinus,
2800 3607 2976 3661 quam
3003 3609 3069 3646 ex
3116 3591 3221 3646 illa
3243 3593 3454 3647 haeresi
3499 3593 3558 3647 in
3611 3611 3745 3666 qua

2077 3675 2602 3732 exstabant?Nihil
2635 3680 2730 3735 hic
2764 3679 3063 3735 innovavit
3111 3682 3401 3749 Petavius,
3438 3683 3541 3738 sed
3568 3683 3742 3739 idem

2077 3765 2323 3831 omnino
2356 3767 2554 3833 voluit,
2585 3769 2738 3839 quod
2773 3787 2980 3825 omnes
2998 3777 3131 3825 ante
3164 3787 3298 3826 eum
3348 3772 3743 3844 interpretes,

2075 3854 2299 3922 Billius,
2327 3857 2664 3926 Carnarius,
2703 3862 2897 3925 Vetus,
2915 3861 3413 3934 voluerunt,quod
3439 3864 3740 3933 lrenaaus,

2076 3955 2493 4027 Tertullianus,
2528 3961 2916 4031 Epiphanius,
2949 3962 3348 4018 Theodoretus
3378 3965 3736 4020 docuerant.

2080 4045 2250 4100 Certe
2281 4063 2416 4102 cum
2454 4049 2727 4116 Dallmus,
2763 4058 2826 4106 ut
2859 4069 2927 4106 ea
2956 4052 3132 4107 verba
3158 4053 3264 4106 ἀπὸ
3293 4059 3393 4121 τῆς
3422 4052 3742 4125 λεγομένης

2077 4137 2386 4202 Γνωστικῆς
2440 4135 2694 4210 αἱρέσεως
2753 4158 2786 4195 a
2843 4158 2979 4196 voce
3057 4141 3406 4214 μεθαρμόσας
3487 4153 3744 4213 separet

2077 4229 2252 4295 atque
2281 4226 2594 4299 disjungal,
2630 4229 2835 4285 eadem
2869 4247 3001 4286 cum
3035 4248 3172 4286 voce
3204 4235 3424 4304 πρῶτος
3470 4233 3742 4302 conjun-

2075 4315 2177 4386 git,
2210 4320 2270 4370 et
2300 4338 2327 4365 ‹‹
2359 4317 2617 4386 primum
2648 4341 2675 4368 »
2708 4320 3047 4376 immediate
3077 4327 3209 4392 post
3239 4339 3308 4377 ea
3347 4321 3540 4389 verba,
3578 4343 3606 4369 ι(
3655 4339 3738 4377 ex

2076 4405 2352 4460 Gnostica
2376 4407 2610 4473 haeresi,
2644 4429 2673 4458 »
2723 4411 2910 4480 ponit,
2943 4416 3007 4465 ut
3037 4427 3158 4465 suaa
3185 4411 3495 4483 hypothesi
3525 4411 3741 4466 inser-

2075 4494 2209 4563 viat,
2244 4497 2446 4552 omnia
2471 4497 2646 4568 plane
2678 4500 3009 4555 confundit.
3032 4503 3171 4557 Nam
3207 4502 3313 4557 illa
3339 4519 3447 4556 vox
3479 4503 3746 4573 πρῶτος,

312 4572 565 4626 quaeras.
590 4559 668 4611 Ex
702 4556 1065 4628 imperfectis
1106 4558 1284 4627 igitur
1314 4563 1371 4612 et
1428 4557 1752 4614 decurtatis
1807 4562 1963 4632 apud

2080 4597 2146 4636 ex
2179 4588 2377 4637 mente
2408 4584 2638 4650 lrenaei,
2671 4603 2791 4642 non
2815 4588 2889 4642 ad
2919 4589 3174 4644 hmresin
3217 4590 3578 4654 Gnosticam,
3617 4590 3745 4644 sed

310 4647 602 4702 Irenaeum
635 4652 899 4702 veterum
921 4647 1332 4702 Gnosticorum
1354 4647 1714 4720 genealogiis
1745 4651 1961 4720 negati-

307 4753 444 4792 vum
475 4736 892 4793 arﬁumentum
919 4742 1077 4792 recte
1096 4737 1340 4792 formari
1383 4753 1502 4792 non
1537 4744 1747 4808 potest.
1803 4741 1962 4796 Prae-

310 4828 516 4883 sertim
548 4844 683 4883 cum
711 4828 771 4882 in
794 4827 897 4882 illa
928 4826 1198 4882 Basilidis
1221 4833 1280 4882 et
1302 4828 1730 4897 Ennmam,sive
1762 4830 1958 4902 Sigen,

305 4918 501 4990 Logon
539 4918 718 4973 etiam
741 4918 961 4973 diserte
983 4916 1306 4972 habeamus
1328 4917 1678 4988 descriptos.
1706 4918 1770 4974 ln
1793 4938 1953 4992 syzy-

302 5008 410 5076 giis
434 5008 690 5063 Simonis
724 5008 836 5063 fuit
879 5007 1059 5082 φωνή,
1094 5023 1272 5077 quam
1331 5006 1603 5078 discipuli
1636 5008 1766 5080 ejus
1825 5017 1959 5080 post

305 5098 528 5152 editum
563 5097 1258 5169 S.JoannisEvangelium
1292 5103 1592 5153 verterunt
1640 5100 1702 5154 in
1753 5098 1946 5174 Λόγον,

302 5192 358 5241 et
389 5204 490 5242 eos
521 5193 759 5243 secutus
791 5193 883 5242 est
914 5187 1217 5242 Basilides.
1268 5193 1408 5241 Nam
1443 5188 1599 5258 quod
1635 5190 1950 5247 Basilidem

299 5277 698 5334 velitDallaaus
719 5284 855 5334 ante
869 5283 1118 5333 mortem
1145 5279 1349 5350 lgnatii
1367 5278 1621 5335 haeresiu
1643 5298 1809 5336 suam
1833 5299 1953 5338 non

299 5367 654 5434 divulgasse,
680 5385 809 5427 eam
830 5369 1188 5425 sententiam
1213 5371 1479 5442 proximo
1503 5372 1694 5443 capite
1730 5372 1946 5429 refuta-

304 5454 522 5510 bimus.

365 5564 630 5619 Tertium
649 5564 730 5619 illi
752 5572 1167 5636 argumentum
1188 5584 1259 5623 ex
1294 5568 1484 5623 verbis
1508 5568 1713 5622 Irenwi
1747 5567 1870 5638 (lib.
1907 5588 1946 5639 ι,

293 5669 342 5708 c.
379 5655 430 5724 5)
463 5653 676 5724 priusa
710 5654 1012 5712 Blondello
1039 5659 1262 5715 vexatis
1283 5675 1296 5726 ;
1317 5664 1376 5713 et
1404 5656 1476 5712 ad
1501 5656 1662 5712 illius
1684 5663 1947 5714 mentem

2075 4670 2188 4725 alio
2221 4671 2475 4727 refertur
2509 4690 2520 4726 :
2553 4673 2627 4728 ad
2659 4676 2917 4746 priorem
2952 4677 3179 4733 scilicet
3211 4679 3746 4741 sentcntiammon

2073 4767 2448 4831 sequentem.
2476 4758 2703 4834 Ἰδωμεν
2732 4767 2820 4818 νῦν
2842 4765 2932 4818 καὶ
2962 4767 3060 4834 τήν
3093 4765 3300 4821 τούτων
3331 4765 3556 4820 ἄστατον
3581 4771 3745 4843 γνώ-

2073 4869 2182 4919 μην
2215 4846 2314 4903 δύο
2347 4871 2454 4904 που
2486 4850 2576 4905 καὶ
2607 4857 2775 4927 τριῶν
2807 4850 2998 4926 ὄντων,
3032 4856 3106 4916 ὡς
3145 4857 3269 4930 περὶ
3298 4860 3396 4910 τοῦ
3427 4853 3595 4910 αὐτοῦ
3669 4861 3742 4913 οὐ

2067 4939 2133 4991 τὰ
2164 4937 2294 4992 αὐτὰ
2327 4936 2602 5015 λέγουσιν,
2630 4939 2776 4996 ἀλλὰ
2804 4949 2921 5004 τοῖς
2975 4945 3254 5018 πράγμασι
3296 4945 3384 4999 καὶ
3434 4951 3550 5007 τοῖς
3600 4947 3748 5002 ὀνό-

2072 5048 2230 5099 μασιν
2266 5027 2478 5083 ἐναντία
2507 5029 2892 5107 ἀποφαίνουσι.
2923 5057 2950 5082 ι(
2979 5034 3291 5091 Videamus
3323 5053 3478 5092 nunc
3522 5043 3580 5091 et
3616 5039 3745 5095 h0-

2067 5127 2511 5197 rum,(quorum
2545 5129 2871 5185 doctrinam
2900 5131 3092 5203 primo
3125 5133 3316 5202 capite
3347 5133 3596 5188 dederat
3622 5153 3743 5192 ex-

2064 5215 2390 5287 plicatam),
2412 5218 2852 5274 inconstantem
2884 5223 3265 5288 sententiam,
3294 5239 3429 5276 cum
3459 5224 3578 5276 sint
3606 5224 3750 5283 duo

2063 5305 2151 5360 vel
2184 5308 2836 5376 tres,quemadmodum
2869 5310 2940 5366 de
2974 5311 3198 5366 eisdem
3232 5329 3352 5366 non
3387 5312 3596 5367 eadem
3635 5316 3749 5370 di-

2062 5400 2203 5451 cunt
2227 5414 2241 5463 ;
2276 5397 2377 5452 sed
2411 5401 2468 5452 et
2491 5399 2835 5454 nominibus
2855 5407 2912 5453 et
2932 5400 3109 5456 rebus
3133 5403 3432 5457 contraria
3465 5419 3748 5472 respon-

2059 5485 2222 5539 dent.
2257 5508 2282 5533 ››
2314 5485 2373 5540 '0
2407 5485 2500 5556 μὲν
2546 5486 2648 5559 γὰρ
2708 5492 2946 5560 πρῶτος,
2981 5513 3007 5538 ‹‹
3065 5491 3170 5554 Qui
3207 5491 3361 5544 enim
3394 5493 3665 5562 primus,
3713 5519 3747 5547 ››

2058 5575 2146 5640 (ut
2176 5572 2318 5628 satis
2341 5573 2595 5630 ﬁdeliter
2624 5575 2884 5630 reddidit
2909 5583 3072 5632 vetus
3095 5577 3409 5650 interpres)
3422 5596 3492 5634 ex
3512 5587 3757 5652 paucis

2059 5662 2435 5733 illis,scilicet
2466 5664 2696 5723 duobus
2727 5665 2816 5723 vel
2848 5665 3322 5739 tribus,quorum
3355 5671 3752 5733 sententiam
