4064 6134
330 386 449 447 335

1393 379 1456 439 S.
1502 377 1891 440 IGNATIUS.
1934 409 2014 423 --
2054 377 2686 441 PROLEGOMENA.

3630 372 3745 437 336

333 517 554 576 mortui
585 520 740 582 sunt,
773 500 1009 587 cognita
1036 512 1148 569 fuit
1179 528 1192 566 :
1227 528 1262 568 a
1289 511 1512 567 Joanne
1544 511 1703 565 enim
1751 513 1810 565 et
1853 508 1987 565 aliis
2017 511 2068 579 Α
2095 510 2232 583 agit.
2265 510 2325 565 Si
2354 508 2705 566 Valentinus
2762 509 2870 566 sub
2903 508 3114 565 eodem
3163 508 3440 581 episcopo
3485 508 3744 579 vixisset,

331 603 957 679 apostolis'episcopus
991 599 1303 656 ordinatus
1335 604 1525 666 est,ut
1555 598 1776 654 diserte
1808 597 1989 653 tradit

325 696 625 750 lreneasus
673 690 983 762 Polycarpi
1015 688 1361 761 discipulus,
1397 687 1500 743 lib.
1562 705 1646 755 ιιι,
1679 704 1729 742 ο.
1763 689 1794 742 3
1830 704 1843 743 :
1877 684 1984 742 Καὶ

328 780 695 854 Πολύκαρπος
727 775 786 833 δὶ
824 778 887 832 οὗ
922 778 1094 852 μόνον
1138 775 1242 831 ὑπὸ
1272 774 1594 831 ἀποστόλων
1629 773 1988 847 μαθητευθεὶς

328 872 420 927 καὶ
454 866 904 946 συναναστραφεὶς
942 863 1180 927 πολλοῖς
1211 869 1328 926 τοῖς
1358 865 1452 919 τὸν
1486 863 1719 937 Χριστὸν
1740 863 1986 936 ἑωρακό-

331 981 436 1033 σιν,
484 958 630 1015 ἀλλὰ
683 958 773 1013 καὶ
815 957 918 1012 ὑπὸ
975 953 1298 1011 ἀποστόλων
1364 950 1713 1015 καταπαθείς
1772 952 1847 1014 εἷς
1884 952 1985 1021 τήν

330 1050 515 1105 Ἀσίαν
548 1048 599 1104 ἐν
627 1052 695 1122 τῇ
727 1046 778 1102 ἐν
811 1045 1035 1121 Σμύρνῃ
1097 1042 1399 1114 Ἐκκλησία
1453 1041 1772 1109 ἐπίσκοπος,
1805 1040 1864 1096 ὅν
1892 1040 1983 1095 καὶ

327 1143 494 1213 ἡμεῖς
551 1137 869 1209 ἑωράκαμεν
924 1135 975 1190 ἐν
1035 1138 1104 1209 τῇ
1163 1133 1354 1208 πρώτῃ
1411 1134 1572 1205 ἡμῶν
1636 1129 1850 1201 ἡλικίᾳ’
1892 1128 1983 1185 ἐπὶ

325 1227 471 1284 πολὺ
501 1228 603 1303 γὰρ
634 1224 948 1301 παρέμεινε,
980 1224 1069 1278 καὶ
1118 1223 1258 1278 πάνυ
1310 1222 1600 1298 γηραλέος,
1633 1218 1864 1294 ἰνδόξως
1891 1218 1980 1275 καὶ

329 1314 724 1395 ὶπιφανὲστατα
786 1316 1138 1390 μαρτυρήσας
1188 1313 1383 1386 ἐξῆλθε
1440 1315 1536 1367 τοῦ
1596 1311 1743 1386 βίου.
1809 1314 1983 1367 Vetus

328 1409 536 1464 lrenaei
568 1408 902 1480 interpres:
937 1428 964 1456 «
1000 1406 1069 1460 Et
1097 1404 1457 1476 Polycarpus
1487 1407 1685 1458 autem
1738 1417 1858 1457 non
1896 1418 1985 1456 so-

325 1498 449 1554 lum
484 1497 556 1553 ab
587 1495 872 1569 apostolis
904 1494 1170 1559 edoctus,
1195 1498 1254 1548 et
1273 1495 1652 1548 conversatus
1671 1506 1804 1546 cum
1830 1489 1982 1545 mul-

330 1589 406 1644 tis
438 1605 508 1644 ex
532 1587 735 1660 iis,qui
751 1587 1068 1642 Dominum
1090 1590 1360 1639 nostrum
1384 1581 1790 1651 viderunt,sed
1805 1580 1983 1637 etiam

329 1677 402 1734 ab
425 1676 708 1749 apostolis
729 1677 793 1731 in
814 1676 953 1730 Asia
974 1674 1036 1729 in
1060 1689 1128 1728 ea
1152 1690 1282 1744 qum
1304 1678 1394 1728 est
1427 1671 1694 1743 Smyrnis
1725 1669 1986 1725 Ecclesia

328 1767 689 1823 constitutus
712 1765 1227 1835 episc0pus,quem
1241 1767 1300 1817 et
1316 1778 1426 1816 nos
1448 1759 1700 1815 vidimus
1713 1760 1774 1814 in
1791 1760 1985 1831 prima

327 1862 533 1912 nostra
554 1859 725 1910 aetate
746 1873 760 1922 ;
782 1854 1037 1908 multum
1070 1852 1231 1907 enim
1281 1850 1697 1923 perseveravit,
1729 1854 1788 1904 et
1817 1849 1983 1905 valde

327 1961 507 2001 senex
526 1943 946 2018 gloriosissime
992 1946 1052 1997 et
1100 1941 1469 1997 nobilissime
1510 1939 1862 2011 martyrium
1892 1939 1981 1994 fa-

326 2035 489 2091 ciens
510 2034 687 2087 exivit
708 2032 780 2086 de
802 2032 914 2087 hac
933 2031 1251 2086 vita.»Erat
1272 2030 1470 2100 itaque
1484 2029 1845 2100 Polycarpus
1867 2043 1900 2083 a
1923 2028 1979 2082 S.

325 2125 551 2180 Joanne
583 2126 642 2177 et
672 2121 805 2177 aliis
836 2120 1121 2193 apostolis
1154 2120 1466 2191 episcopus
1497 2117 1981 2187 ordinatus;qui-

328 2212 439 2268 bus
470 2216 626 2267 certe
657 2209 820 2265 illius
853 2209 1125 2265 doctrina
1146 2208 1380 2277 cognita
1399 2212 1537 2263 tunc
1557 2207 1837 2278 temporis
1850 2206 1980 2265 fuit.

330 2301 502 2356 aliter
522 2316 659 2355 eum
716 2300 1057 2375 episcopum
1090 2314 1396 2367 nunquam
1427 2296 1823 2351 ordinassent.
1855 2297 1984 2350 Jam

332 2406 469 2447 vero
500 2391 547 2445 si
580 2388 788 2444 demus
820 2388 1207 2460 Polycarpum
1240 2402 1291 2441 a.
1327 2388 1390 2440 D.
1425 2387 1493 2440 82
1524 2387 1867 2457 episcopum
1898 2384 1983 2439 fa-

336 2486 496 2535 ctum
526 2478 729 2543 fuisse,
773 2482 840 2533 ut
887 2476 1229 2532 Blondellus
1286 2476 1410 2548 ipse
1440 2474 1612 2529 docet
1645 2490 1659 2541 ;
1691 2477 1759 2527 25
1809 2474 1981 2528 annis

334 2568 567 2638 cognita
581 2568 690 2624 fuit
722 2566 1024 2639 Polycarpi
1041 2566 1655 2635 doctrina,antequam
1678 2562 1752 2619 ad
1767 2568 1980 2635 marty-

329 2660 484 2715 rium
509 2658 819 2714 festinaret
839 2657 1117 2725 Ignatius.
1160 2655 1245 2711 Ab
1284 2654 1505 2727 lgnatio
1531 2654 1727 2724 itaque
1772 2669 1983 2726 cogno-

331 2749 413 2805 sci
444 2748 707 2820 potuisse
739 2746 1072 2801 doctrinam
1105 2745 1400 2800 Valentini
1423 2761 1597 2799 nemo
1640 2743 1898 2813 negabit,
1932 2743 1979 2797 si

329 2838 505 2893 modo
538 2836 883 2892 Valentinus
903 2836 1128 2890 vivente
1152 2833 1346 2889 adhuc
1363 2833 1686 2905 Polycarpo
1712 2839 1980 2888 mortuus

328 2927 422 2981 sit.
456 2927 530 2982 At
555 2931 691 2980 ante
713 2924 1105 2995 Polycarpum
1132 2926 1404 2977 mortuus
1426 2937 1553 2975 esse
1575 2920 1978 2987 Valentinum,

326 3021 490 3071 extra
520 3030 760 3069 omnem
794 3012 1256 3068 controversiam
1288 3026 1443 3082 pono
1472 3011 1558 3064 Ita
1589 3010 1747 3065 enim
1769 3009 1842 3064 de
1876 3008 1978 3062 illo

326 3110 608 3170 lrenaaus,
639 3101 743 3158 lib.
777 3119 855 3170 ιιι,
889 3118 939 3156 c.
966 3104 1038 3157 42
1099 3097 1464 3160 Οὗαλεντῖνος
1527 3098 1620 3171 μὶν
1683 3096 1787 3173 γὰρ
1815 3093 1979 3164 ἦλθεν

326 3190 404 3252 εἰς
435 3190 659 3262 Ῥώμην
689 3189 776 3243 ἐπὶ
806 3189 1043 3264 Ὑγίνου,
1074 3186 1290 3261 ἤκμασε
1322 3184 1368 3241 δ’
1407 3186 1495 3242 ἐπὶ
1531 3185 1686 3249 Πίου,
1714 3186 1803 3240 καὶ
1838 3203 1978 3255 παρ-

2016 1893 2062 1959 Β

326 3254 675 3353 έμεινεν-ως
727 3254 1034 3348 Ἀνικητου.
1088 3254 1265 3333 Vetus
1302 3278 1597 3349 interpres
1633 3294 1645 3331 :
1691 3299 1717 3325 «
1755 3254 1972 3331 Valen-
2007 3254 2049 3321 (ἶ

326 3371 488 3425 tinus
517 3368 676 3424 enim
706 3368 865 3422 venit
893 3369 1139 3424 Romam
1172 3368 1279 3424 sub
1313 3367 1556 3439 Hygino,
1583 3365 1977 3420 increvitvero

328 3466 437 3524 sub
465 3467 590 3535 Pio,
605 3472 664 3521 et
684 3467 1019 3538 prorogavit
1046 3470 1279 3537 tempus
1307 3480 1497 3535 usque
1511 3463 1585 3519 ad
1604 3463 1976 3519 Anicetum.»

327 3556 476 3614 Illud
496 3561 695 3612 autem
727 3555 1036 3629 παρέμεινε,
1089 3555 1246 3626 quod
1303 3554 1399 3608 hic
1456 3554 1751 3624 interpres
1805 3553 1979 3608 vertit

325 3669 353 3697 ‹‹
376 3647 711 3719 prorogavit
736 3650 786 3701 te
798 3662 1024 3717 mpus,»
1049 3644 1110 3698 in
1131 3643 1329 3698 verbis
1351 3648 1547 3698 autem
1571 3659 1764 3714 nuper
1779 3643 1976 3698 allatis

325 3736 398 3793 de
413 3734 736 3808 Polycarpo
763 3755 791 3784 ι(
813 3733 1263 3806 perseveravit,»
1283 3732 1529 3786 omnino
1552 3731 1776 3788 indicat
1792 3749 1975 3803 quan-

326 3824 429 3879 diu
460 3824 687 3880 vixerit.
709 3823 798 3878 Ad
825 3828 1092 3893 tempora
1110 3820 1291 3893 igitur
1310 3820 1541 3876 Aniceti
1567 3821 1832 3893 pervenit
1865 3820 1975 3877 Va-

324 3915 812 3983 lentinus,neque
842 3911 1064 3966 diutius
1094 3910 1274 3977 vixit;
1299 3910 1402 3966 sed
1435 3910 1544 3966 sub
1591 3912 1838 3967 Aniceto
1861 3913 1974 3966 Bo-

327 4022 486 4062 mam
517 4004 679 4059 venit
705 4001 1088 4072 Polycarpus,
1123 4000 1333 4056 eodem
1369 4002 1588 4057 Irenaeo
1620 4006 1855 4069 teste,et
1876 4000 1976 4056 ali-

325 4099 466 4167 quot
498 4097 813 4164 postquam
845 4092 1031 4146 Roma
1048 4106 1321 4147 reversus
1361 4095 1516 4147 esset
1544 4106 1734 4147 annos
1757 4090 1816 4144 in
1839 4090 1976 4145 Asia

321 4182 570 4257 peregit,
620 4180 971 4251 priusquam
1023 4181 1375 4253 martyrium
1429 4196 1639 4253 passus
1671 4183 1781 4235 est.
1830 4180 1975 4234 Cum

326 4271 504 4340 igitur
532 4284 639 4340 per
662 4271 730 4322 25
762 4285 971 4337 annos,
1003 4274 1320 4340 antequam
1377 4268 1664 4324 scriberet
1691 4268 1973 4341 lgnatius,

324 4358 600 4416 omnibus
631 4358 867 4431 cognita
894 4359 973 4414 sit
1010 4358 1281 4413 doctrina
1311 4358 1639 4431 Polycarpi,
1672 4359 1722 4413 si
1755 4363 1978 4430 tempo-

325 4464 458 4506 rum
479 4448 772 4504 rationem
802 4448 865 4503 in
884 4464 1100 4520 genere
1133 4453 1362 4502 tantum
1396 4453 1733 4519 spectemus
1757 4447 1978 4520 ;potuit

322 4545 381 4594 et
410 4537 682 4594 doctrina
702 4536 1118 4607 Valentini,qui
1134 4542 1270 4591 ante
1296 4535 1684 4608 Polycarpum
1706 4541 1976 4591 mortuus

2098 600 2207 656 sub
2239 616 2356 672 quo
2386 599 2482 655 ille
2513 599 2773 672 scripsit,
2800 598 2859 654 id
2881 614 3003 654 non
3026 597 3749 679 monuissetdiligentissi-

2095 707 2232 746 mus
2263 690 2520 762 scriptor
2538 690 2567 744 ?
2586 695 2689 746 aut
2711 689 2910 745 dicere
2940 688 3250 760 potuisset,
3287 709 3315 739 ‹‹
3339 687 3415 743 ad
3436 689 3748 745 Anicetum

2096 786 2328 836 tantum
2359 781 2734 853 perdurasse,
2759 801 2786 831 »
2813 781 2861 835 si
2892 785 3025 853 post
3056 780 3365 835 Anicetum
3400 784 3458 834 et
3484 779 3747 835 Soterem

2095 870 2204 926 sub
2225 870 2564 927 Eleutherio
2593 870 2877 926 vixisset?
2897 870 3048 925 Fieri
3098 870 3225 924 hmo
3257 874 3417 924 certe
3467 886 3588 924 non
3622 886 3749 941 pos-

2094 965 2249 1016 sunt.
2277 960 2389 1016 Sed
2408 960 2664 1016 Dallaeus
2692 959 3040 1016 Tertulliani
3067 959 3409 1014 testimonio
3431 958 3619 1013 fretus
3641 959 3750 1015 hoc

2093 1048 2316 1105 docuit.
2340 1051 2457 1123 Ego
2490 1065 2626 1105 vero
2646 1049 3098 1113 Tertullianum,
3129 1048 3229 1119 qui
3265 1047 3467 1102 omnia
3494 1063 3650 1119 pene
3678 1048 3752 1103 ad

2094 1138 2247 1193 hanc
2272 1155 2397 1194 rem
2428 1137 2789 1210 pertinentia
2819 1138 2891 1193 ab
2939 1139 3164 1193 Irenaeo
3197 1142 3500 1192 mutuatus
3532 1141 3644 1205 est,
3695 1136 3756 1191 id

2093 1228 2349 1284 voluisse
2371 1228 2531 1284 haud
2553 1227 2765 1296 credo;
2799 1233 2901 1283 aut
2947 1228 2994 1282 si
3029 1227 3088 1282 id
3123 1225 3394 1292 voluerit,
3449 1225 3632 1297 plane
3662 1226 3758 1281 de-

2094 1324 2332 1390 ceptum
2363 1318 2546 1375 fuisse
2579 1317 2721 1374 scio.
2755 1319 2842 1373 Ita
2866 1317 3025 1373 enim
3060 1316 3162 1371 ille
3193 1318 3267 1371 De
3299 1331 3530 1387 prwscr.
3563 1316 3757 1372 han-et.

2093 1425 2220 1480 cap.
2254 1411 2362 1465 30:
2396 1430 2425 1458 ‹‹
2458 1408 2566 1465 Ubi
2601 1414 2739 1464 tunc
2770 1408 3048 1475 Marcion,
3100 1405 3381 1463 Ponticus
3412 1405 3759 1474 nauclerus,

2095 1498 2302 1554 Stoica:
2336 1497 2635 1553 studiosus
2657 1497 2686 1552 Ἰ
2706 1497 2812 1553 Ubi
2840 1495 3535 1565 Valentinus,Platonicaa
3566 1500 3765 1551 secta-

2093 1585 2234 1641 tor?
2258 1587 2402 1641 Nam
2433 1590 2668 1641 constat
2724 1585 2861 1640 illos
2919 1600 3115 1655 neque
3171 1584 3319 1639 adeo
3369 1583 3512 1638 olim
3546 1581 3763 1653 fuisse,

2093 1675 2381 1730 Antonini
2412 1675 2536 1731 fere
2564 1675 2992 1747 principatu,et
3022 1674 3083 1729 in
3107 1673 3416 1728 catholicte
3441 1672 3647 1743 primo
3671 1673 3770 1728 do-

2093 1764 2346 1820 ctrinam
2368 1763 2688 1820 credidisse
2720 1763 2876 1835 apud
2919 1762 3243 1819 Ecclesium
3294 1763 3767 1834 Romanensem,

2095 1853 2202 1909 sub
2236 1853 2579 1925 episcopatu
2611 1852 2937 1909 Eleutherii
2964 1852 3291 1918 benedicti,
3324 1852 3515 1908 donec
3544 1851 3628 1906 ob
3680 1852 3765 1907 in-

2095 1944 2355 2013 quietam
2387 1958 2624 2014 semper
2653 1959 2859 1998 eorum
2892 1942 3518 2009 curiositatem,quam
3542 1941 3763 1997 fratres

2093 2048 2329 2102 quoque
2359 2031 2645 2099 vitabant,
2683 2031 2867 2086 semel
2899 2035 2958 2085 et
3012 2032 3229 2087 iterum
3261 2030 3456 2102 ejecti,
3490 2030 3759 2085 Marcion

2094 2121 2331 2190 quidem
2356 2136 2488 2175 cum
2519 2119 2792 2175 ducentis
2814 2120 3105 2175 sestertiis
3137 2137 3268 2191 quae
3292 2118 3571 2173 Ecclesiae
3600 2121 3756 2174 intu-

2092 2218 2261 2287 lerat,
2285 2218 2606 2274 novissime
2637 2219 2698 2274 in
2727 2225 3079 2291 perpetuum
3128 2218 3443 2275 discidium
3504 2219 3755 2291 relegati

2092 2326 2321 2365 venena
2341 2309 2744 2365 doctrinarum
2778 2326 3019 2365 suarum
3052 2310 3616 2365 disseminaverunt.
3639 2330 3667 2359 »
3692 2309 3751 2365 Si

2093 2400 2176 2455 ita
2202 2399 2631 2455 Tertullianum
2662 2399 3084 2473 intelligamus,
3115 2405 3182 2454 ut
3212 2405 3337 2454 tum
3369 2398 3748 2471 Valentinus,

2092 2494 2218 2544 tum
2251 2489 2507 2544 Marcion
2537 2489 2715 2547 simul
2747 2491 2947 2546 Romae
2979 2488 3086 2545 sub
3117 2489 3325 2545 eodem
3360 2490 3667 2561 episcopo,
3695 2494 3754 2544 et

2093 2577 2334 2650 quidem
2367 2578 2724 2642 Eleutherio,
2751 2579 2813 2633 in
2857 2578 3164 2635 catholica:
3195 2578 3527 2634 doctrinam
3557 2577 3759 2634 credi-

2092 2668 2289 2725 derint
2318 2676 2378 2725 et
2408 2669 2623 2742 saapius
2656 2668 2827 2742 ejecti
2859 2670 3101 2731 fuerint,
3135 2669 3286 2724 illud
3318 2676 3475 2724 certe
3508 2686 3647 2725 eum
3672 2669 3760 2725 di-

2092 2775 2223 2815 cere
2252 2759 2706 2829 volumus,quod
2729 2759 2869 2814 ferri
2904 2759 3149 2814 omnino
3183 2776 3301 2815 non
3333 2764 3549 2831 potest.
3585 2758 3755 2824 Quod

2091 2847 2165 2901 ad
2199 2848 2575 2902 Valentinum
2608 2848 2840 2915 attinet,
2874 2845 2927 2899 ἐν
2957 2846 3145 2919 Ῥώμῃ
3169 2845 3413 2910 ἀνελθὼν
3443 2848 3747 2919 κεκήρυχε,

2090 2936 2192 2990 ubi
2224 2938 2401 2990 etiam
2462 2934 2783 3007 putabatur
2835 2941 3064 3006 partem
3106 2936 3367 3006 aliquam
3417 2936 3655 3006 pietatis
3689 2940 3749 2988 et

2088 3041 2240 3079 verm
2300 3024 2438 3079 fidei
2476 3023 2780 3088 habuisse,
2841 3029 2905 3078 ut
2956 3024 3135 3079 tradit
3178 3024 3536 3096 Epiphanius
3586 3021 3741 3088 ;sed

2088 3113 2246 3183 quod
2277 3111 2462 3168 semel
2492 3118 2670 3184 atque
2699 3113 2914 3168 iterum
2938 3129 3009 3168 ex
3033 3112 3292 3168 Ecclesia
3319 3114 3583 3167 Romana
3616 3110 3746 3181 eje-

2089 3207 2219 3256 ctus
2238 3201 2438 3271 fuerit,
2472 3207 2734 3257 veterum
2756 3217 2933 3257 nemo
2969 3200 3189 3257 docuit.
3233 3202 3369 3266 Quas
3398 3200 3494 3255 hic
3527 3199 3600 3256 de
3630 3199 3746 3254 ite-

2089 3296 2218 3346 rata
2248 3290 2538 3362 ejectione
2568 3298 2628 3345 et
2673 3296 2957 3362 perpetuo
3014 3290 3263 3347 discidio
3291 3306 3325 3345 a
3376 3288 3748 3345 Tertulliano

2088 3385 2650 3447 commemorantur,
2682 3396 2804 3436 non
2861 3379 3194 3447 Valentino,
3228 3380 3331 3436 sed
3384 3379 3641 3435 Cerdoni
3675 3376 3750 3434 ab

2087 3471 2310 3524 Irenaeo
2342 3470 2704 3538 tribuuntur,
2733 3470 2836 3525 lib.
2871 3487 2953 3540 ιιι,
2978 3487 3105 3542 cap.
3139 3473 3192 3524 4.
3226 3471 3550 3541 Postquam
3583 3468 3754 3524 enim

2087 3559 2159 3614 de
2194 3558 2500 3615 Valentino
2530 3559 2873 3615 brevissime
2896 3560 3112 3631 egisset
3140 3559 3335 3615 verbis
3360 3561 3483 3633 jam
3520 3560 3752 3630 citatis,

2087 3651 2158 3707 de
2191 3651 2455 3707 Cerdone
2476 3652 2602 3707 haec
2624 3652 2897 3723 adjunxit
2931 3668 2944 3707 :
2979 3648 3191 3726 Κέρδων
3253 3648 3312 3706 δὲ
3369 3652 3397 3706 ὁ
3442 3651 3552 3726 πρὸ
3588 3651 3751 3727 Μαρ-

2083 3739 2279 3802 κίωνος
2307 3740 2394 3795 καὶ
2454 3739 2615 3802 αὐτὸς
2669 3739 2756 3794 ἐπὶ
2806 3739 3043 3813 Ὑγίνου,
3102 3737 3161 3803 ὅς
3220 3739 3287 3809 ἦν
3344 3736 3565 3802 ἔννατος
3630 3741 3753 3797 ἐπί-

2088 3857 2310 3907 σκοπος,
2368 3838 2445 3899 εἷς
2492 3837 2593 3904 τήν
2640 3836 2975 3907 Ἐκκλησίαν
3006 3835 3181 3900 ἐλθὼν
3214 3838 3305 3892 καὶ
3362 3834 3753 3915 ἐξομολογού-

2089 3947 2268 3998 μενος,
2302 3926 2480 3988 οὕτως
2522 3922 2810 3981 διετέλεσει
2844 3925 2975 3980 ποτέ
3040 3927 3135 3998 μὶν
3193 3924 3749 4000 λαθροδιδασκαλῶν,

2085 4014 2219 4070 ποτὶ
2269 4012 2326 4069 δὲ
2356 4012 2888 4090 ἐξομολογούμενος,
2945 4015 3080 4070 ποτὶ
3137 4013 3193 4069 δὲ
3245 4013 3627 4095 ἐλεγχόμενος
3669 4017 3750 4092 ἐφ.

2086 4107 2171 4167 οἷς
2193 4101 2438 4159 ἐδίδασκε
2485 4109 2689 4174 κακῶς,
2720 4104 2810 4158 καὶ
2871 4103 3229 4182 ἀφιστάμενος
3280 4112 3383 4174 τῆς
3414 4110 3549 4185 τῶνὶ
3580 4104 3756 4162 ἀδελ-

2086 4197 2199 4249 φῶν
2229 4190 2497 4255 συνοδίας.
2542 4195 2719 4250 Vetus
2750 4195 3081 4266 interpres:
3139 4218 3165 4246 «
3223 4192 3451 4252 Cerdon
3512 4204 3752 4263 autem,

2087 4284 2188 4356 qui
2230 4290 2364 4342 ante
2394 4285 2772 4354 Marcionem,
2807 4291 2866 4341 et
2895 4284 2991 4341 hic
3048 4285 3156 4341 sub
3214 4286 3459 4360 Hygino,
3494 4287 3600 4359 qui
3635 4287 3759 4343 fuit

2086 4383 2324 4435 octavus
2354 4375 2690 4447 episcopus,
2722 4392 2877 4447 saepe
2910 4376 2968 4431 in
3017 4374 3329 4432 ecclesiam
3359 4377 3638 4444 veniens,
3695 4385 3760 4436 et

2086 4467 2529 4541 exomologesin
2558 4466 2782 4522 faciens
2810 4467 2894 4522 sic
2926 4469 3376 4533 consummavit,
3414 4470 3599 4527 modo
3627 4474 3763 4544 qui-

2086 4560 2220 4617 dem
2254 4559 2511 4614 latenter
2539 4554 2779 4624 docens,
2813 4557 2989 4613 modo
3018 4573 3153 4613 vero
3187 4558 3644 4633 exomologesin
3671 4561 3760 4619 fa-

320 4633 431 4695 est,
460 4626 688 4700 Ignatio
720 4631 863 4681 tunc
892 4640 1027 4680 cum
1067 4624 1356 4679 scriberet
1385 4640 1513 4679 esse
1543 4629 1870 4696 perspecta.
1902 4626 1972 4680 Et

2088 4649 2264 4717 :iens,
2296 4645 2472 4702 modo
2488 4661 2624 4700 vero
2648 4643 2720 4700 ab
2752 4644 3051 4716 aliquibus
3082 4646 3386 4702 traductus
3410 4624 3597 4705 invhis
3620 4668 3760 4722 quae

318 4717 366 4773 si
398 4717 532 4789 quis
561 4716 621 4771 id
649 4714 807 4786 quod
839 4714 1205 4770 contrarium
1238 4719 1326 4769 est
1356 4718 1667 4784 asserat,et
1690 4713 1752 4768 in
1782 4729 1852 4769 eo
1874 4730 1967 4769 ar-

315 4806 580 4881 gumenti
612 4804 1067 4860 fundamentum
1099 4808 1318 4875 ponat;
1343 4803 1480 4858 huic
1510 4818 1652 4859 sane
1677 4803 1970 4859 incumbit

315 4896 422 4952 illa
449 4897 876 4967 proferre,qua3
890 4893 1187 4950 Valentini
1202 4898 1437 4948 aetatem
1458 4893 1605 4949 adeo
1617 4894 1825 4966 Ignatii
1845 4911 1964 4950 mvo

313 4986 659 5042 inferiorem
680 4986 862 5040 fuisse
894 4985 1325 5047 demonstrent,
1356 4988 1422 5038 ut
1451 4982 1592 5053 quid
1650 4983 1965 5040 hmreticus

312 5076 409 5131 ille
442 5075 681 5131 doceret
712 5073 1123 5129 sanctissimus
1153 5078 1378 5143 martyr
1420 5072 1494 5127 ad
1549 5073 1681 5128 vitas
1741 5073 1961 5129 exitum

303 5166 429 5236 jam
461 5165 754 5220 festinans
784 5164 934 5218 scire
956 5163 1121 5218 nullo
1153 5160 1329 5216 modo
1360 5162 1638 5232 potuerit.

382 5271 573 5338 Quare
604 5272 691 5327 vir
720 5271 1098 5327 doctissimus
1150 5273 1215 5323 ut
1264 5285 1379 5323 sua:
1424 5269 1735 5342 hypothesi
1769 5271 1962 5328 inser-

306 5359 445 5428 viat,
478 5362 657 5418 vitam
692 5360 984 5417 Valentini
1043 5362 1176 5432 post
1221 5358 1531 5414 Anicetum
1581 5364 1639 5415 et
1694 5360 1958 5418 Soterem

303 5462 493 5519 usque
542 5449 615 5504 ad
673 5448 992 5505 Eleutherii
1045 5447 1450 5520 episcopatum
1501 5455 1797 5523 prorogat,
1834 5452 1957 5508 sine

299 5535 426 5592 ulla
456 5538 701 5594 omnino
762 5536 1298 5595 verisimilitudine.
1359 5540 1620 5594 Irenaeus
1652 5540 1810 5595 enim
1850 5540 1956 5597 sub

298 5625 643 5682 Eleutherio
676 5628 916 5683 tertium
948 5627 1167 5682 librum
1202 5628 1458 5700 scripsit,
1490 5628 1551 5683 in
1585 5646 1702 5699 quo
1751 5629 1823 5685 de
1856 5632 1952 5686 Va-

299 5714 514 5774 lentini
549 5722 719 5773 aetate
754 5723 812 5772 et
840 5716 1155 5773 recentiori
1178 5718 1404 5792 origine
1425 5717 1956 5777 haeresiarcharum

2077 4737 2327 4793 docebat
2348 4736 2505 4791 male
2537 4738 2595 4789 et
2623 4733 2933 4790 abstentus
2964 4740 3055 4790 est
3099 4752 3133 4791 a
3186 4736 3618 4809 religiosorum
3652 4741 3760 4796 ho-

2077 4828 2308 4883 minum
2340 4830 2651 4881 conventu.
2677 4846 2704 4873 »
2730 4825 2864 4880 Haec
2894 4825 3102 4880 lrenaai
3131 4824 3311 4880 verba
3336 4826 3761 4885 Tertullianus

2076 4915 2388 4973 manifeste
2420 4913 2700 4985 respexit,
2766 4913 2980 4985 quibus
3028 4929 3099 4970 ea
3128 4931 3259 4985 quae
3288 4914 3359 4971 de
3391 4914 3523 4985 illo,
3564 4936 3757 4989 quem

2074 5005 2350 5062 Marcioni
2400 5002 2692 5074 adjunxit,
2747 5002 2974 5071 scribit,
3026 5002 3244 5060 diserte
3301 5004 3591 5074 Cerdoni,
3629 5025 3758 5065 non

2072 5093 2384 5151 Valentino
2415 5092 2780 5147 tribuuntur.
2840 5094 2955 5148 Res
3010 5093 3188 5166 igitur
3226 5095 3356 5167 ipsa
3415 5096 3755 5155 Valentino

2071 5184 2227 5239 haud
2253 5182 2555 5254 competit,
2614 5180 2805 5236 multo
2861 5182 3059 5239 minus
3113 5188 3347 5256 tempus
3377 5183 3558 5252 illud,
3628 5204 3757 5260 quo

2071 5276 2195 5331 haec
2221 5273 2292 5329 ab
2316 5289 2384 5328 eo
2406 5272 2560 5327 facta
2586 5270 3445 5344 volunt,episcopatus,scilicet
3464 5275 3766 5336 Eleuthe-

2066 5367 2159 5421 rii.
2195 5365 2596 5436 Quisquamne
2656 5365 2717 5419 in
2750 5364 3080 5420 Annalibus
3132 5365 3563 5424 ecclesiasticis
3602 5370 3763 5436 adeo

2068 5457 2282 5529 hospes
2312 5458 2425 5521 est,
2453 5459 2520 5510 ut
2548 5453 2750 5509 credat
2772 5455 2898 5509 ham
2931 5454 3002 5510 de
3028 5455 3341 5512 Valentino
3375 5473 3517 5513 vera
3556 5476 3701 5517 esse
3735 5463 3766 5518 ?

2068 5548 2155 5601 An
2182 5544 2283 5599 ille
2310 5543 2418 5599 sub
2433 5542 2773 5599 Eleutherio
2793 5543 2976 5597 semel
3002 5544 3339 5615 iterumque
3374 5544 3620 5616 ejectus
3642 5544 3760 5621 est,

2066 5634 2166 5706 qui
2199 5632 2270 5689 ab
2296 5634 2519 5688 Irenaeo
2548 5637 2780 5687 aatatem
2805 5632 2936 5700 ejus
2959 5632 3209 5689 sollicite
3240 5634 3764 5713 tradente,usque

2066 5723 2139 5780 ad
2172 5722 2480 5779 Anicetum
2511 5720 2911 5793 permansisse
2943 5720 3181 5790 dicitur,
3206 5738 3391 5794 eoque
3423 5722 3565 5795 ipso
3603 5731 3760 5787 satis
