4064 6134
320 366 434 425 33⁸7

1047 361 1104 424 J.
1151 361 1566 425 PEARSONII
1618 361 1993 424 VINDICIE
2035 361 2514 425 IGNATIANIE.
2567 399 2641 410 --
2682 363 2888 428 PARS
2931 367 3010 428 II.

3627 375 3744 436 338

317 497 594 554 novitatis
626 497 904 554 convinci
933 502 1172 570 putatur
1199 499 1228 552 Ἰ
1256 499 1348 552 An
1404 495 1501 551 ille
1551 496 1613 550 in
1667 494 1974 551 catholica
2005 502 2054 569 Α
2087 495 2332 552 tandum
2361 501 2806 568 est,prasertim
2837 499 2884 554 si
2917 499 3182 556 Cedreno
3205 501 3646 578 credamus,qui
3666 508 3738 576 de

321 587 653 643 doctrinam
685 589 889 645 Roma
918 587 1167 644 credidit
1196 586 1304 643 sub
1328 586 1671 658 episcopatu
1704 585 1977 640 Eleuthe-

319 680 392 733 rii
413 679 441 732 ‘l
471 694 548 734 an
581 679 682 734 ille
715 684 845 734 tum
876 680 1113 735 demum
1144 679 1204 733 in
1246 681 1600 750 perpetuum
1659 675 1975 731 discidium

324 767 620 839 relegatus
670 785 964 824 venenum
1022 769 1305 824 doctrina
1377 783 1497 821 sua
1547 765 1974 834 disseminavit,

323 863 532 914 contra
561 858 737 928 cujus
767 858 952 913 libros
969 858 1299 925 hareticos,
1335 862 1392 911 et
1421 861 1508 910 tot
1537 856 1666 927 ejus
1719 855 1975 926 discipu-

322 946 515 1003 lorum
549 949 1016 1007 commentarios
1047 948 1156 1003 sub
1179 947 1388 1002 eodem
1421 946 1698 1018 episcopo
1741 945 1976 1016 scripsit

319 1035 580 1092 lrenaus
609 1037 638 1092 ?
669 1039 773 1108 qui
805 1037 985 1093 etiam
1018 1037 1236 1092 diserte
1259 1035 1572 1109 distinguit
1595 1035 1974 1089 Valentinum

316 1125 388 1179 ab
426 1125 522 1189 iis,
558 1127 660 1196 qui
693 1131 867 1182 atate
893 1143 1000 1182 sua
1033 1127 1286 1181 haresin
1319 1141 1449 1181 eam
1479 1125 1973 1195 docuerunt,ipso

318 1216 514 1270 statim
545 1215 685 1270 libri
709 1217 885 1287 primi
907 1217 1076 1271 initio
1099 1215 1126 1271 ?
1151 1218 1238 1270 An
1264 1215 1607 1271 Valentinus
1640 1215 1762 1286 ipse
1796 1219 1970 1268 secta

320 1309 488 1375 pater
509 1304 619 1359 sub
649 1305 986 1361 Eleutherio
1017 1305 1077 1360 in
1102 1303 1406 1360 catholica
1433 1303 1762 1360 doctrinam
1787 1302 1972 1357 credi-

325 1392 571 1459 dit,cum
602 1401 810 1450 contra
849 1394 1296 1450 Valentinianos
1357 1393 1662 1465 scripserit
1703 1392 1969 1447 Justinus

318 1488 565 1552 martyr,
599 1483 728 1554 ipso
753 1485 972 1539 fatente
999 1484 1378 1551 Tertulliano,
1412 1483 1601 1554 capite
1621 1485 1650 1535 5
1673 1483 1700 1537 ‘2
1723 1481 1971 1554 Scripsit

311 1576 510 1625 autem
543 1570 644 1624 ille
677 1578 815 1626 ante
845 1573 1274 1639 Eleutherium,
1309 1577 1446 1627 ante
1505 1571 1793 1638 Soterem,
1847 1571 1965 1624 imo

309 1665 442 1713 ante
475 1660 817 1730 Anicetum,
847 1666 911 1716 ut
941 1678 1100 1716 nunc
1113 1661 1341 1716 Aniceti
1366 1666 1631 1731 tempora
1653 1676 1687 1714 a
1707 1661 1963 1713 chrono-

307 1747 456 1820 logis
491 1765 559 1804 ex
585 1751 837 1806 Eusebio
861 1751 1276 1822 disponuntur.
1305 1752 1454 1805 Vera
1483 1749 1662 1820 igitur
1681 1749 1805 1803 hac
1836 1765 1962 1803 esse

304 1854 426 1892 non
450 1845 704 1909 possunt
724 1856 917 1910 neque
936 1839 1007 1894 de
1030 1839 1564 1909 Valentino,neque
1588 1837 1659 1893 de
1673 1837 1961 1907 Cerdone,
1996 1860 2042 1926 Β

305 1943 380 1982 ne
412 1928 662 1998 quidem
693 1930 763 1985 de
794 1932 1297 2002 Marcione,quem
1328 1935 1612 2000 tanquam
1637 1928 1963 1983 manifesta

304 2015 607 2073 hareseos
638 2020 1060 2080 convictum.et
1090 2017 1550 2091 primogenitum
1587 2019 1815 2074 Satana
1853 2017 1960 2072 sub

303 2107 558 2161 Aniceto
591 2114 692 2162 aut
721 2114 858 2163 ante
916 2109 1180 2180 fugiebat
1238 2110 1287 2164 S.
1348 2107 1727 2178 Polycarpus.
1791 2107 1960 2176 cujus

305 2194 670 2267 discipulum
701 2198 1109 2269 Apellemjam
1141 2197 1306 2252 valde
1331 2213 1534 2252 senem
1576 2194 1822 2252 Rhodon
1853 2197 1957 2250 Ta-

301 2284 448 2339 tiani
481 2285 832 2357 discipulus,
865 2288 1089 2342 lrenao
1122 2286 1818 2359 synchronus,allocutus
1848 2290 1957 2351 est,

305 2375 688 2446 aliorumque
745 2375 1169 2448 discipulorum
1240 2374 1566 2446 discipulos
1615 2373 1954 2445 descripsit.

298 2466 501 2536 Apage
524 2466 704 2537 igitur
733 2466 838 2521 illa
869 2483 941 2521 ex
971 2466 1320 2521 Tertulliani
1354 2467 1481 2520 loco
1524 2465 1775 2519 somnia.
1838 2464 1957 2519 Sub

296 2553 475 2608 initio
501 2555 884 2625 pontiﬁcatus
906 2555 1132 2610 Aniceti
1166 2559 1434 2610 mortuus
1467 2559 1556 2608 est
1583 2554 1952 2609 Valentinus:

299 2648 356 2697 et
389 2659 460 2697 ex
495 2643 607 2698 hac
639 2651 806 2715 parte
839 2645 1078 2700 firmum
1103 2651 1194 2699 est
1214 2650 1630 2716 argumentum
1662 2649 1952 2707 nostrum;

303 2731 372 2787 de
405 2732 578 2787 initio
609 2734 743 2788 vita
775 2740 876 2789 aut
904 2734 1202 2788 haereseos
1235 2738 1462 2789 tantum
1496 2732 1680 2803 quari
1738 2735 1950 2802 potest.

365 2821 856 2894 Blondellus,qui
889 2824 949 2878 in
985 2829 1318 2894 temporum
1351 2822 1767 2894 supputatione
1800 2821 1955 2876 ultra

313 2910 636 2976 modum,et
664 2911 765 2966 ubi
800 2929 948 2984 opus
979 2930 1098 2968 non
1123 2920 1233 2978 est,
1258 2917 1567 2967 accuratus
1590 2927 1719 2966 esse
1781 2909 1950 2978 solet,

307 2997 413 3052 hac
444 3000 902 3055 ratiocinatione
924 3006 1237 3056 contentus
1259 3006 1348 3056 est
1371 3015 1384 3056 :
1411 3022 1439 3050 «
1462 2999 1807 3056 Valentinus
1831 3016 1950 3054 non

297 3093 433 3143 ante
465 3106 693 3144 annum
726 3091 1062 3162 amartyrio
1096 3091 1307 3163 lgnatii
1329 3090 1418 3144 vel
1445 3092 1513 3144 40
1544 3090 1636 3145 vel
1658 3091 1724 3143 36
1758 3090 1948 3144 hare-

2085 601 2153 640 eo
2185 587 2540 658 imperatore
2573 588 2838 644 scribens
2871 589 2956 644 ait
2987 608 3000 645 :
3038 587 3161 644 Ἐπί
3199 589 3397 646 τούτου
3448 593 3736 656 ’Ῑουστῖνος

2084 675 2112 727 ὁ
2143 674 2444 752 φιλόσοφος
2465 677 2601 730 κατά
2630 681 2814 730 πασῶν
2863 677 3118 751 αἱρέσεων
3178 676 3487 750 ἠνδρίζετο,
3525 707 3546 733 ε
3609 686 3728 741 Sub

2084 765 2193 820 hoc
2221 766 2484 820 Justinus
2514 767 2904 839 philosophus
2948 775 3157 824 contra
3216 788 3420 826 omnes
3472 773 3728 829 hareses

2080 854 2332 909 viriliter
2360 872 2420 910 se
2453 856 2651 927 gessit.
2685 877 2713 906 »
2744 858 2810 910 In
2843 873 2910 912 eo
2938 858 3117 929 igitur
3145 858 3296 914 libro
3327 861 3564 933 scripsit
3592 879 3729 918 con-

2082 948 2172 998 tra
2194 943 2639 1000 Valentinianos
2666 946 3024 1014 Justinus,ut
3045 951 3725 1017 testaturTertullianus,

2083 1049 2218 1104 ergo
2252 1039 2389 1088 ante
2411 1051 2635 1090 annum
2671 1038 2772 1089 144
2802 1052 2920 1090 non
2953 1042 3184 1092 tantum
3233 1039 3477 1096 refutari
3509 1043 3721 1112 potuit,

2081 1121 2183 1177 sed
2218 1129 2275 1176 et
2303 1123 2429 1194 ipse
2460 1123 2750 1179 refutatus
2783 1130 2872 1180 est
2889 1131 2946 1179 et
2960 1126 3236 1198 discipuli
3261 1129 3564 1202 ejus.Ergo
3588 1138 3725 1188 ante

2082 1230 2216 1268 eum
2249 1231 2470 1269 annum
2505 1215 2819 1271 haereticus
2855 1219 3087 1287 agnitus
3119 1225 3226 1284 est,
3261 1225 3318 1274 et
3349 1220 3451 1275 diu
3482 1223 3723 1293 quidem

2079 1307 2236 1357 ante.
2271 1305 2415 1359 Nam
2444 1305 2708 1360 Justinus
2738 1311 2964 1378 martyr
3009 1307 3070 1361 in
3140 1311 3370 1380 Dialogo
3423 1327 3544 1365 cum
3601 1315 3726 1384 Try-

2070 1392 2259 1462 phone
2288 1393 2499 1457 Iudaeo,
2536 1393 2643 1448 sub
2674 1394 2845 1449 initio
2874 1397 3160 1450 Antonini
3183 1398 3268 1452 Pii
3304 1399 3723 1471 scripto,disci-

2077 1482 2352 1552 pulorum
2379 1481 2973 1553 Valentinitanquam
2997 1485 3408 1542 hareticorum
3427 1490 3718 1556 meminit,

2076 1587 2223 1641 quos
2255 1575 2423 1626 vocat
2452 1568 2638 1630 ἆθὲους
2670 1570 2759 1624 καὶ
2809 1566 3040 1642 ἀσεϐεῖς,
3100 1579 3158 1629 et
3211 1575 3565 1645 quibuscum
3618 1594 3720 1633 ca-

2076 1659 2326 1715 tholicos
2357 1662 2841 1716 communionem
2872 1661 3100 1718 nullam
3131 1664 3409 1721 habuisse
3440 1672 3712 1722 testatur.

2071 1748 2176 1804 Καὲ
2209 1747 2342 1803 εἰσιν
2391 1750 2590 1814 αὐτῶν,
2650 1752 2866 1822 inquit,
2925 1752 2978 1804 οἱ
3039 1753 3134 1825 μὲν
3191 1774 3328 1814 τινες
3384 1754 3716 1826 καλούμενοι

2076 1839 2397 1910 Μαρκιανοὶ,
2431 1840 2482 1892 οἱ
2515 1835 2572 1892 δὲ
2604 1836 3074 1912 Οὺαλεντινιανοὶ,
3108 1843 3158 1895 οἱ
3200 1839 3257 1896 δὲ
3317 1841 3714 1920 Βασιλιδιανοὶ,

2075 1928 2125 1982 οἱ
2154 1925 2210 1982 δὲ
2243 1925 2807 2003 Σατορνιλιανοὶ,καὶ
2865 1927 3032 1984 ἄλλοι
3087 1928 3244 2004 ἂλλῳ
3298 1931 3551 2006 ὀνόματι,
3611 1937 3717 1991 ἀπὸ

2069 2020 2170 2071 τοῦ
2214 2016 2528 2090 ἀρχηγέτου
2568 2020 2663 2082 vii:
2722 2017 2950 2092 γνώμης
3019 2011 3240 2081 ἕκαστος
3292 2021 3716 2095 ὀνομαζόμενος.

2071 2131 2099 2157 ‹‹
2132 2108 2200 2161 Et
2231 2112 2590 2162 sunteorum
2615 2107 2856 2178 quidam
2890 2110 2990 2179 qui
3027 2116 3307 2165 vocantur
3337 2114 3716 2183 Marcionita,

2072 2195 2314 2265 quidam
2345 2211 2480 2250 vero
2507 2196 3716 2272 Valentiniani,Basilidiani,Saturniliani,

2070 2301 2104 2339 a
2131 2285 2393 2355 principe
2424 2285 2732 2340 sententia
2783 2287 3033 2356 quisque
3082 2305 3302 2343 nomen
3361 2291 3657 2349 obtinens.
3691 2316 3712 2340 ο

2069 2373 2180 2428 Diu
2212 2375 2409 2444 itaque
2441 2379 2580 2428 ante
2612 2376 2845 2446 agnitus
2868 2381 2957 2429 est
3016 2377 3364 2433 Valentinus
3426 2386 3712 2452 tanquam

2068 2462 2433 2534 blasphema
2466 2463 2761 2517 hareseos
2784 2464 3060 2536 princeps
3093 2471 3152 2520 et
3181 2466 3252 2520 ab
3285 2468 3545 2524 Ecclesia
3593 2472 3718 2541 eje-

2068 2554 2349 2607 ctus.N0u
2373 2559 2568 2606 autem
2592 2568 2752 2606 nunc
2785 2554 3334 2626 quaritur,quando
3368 2559 3714 2615 Valentinus

2067 2647 2350 2710 tanquam
2384 2641 2777 2696 haresiarcha
2809 2644 3006 2698 Roma
3038 2646 3293 2716 agnitus,
3322 2648 3424 2701 sed
3477 2650 3714 2718 quando

2065 2731 2325 2800 primum
2357 2730 2417 2783 in
2448 2731 2702 2785 haresin
2736 2731 2940 2802 lapsus
2972 2735 3326 2804 est,quando
3357 2737 3552 2806 prima
3581 2754 3714 2792 sen-

2063 2820 2263 2874 tentia
2297 2837 2416 2874 sua
2448 2819 2788 2875 rudimenta
2817 2821 3084 2892 protulit.

2133 2931 2432 3002 Originem
2484 2931 2778 2986 Valentini
2839 2931 3150 2990 obscuram
3205 2934 3386 2992 fuisse
3446 2937 3717 2994 observat

2061 3020 2613 3093 Epiphanius,quod
2633 3038 2753 3077 non
2767 3023 3080 3079 minimum
3103 3026 3714 3084 vetustatisindicium

2070 3116 2176 3167 est.
2202 3113 2266 3165 ln
2289 3113 2528 3183 Egypto
2558 3111 2817 3182 primum
2848 3113 3105 3169 haresin
3135 3131 3301 3170 suam
3348 3118 3712 3186 efformasse,

296 3178 449 3232 ticus
481 3179 722 3247 agnitus
754 3185 862 3235 est.
897 3183 1043 3252 Ergo
1076 3186 1211 3236 ante
1233 3196 1368 3235 eum
1397 3196 1619 3235 annum
1653 3179 1894 3234 refutari
1916 3195 1948 3234 a

296 3284 592 3292 ---Α-.-μμ
630 3286 743 3292 ..Α-ι
782 3271 969 3292 ..-ι--ιι
1091 3270 1197 3292 0-]
1234 3269 1387 3292 ___J-
1423 3269 1506 3292 IIII
1553 3269 1810 3292 :_.__L--£A
1843 3271 1914 3292 υ-

2072 3217 2322 3271 eamque
2345 3218 2568 3256 veneno
2602 3218 2707 3256 suo
2731 3202 3008 3258 infecisse
3040 3203 3256 3272 tradit;
3293 3223 3408 3275 quo
3441 3211 3705 3279 tempore

289 3284 598 3338 quoquam
630 3286 750 3324 non
782 3271 991 3341 potuit.
1027 3292 1056 3320 »
1091 3270 1201 3325 Sed
1234 3269 1390 3326 unde
1423 3269 1509 3324 illi
1553 3269 1814 3324 innotuit
1843 3271 1946 3324 Va-

289 3357 593 3413 lentinum
624 3375 745 3414 non
777 3365 915 3414 ante
947 3376 1170 3415 annum
1203 3378 1236 3415 a
1266 3360 1547 3430 martyrio
1609 3358 1816 3432 Ignatii
1877 3362 1944 3414 40

291 3447 381 3502 vel
413 3451 480 3502 36
515 3450 861 3505 hareticum
921 3451 1186 3523 agnitum
1217 3451 1398 3506 fuisse
1420 3451 1448 3505 ?
1496 3450 1660 3516 Quia,
1695 3450 1941 3518 scilicet,

285 3537 644 3594 Valentinus
676 3545 812 3594 ante
845 3556 1067 3594 annum
1098 3542 1197 3594 144
1223 3540 1536 3595 hareticus
1562 3540 1794 3612 agnitus
1825 3556 1943 3594 non

285 3631 398 3680 est.
432 3628 519 3682 lta
553 3628 712 3682 enim
747 3627 1033 3683 Eusebius
1055 3629 1128 3683 ad
1143 3645 1277 3684 eum
1300 3645 1523 3684 annum
1546 3629 1607 3683 in
1631 3629 1939 3684 Chronico:

285 3737 313 3766 α
347 3715 698 3772 Valentinus
751 3717 1065 3772 hareticus
1121 3718 1481 3790 agnoscitur,
1525 3724 1581 3773 et
1636 3725 1945 3790 permanet

287 3819 486 3875 usque
519 3805 592 3859 ad
624 3806 958 3862 Anicetum.
987 3827 1013 3855 »
1047 3808 1130 3862 lta
1177 3807 1418 3877 quidem
1470 3807 1778 3877 Eusebius,
1840 3807 1941 3864 sed

289 3911 414 3948 non
440 3895 596 3948 idem
633 3895 776 3949 dicit
806 3895 963 3965 quod
995 3895 1500 3963 Blondellus,ante
1531 3897 1688 3953 hunc
1719 3915 1939 3953 annum

291 3999 428 4038 eum
461 3984 806 4040 hareticum
831 3985 1092 4056 agnitum
1127 4003 1247 4040 non
1268 3986 1605 4042 fuisse.lmo
1623 4003 1761 4042 vero
1784 3987 1940 4044 idem

288 4071 583 4127 Eusebius
607 4072 969 4128 Blondellum
1001 4073 1160 4129 clare
1183 4073 1421 4128 refellit.
1454 4075 1598 4129 Nam
1640 4075 1700 4129 in
1725 4076 1940 4132 Gracis

288 4160 363 4215 ad
395 4177 623 4216 annum
647 4163 928 4216 Antonini
962 4163 1047 4216 Pii
1083 4163 1322 4218 tertium
1344 4163 1542 4232 habet,
1575 4166 1705 4217 κανᾶ
1746 4163 1937 4239 ’Υγιειο

285 4269 376 4321 νον
404 4249 635 4321 Ῥώμης
692 4247 983 4305 ἐπίσκοπον
1043 4248 1402 4312 Οὖαλεντῖνος
1459 4247 1622 4323 ἷδίας,
1682 4252 1936 4325 αἱρέσεως

288 4337 593 4414 εἰσηγητὴς
625 4337 713 4393 ἐπὶ
743 4343 843 4404 τῆς
900 4340 1124 4413 Ῥώμης
1189 4337 1529 4415 ἐγνωρίζετο.
1565 4365 1594 4393 ‹‹
1655 4343 1772 4399 Sub
1833 4346 1939 4416 Hy-

285 4429 419 4499 gino
446 4430 649 4484 Roma
673 4429 950 4502 episcopo
976 4429 1317 4486 Valentinus
1345 4432 1601 4503 propria
1643 4433 1938 4489 hareseos

284 4518 557 4573 conditor
592 4519 789 4574 Roma
822 4520 1055 4591 agnitus
1090 4524 1198 4574 est.
1230 4541 1257 4568 ››
1312 4521 1562 4592 Agnitus
1619 4527 1710 4577 est
1758 4523 1937 4594 igitur

288 4607 639 4663 Valentinus
665 4613 948 4680 tanquam
973 4609 1367 4664 haresiarcha
1390 4609 1498 4664 sub
1525 4611 1747 4683 Hygino
1779 4628 1936 4667 anno

287 4698 378 4751 141
407 4697 738 4752 secundum
767 4698 1106 4753 Eusebium.
1141 4699 1220 4755 Eo
1251 4697 1480 4754 scilicet
1516 4716 1673 4754 anno
1734 4702 1934 4756 Roma

282 4787 519 4859 agnitus
544 4789 985 4853 est,secundum
1009 4790 1300 4847 calculum
1325 4789 1723 4846 Eusebianum
1751 4809 1763 4859 ;
1793 4792 1931 4847 alibi

283 4885 439 4947 ante,
466 4879 589 4934 imo
619 4886 758 4935 ante
789 4897 1012 4936 annum
1046 4884 1147 4936 144
1167 4882 1249 4936 ita
1275 4882 1506 4954 agnitus
1524 4887 1631 4949 est,
1665 4888 1731 4938 ut
1751 4884 1929 4939 etiam

277 4967 570 5024 refutatus
601 4969 696 5038 sit,
722 4969 881 5041 quod
904 4969 1032 5025 ﬁeri
1065 4987 1185 5026 non
1217 4971 1480 5043 potuisse
1502 4973 1716 5028 asserit
1760 4975 1928 5030 Blon-

275 5056 487 5114 dellus.
549 5059 840 5115 Eusebius
897 5060 959 5114 in
1017 5061 1329 5128 Chronico,
1364 5061 1438 5117 ad
1488 5079 1713 5120 annum
1771 5065 1923 5123 142:

275 5166 302 5195 «ο
330 5147 602 5202 Justinus
629 5148 1018 5220 philosophus
1046 5148 1265 5205 librum
1289 5167 1394 5222 pro
1417 5157 1623 5207 nostra
1638 5153 1925 5227 religione

273 5237 681 5308 conscriptum
714 5238 1012 5293 Antonino
1044 5238 1325 5294 reddidit.
1358 5262 1387 5291 »
1411 5241 1478 5295 In
1510 5258 1578 5297 eo
1610 5243 1738 5314 ipso
1770 5243 1921 5300 libro

267 5325 537 5380 Justinus
568 5326 696 5382 hac
728 5327 934 5382 scribit
961 5344 974 5382 :
998 5327 1152 5382 Ἐστι
1202 5323 1258 5381 δὲ
1317 5330 1453 5400 ἡμῖν
1499 5330 1589 5384 καὶ
1647 5330 1922 5407 σύνταγμα

264 5414 401 5466 κατὰ
459 5417 644 5467 πασῶν
699 5417 807 5468 τῶν
886 5413 1257 5490 γεγενημένων
1325 5417 1583 5492 αἱρέσεων
1666 5440 1920 5475 συντετα-

263 5501 499 5578 γμὲνονς
536 5527 565 5553 ‹‹
594 5505 696 5557 Est
727 5509 924 5560 autem
956 5505 1128 5560 nobis
1157 5505 1310 5561 liber
1332 5514 1538 5564 contra
1573 5509 1829 5566 hareses
1863 5518 1920 5567 et

256 5599 452 5649 sectas
475 5609 690 5649 omnes
719 5594 1105 5665 compositus.
1141 5601 1169 5645 ν
1234 5597 1379 5651 Eum
1440 5604 1637 5654 autem
1695 5599 1916 5657 librum

260 5684 558 5756 scriptum
591 5682 775 5737 fuisse
809 5683 916 5739 sub
949 5685 1067 5739 fine
1096 5685 1326 5755 imperii
1356 5687 1594 5744 Adriani
1627 5690 1717 5744 vix
1752 5691 1918 5746 dubi-

2059 3290 2172 3346 hoc
2202 3291 2422 3345 factum
2455 3296 2564 3358 est,
2597 3308 2840 3347 narrare
2873 3309 2994 3347 non
3022 3294 3232 3364 potuit.
3269 3295 3488 3351 Eodem
3520 3297 3710 3353 tendit

2063 3380 2333 3448 historia,
2366 3397 2542 3451 quam
2575 3388 2778 3436 narrat
2819 3382 3218 3438 Tertullianus
3252 3402 3265 3449 ;
3301 3407 3328 3434 «
3361 3383 3709 3456 Speraverat

2056 3469 2462 3542 episcopatum
2495 3470 3006 3541 Valentinus,quia
3037 3478 3095 3528 et
3117 3473 3352 3544 ingenio
3386 3481 3616 3545 poterat
3647 3481 3707 3531 et

2056 3560 2290 3632 eloquio
2318 3577 2330 3627 ;
2355 3561 2458 3616 sed
2490 3561 2672 3616 alium
2711 3578 2780 3616 ex
2830 3563 3098 3634 martyrii
3157 3565 3546 3637 prarogativa
3586 3566 3700 3621 loci

2053 3651 2306 3720 potitum
2339 3643 2780 3722 indignatus.de
2811 3651 3072 3706 Ecclesia
3102 3654 3458 3708 authentica
3482 3655 3694 3726 regula

2053 3730 2310 3802 abrupit,
2343 3731 2416 3785 ad
2447 3731 2900 3804 expugnandam
2937 3750 3254 3788 conversus
3301 3736 3629 3792 veritatem.
3668 3758 3696 3785 »

2053 3821 2172 3874 Hoc
2232 3820 2391 3875 enim
2451 3821 2511 3874 in
2570 3823 2810 3892 Aigypto
2870 3821 3089 3877 factum
3150 3839 3258 3894 par
3297 3829 3385 3878 est
3431 3824 3697 3893 credere,

2052 3908 2290 3980 quando
2313 3913 2512 3964 autem
2531 3909 2751 3965 factum
2783 3916 2872 3965 est
2893 3928 3003 3965 nec
3020 3910 3117 3966 ille
3136 3913 3697 3970 narrat.Admodum

2051 4006 2248 4056 autem
2280 4000 2592 4070 antiquum
2613 4001 2798 4056 fuisse
2825 4001 3200 4057 Valentinum
3222 4004 3414 4074 primo
3449 4005 3699 4061 Valenti-

2050 4089 2214 4144 niani
2246 4089 2357 4159 ipsi
2385 4089 2745 4157 asserebant,
2776 4090 2916 4145 dein
2975 4093 3250 4146 Veterum
3309 4101 3697 4152 monumenta

2049 4185 2209 4235 recte
2229 4179 2535 4236 observata
2565 4180 3223 4252 persuadent.Clemens
3254 4183 3694 4242 Alexandrinus

2047 4269 2314 4324 Stromat.
2372 4268 2474 4325 lib.
2537 4286 2652 4324 vn:
2713 4268 2984 4330 Ὡσαύτως
3054 4266 3110 4323 δὲ
3165 4271 3254 4326 καὶ
3332 4269 3688 4329 Οὗαλεντῖνον

2049 4351 2274 4410 Θεοδάὃι
2307 4353 2596 4426 ἆκηκοένάι
2629 4352 2872 4431 φέρουσι,
2906 4356 3186 4434 γνώριμος
3239 4357 3296 4415 δέ
3352 4361 3510 4424 οὗτος
3567 4361 3690 4439 ἐγε-

2045 4444 2190 4520 γόνει
2225 4443 2468 4502 Παύλου.
2505 4469 2532 4496 «
2568 4447 2854 4503 Similiter
2883 4454 3082 4504 autem
3115 4450 3494 4508 Valentinum
3539 4471 3690 4526 quo-

2048 4551 2162 4606 que
2194 4534 2391 4590 ferunt
2423 4535 2716 4592 audivisse
2749 4537 3122 4594 Theodadem
3149 4558 3162 4608 ;
3191 4545 3315 4596 erat
3347 4548 3545 4598 autem
3594 4544 3690 4600 hic

2048 4624 2215 4680 Pauli
2247 4625 2589 4698 discipulus.
2625 4650 2652 4678 »
2687 4627 2743 4681 Si
2774 4627 2900 4683 hac
2931 4645 3067 4685 vera
3097 4629 3314 4697 sint,de
3338 4634 3690 4704 antiquitate

2046 4714 2343 4770 Valentini
2377 4715 2636 4771 dubitari
2662 4717 2918 4788 amplius
2960 4735 3081 4773 non
3135 4725 3349 4790 potest.
3411 4722 3692 4794 Suspicor

2043 4803 2284 4874 quidem
2320 4821 2438 4870 eos,
2475 4805 2576 4876 qui
2601 4805 2726 4861 hac
2754 4806 3146 4874 tradiderunt,
3187 4809 3370 4865 fuisse
3429 4811 3692 4866 Valenti-

2041 4892 2252 4947 nianos
2279 4911 2291 4948 :
2328 4893 2582 4964 quilicet
2611 4895 2671 4948 in
2703 4911 2770 4950 ea
2799 4913 2862 4949 re
2896 4897 2987 4950 vix
3009 4896 3129 4952 falli
3153 4899 3688 4969 potuerint,fallere

2040 4986 2240 5037 tamen
2272 4988 2429 5038 certe
2461 4990 2801 5055 potuerunt.
2836 4986 2981 5040 Cum
3013 4990 3212 5041 tamen
3242 5002 3276 5042 a
3296 4987 3468 5043 nobis
3496 4989 3684 5045 refelli

2037 5087 2158 5125 non
2180 5072 2740 5142 possint,videamus
2771 5089 2847 5128 an
2879 5073 3036 5144 quod
3067 5074 3153 5129 illi
3197 5075 3514 5142 tradidere,
3548 5095 3684 5134 cum

2035 5160 2108 5215 iis
2139 5160 2594 5231 cohareat,qua
2625 5178 2658 5216 a
2679 5161 2985 5217 catholicis
3006 5164 3242 5234 prodita
3263 5167 3686 5225 suntIrenaus

2033 5249 2386 5304 Prafatione
2407 5249 2509 5305 lib.
2545 5267 2634 5306 1v:
2665 5273 2693 5300 ‹‹
2722 5251 2788 5315 Ii,
2821 5251 3038 5322 inquit,
3071 5253 3170 5323 qui
3204 5259 3340 5308 ante
3388 5271 3498 5310 nos
3554 5255 3687 5312 fue-

2032 5345 2192 5408 runt,
2218 5346 2275 5395 et
2306 5340 2547 5412 quidem
2581 5339 2764 5397 multo
2796 5342 2968 5398 nobis
2999 5343 3299 5408 meliores,
3333 5363 3454 5402 non
3485 5352 3685 5405 tamen

2034 5431 2174 5486 satis
2204 5436 2526 5502 potuerunt
2555 5432 2959 5487 contradicere
2982 5434 3073 5490 his
3102 5434 3201 5506 qui
3235 5440 3372 5491 sunt
3401 5455 3434 5494 a
3467 5439 3681 5494 Valen-

2029 5520 2180 5590 tino,
2214 5520 2353 5592 quia
2384 5519 2736 5591 ignorabant
2761 5521 3025 5594 regulam
3049 5523 3336 5595 ipsorum.
3364 5527 3682 5600 nLoquitur

2029 5607 2102 5664 de
2133 5610 2226 5675 iis,
2261 5611 2360 5680 qui
2384 5616 2518 5666 ante
2551 5616 2784 5667 atatem
2817 5629 2984 5668 suam
3033 5613 3321 5685 vixerunt,
3356 5633 3575 5690 eosque
3598 5621 3681 5674 ait

2034 5715 2154 5755 non
2178 5699 2321 5756 satis
2354 5701 2620 5773 potuisse
2678 5702 3122 5760 Valentinianos
3177 5704 3507 5776 confutare,
3543 5707 3681 5761 licet
