4064 6134
266 373 382 432 339

1334 363 1394 422 S.
1442 359 1827 422 lGNA'l‘lUS.
1877 392 1952 405 --
1992 353 2615 418 PROLEGOMENA.

3559 354 3677 415 340

265 505 374 561 viri
394 506 591 561 essent
608 499 1370 575 praestantissimijrenzeus
1385 499 1581 552 autem
1600 511 1719 549 non
1740 492 1914 566 longe
1943 496 2002 561 Α
2032 489 2362 562 scripsisse,
2397 488 2500 543 sed
2527 487 2740 543 vixisse
2761 489 3016 544 tantum.
3039 474 3253 543 Verum
3275 501 3395 543 non
3421 486 3522 542 diu
3541 493 3680 559 post

267 612 302 650 a
331 592 699 665 temporibus
730 589 1132 662 apostolorum
1163 587 1295 655 fuit,
1327 592 1394 640 ut
1423 584 1687 655 loquitur
1715 585 1916 654 Augu-

279 684 493 752 stinus,
525 679 690 758 ἐγγὺς
731 683 838 733 τῶν
897 675 1219 732 ἀποστόλων
1275 672 1584 748 γενόμενος,
1640 677 1705 726 ut
1759 671 1918 726 Basi-

264 772 379 828 lius
413 791 428 838 ;
460 789 642 844 prope
666 771 845 842 igitur
875 766 1200 840 apostolica
1224 770 1490 835 tempora
1509 763 1674 818 fuere
1706 760 1918 816 Valen-

265 861 502 927 tiniani,
534 865 594 915 et
619 876 754 916 cum
810 857 1148 929 apostolicis
1208 855 1347 909 viris
1406 857 1784 909 conversatus
1833 857 1922 906 est

271 951 398 1022 ipse
433 949 798 1005 Valentinus.
834 947 993 1001 Idem
1025 945 1213 1001 multo
1236 943 1427 1000 adhuc
1461 942 1691 998 firmius
1715 946 1772 996 et
1795 957 1918 995 cer-

272 1039 392 1093 tius
424 1037 619 1110 colligi
651 1042 845 1109 potest
867 1054 938 1092 ex
971 1040 1142 1090 astate
1173 1032 1505 1099 Marcionis,
1541 1033 1588 1086 si
1619 1033 1745 1086 haec
1778 1029 1920 1085 satis

273 1131 448 1185 ﬁrma
476 1147 597 1184 non
627 1128 960 1197 videantur,
994 1127 1350 1182 Marcionem
1388 1124 1628 1197 quidem
1661 1124 1920 1177 Irenaeus

272 1219 454 1273 tradit
476 1217 584 1273 sub
617 1217 863 1273 Aniceto
908 1216 1243 1280 invaluisse,
1292 1215 1390 1286 qui
1453 1215 1561 1269 sub
1623 1212 1919 1268 Antonino

271 1307 375 1361 Pio
404 1306 678 1362 Ecclesia:
708 1309 989 1362 Romanae
1021 1305 1258 1377 praefuit
1291 1303 1469 1372 ;unde
1497 1320 1634 1358 eum
1667 1301 1918 1357 Antoni-

270 1397 522 1452 nianum
554 1397 912 1452 Marcionem
945 1394 1208 1466 appellat
1237 1393 1632 1448 Tertullianus
1661 1391 1764 1446 lib.
1799 1408 1832 1444 v
1863 1395 1921 1445 et

267 1485 374 1542 lib.
408 1502 463 1540 1:
503 1506 530 1536 ι
561 1487 641 1540 De
674 1503 790 1556 quo
824 1491 1024 1540 tamen
1057 1489 1307 1550 constat,
1332 1481 1770 1537 Antoninianus
1800 1480 1922 1534 ha:-

270 1577 492 1631 reticus
528 1580 637 1639 est,
669 1574 778 1630 sub
811 1575 912 1628 Pio
945 1574 1186 1644 impius.
1237 1594 1266 1621 ››
1328 1571 1440 1627 Sed
1497 1588 1612 1642 quo
1662 1570 1922 1641 primum

273 1671 543 1737 tempore
578 1666 637 1719 in
665 1665 920 1720 haeresin
947 1664 1144 1734 lapsus
1173 1663 1573 1734 est,quoniam
1605 1660 1761 1732 apud
1803 1662 1921 1714 lre-

275 1771 474 1809 meum
505 1770 627 1809 non
660 1754 988 1819 invenerat,
1011 1751 1315 1822 inquirere
1348 1749 1632 1822 neglexit.
1680 1772 1705 1802 α
1737 1749 1922 1812 Quoto

2027 579 2354 635 Adrianum
2387 578 2494 633 sub
2517 577 2767 649 imperio
2795 577 3075 632 Antonini
3096 577 3182 631 Pii
3205 576 3514 649 scripsisse
3539 593 3675 632 eum

2027 670 2204 726 verba
2223 669 2492 742 Origenis
2513 669 2758 724 omnino
2779 669 3029 724 innuere
3050 667 3324 724 videntur
3347 685 3360 724 :
3387 673 3556 724 erant
3578 686 3675 725 au-

2028 765 2146 816 tem
2179 765 2319 815 tunc
2352 759 2664 814 Marcionis
2695 758 2966 830 discipuli
2999 758 3141 814 satis
3190 758 3471 814 celebres.
3506 760 3677 815 Certe

2027 851 2504 907 Marcionitarum
2535 848 2809 904 meminit
2851 848 3117 903 Justinus
3176 855 3400 921 martyr
3453 849 3678 919 Dialngo

2027 957 2148 997 cum
2183 939 2474 1010 Tryphone
2501 938 2713 1005 Iudaeo,
2769 939 2986 1010 scripto
3025 943 3091 993 ut
3138 938 3416 1005 diximus,
3474 940 3676 994 statim

2032 1029 2138 1085 sub
2172 1029 2342 1083 initio
2376 1027 2656 1082 Antonini
2689 1027 2813 1095 Pii;
2851 1027 2898 1082 si
2931 1027 3290 1099 Scaligerum
3337 1027 3675 1094 audiamus,

2029 1118 2138 1174 sub
2171 1118 2288 1173 line
2321 1117 2585 1173 Adriani.
2620 1118 2705 1172 Ita
2736 1118 2892 1173 enim
2924 1117 3022 1172 ille
3055 1117 3126 1172 ad
3158 1117 3394 1173 Eusebii
3426 1119 3678 1173 Chroni-

2029 1225 2161 1264 con.
2194 1229 2221 1258 ‹‹
2265 1207 2407 1262 Belli
2459 1207 2684 1262 Judaici
2746 1213 3011 1279 tempore
3070 1207 3308 1279 scripsit
3361 1209 3678 1280 Tryphona

2029 1297 2350 1370 dialogum,
2385 1298 2494 1352 hoc
2527 1303 2614 1352 est
2640 1297 2747 1352 sub
2781 1297 3065 1366 Adriano,
3087 1302 3151 1354 ut
3178 1298 3303 1369 ipse
3334 1299 3611 1353 ostendit.
3649 1319 3678 1348 »

2029 1385 2463 1464 Τρ·5φων,φησῖ,
2503 1383 2799 1457 καλοῦμεν
2833 1385 2946 1458 sini
2996 1383 3052 1440 δὲ
3107 1380 3360 1460 Ἐϐραῖος
3415 1384 3474 1441 ἐκ
3524 1407 3686 1460 περι-

2030 1482 2234 1548 τομῆς,
2267 1477 2453 1553 φυγὼν
2483 1475 2571 1529 νὸν
2607 1479 2698 1528 νῦν
2728 1475 3001 1548 πόλεμον,
3061 1475 3114 1529 ἐν
3173 1481 3240 1550 τῇ
3303 1473 3526 1531 Ἐλλάδι
3586 1475 3678 1530 καὶ

2027 1568 2096 1633 τῆ
2139 1566 2390 1640 Κορίνθῳ
2445 1565 2510 1618 τὰ
2564 1562 2748 1618 πολλᾶ
2797 1561 3016 1639 διάγων.
3080 1590 3099 1615 u
3154 1567 3406 1638 Trypho,
3457 1567 3674 1638 inquit,

2029 1672 2233 1712 vocor:
2271 1673 2403 1711 sum
2435 1662 2634 1712 autem
2665 1672 2736 1711 ex
2772 1656 3222 1712 circumcisione
3272 1655 3571 1724 Hebraeus,
3608 1673 3679 1712 ex

2031 1762 2257 1817 nupero
2290 1745 2442 1801 bello
2475 1746 2776 1819 profugus,
2803 1751 2979 1818 atque
3010 1745 3304 1803 inGraecia
3327 1752 3385 1801 et
3413 1747 3678 1803 Corinthi

275 1843 516 1914 quidem
549 1858 706 1897 anno
727 1841 1010 1896 Antonini
1033 1841 1274 1911 majoris
1297 1839 1368 1894 de
1399 1841 1586 1894 Ponto
1619 1853 1724 1892 suo
1752 1836 1924 1891 exha-
1955 1865 1999 1929 Β
2033 1836 2357 1906 plurimum
2389 1835 2600 1908 degere
2634 1836 2863 1892 solitus.
2903 1858 2928 1884 ››
2960 1837 3141 1892 Erant
3165 1836 3345 1909 igitur
3364 1836 3436 1891 iis
3456 1844 3681 1909 tempo-

270 1933 485 1987 laverit
514 1948 660 1987 aura
692 1929 1065 1995 canicularis,
1101 1946 1222 1984 nou
1251 1930 1446 1984 curavi
1481 1928 1854 1998 investigare.
1887 1948 1916 1975 »

270 2019 407 2083 Quae
443 2035 577 2073 cum
602 2022 722 2073 tam
745 2017 902 2071 clare
953 2016 1210 2071 fateatur
1255 2014 1673 2083 Tertullianus,
1735 2012 1922 2067 miror

271 2110 592 2165 Baronium
623 2112 1094 2175 asserentem,ex
1124 2107 1252 2179 ejus
1286 2106 1482 2161 verbis
1530 2110 1758 2161 certum
1814 2120 1921 2159 an-

271 2217 415 2254 num
475 2199 631 2253 initii
677 2198 985 2253 Marcionis
1038 2196 1282 2251 haeresis
1331 2195 1666 2268 consignari
1725 2211 1919 2266 posse.

273 2289 462 2343 Verba
493 2288 734 2358 quidem
763 2287 922 2359 apud
954 2303 1088 2341 eum
1119 2287 1246 2341 haec
1279 2291 1610 2357 sequuntur
1641 2303 1653 2340 :
1691 2307 1717 2334 ‹‹
1751 2287 1798 2338 Α
1828 2283 1922 2337 Ti-

271 2378 434 2433 berio
460 2385 659 2434 autem
693 2395 879 2448 usque
911 2377 984 2432 ad
1005 2377 1369 2432 Antoninum
1416 2375 1555 2430 anni
1587 2374 1708 2428 fere
1735 2376 1835 2427 120
1867 2377 1926 2428 et

272 2467 588 2523 dimidium
619 2468 757 2522 anni
787 2484 918 2522 cum
953 2466 1202 2521 dimidio
1238 2466 1481 2520 mensis.
1533 2463 1922 2519 Tantumdem

271 2557 559 2628 temporis
590 2563 823 2628 ponunt
856 2556 1012 2610 inter
1035 2555 1332 2610 Christum
1367 2559 1422 2608 et
1471 2553 1851 2608 Marcionem.
1897 2572 1923 2600 »

275 2646 388 2710 Sed
422 2663 556 2701 cum
587 2663 622 2701 a
651 2646 865 2700 Christi
907 2647 1066 2700 exitu
1117 2645 1548 2699 Tertullianum
1608 2657 1924 2697 numerare

276 2737 435 2800 velit,
472 2735 530 2790 id
562 2742 763 2807 aperte
796 2736 1010 2790 falsum
1043 2752 1171 2790 esse
1205 2751 1272 2789 ex
1313 2731 1785 2805 praacedentibus
1823 2748 1927 2786 co-

276 2825 577 2896 gnoscitur
609 2843 622 2890 ;
657 2841 792 2880 cum
819 2841 1044 2879 annum
1076 2830 1304 2878 certum
1337 2823 1606 2877 denotari
1641 2821 1928 2883 docet,se-

278 2915 555 2985 ptimum,
588 2913 836 2976 scilicet,
870 2913 1175 2977 Antonini,
1208 2918 1416 2966 contra
1447 2915 1709 2966 mentem
1741 2909 1927 2982 ipsius

277 3005 707 3059 Tertullianum
739 3003 1120 3074 explicat,qui
1143 3003 1216 3057 ad
1246 3003 1438 3073 prima
1460 2999 1746 3055 Antonini
1774 3005 1926 3053 tem-

276 3111 422 3165 pora
444 3091 855 3148 tantummodo
879 3092 1175 3146 calculum
1201 3090 1577 3157 deducit,nec
1593 3088 1774 3143 ullius
1787 3086 1930 3142 anni

277 3183 405 3252 ejus
437 3182 671 3252 imperii
701 3181 994 3235 rationem
1026 3181 1374 3234 habet.Nam
1407 3184 1465 3232 et
1490 3178 1590 3248 qui
1622 3182 1755 3232 ante
1787 3177 1927 3231 Ter-

277 3270 590 3325 tullianum
623 3271 913 3340 scripsere
946 3268 1263 3323 Christiani
1294 3267 1492 3339 plures
1545 3267 1720 3321 etiam
1748 3281 1930 3336 quam

284 3363 382 3414 115
413 3376 606 3414 annos
637 3376 670 3412 a
711 3361 764 3411 15
797 3357 1011 3412 Tiberii
1043 3357 1116 3412 ad
1148 3357 1384 3412 initium
1412 3355 1695 3410 Antonini
1719 3370 1930 3410 nume-

284 3452 515 3507 rabant.
560 3450 872 3505 Videamus
900 3452 1076 3523 igitur
1104 3467 1177 3505 an
1210 3466 1320 3504 nos
1350 3449 1576 3520 aliquid
1608 3449 1826 3503 certius
1858 3448 1929 3503 de

283 3541 684 3614 origineillius
705 3540 965 3595 hmretici
990 3558 1059 3595 ex
1076 3539 1782 3608 antiquissimisveterum
1809 3555 1931 3594 mo-

282 3630 588 3686 numentis
615 3645 822 3683 eruere
851 3629 1148 3700 possimus
1175 3646 1188 3693 ;
1218 3645 1354 3682 nam
1379 3628 1478 3698 qui
1502 3625 1930 3698 posterioribus

282 3721 494 3789 ﬁdunt,
529 3719 680 3774 nihil
723 3720 1008 3773 hectenus
1065 3717 1208 3773 certi
1258 3717 1522 3773 invenire
1583 3720 1924 3788 potuerunt.

281 3809 575 3881 Origenes,
602 3817 792 3864 cont-ra
825 3809 1036 3865 Celsum
1077 3808 1180 3866 lib.
1213 3826 1245 3861 ν
1277 3825 1289 3863 :
1328 3807 1607 3879 Ἐμνήσθη
1643 3803 1698 3859 δὲ
1729 3805 1756 3858 ὁ
1788 3802 1926 3859 Κέλ-

281 3918 371 3958 σος
435 3897 522 3952 καὶ
582 3902 1008 3972 Μαρκιωνιστῶν
1103 3897 1519 3972 προϊσταμένων
1605 3894 1921 3962 Μαρκίωνα.

279 3977 306 4040 ‹’‹
338 3989 605 4045 Meminit
637 3996 836 4044 autem
867 3987 1068 4043 Celsus
1101 3987 1581 4044 Marcionitarum
1615 3985 1932 4051 Marcionis

278 4085 656 4135 sectatorum.
692 4103 718 4130 n
752 4081 1085 4150 Antequam
1135 4079 1311 4152 igitur
1361 4078 1648 4132 scriberet
1705 4075 1924 4144 Celsus,

277 4170 636 4224 Marcionitm
669 4169 928 4223 heeretici
968 4175 1136 4224 erant
1191 4168 1467 4223 omnibus
1527 4183 1647 4221 non
1697 4169 1926 4220 tantum

277 4258 647 4320 Christianis,
683 4257 784 4311 sed
809 4258 987 4312 etiam
1020 4257 1338 4329 gentilibus
1365 4255 1545 4327 probe
1580 4255 1720 4310 noti.
1771 4255 1926 4310 Etas

277 4353 473 4400 autem
504 4346 655 4400 Celsi
685 4347 855 4400 istius
888 4347 969 4400 ita
992 4347 1063 4400 ab
1097 4347 1343 4418 Origene
1375 4345 1731 4400 describitur
1765 4361 1776 4400 :
1821 4341 1925 4397 Δύο

278 4433 334 4489 δὲ
391 4433 807 4508 παρειλήφαμεν
872 4434 1106 4494 Κέλσους
1167 4433 1436 4509 γεγονέναι
1498 4431 1924 4506 Ἐπικουρείους·

275 4523 366 4578 τὸν
430 4523 524 4594 μὲν
587 4522 850 4596 πρότερον
909 4544 1044 4577 κατα
1093 4523 1331 4598 Νέρωνα,
1403 4528 1593 4578 τοῦτον
1651 4520 1707 4576 δὲ
1793 4521 1928 4576 κατὰ

2029 1927 2194 1981 ribus
2225 1925 2492 1981 celebres
2513 1926 2774 1980 haeretici
2800 1926 3110 1980 Marcionis
3134 1925 3516 1997 discipuli.De
3541 1929 3683 1982 Mar-

2029 2017 2198 2072 cione
2231 2015 2357 2087 ipso
2393 2015 2550 2069 idem
2583 2016 2640 2068 in
2672 2015 2954 2087 Apologia
2970 2015 3180 2086 prima,
3203 2033 3333 2086 quae
3365 2017 3424 2071 in
3471 2016 3680 2072 editio-

2031 2107 2206 2161 nibus
2229 2105 2382 2160 male
2414 2121 2518 2175 pro
2553 2104 2814 2160 secunda
2831 2104 3173 2169 habetur,ut
3193 2105 3299 2159 viri
3323 2106 3480 2162 docti
3498 2107 3682 2162 adno-

2031 2199 2234 2251 tarunt
2268 2212 2279 2248 :
2313 2190 2609 2266 Μαρκῖωνα
2642 2188 2697 2246 δὲ
2725 2213 2843 2246 τινκ
2867 2193 3152 2261 Ποντικὸν,
3204 2191 3263 2256 ὅς
3317 2193 3406 2246 καὶ
3464 2197 3554 2248 νῦν
3600 2193 3678 2250 ἔτι

2031 2283 2142 2339 ἐστί
2202 2278 2469 2336 διδάσκων
2519 2282 2646 2344 τοὺς
2700 2285 3082 2354 πειθομένους.
3121 2305 3147 2332 ‹‹
3200 2285 3554 2340 Marcionem
3585 2303 3686 2341 au-

2032 2381 2152 2429 tem
2185 2371 2502 2444 quemdam
2539 2373 2992 2443 Ponticum,qui
3017 2373 3193 2428 etiam
3225 2374 3421 2430 adhuc
3449 2375 3683 2431 exsistit

2034 2463 2254 2518 docens
2285 2462 2607 2533 discipulos
2629 2479 2780 2517 suos.
2822 2486 2848 2512 «
2883 2464 3005 2528 Quo
3034 2462 3161 2518 loco
3194 2463 3418 2519 indicat
3443 2466 3684 2520 Marcio-

2034 2570 2168 2609 nem
2202 2551 2302 2607 diu
2333 2553 2589 2608 haeresin
2631 2569 2794 2606 suam
2847 2553 3156 2623 sparsisse,
3215 2559 3536 2625 antequam
3585 2555 3691 2610 illa

2035 2646 2342 2717 scripserit
2372 2645 2656 2700 Justinus.
2684 2645 2764 2698 Ea
2787 2651 2982 2699 antem
3017 2645 3255 2718 scripsit
3285 2663 3440 2703 anno
3459 2646 3692 2720 [quarto

2040 2735 2328 2790 Antonini
2358 2734 2468 2799 Pii,
2498 2739 2565 2788 ut
2596 2734 2775 2789 tradit
2805 2734 3088 2789 Eusebius
3112 2735 3173 2788 in
3205 2736 3496 2791 Chronico
3531 2754 3545 2803 ;
3579 2753 3692 2791 ne-

2041 2841 2156 2896 que
2178 2823 2472 2896 posterius
2506 2839 2634 2878 eam
2659 2824 2966 2894 scripsisse
2998 2823 3249 2889 videtur,
3282 2842 3420 2880 nam
3459 2825 3687 2880 bellum

2039 2912 2608 2968 Barchochebmsub
2641 2913 2900 2968 Adriano
2936 2912 3454 2986 ﬁnitum,appellat
3479 2913 3570 2967 τὸν
3599 2916 3691 2966 νῦν

2037 2999 2401 3079 γεγενημένον
2439 2997 2733 3057 Ἰουδαϊγὸν
2766 2998 3008 3072 πόλεμον
3045 3003 3105 3058 in
3139 3004 3340 3059 eadem
3374 3002 3676 3075 Apologia.

2040 3093 2231 3156 Quare
2267 3108 2402 3148 cum
2432 3091 2698 3146 Justinus
2721 3092 2828 3146 sub
2859 3091 3028 3147 initio
3059 3093 3180 3148 fere
3213 3092 3441 3163 imperii
3503 3096 3681 3146 Anto-

2041 3183 2169 3238 nini
2195 3182 2462 3254 majoris,
2497 3183 2838 3237 meminerit
2867 3183 3176 3239 Marcionis
3197 3182 3687 3254 discipulorum,a

1995 3273 2010 3293 ‘
2043 3273 2466 3329 communione
2495 3271 2768 3327 Ecclesiae
2825 3272 3172 3344 ejectorum,
3233 3277 3290 3328 et
3332 3273 3688 3328 Marcionem

2029 3365 2156 3436 jam
2190 3363 2290 3418 diu
2321 3364 2604 3418 haeretica
2634 3380 2739 3419 sua
2770 3363 3045 3435 dogmata
3075 3363 3480 3436 promulgasse
3503 3381 3690 3419 enun-

2039 3454 2270 3509 tiaverit
2294 3471 2307 3520 ;
2332 3452 2727 3524 quisquamne
2760 3452 2959 3508 induci
2983 3453 3170 3525 possit
3202 3459 3265 3508 ut
3295 3454 3497 3509 credat
3540 3456 3688 3509 Mar-

2037 3546 2267 3601 cionem
2299 3544 2500 3616 paucis
2531 3549 2662 3616 post
2693 3544 2927 3599 initium
2957 3544 3197 3599 Adriani
3227 3545 3412 3614 annis
3443 3545 3679 3599 haereti-

2036 3652 2171 3690 cum
2202 3651 2322 3689 non
2351 3633 2534 3688 fuisse
2554 3634 2582 3688 ?
2602 3635 2724 3688 Non
2752 3633 3027 3704 equidem
3052 3639 3191 3706 puto
3219 3651 3356 3689 vera
3387 3650 3514 3689 esse
3547 3651 3680 3706 qua

2036 3723 2107 3779 de
2140 3722 2431 3778 Marcione
2464 3723 2699 3794 scripsit
2749 3723 3138 3778 Philastrius:
3174 3747 3202 3773 ‹‹
3253 3724 3359 3789 Qui
3413 3724 3682 3780 devictus

2034 3819 2210 3885 atque
2232 3813 2465 3886 fugatus
2493 3829 2526 3867 a
2557 3813 2728 3867 beato
2759 3813 2981 3868 Joanne
3015 3812 3374 3885 evangelista
3405 3818 3465 3868 et
3493 3831 3527 3870 a
3549 3830 3688 3886 pre-

2035 3902 2287 3974 sbyteris
2319 3901 2390 3958 de
2414 3902 2646 3957 civitate
2678 3902 3116 3972 Ephesi,Romze
3150 3903 3300 3957 hanc
3323 3903 3578 3958 haeresim
3598 3921 3686 3958 se-

2037 3992 2317 4046 minavit:
2347 4015 2367 4043 ι
2407 3991 2679 4046 existimo
2711 3997 2910 4046 tamen
2943 4008 3011 4047 ea
3041 4008 3168 4047 esse
3201 3990 3360 4047 illius
3383 3992 3680 4048 haereseos

2033 4081 2408 4151 antiquitatis
2435 4080 2672 4152 aliquod
2722 4087 3154 4153 argumentum.
3188 4083 3257 4136 Et
3304 4099 3376 4136 ex
3406 4082 3496 4135 his
3545 4099 3683 4152 quae

2034 4171 2192 4226 dicta
2223 4177 2363 4226 sunt
2393 4171 2583 4225 obiter
2613 4169 3383 4237 observo,verisimillimum
3419 4187 3546 4225 esse
3578 4189 3682 4241 pa-

2033 4267 2182 4315 trem
2199 4261 2510 4316 Marcionis
2523 4265 2660 4315 ante
2680 4261 3028 4332 martyrium
3049 4261 3258 4334 lgnatii
3280 4261 3339 4316 in
3362 4260 3539 4314 Ponto
3558 4259 3682 4330 epi-

2038 4368 2279 4422 scopum
2303 4351 2573 4416 l'uisse,et
2603 4350 2844 4421 quidem
2868 4345 3228 4422 διαπρέποντα
3260 4348 3311 4404 ἐν
3343 4351 3410 4422 τῇ
3463 4348 3685 4402 ἐπισκο-

2035 4447 2142 4507 πῆς
2177 4438 2504 4514 λειτουργίᾳ.
2531 4446 2596 4495 ut
2629 4441 2892 4512 loquitur
2922 4441 3322 4514 Epiphanius:
3360 4447 3460 4497 aut
3516 4445 3680 4497 certe

2035 4529 2135 4584 diu
2167 4537 2303 4587 ante
2338 4529 2433 4586 illa
2465 4535 2732 4600 tempora
2762 4531 2976 4602 quibus
3014 4531 3335 4601 primulum
3381 4536 3556 4604 caput
3588 4547 3683 4586 er-

281 4610 584 4687 Ἀδριανὸν,
617 4613 707 4667 καὶ
737 4615 1050 4687 κατωτέρω.
1086 4638 1112 4665 ‹‹
1146 4617 1304 4671 Duos
1335 4620 1533 4671 autem
1565 4614 1744 4668 fuisse
1796 4613 1922 4668 Cel-

2033 4620 2238 4676 tulisse
2257 4621 2659 4692 episcopatum
2681 4619 3009 4676 decernunt
3029 4621 3368 4677 Blondellus
3387 4602 3688 4677 et‘Salma-

279 4723 374 4762 sos
396 4706 715 4777 Epicureos
763 4705 1144 4777 accepimus:
1205 4706 1468 4778 priorem
1518 4702 1760 4775 quidem
1818 4704 1925 4759 sub

278 4799 530 4863 Nerone,
575 4796 732 4851 hunc
789 4800 989 4851 autem
1036 4795 1144 4851 sub
1193 4795 1476 4864 Adriano,
1523 4801 1581 4850 et
1635 4800 1860 4866 postea.
1895 4815 1922 4842 »

275 4887 476 4942 Celsus
526 4885 704 4958 igitur
753 4886 852 4957 qui
906 4885 1384 4941 Marcionitarum
1438 4885 1734 4954 meminit,
1816 4883 1923 4940 sub

274 4976 533 5033 Adriano
557 4976 697 5032 vixit
723 4993 736 5044 ;
771 4975 1080 5047 scripsisse
1112 4974 1354 5048 quidem
1386 4974 1493 5030 sub
1525 4973 1780 5030 Adriano
1801 4991 1923 5031 non

273 5071 526 5132 constat,
557 5065 696 5136 quia
725 5070 856 5136 post
897 5064 1138 5120 Adriani
1197 5065 1514 5136 imperium
1573 5065 1919 5135 permansit.

273 5158 397 5211 Non
431 5155 592 5210 enim
615 5154 716 5209 illa
745 5153 929 5226 probo
963 5171 1093 5225 quin
1127 5153 1363 5224 scripsit
1430 5154 1752 5210 Baroniusf
1788 5178 1816 5205 «
1860 5153 1921 5210 Si

274 5245 510 5317 Origeni
544 5243 862 5313 credimus,
909 5243 1008 5314 qui
1042 5243 1219 5300 tradit
1275 5243 1509 5299 Celsum
1566 5243 1920 5315 Epicureum

275 5333 380 5389 sub
411 5332 672 5390 Adriano
695 5331 1005 5404 scripsisse
1038 5331 1319 5388 adversus
1359 5333 1726 5389 Christianos
1757 5334 1923 5389 Com-

273 5422 598 5478 mentarios
621 5421 846 5492 suos,in
879 5420 1092 5492 quibus
1116 5421 1484 5477 mentionem
1514 5423 1656 5478 facit
1674 5423 1920 5480 haeresis

271 5512 620 5569 Marcionis:
653 5528 895 5568 necesse
926 5517 1015 5567 est
1043 5511 1258 5580 dicere,
1283 5511 1410 5585 jam
1456 5518 1590 5569 ante
1631 5514 1919 5571 Antonini

272 5610 544 5674 tempora
585 5617 712 5657 esse
764 5600 1078 5658 Marcionis
1129 5601 1385 5660 haareses
1435 5603 1853 5676 promulgatas.
1893 5626 1912 5653 Ι

272 5696 400 5750 Non
448 5691 608 5749 enim
652 5690 799 5746 dixit
853 5691 1137 5763 Origenes
1193 5691 1428 5748 Celsum
1491 5691 1598 5749 sub
1656 5691 1917 5749 Adriano

2036 4710 2178 4765 sius.
2215 4710 2348 4765 Haec
2375 4715 2572 4764 autem
2607 4709 2679 4765 de
2711 4715 2881 4765 aetate
2915 4711 3222 4767 Marcionis
3244 4729 3310 4767 ex
3333 4710 3686 4781 antiquissi-

2035 4799 2146 4853 mis
2176 4804 2439 4854 veterum
2462 4799 2866 4853 monumentis
2899 4799 3177 4872 decerpta
3232 4799 3306 4855 ad
3354 4798 3688 4855 eruendum

2036 4887 2324 4944 Valentini
2381 4905 2568 4943 aevum
2626 4888 3134 4960 quamplurimum
3166 4887 3385 4948 valent.
3447 4889 3689 4945 Veteres

2034 4979 2193 5034 enim
2225 4995 2432 5034 omnes
2458 4977 2673 5033 docent
2704 4994 2838 5034 eum
2858 4978 3040 5034 fuisse
3064 4979 3358 5035 Marcione
3381 4979 3682 5050 antiquio-

2032 5085 2196 5134 rem;
2248 5073 2466 5139 quanto
2535 5073 2732 5122 autem
2800 5068 3102 5139 antiquior
3162 5068 3293 5136 fuit,
3377 5069 3488 5123 hoc
3554 5085 3683 5123 mo-

2032 5158 2127 5220 do,
2153 5158 2213 5212 ni
2245 5157 2437 5227 fallor,
2470 5157 2697 5212 discere
2719 5156 3094 5228 aliquatenus
3121 5159 3469 5229 poterimus.
3497 5159 3679 5213 Nemo

2032 5253 2120 5303 est
2150 5245 2249 5318 qui
2281 5263 2402 5301 non
2431 5245 2611 5301 tradit
2641 5245 2973 5303 Cerdonem
2996 5247 3306 5304 Marcionis
3327 5247 3680 5321 magistrum

2031 5331 2486 5409 fuisse;Ke'pawv
2522 5330 2628 5388 δὶὸ
2681 5333 2785 5408 πρὸ
2829 5334 3178 5408 Μαρκίωνος,
3209 5361 3236 5387 ‹‹
3298 5337 3526 5392 Cerdon
3586 5353 3687 5392 au-

2031 5431 2149 5481 tem
2182 5427 2282 5496 qui
2316 5431 2453 5481 ante
2485 5424 2864 5492 Marcionem,
2904 5448 2930 5474 »
2964 5432 3023 5480 et
3054 5443 3068 5480 :
3106 5450 3132 5477 ι(
3173 5426 3430 5482 Marcion
3479 5431 3680 5482 autem

2030 5515 2114 5570 illi
2148 5514 2493 5581 succedens,
2533 5537 2552 5562 ι
2588 5514 2783 5584 inquit
2813 5515 3082 5574 .Irenaeus
3140 5515 3242 5572 lib.
3295 5532 3380 5582 in,
3441 5534 3568 5589 cap.
3624 5518 3678 5586 4,

2029 5605 2128 5675 qui
2163 5609 2220 5660 et
2250 5604 2354 5659 lib.
2389 5622 2406 5658 1
2469 5602 2642 5660 docet
2687 5602 3014 5658 Cerdonem
3065 5620 3170 5660 sua
3226 5620 3257 5659 a
3297 5605 3682 5674 ,Simonianis

2033 5693 2338 5750 hausisse:
2374 5688 2784 5764 Διαδεξάμενος,
2813 5687 2868 5746 δὶ
2898 5691 3080 5763 αὐτὸν,
3112 5693 3326 5768 inquit,
3358 5693 3387 5748 ὁ
3414 5693 3690 5763 Ποντικὸς
