  <div class='ocr_page' id='page_1' title='image "/cluster/home/n/w/nwhite01/storage/ocr_20150623/5/mdp.39015015401063/184.png"; bbox 0 0 4064 6134; ppageno 0'>
   <div class='ocr_carea' id='block_1_1' title="bbox 335 340 447 400">
    <p class='ocr_par' dir='ltr' id='par_1_1' title="bbox 335 340 447 400">
     <span class='ocr_line' id='line_1_1' title="bbox 335 340 447 400; baseline 0.018 -2"><span class='ocrx_word' id='word_1_1' title='bbox 335 340 447 400; x_wconf 62' lang='grc'><strong>341</strong></span> 
     </span>
    </p>
   </div>
   <div class='ocr_carea' id='block_1_2' title="bbox 1061 341 3758 410">
    <p class='ocr_par' dir='ltr' id='par_1_2' title="bbox 1061 341 3758 410">
     <span class='ocr_line' id='line_1_2' title="bbox 1061 341 3758 410; baseline 0.002 -6"><span class='ocrx_word' id='word_1_2' title='bbox 1061 341 1123 404; x_wconf 83' lang='lat' dir='ltr'><strong>J.</strong></span> <span class='ocrx_word' id='word_1_3' title='bbox 1165 342 1587 404; x_wconf 78' lang='lat' dir='ltr'><strong>PEABSONII</strong></span> <span class='ocrx_word' id='word_1_4' title='bbox 1631 342 2005 407; x_wconf 71' lang='lat' dir='ltr'><strong>VINDICIE</strong></span> <span class='ocrx_word' id='word_1_5' title='bbox 2042 343 2518 407; x_wconf 53' lang='lat' dir='ltr'><strong>IGNATIANJE.</strong></span> <span class='ocrx_word' id='word_1_6' title='bbox 2567 377 2644 391; x_wconf 89' lang='lat'><strong>--</strong></span> <span class='ocrx_word' id='word_1_7' title='bbox 2686 347 2891 408; x_wconf 82' lang='lat' dir='ltr'><strong>PARS</strong></span> <span class='ocrx_word' id='word_1_8' title='bbox 2935 347 3015 408; x_wconf 90' lang='grc' dir='ltr'><strong>Π.</strong></span> <span class='ocrx_word' id='word_1_9' title='bbox 3641 348 3758 410; x_wconf 66' lang='grc'><strong>313</strong></span> 
     </span>
    </p>
   </div>
   <div class='ocr_carea' id='block_1_3' title="bbox 341 468 1979 549">
    <p class='ocr_par' dir='ltr' id='par_1_3' title="bbox 341 468 1977 544">
     <span class='ocr_line' id='line_1_3' title="bbox 341 468 1977 544; baseline 0.004 -17"><span class='ocrx_word' id='word_1_10' title='bbox 341 469 602 541; x_wconf 73' lang='grc' dir='ltr'>Μαρκίων</span> <span class='ocrx_word' id='word_1_11' title='bbox 635 471 848 544; x_wconf 68' lang='grc' dir='ltr'><strong>ηὔξησε</strong></span> <span class='ocrx_word' id='word_1_12' title='bbox 903 471 964 526; x_wconf 80' lang='grc' dir='ltr'><strong>τὸ</strong></span> <span class='ocrx_word' id='word_1_13' title='bbox 1001 468 1405 532; x_wconf 71' lang='grc' dir='ltr'>διδασκαλεῖον.</span> <span class='ocrx_word' id='word_1_14' title='bbox 1455 498 1483 527; x_wconf 86' lang='grc'>‹‹</span> <span class='ocrx_word' id='word_1_15' title='bbox 1519 476 1852 533; x_wconf 79' lang='lat' dir='ltr'><strong>Succedens</strong></span> <span class='ocrx_word' id='word_1_16' title='bbox 1900 494 1977 534; x_wconf 85' lang='lat' dir='ltr'><strong>au</strong></span> 
     </span>
    </p>
   </div>
   <div class='ocr_carea' id='block_1_4' title="bbox 2088 468 3758 549">
    <p class='ocr_par' dir='ltr' id='par_1_4' title="bbox 2117 475 3758 549">
     <span class='ocr_line' id='line_1_4' title="bbox 2117 475 3758 549; baseline 0.004 -18"><span class='ocrx_word' id='word_1_17' title='bbox 2117 475 2301 532; x_wconf 90' lang='lat' dir='ltr'><strong>Verba</strong></span> <span class='ocrx_word' id='word_1_18' title='bbox 2322 477 2501 533; x_wconf 91' lang='lat' dir='ltr'><strong>etiam</strong></span> <span class='ocrx_word' id='word_1_19' title='bbox 2526 478 2838 549; x_wconf 77' lang='lat' dir='ltr'><strong>sequentia</strong></span> <span class='ocrx_word' id='word_1_20' title='bbox 2860 478 3020 534; x_wconf 87' lang='lat' dir='ltr'><strong>idem</strong></span> <span class='ocrx_word' id='word_1_21' title='bbox 3068 477 3372 535; x_wconf 85' lang='lat' dir='ltr'><strong>evincunt:</strong></span> <span class='ocrx_word' id='word_1_22' title='bbox 3393 500 3427 530; x_wconf 79' lang='lat'>«</span> <span class='ocrx_word' id='word_1_23' title='bbox 3459 480 3585 546; x_wconf 85' lang='lat' dir='ltr'><strong>Qua</strong></span> <span class='ocrx_word' id='word_1_24' title='bbox 3607 486 3758 537; x_wconf 89' lang='lat' dir='ltr'><strong>tem-</strong></span> 
     </span>
    </p>
   </div>
   <div class='ocr_carea' id='block_1_5' title="bbox 340 561 3758 638">
    <p class='ocr_par' dir='ltr' id='par_1_5' title="bbox 340 561 3758 638">
     <span class='ocr_line' id='line_1_5' title="bbox 340 561 3758 638; baseline 0.003 -25"><span class='ocrx_word' id='word_1_25' title='bbox 340 565 456 615; x_wconf 91' lang='lat' dir='ltr'><strong>tem</strong></span> <span class='ocrx_word' id='word_1_26' title='bbox 489 566 549 614; x_wconf 93' lang='lat' dir='ltr'><strong>et</strong></span> <span class='ocrx_word' id='word_1_27' title='bbox 580 561 844 616; x_wconf 80' lang='lat' dir='ltr'><strong>Marcion</strong></span> <span class='ocrx_word' id='word_1_28' title='bbox 876 563 1152 618; x_wconf 86' lang='lat' dir='ltr'><strong>Ponticus</strong></span> <span class='ocrx_word' id='word_1_29' title='bbox 1183 563 1448 619; x_wconf 83' lang='lat' dir='ltr'><strong>scholam</strong></span> <span class='ocrx_word' id='word_1_30' title='bbox 1480 565 1663 620; x_wconf 84' lang='lat' dir='ltr'><strong>auxit.</strong></span> <span class='ocrx_word' id='word_1_31' title='bbox 1703 567 1838 621; x_wconf 80' lang='lat' dir='ltr'><strong>ulta</strong></span> <span class='ocrx_word' id='word_1_32' title='bbox 1859 568 1993 621; x_wconf 83' lang='lat' dir='ltr'><strong>Ter-</strong></span> <span class='ocrx_word' id='word_1_33' title='bbox 2116 572 2340 638; x_wconf 89' lang='lat' dir='ltr'><strong>pestate</strong></span> <span class='ocrx_word' id='word_1_34' title='bbox 2373 573 2430 622; x_wconf 90' lang='lat' dir='ltr'><strong>et</strong></span> <span class='ocrx_word' id='word_1_35' title='bbox 2459 568 2799 623; x_wconf 86' lang='lat' dir='ltr'><strong>Chochebas</strong></span> <span class='ocrx_word' id='word_1_36' title='bbox 2831 569 2948 624; x_wconf 88' lang='lat' dir='ltr'><strong>dux</strong></span> <span class='ocrx_word' id='word_1_37' title='bbox 2978 569 3236 624; x_wconf 75' lang='lat' dir='ltr'><strong>Iudaica</strong></span> <span class='ocrx_word' id='word_1_38' title='bbox 3279 569 3556 625; x_wconf 79' lang='lat' dir='ltr'><strong>factionis</strong></span> <span class='ocrx_word' id='word_1_39' title='bbox 3589 571 3758 624; x_wconf 81' lang='lat' dir='ltr'><strong>Chri-</strong></span> 
     </span>
    </p>
   </div>
   <div class='ocr_carea' id='block_1_6' title="bbox 339 648 3756 729">
    <p class='ocr_par' dir='ltr' id='par_1_6' title="bbox 339 648 3756 729">
     <span class='ocr_line' id='line_1_6' title="bbox 339 648 3756 729; baseline 0.004 -26"><span class='ocrx_word' id='word_1_40' title='bbox 339 648 620 704; x_wconf 89' lang='lat' dir='ltr'><strong>tullianus</strong></span> <span class='ocrx_word' id='word_1_41' title='bbox 645 667 659 715; x_wconf 88' lang='lat'><strong>;</strong></span> <span class='ocrx_word' id='word_1_42' title='bbox 686 651 771 706; x_wconf 85' lang='lat' dir='ltr'><strong>ita</strong></span> <span class='ocrx_word' id='word_1_43' title='bbox 792 650 1024 721; x_wconf 82' lang='lat' dir='ltr'><strong>reliqui.</strong></span> <span class='ocrx_word' id='word_1_44' title='bbox 1053 654 1121 706; x_wconf 92' lang='lat' dir='ltr'><strong>Et</strong></span> <span class='ocrx_word' id='word_1_45' title='bbox 1144 653 1385 724; x_wconf 87' lang='lat' dir='ltr'><strong>quidem</strong></span> <span class='ocrx_word' id='word_1_46' title='bbox 1410 653 1785 714; x_wconf 77' lang='lat' dir='ltr'><strong>Valentinum</strong></span> <span class='ocrx_word' id='word_1_47' title='bbox 1803 654 1994 726; x_wconf 87' lang='lat' dir='ltr'><strong>primo</strong></span> <span class='ocrx_word' id='word_1_48' title='bbox 2110 657 2332 712; x_wconf 89' lang='lat' dir='ltr'><strong>stianos</strong></span> <span class='ocrx_word' id='word_1_49' title='bbox 2365 658 2538 712; x_wconf 90' lang='lat' dir='ltr'><strong>variis</strong></span> <span class='ocrx_word' id='word_1_50' title='bbox 2571 658 2878 729; x_wconf 83' lang='lat' dir='ltr'><strong>suppliciis</strong></span> <span class='ocrx_word' id='word_1_51' title='bbox 2927 659 3213 715; x_wconf 89' lang='lat' dir='ltr'><strong>enecavit.</strong></span> <span class='ocrx_word' id='word_1_52' title='bbox 3250 681 3278 709; x_wconf 86' lang='lat'>»</span> <span class='ocrx_word' id='word_1_53' title='bbox 3339 659 3425 714; x_wconf 89' lang='lat' dir='ltr'><strong>Ad</strong></span> <span class='ocrx_word' id='word_1_54' title='bbox 3479 661 3756 717; x_wconf 89' lang='lat' dir='ltr'><strong>eumdem</strong></span> 
     </span>
    </p>
   </div>
   <div class='ocr_carea' id='block_1_7' title="bbox 340 739 3757 811">
    <p class='ocr_par' dir='ltr' id='par_1_7' title="bbox 340 739 3757 811">
     <span class='ocr_line' id='line_1_7' title="bbox 340 739 3757 811; baseline 0.004 -19"><span class='ocrx_word' id='word_1_55' title='bbox 340 739 445 793; x_wconf 86' lang='lat' dir='ltr'><strong>sub</strong></span> <span class='ocrx_word' id='word_1_56' title='bbox 481 740 710 811; x_wconf 85' lang='lat' dir='ltr'><strong>Hygino</strong></span> <span class='ocrx_word' id='word_1_57' title='bbox 744 742 991 796; x_wconf 81' lang='lat' dir='ltr'><strong>Romam</strong></span> <span class='ocrx_word' id='word_1_58' title='bbox 1025 742 1274 807; x_wconf 85' lang='lat' dir='ltr'><strong>venisse,</strong></span> <span class='ocrx_word' id='word_1_59' title='bbox 1305 743 1443 798; x_wconf 92' lang='lat' dir='ltr'><strong>dein</strong></span> <span class='ocrx_word' id='word_1_60' title='bbox 1465 743 1792 799; x_wconf 83' lang='lat' dir='ltr'><strong>Cerdonem</strong></span> <span class='ocrx_word' id='word_1_61' title='bbox 1817 745 1997 799; x_wconf 80' lang='lat' dir='ltr'><strong>tradit</strong></span> <span class='ocrx_word' id='word_1_62' title='bbox 2109 748 2263 802; x_wconf 88' lang='lat' dir='ltr'><strong>enim</strong></span> <span class='ocrx_word' id='word_1_63' title='bbox 2286 747 2527 803; x_wconf 86' lang='lat' dir='ltr'><strong>Adriani</strong></span> <span class='ocrx_word' id='word_1_64' title='bbox 2545 766 2767 803; x_wconf 90' lang='lat' dir='ltr'><strong>annum</strong></span> <span class='ocrx_word' id='word_1_65' title='bbox 2788 750 2848 804; x_wconf 90' lang='lat' dir='ltr'><strong>in</strong></span> <span class='ocrx_word' id='word_1_66' title='bbox 2872 749 3161 804; x_wconf 89' lang='lat' dir='ltr'><strong>Chronico</strong></span> <span class='ocrx_word' id='word_1_67' title='bbox 3188 750 3415 805; x_wconf 86' lang='lat' dir='ltr'><strong>Eusebii</strong></span> <span class='ocrx_word' id='word_1_68' title='bbox 3439 751 3562 805; x_wconf 86' lang='lat' dir='ltr'><strong>hac</strong></span> <span class='ocrx_word' id='word_1_69' title='bbox 3578 751 3757 806; x_wconf 91' lang='lat' dir='ltr'><strong>verba</strong></span> 
     </span>
    </p>
   </div>
   <div class='ocr_carea' id='block_1_8' title="bbox 335 829 3752 909">
    <p class='ocr_par' dir='ltr' id='par_1_8' title="bbox 335 829 3752 909">
     <span class='ocr_line' id='line_1_8' title="bbox 335 829 3752 909; baseline 0.004 -28"><span class='ocrx_word' id='word_1_70' title='bbox 335 831 620 882; x_wconf 77' lang='lat' dir='ltr'><strong>lrenaus.</strong></span> <span class='ocrx_word' id='word_1_71' title='bbox 657 829 802 884; x_wconf 89' lang='lat' dir='ltr'><strong>Inde</strong></span> <span class='ocrx_word' id='word_1_72' title='bbox 834 836 1030 885; x_wconf 90' lang='lat' dir='ltr'><strong>autem</strong></span> <span class='ocrx_word' id='word_1_73' title='bbox 1063 831 1212 885; x_wconf 87' lang='lat' dir='ltr'><strong>nihil</strong></span> <span class='ocrx_word' id='word_1_74' title='bbox 1238 831 1471 888; x_wconf 87' lang='lat' dir='ltr'><strong>certide</strong></span> <span class='ocrx_word' id='word_1_75' title='bbox 1501 839 1766 904; x_wconf 91' lang='lat' dir='ltr'><strong>tempore</strong></span> <span class='ocrx_word' id='word_1_76' title='bbox 1799 833 1992 903; x_wconf 82' lang='lat' dir='ltr'><strong>colligi</strong></span> <span class='ocrx_word' id='word_1_77' title='bbox 2107 837 2405 907; x_wconf 87' lang='lat' dir='ltr'><strong>prioribus</strong></span> <span class='ocrx_word' id='word_1_78' title='bbox 2436 838 2876 909; x_wconf 81' lang='lat' dir='ltr'><strong>subjunguntur</strong></span> <span class='ocrx_word' id='word_1_79' title='bbox 2899 856 2912 893; x_wconf 74' lang='grc' dir='ltr'>ε</span> <span class='ocrx_word' id='word_1_80' title='bbox 2938 862 2963 888; x_wconf 89' lang='grc'><em>‹‹</em></span> <span class='ocrx_word' id='word_1_81' title='bbox 2991 838 3334 894; x_wconf 76' lang='lat' dir='ltr'><strong>Chochebas</strong></span> <span class='ocrx_word' id='word_1_82' title='bbox 3355 839 3472 894; x_wconf 93' lang='lat' dir='ltr'><strong>dux</strong></span> <span class='ocrx_word' id='word_1_83' title='bbox 3496 840 3752 895; x_wconf 84' lang='lat' dir='ltr'><strong>Judaica</strong></span> 
     </span>
    </p>
   </div>
   <div class='ocr_carea' id='block_1_9' title="bbox 334 919 3754 991">
    <p class='ocr_par' dir='ltr' id='par_1_9' title="bbox 334 919 3754 991">
     <span class='ocr_line' id='line_1_9' title="bbox 334 919 3754 991; baseline 0.005 -21"><span class='ocrx_word' id='word_1_84' title='bbox 334 923 546 988; x_wconf 89' lang='lat' dir='ltr'><strong>potest.</strong></span> <span class='ocrx_word' id='word_1_85' title='bbox 574 919 784 974; x_wconf 78' lang='lat' dir='ltr'><strong>Nullos</strong></span> <span class='ocrx_word' id='word_1_86' title='bbox 807 920 967 975; x_wconf 89' lang='lat' dir='ltr'><strong>enim</strong></span> <span class='ocrx_word' id='word_1_87' title='bbox 992 920 1372 991; x_wconf 78' lang='lat' dir='ltr'><strong>pontiﬁcibus</strong></span> <span class='ocrx_word' id='word_1_88' title='bbox 1390 923 1674 978; x_wconf 78' lang='lat' dir='ltr'><strong>Romanis</strong></span> <span class='ocrx_word' id='word_1_89' title='bbox 1695 939 1884 978; x_wconf 88' lang='lat' dir='ltr'><strong>annos</strong></span> <span class='ocrx_word' id='word_1_90' title='bbox 1907 939 1995 977; x_wconf 89' lang='lat' dir='ltr'><strong>as-</strong></span> <span class='ocrx_word' id='word_1_91' title='bbox 2103 927 2380 982; x_wconf 77' lang='lat' dir='ltr'><strong>factionis</strong></span> <span class='ocrx_word' id='word_1_92' title='bbox 2409 927 2680 982; x_wconf 86' lang='lat' dir='ltr'><strong>nolentes</strong></span> <span class='ocrx_word' id='word_1_93' title='bbox 2711 929 2822 982; x_wconf 90' lang='lat' dir='ltr'><strong>sibi</strong></span> <span class='ocrx_word' id='word_1_94' title='bbox 2867 929 3231 985; x_wconf 86' lang='lat' dir='ltr'><strong>Christianos</strong></span> <span class='ocrx_word' id='word_1_95' title='bbox 3283 929 3595 984; x_wconf 90' lang='lat' dir='ltr'><strong>adversum</strong></span> <span class='ocrx_word' id='word_1_96' title='bbox 3645 932 3754 986; x_wconf 81' lang='lat' dir='ltr'><strong>Ho-</strong></span> 
     </span>
    </p>
   </div>
   <div class='ocr_carea' id='block_1_10' title="bbox 335 1007 1992 1083">
    <p class='ocr_par' dir='ltr' id='par_1_10' title="bbox 335 1007 1992 1083">
     <span class='ocr_line' id='line_1_10' title="bbox 335 1007 1992 1083; baseline 0.004 -24"><span class='ocrx_word' id='word_1_97' title='bbox 335 1007 545 1078; x_wconf 88' lang='lat' dir='ltr'><strong>signat,</strong></span> <span class='ocrx_word' id='word_1_98' title='bbox 608 1025 806 1079; x_wconf 90' lang='lat' dir='ltr'><strong>neque</strong></span> <span class='ocrx_word' id='word_1_99' title='bbox 859 1026 958 1065; x_wconf 91' lang='lat' dir='ltr'><strong>eos</strong></span> <span class='ocrx_word' id='word_1_100' title='bbox 1014 1027 1148 1064; x_wconf 89' lang='lat' dir='ltr'><strong>cum</strong></span> <span class='ocrx_word' id='word_1_101' title='bbox 1198 1011 1482 1066; x_wconf 80' lang='lat' dir='ltr'><strong>Romanis</strong></span> <span class='ocrx_word' id='word_1_102' title='bbox 1531 1011 1992 1083; x_wconf 84' lang='lat' dir='ltr'><strong>imperatoribus</strong></span> 
     </span>
    </p>
   </div>
   <div class='ocr_carea' id='block_1_11' title="bbox 338 1099 1990 1171">
    <p class='ocr_par' dir='ltr' id='par_1_11' title="bbox 338 1099 1990 1171">
     <span class='ocr_line' id='line_1_11' title="bbox 338 1099 1990 1171; baseline 0.002 -21"><span class='ocrx_word' id='word_1_103' title='bbox 338 1103 643 1167; x_wconf 82' lang='lat' dir='ltr'><strong>comparat</strong></span> <span class='ocrx_word' id='word_1_104' title='bbox 668 1099 951 1154; x_wconf 84' lang='lat' dir='ltr'><strong>Irenaus.</strong></span> <span class='ocrx_word' id='word_1_105' title='bbox 983 1099 1272 1155; x_wconf 88' lang='lat' dir='ltr'><strong>Eusebius</strong></span> <span class='ocrx_word' id='word_1_106' title='bbox 1304 1099 1547 1171; x_wconf 89' lang='lat' dir='ltr'><strong>quidem</strong></span> <span class='ocrx_word' id='word_1_107' title='bbox 1583 1100 1643 1156; x_wconf 91' lang='lat' dir='ltr'><strong>in</strong></span> <span class='ocrx_word' id='word_1_108' title='bbox 1697 1101 1990 1156; x_wconf 91' lang='lat' dir='ltr'><strong>Chronico</strong></span> 
     </span>
    </p>
   </div>
   <div class='ocr_carea' id='block_1_12' title="bbox 336 1186 1988 1260">
    <p class='ocr_par' dir='ltr' id='par_1_12' title="bbox 336 1186 1988 1260">
     <span class='ocr_line' id='line_1_12' title="bbox 336 1186 1988 1260; baseline 0.004 -22"><span class='ocrx_word' id='word_1_109' title='bbox 336 1186 595 1256; x_wconf 90' lang='lat' dir='ltr'><strong>primum</strong></span> <span class='ocrx_word' id='word_1_110' title='bbox 606 1204 836 1242; x_wconf 90' lang='lat' dir='ltr'><strong>annum</strong></span> <span class='ocrx_word' id='word_1_111' title='bbox 856 1188 1062 1260; x_wconf 86' lang='lat' dir='ltr'><strong>Hygini</strong></span> <span class='ocrx_word' id='word_1_112' title='bbox 1085 1189 1345 1245; x_wconf 91' lang='lat' dir='ltr'><strong>secundo</strong></span> <span class='ocrx_word' id='word_1_113' title='bbox 1361 1190 1645 1244; x_wconf 84' lang='lat' dir='ltr'><strong>Antonini</strong></span> <span class='ocrx_word' id='word_1_114' title='bbox 1658 1190 1747 1244; x_wconf 91' lang='lat' dir='ltr'><strong>Pii</strong></span> <span class='ocrx_word' id='word_1_115' title='bbox 1764 1190 1988 1259; x_wconf 85' lang='lat' dir='ltr'><strong>tribuit,</strong></span> 
     </span>
    </p>
   </div>
   <div class='ocr_carea' id='block_1_13' title="bbox 334 1275 1990 1346">
    <p class='ocr_par' dir='ltr' id='par_1_13' title="bbox 334 1275 1990 1346">
     <span class='ocr_line' id='line_1_13' title="bbox 334 1275 1990 1346; baseline 0.002 -16"><span class='ocrx_word' id='word_1_116' title='bbox 334 1275 657 1346; x_wconf 85' lang='lat' dir='ltr'><strong>Eutychius</strong></span> <span class='ocrx_word' id='word_1_117' title='bbox 689 1283 888 1332; x_wconf 90' lang='lat' dir='ltr'><strong>autem</strong></span> <span class='ocrx_word' id='word_1_118' title='bbox 921 1283 1086 1333; x_wconf 88' lang='lat' dir='ltr'><strong>sexto</strong></span> <span class='ocrx_word' id='word_1_119' title='bbox 1119 1278 1381 1334; x_wconf 84' lang='lat' dir='ltr'><strong>Adriani.</strong></span> <span class='ocrx_word' id='word_1_120' title='bbox 1423 1278 1630 1334; x_wconf 91' lang='lat' dir='ltr'><strong>Tribus</strong></span> <span class='ocrx_word' id='word_1_121' title='bbox 1675 1279 1847 1334; x_wconf 90' lang='lat' dir='ltr'><strong>annis</strong></span> <span class='ocrx_word' id='word_1_122' title='bbox 1903 1295 1990 1333; x_wconf 88' lang='lat' dir='ltr'><strong>se-</strong></span> 
     </span>
    </p>
   </div>
   <div class='ocr_carea' id='block_1_14' title="bbox 334 1365 1987 1439">
    <p class='ocr_par' dir='ltr' id='par_1_14' title="bbox 334 1365 1987 1439">
     <span class='ocr_line' id='line_1_14' title="bbox 334 1365 1987 1439; baseline 0.003 -20"><span class='ocrx_word' id='word_1_123' title='bbox 334 1365 488 1420; x_wconf 87' lang='lat' dir='ltr'><strong>disse</strong></span> <span class='ocrx_word' id='word_1_124' title='bbox 518 1367 647 1422; x_wconf 90' lang='lat' dir='ltr'><strong>vult</strong></span> <span class='ocrx_word' id='word_1_125' title='bbox 677 1367 970 1439; x_wconf 84' lang='lat' dir='ltr'><strong>Hyginum</strong></span> <span class='ocrx_word' id='word_1_126' title='bbox 1003 1369 1330 1425; x_wconf 87' lang='lat' dir='ltr'><strong>Eusebius:</strong></span> <span class='ocrx_word' id='word_1_127' title='bbox 1373 1391 1400 1420; x_wconf 88' lang='grc'><strong>‹‹</strong></span> <span class='ocrx_word' id='word_1_128' title='bbox 1434 1370 1624 1425; x_wconf 87' lang='lat' dir='ltr'><strong>Annis</strong></span> <span class='ocrx_word' id='word_1_129' title='bbox 1673 1368 1987 1424; x_wconf 87' lang='lat' dir='ltr'><strong>duodecim</strong></span> 
     </span>
    </p>
   </div>
   <div class='ocr_carea' id='block_1_15' title="bbox 330 1455 1985 1527">
    <p class='ocr_par' dir='ltr' id='par_1_15' title="bbox 330 1455 1985 1527">
     <span class='ocr_line' id='line_1_15' title="bbox 330 1455 1985 1527; baseline 0.002 -18"><span class='ocrx_word' id='word_1_130' title='bbox 330 1455 638 1511; x_wconf 90' lang='lat' dir='ltr'><strong>mensibus</strong></span> <span class='ocrx_word' id='word_1_131' title='bbox 674 1457 884 1523; x_wconf 89' lang='lat' dir='ltr'><strong>tribus,</strong></span> <span class='ocrx_word' id='word_1_132' title='bbox 919 1457 1130 1514; x_wconf 88' lang='lat' dir='ltr'><strong>diebus</strong></span> <span class='ocrx_word' id='word_1_133' title='bbox 1154 1477 1277 1527; x_wconf 90' lang='lat' dir='ltr'><strong>sex,</strong></span> <span class='ocrx_word' id='word_1_134' title='bbox 1311 1481 1339 1510; x_wconf 84' lang='grc'>››</span> <span class='ocrx_word' id='word_1_135' title='bbox 1370 1464 1578 1514; x_wconf 88' lang='lat' dir='ltr'><strong>auctor</strong></span> <span class='ocrx_word' id='word_1_136' title='bbox 1607 1459 1985 1514; x_wconf 85' lang='lat' dir='ltr'><strong>vetustissimi</strong></span> 
     </span>
    </p>
   </div>
   <div class='ocr_carea' id='block_1_16' title="bbox 331 1545 1987 1619">
    <p class='ocr_par' dir='ltr' id='par_1_16' title="bbox 331 1545 1987 1619">
     <span class='ocr_line' id='line_1_16' title="bbox 331 1545 1987 1619; baseline 0.003 -20"><span class='ocrx_word' id='word_1_137' title='bbox 331 1545 578 1616; x_wconf 85' lang='lat' dir='ltr'><strong>catalogi</strong></span> <span class='ocrx_word' id='word_1_138' title='bbox 610 1546 770 1617; x_wconf 92' lang='lat' dir='ltr'><strong>apud</strong></span> <span class='ocrx_word' id='word_1_139' title='bbox 802 1547 1176 1604; x_wconf 89' lang='lat' dir='ltr'><strong>Bucherium.</strong></span> <span class='ocrx_word' id='word_1_140' title='bbox 1219 1551 1290 1603; x_wconf 89' lang='lat' dir='ltr'><strong>Et</strong></span> <span class='ocrx_word' id='word_1_141' title='bbox 1336 1566 1472 1604; x_wconf 90' lang='lat' dir='ltr'><strong>vera</strong></span> <span class='ocrx_word' id='word_1_142' title='bbox 1519 1549 1761 1619; x_wconf 90' lang='lat' dir='ltr'><strong>quidem</strong></span> <span class='ocrx_word' id='word_1_143' title='bbox 1815 1548 1987 1604; x_wconf 88' lang='lat' dir='ltr'><strong>initia</strong></span> 
     </span>
    </p>
   </div>
   <div class='ocr_carea' id='block_1_17' title="bbox 332 1634 1984 1710">
    <p class='ocr_par' dir='ltr' id='par_1_17' title="bbox 332 1634 1984 1710">
     <span class='ocr_line' id='line_1_17' title="bbox 332 1634 1984 1710; baseline 0.002 -22"><span class='ocrx_word' id='word_1_144' title='bbox 332 1639 451 1689; x_wconf 89' lang='lat' dir='ltr'><strong>tum</strong></span> <span class='ocrx_word' id='word_1_145' title='bbox 480 1634 740 1704; x_wconf 79' lang='lat' dir='ltr'><strong>Aniceti,</strong></span> <span class='ocrx_word' id='word_1_146' title='bbox 775 1641 902 1690; x_wconf 89' lang='lat' dir='ltr'><strong>tum</strong></span> <span class='ocrx_word' id='word_1_147' title='bbox 934 1637 1041 1701; x_wconf 88' lang='lat' dir='ltr'><strong>Pii,</strong></span> <span class='ocrx_word' id='word_1_148' title='bbox 1096 1642 1219 1692; x_wconf 90' lang='lat' dir='ltr'><strong>tum</strong></span> <span class='ocrx_word' id='word_1_149' title='bbox 1270 1638 1482 1710; x_wconf 78' lang='lat' dir='ltr'><strong>Hygini</strong></span> <span class='ocrx_word' id='word_1_150' title='bbox 1526 1637 1984 1708; x_wconf 87' lang='lat' dir='ltr'><strong>pontiﬁcatuum</strong></span> 
     </span>
    </p>
   </div>
   <div class='ocr_carea' id='block_1_18' title="bbox 331 1726 1986 1799">
    <p class='ocr_par' dir='ltr' id='par_1_18' title="bbox 331 1726 1986 1799">
     <span class='ocr_line' id='line_1_18' title="bbox 331 1726 1986 1799; baseline 0.002 -21"><span class='ocrx_word' id='word_1_151' title='bbox 331 1730 468 1796; x_wconf 91' lang='lat' dir='ltr'><strong>puto</strong></span> <span class='ocrx_word' id='word_1_152' title='bbox 494 1741 628 1779; x_wconf 90' lang='lat' dir='ltr'><strong>esse</strong></span> <span class='ocrx_word' id='word_1_153' title='bbox 650 1726 938 1781; x_wconf 87' lang='lat' dir='ltr'><strong>hactenus</strong></span> <span class='ocrx_word' id='word_1_154' title='bbox 966 1727 1284 1799; x_wconf 89' lang='lat' dir='ltr'><strong>incognita.</strong></span> <span class='ocrx_word' id='word_1_155' title='bbox 1305 1729 1386 1782; x_wconf 90' lang='lat' dir='ltr'><strong>Ex</strong></span> <span class='ocrx_word' id='word_1_156' title='bbox 1408 1727 1784 1782; x_wconf 89' lang='lat' dir='ltr'><strong>successione</strong></span> <span class='ocrx_word' id='word_1_157' title='bbox 1808 1727 1986 1798; x_wconf 78' lang='lat' dir='ltr'><strong>igitur</strong></span> 
     </span>
    </p>
   </div>
   <div class='ocr_carea' id='block_1_19' title="bbox 337 1813 2060 1924">
    <p class='ocr_par' dir='ltr' id='par_1_19' title="bbox 337 1813 2060 1924">
     <span class='ocr_line' id='line_1_19' title="bbox 337 1813 2060 1924; baseline 0.001 -57"><span class='ocrx_word' id='word_1_158' title='bbox 337 1813 751 1868; x_wconf 86' lang='lat' dir='ltr'><strong>hareticorum</strong></span> <span class='ocrx_word' id='word_1_159' title='bbox 771 1814 844 1869; x_wconf 93' lang='lat' dir='ltr'><strong>de</strong></span> <span class='ocrx_word' id='word_1_160' title='bbox 859 1815 1028 1869; x_wconf 89' lang='lat' dir='ltr'><strong>initio</strong></span> <span class='ocrx_word' id='word_1_161' title='bbox 1049 1816 1343 1870; x_wconf 88' lang='lat' dir='ltr'><strong>Valentini</strong></span> <span class='ocrx_word' id='word_1_162' title='bbox 1362 1817 1559 1888; x_wconf 85' lang='lat' dir='ltr'><strong>potius</strong></span> <span class='ocrx_word' id='word_1_163' title='bbox 1563 1815 1980 1886; x_wconf 87' lang='lat' dir='ltr'><strong>judicandum,</strong></span> <span class='ocrx_word' id='word_1_164' title='bbox 2015 1857 2060 1924; x_wconf 74' lang='grc' dir='ltr'>Β</span> 
     </span>
     <span class='ocr_line' id='line_1_20' title="bbox 337 1901 1978 1924; baseline 0 0"><span class='ocrx_word' id='word_1_165' title='bbox 337 1901 458 1924; x_wconf 69' lang='grc' dir='ltr'><strong>ι-ἶε-</strong></span> <span class='ocrx_word' id='word_1_166' title='bbox 520 1908 712 1924; x_wconf 52' lang='grc' dir='ltr'><strong>---ΑΑῌ</strong></span> <span class='ocrx_word' id='word_1_167' title='bbox 768 1919 789 1924; x_wconf 69' lang='lat'><strong>-</strong></span> <span class='ocrx_word' id='word_1_168' title='bbox 852 1904 1142 1924; x_wconf 36' lang='lat' dir='ltr'><strong>_-_x_,:l,_4_</strong></span> <span class='ocrx_word' id='word_1_169' title='bbox 1214 1921 1399 1924; x_wconf 58' lang='lat'><strong>_,,__,_,</strong></span> <span class='ocrx_word' id='word_1_170' title='bbox 1467 1906 1748 1924; x_wconf 51' lang='lat'><strong>,,_-____3,</strong></span> <span class='ocrx_word' id='word_1_171' title='bbox 1813 1903 1978 1924; x_wconf 60' lang='lat' dir='ltr'><strong>_._l-_&#39;_</strong></span> 
     </span>
    </p>
   </div>
   <div class='ocr_carea' id='block_1_20' title="bbox 330 1901 1982 1960">
    <p class='ocr_par' dir='ltr' id='par_1_20' title="bbox 330 1901 1982 1960">
     <span class='ocr_line' id='line_1_21' title="bbox 330 1901 1982 1960; baseline 0.001 -4"><span class='ocrx_word' id='word_1_172' title='bbox 330 1901 461 1956; x_wconf 89' lang='lat' dir='ltr'><strong>talis</strong></span> <span class='ocrx_word' id='word_1_173' title='bbox 516 1908 719 1957; x_wconf 88' lang='lat' dir='ltr'><strong>autem</strong></span> <span class='ocrx_word' id='word_1_174' title='bbox 763 1919 799 1957; x_wconf 92' lang='lat' dir='ltr'><strong>a</strong></span> <span class='ocrx_word' id='word_1_175' title='bbox 852 1904 1147 1959; x_wconf 78' lang='lat' dir='ltr'><strong>veteribus</strong></span> <span class='ocrx_word' id='word_1_176' title='bbox 1205 1921 1412 1960; x_wconf 91' lang='lat' dir='ltr'><strong>eorum</strong></span> <span class='ocrx_word' id='word_1_177' title='bbox 1461 1906 1758 1960; x_wconf 89' lang='lat' dir='ltr'><strong>successio</strong></span> <span class='ocrx_word' id='word_1_178' title='bbox 1811 1903 1982 1959; x_wconf 91' lang='lat' dir='ltr'><strong>nobis</strong></span> 
     </span>
    </p>
   </div>
   <div class='ocr_carea' id='block_1_21' title="bbox 331 1991 1982 2064">
    <p class='ocr_par' dir='ltr' id='par_1_21' title="bbox 331 1991 1982 2064">
     <span class='ocr_line' id='line_1_22' title="bbox 331 1991 1982 2064; baseline 0.001 -20"><span class='ocrx_word' id='word_1_179' title='bbox 331 1991 548 2045; x_wconf 89' lang='lat' dir='ltr'><strong>tradita</strong></span> <span class='ocrx_word' id='word_1_180' title='bbox 581 1998 711 2058; x_wconf 89' lang='lat' dir='ltr'><strong>est;</strong></span> <span class='ocrx_word' id='word_1_181' title='bbox 745 1993 931 2048; x_wconf 85' lang='lat' dir='ltr'><strong>Cerdo</strong></span> <span class='ocrx_word' id='word_1_182' title='bbox 965 1994 1252 2049; x_wconf 88' lang='lat' dir='ltr'><strong>successit</strong></span> <span class='ocrx_word' id='word_1_183' title='bbox 1301 1994 1671 2061; x_wconf 87' lang='lat' dir='ltr'><strong>Heracleoni,</strong></span> <span class='ocrx_word' id='word_1_184' title='bbox 1721 1995 1805 2048; x_wconf 91' lang='lat' dir='ltr'><strong>ita</strong></span> <span class='ocrx_word' id='word_1_185' title='bbox 1853 1993 1982 2064; x_wconf 86' lang='lat' dir='ltr'><strong>Epi-</strong></span> 
     </span>
    </p>
   </div>
   <div class='ocr_carea' id='block_1_22' title="bbox 327 2077 1984 2155">
    <p class='ocr_par' dir='ltr' id='par_1_22' title="bbox 327 2077 1984 2155">
     <span class='ocr_line' id='line_1_23' title="bbox 327 2077 1984 2155; baseline 0 -21"><span class='ocrx_word' id='word_1_186' title='bbox 327 2081 588 2150; x_wconf 85' lang='lat' dir='ltr'><strong>phanius</strong></span> <span class='ocrx_word' id='word_1_187' title='bbox 620 2099 633 2136; x_wconf 89' lang='lat'><strong>:</strong></span> <span class='ocrx_word' id='word_1_188' title='bbox 666 2077 885 2154; x_wconf 80' lang='grc' dir='ltr'>Κέρδων</span> <span class='ocrx_word' id='word_1_189' title='bbox 942 2102 1024 2142; x_wconf 82' lang='grc' dir='ltr'><strong>τις</strong></span> <span class='ocrx_word' id='word_1_190' title='bbox 1075 2082 1303 2144; x_wconf 76' lang='grc' dir='ltr'>τούτους</span> <span class='ocrx_word' id='word_1_191' title='bbox 1361 2082 1451 2137; x_wconf 80' lang='grc' dir='ltr'><strong>καὶ</strong></span> <span class='ocrx_word' id='word_1_192' title='bbox 1496 2084 1588 2137; x_wconf 85' lang='grc' dir='ltr'><strong>τὸν</strong></span> <span class='ocrx_word' id='word_1_193' title='bbox 1636 2080 1984 2155; x_wconf 70' lang='grc' dir='ltr'><strong>Ἡρακλέωνα</strong></span> 
     </span>
    </p>
   </div>
   <div class='ocr_carea' id='block_1_23' title="bbox 328 2165 1985 2246">
    <p class='ocr_par' dir='ltr' id='par_1_23' title="bbox 328 2165 1985 2246">
     <span class='ocr_line' id='line_1_24' title="bbox 328 2165 1985 2246; baseline 0.002 -25"><span class='ocrx_word' id='word_1_194' title='bbox 328 2165 649 2246; x_wconf 70' lang='grc' dir='ltr'><strong>διαδέχεται</strong></span> <span class='ocrx_word' id='word_1_195' title='bbox 680 2169 739 2223; x_wconf 78' lang='grc' dir='ltr'><strong>ἐκ</strong></span> <span class='ocrx_word' id='word_1_196' title='bbox 768 2176 868 2238; x_wconf 83' lang='grc' dir='ltr'><strong>τῆς</strong></span> <span class='ocrx_word' id='word_1_197' title='bbox 899 2168 1075 2224; x_wconf 80' lang='grc' dir='ltr'>αὐτῶν</span> <span class='ocrx_word' id='word_1_198' title='bbox 1130 2169 1344 2244; x_wconf 73' lang='grc' dir='ltr'>σχολῆς</span> <span class='ocrx_word' id='word_1_199' title='bbox 1383 2167 1477 2228; x_wconf 82' lang='grc' dir='ltr'><strong>ὥν.</strong></span> <span class='ocrx_word' id='word_1_200' title='bbox 1525 2194 1552 2221; x_wconf 91' lang='grc'><strong>‹‹</strong></span> <span class='ocrx_word' id='word_1_201' title='bbox 1586 2172 1816 2227; x_wconf 89' lang='lat' dir='ltr'><strong>Cerdon</strong></span> <span class='ocrx_word' id='word_1_202' title='bbox 1861 2172 1985 2242; x_wconf 86' lang='lat' dir='ltr'><strong>qui-</strong></span> 
     </span>
    </p>
   </div>
   <div class='ocr_carea' id='block_1_24' title="bbox 324 2259 1984 2330">
    <p class='ocr_par' dir='ltr' id='par_1_24' title="bbox 324 2259 1984 2330">
     <span class='ocr_line' id='line_1_25' title="bbox 324 2259 1984 2330; baseline 0.002 -17"><span class='ocrx_word' id='word_1_203' title='bbox 324 2259 461 2314; x_wconf 91' lang='lat' dir='ltr'><strong>dem</strong></span> <span class='ocrx_word' id='word_1_204' title='bbox 493 2260 590 2314; x_wconf 90' lang='lat' dir='ltr'><strong>bis</strong></span> <span class='ocrx_word' id='word_1_205' title='bbox 622 2260 1046 2316; x_wconf 89' lang='lat' dir='ltr'><strong>etHeracleoni</strong></span> <span class='ocrx_word' id='word_1_206' title='bbox 1078 2262 1362 2330; x_wconf 88' lang='lat' dir='ltr'><strong>succedit,</strong></span> <span class='ocrx_word' id='word_1_207' title='bbox 1403 2277 1473 2316; x_wconf 83' lang='lat' dir='ltr'><strong>ex</strong></span> <span class='ocrx_word' id='word_1_208' title='bbox 1523 2278 1727 2317; x_wconf 90' lang='lat' dir='ltr'><strong>eorum</strong></span> <span class='ocrx_word' id='word_1_209' title='bbox 1780 2260 1984 2316; x_wconf 84' lang='lat' dir='ltr'><strong>schola</strong></span> 
     </span>
    </p>
   </div>
   <div class='ocr_carea' id='block_1_25' title="bbox 319 2349 1984 2420">
    <p class='ocr_par' dir='ltr' id='par_1_25' title="bbox 319 2349 1984 2420">
     <span class='ocr_line' id='line_1_26' title="bbox 319 2349 1984 2420; baseline 0.002 -18"><span class='ocrx_word' id='word_1_210' title='bbox 319 2349 588 2403; x_wconf 82' lang='lat' dir='ltr'><strong>existens</strong></span> <span class='ocrx_word' id='word_1_211' title='bbox 614 2365 626 2402; x_wconf 91' lang='lat'>:</span> <span class='ocrx_word' id='word_1_212' title='bbox 664 2372 692 2399; x_wconf 84' lang='grc'>››</span> <span class='ocrx_word' id='word_1_213' title='bbox 722 2349 1050 2406; x_wconf 90' lang='lat' dir='ltr'><strong>Heracleon</strong></span> <span class='ocrx_word' id='word_1_214' title='bbox 1093 2351 1432 2420; x_wconf 86' lang='lat' dir='ltr'><strong>Colarbaso,</strong></span> <span class='ocrx_word' id='word_1_215' title='bbox 1464 2351 1814 2406; x_wconf 88' lang='lat' dir='ltr'><strong>Colarbasus</strong></span> <span class='ocrx_word' id='word_1_216' title='bbox 1846 2353 1984 2406; x_wconf 90' lang='lat' dir='ltr'><strong>Pto—</strong></span> 
     </span>
    </p>
   </div>
   <div class='ocr_carea' id='block_1_26' title="bbox 318 2438 1979 2512">
    <p class='ocr_par' dir='ltr' id='par_1_26' title="bbox 318 2438 1979 2512">
     <span class='ocr_line' id='line_1_27' title="bbox 318 2438 1979 2512; baseline 0.001 -20"><span class='ocrx_word' id='word_1_217' title='bbox 318 2438 560 2504; x_wconf 87' lang='lat' dir='ltr'><strong>lemao,</strong></span> <span class='ocrx_word' id='word_1_218' title='bbox 594 2439 947 2495; x_wconf 86' lang='lat' dir='ltr'><strong>Ptolemaus</strong></span> <span class='ocrx_word' id='word_1_219' title='bbox 976 2441 1292 2512; x_wconf 89' lang='lat' dir='ltr'><strong>Epiphani,</strong></span> <span class='ocrx_word' id='word_1_220' title='bbox 1320 2441 1656 2512; x_wconf 88' lang='lat' dir='ltr'><strong>Epiphanes</strong></span> <span class='ocrx_word' id='word_1_221' title='bbox 1689 2439 1979 2508; x_wconf 89' lang='lat' dir='ltr'><strong>Secundo,</strong></span> 
     </span>
    </p>
   </div>
   <div class='ocr_carea' id='block_1_27' title="bbox 326 2527 1981 2600">
    <p class='ocr_par' dir='ltr' id='par_1_27' title="bbox 326 2527 1981 2600">
     <span class='ocr_line' id='line_1_28' title="bbox 326 2527 1981 2600; baseline 0.002 -19"><span class='ocrx_word' id='word_1_222' title='bbox 326 2527 638 2583; x_wconf 84' lang='lat' dir='ltr'><strong>Secundus</strong></span> <span class='ocrx_word' id='word_1_223' title='bbox 673 2528 981 2584; x_wconf 86' lang='lat' dir='ltr'><strong>Valentino</strong></span> <span class='ocrx_word' id='word_1_224' title='bbox 1014 2529 1318 2584; x_wconf 89' lang='lat' dir='ltr'><strong>successit.</strong></span> <span class='ocrx_word' id='word_1_225' title='bbox 1356 2529 1703 2585; x_wconf 90' lang='lat' dir='ltr'><strong>Valentinus</strong></span> <span class='ocrx_word' id='word_1_226' title='bbox 1728 2530 1923 2600; x_wconf 85' lang='lat' dir='ltr'><strong>igitur,</strong></span> <span class='ocrx_word' id='word_1_227' title='bbox 1951 2547 1981 2585; x_wconf 93' lang='lat' dir='ltr'><strong>e</strong></span> 
     </span>
    </p>
   </div>
   <div class='ocr_carea' id='block_1_28' title="bbox 320 2617 1982 2690">
    <p class='ocr_par' dir='ltr' id='par_1_28' title="bbox 320 2617 1982 2690">
     <span class='ocr_line' id='line_1_29' title="bbox 320 2617 1982 2690; baseline 0.003 -20"><span class='ocrx_word' id='word_1_228' title='bbox 320 2618 492 2687; x_wconf 87' lang='lat' dir='ltr'><strong>cujus</strong></span> <span class='ocrx_word' id='word_1_229' title='bbox 524 2617 732 2672; x_wconf 91' lang='lat' dir='ltr'><strong>schola</strong></span> <span class='ocrx_word' id='word_1_230' title='bbox 761 2618 978 2688; x_wconf 89' lang='lat' dir='ltr'><strong>reliqui</strong></span> <span class='ocrx_word' id='word_1_231' title='bbox 1010 2617 1382 2690; x_wconf 88' lang='lat' dir='ltr'><strong>prodierunt,</strong></span> <span class='ocrx_word' id='word_1_232' title='bbox 1417 2635 1538 2674; x_wconf 90' lang='lat' dir='ltr'><strong>non</strong></span> <span class='ocrx_word' id='word_1_233' title='bbox 1571 2618 1776 2690; x_wconf 91' lang='lat' dir='ltr'><strong>paucis</strong></span> <span class='ocrx_word' id='word_1_234' title='bbox 1806 2620 1982 2675; x_wconf 87' lang='lat' dir='ltr'><strong>annis</strong></span> 
     </span>
    </p>
   </div>
   <div class='ocr_carea' id='block_1_29' title="bbox 323 2705 1981 2777">
    <p class='ocr_par' dir='ltr' id='par_1_29' title="bbox 323 2705 1981 2777">
     <span class='ocr_line' id='line_1_30' title="bbox 323 2705 1981 2777; baseline 0.002 -18"><span class='ocrx_word' id='word_1_235' title='bbox 323 2705 591 2761; x_wconf 89' lang='lat' dir='ltr'><strong>Cerdone</strong></span> <span class='ocrx_word' id='word_1_236' title='bbox 624 2707 899 2777; x_wconf 88' lang='lat' dir='ltr'><strong>superior</strong></span> <span class='ocrx_word' id='word_1_237' title='bbox 928 2707 1058 2762; x_wconf 88' lang='lat' dir='ltr'><strong>fuit.</strong></span> <span class='ocrx_word' id='word_1_238' title='bbox 1093 2707 1150 2763; x_wconf 89' lang='lat' dir='ltr'><strong>Si</strong></span> <span class='ocrx_word' id='word_1_239' title='bbox 1183 2714 1379 2764; x_wconf 89' lang='lat' dir='ltr'><strong>autem</strong></span> <span class='ocrx_word' id='word_1_240' title='bbox 1404 2707 1734 2763; x_wconf 89' lang='lat' dir='ltr'><strong>Cerdonem</strong></span> <span class='ocrx_word' id='word_1_241' title='bbox 1763 2713 1981 2764; x_wconf 91' lang='lat' dir='ltr'><strong>statua-</strong></span> 
     </span>
    </p>
   </div>
   <div class='ocr_carea' id='block_1_30' title="bbox 325 2794 1981 2866">
    <p class='ocr_par' dir='ltr' id='par_1_30' title="bbox 325 2794 1981 2866">
     <span class='ocr_line' id='line_1_31' title="bbox 325 2794 1981 2866; baseline 0.001 -18"><span class='ocrx_word' id='word_1_242' title='bbox 325 2811 453 2848; x_wconf 87' lang='lat' dir='ltr'><strong>mus</strong></span> <span class='ocrx_word' id='word_1_243' title='bbox 484 2794 531 2848; x_wconf 89' lang='lat' dir='ltr'><strong>si</strong></span> <span class='ocrx_word' id='word_1_244' title='bbox 567 2811 690 2849; x_wconf 89' lang='lat' dir='ltr'><strong>non</strong></span> <span class='ocrx_word' id='word_1_245' title='bbox 720 2802 878 2864; x_wconf 84' lang='lat' dir='ltr'><strong>ante,</strong></span> <span class='ocrx_word' id='word_1_246' title='bbox 912 2794 1037 2866; x_wconf 90' lang='lat' dir='ltr'><strong>ipso</strong></span> <span class='ocrx_word' id='word_1_247' title='bbox 1072 2800 1271 2850; x_wconf 88' lang='lat' dir='ltr'><strong>tamen</strong></span> <span class='ocrx_word' id='word_1_248' title='bbox 1308 2795 1509 2851; x_wconf 87' lang='lat' dir='ltr'><strong>statim</strong></span> <span class='ocrx_word' id='word_1_249' title='bbox 1541 2795 1712 2849; x_wconf 91' lang='lat' dir='ltr'><strong>initio</strong></span> <span class='ocrx_word' id='word_1_250' title='bbox 1735 2794 1981 2850; x_wconf 90' lang='lat' dir='ltr'><strong>Adriani</strong></span> 
     </span>
    </p>
   </div>
   <div class='ocr_carea' id='block_1_31' title="bbox 337 2883 1981 2956">
    <p class='ocr_par' dir='ltr' id='par_1_31' title="bbox 337 2883 1981 2956">
     <span class='ocr_line' id='line_1_32' title="bbox 337 2883 1981 2956; baseline 0.001 -20"><span class='ocrx_word' id='word_1_251' title='bbox 337 2899 438 2937; x_wconf 89' lang='lat' dir='ltr'><strong>sua</strong></span> <span class='ocrx_word' id='word_1_252' title='bbox 465 2883 679 2938; x_wconf 90' lang='lat' dir='ltr'><strong>deliria</strong></span> <span class='ocrx_word' id='word_1_253' title='bbox 709 2883 1153 2948; x_wconf 87' lang='lat' dir='ltr'><strong>disseminasse,</strong></span> <span class='ocrx_word' id='word_1_254' title='bbox 1187 2884 1345 2956; x_wconf 90' lang='lat' dir='ltr'><strong>quod</strong></span> <span class='ocrx_word' id='word_1_255' title='bbox 1378 2883 1632 2940; x_wconf 83' lang='lat' dir='ltr'><strong>maxime</strong></span> <span class='ocrx_word' id='word_1_256' title='bbox 1674 2883 1981 2955; x_wconf 89' lang='lat' dir='ltr'><strong>probabile</strong></span> 
     </span>
    </p>
   </div>
   <div class='ocr_carea' id='block_1_32' title="bbox 329 2971 1982 3046">
    <p class='ocr_par' dir='ltr' id='par_1_32' title="bbox 329 2971 1982 3046">
     <span class='ocr_line' id='line_1_33' title="bbox 329 2971 1982 3046; baseline 0.003 -21"><span class='ocrx_word' id='word_1_257' title='bbox 329 2971 721 3040; x_wconf 85' lang='lat' dir='ltr'><strong>reddidimus,</strong></span> <span class='ocrx_word' id='word_1_258' title='bbox 758 2989 933 3028; x_wconf 86' lang='lat' dir='ltr'><strong>nemo</strong></span> <span class='ocrx_word' id='word_1_259' title='bbox 965 2973 1206 3046; x_wconf 82' lang='lat' dir='ltr'><strong>negabit</strong></span> <span class='ocrx_word' id='word_1_260' title='bbox 1235 2973 1415 3029; x_wconf 91' lang='lat' dir='ltr'><strong>etiam</strong></span> <span class='ocrx_word' id='word_1_261' title='bbox 1467 2972 1844 3029; x_wconf 86' lang='lat' dir='ltr'><strong>Valentinum</strong></span> <span class='ocrx_word' id='word_1_262' title='bbox 1876 2989 1982 3030; x_wconf 87' lang='lat' dir='ltr'><strong>sua</strong></span> 
     </span>
    </p>
   </div>
   <div class='ocr_carea' id='block_1_33' title="bbox 321 3062 1978 3134">
    <p class='ocr_par' dir='ltr' id='par_1_33' title="bbox 321 3062 1978 3134">
     <span class='ocr_line' id='line_1_34' title="bbox 321 3062 1978 3134; baseline 0.001 -18"><span class='ocrx_word' id='word_1_263' title='bbox 321 3078 598 3134; x_wconf 82' lang='lat' dir='ltr'><strong>spargere</strong></span> <span class='ocrx_word' id='word_1_264' title='bbox 612 3062 878 3132; x_wconf 88' lang='lat' dir='ltr'><strong>potuisse</strong></span> <span class='ocrx_word' id='word_1_265' title='bbox 899 3068 1035 3118; x_wconf 88' lang='lat' dir='ltr'><strong>ante</strong></span> <span class='ocrx_word' id='word_1_266' title='bbox 1068 3063 1458 3119; x_wconf 89' lang='lat' dir='ltr'><strong>undecimum</strong></span> <span class='ocrx_word' id='word_1_267' title='bbox 1473 3079 1698 3118; x_wconf 90' lang='lat' dir='ltr'><strong>annum</strong></span> <span class='ocrx_word' id='word_1_268' title='bbox 1719 3063 1847 3134; x_wconf 79' lang='lat' dir='ltr'><strong>Traj</strong></span> <span class='ocrx_word' id='word_1_269' title='bbox 1858 3063 1978 3130; x_wconf 86' lang='lat' dir='ltr'><strong>ani;</strong></span> 
     </span>
    </p>
   </div>
   <div class='ocr_carea' id='block_1_34' title="bbox 321 3151 1974 3225">
    <p class='ocr_par' dir='ltr' id='par_1_34' title="bbox 321 3151 1974 3225">
     <span class='ocr_line' id='line_1_35' title="bbox 321 3151 1974 3225; baseline 0.001 -21"><span class='ocrx_word' id='word_1_270' title='bbox 321 3166 509 3220; x_wconf 89' lang='lat' dir='ltr'><strong>eaque</strong></span> <span class='ocrx_word' id='word_1_271' title='bbox 540 3167 720 3206; x_wconf 89' lang='lat' dir='ltr'><strong>nemo</strong></span> <span class='ocrx_word' id='word_1_272' title='bbox 752 3169 874 3207; x_wconf 92' lang='lat' dir='ltr'><strong>non</strong></span> <span class='ocrx_word' id='word_1_273' title='bbox 906 3151 1195 3208; x_wconf 88' lang='lat' dir='ltr'><strong>concedet</strong></span> <span class='ocrx_word' id='word_1_274' title='bbox 1226 3152 1297 3208; x_wconf 91' lang='lat' dir='ltr'><strong>ab</strong></span> <span class='ocrx_word' id='word_1_275' title='bbox 1330 3151 1554 3225; x_wconf 78' lang='lat' dir='ltr'><strong>Ignatio</strong></span> <span class='ocrx_word' id='word_1_276' title='bbox 1586 3157 1722 3208; x_wconf 83' lang='lat' dir='ltr'><strong>ante</strong></span> <span class='ocrx_word' id='word_1_277' title='bbox 1755 3157 1974 3223; x_wconf 89' lang='lat' dir='ltr'><strong>marty-</strong></span> 
     </span>
    </p>
   </div>
   <div class='ocr_carea' id='block_1_35' title="bbox 317 3243 1097 3317">
    <p class='ocr_par' dir='ltr' id='par_1_35' title="bbox 317 3243 1097 3317">
     <span class='ocr_line' id='line_1_36' title="bbox 317 3243 1097 3317; baseline 0.008 -21"><span class='ocrx_word' id='word_1_278' title='bbox 317 3243 475 3297; x_wconf 89' lang='lat' dir='ltr'><strong>rium</strong></span> <span class='ocrx_word' id='word_1_279' title='bbox 507 3245 773 3315; x_wconf 90' lang='lat' dir='ltr'><strong>potuisse</strong></span> <span class='ocrx_word' id='word_1_280' title='bbox 804 3246 1097 3317; x_wconf 85' lang='lat' dir='ltr'><strong>cognosci.</strong></span> 
     </span>
    </p>
   </div>
   <div class='ocr_carea' id='block_1_36' title="bbox 391 3352 1982 3422">
    <p class='ocr_par' dir='ltr' id='par_1_36' title="bbox 391 3352 1982 3422">
     <span class='ocr_line' id='line_1_37' title="bbox 391 3352 1982 3422; baseline 0.001 -17"><span class='ocrx_word' id='word_1_281' title='bbox 391 3352 524 3406; x_wconf 89' lang='lat' dir='ltr'><strong>Alio</strong></span> <span class='ocrx_word' id='word_1_282' title='bbox 559 3354 741 3408; x_wconf 88' lang='lat' dir='ltr'><strong>etiam</strong></span> <span class='ocrx_word' id='word_1_283' title='bbox 765 3359 1115 3422; x_wconf 80' lang='lat' dir='ltr'><strong>argumento</strong></span> <span class='ocrx_word' id='word_1_284' title='bbox 1140 3355 1328 3409; x_wconf 89' lang='lat' dir='ltr'><strong>utitur</strong></span> <span class='ocrx_word' id='word_1_285' title='bbox 1373 3354 1660 3409; x_wconf 82' lang='lat' dir='ltr'><strong>Dallaus:</strong></span> <span class='ocrx_word' id='word_1_286' title='bbox 1718 3375 1746 3405; x_wconf 83' lang='lat'><strong><em>«</em></strong></span> <span class='ocrx_word' id='word_1_287' title='bbox 1782 3355 1982 3409; x_wconf 90' lang='lat' dir='ltr'><strong>Satur-</strong></span> 
     </span>
    </p>
   </div>
   <div class='ocr_carea' id='block_1_37' title="bbox 321 3439 1984 3514">
    <p class='ocr_par' dir='ltr' id='par_1_37' title="bbox 321 3439 1984 3514">
     <span class='ocr_line' id='line_1_38' title="bbox 321 3439 1984 3514; baseline 0.002 -21"><span class='ocrx_word' id='word_1_288' title='bbox 321 3439 482 3494; x_wconf 90' lang='lat' dir='ltr'><strong>nilus</strong></span> <span class='ocrx_word' id='word_1_289' title='bbox 531 3447 594 3496; x_wconf 85' lang='lat' dir='ltr'><strong>et</strong></span> <span class='ocrx_word' id='word_1_290' title='bbox 643 3443 926 3498; x_wconf 86' lang='lat' dir='ltr'><strong>Basilides</strong></span> <span class='ocrx_word' id='word_1_291' title='bbox 964 3444 1140 3498; x_wconf 90' lang='lat' dir='ltr'><strong>annis</strong></span> <span class='ocrx_word' id='word_1_292' title='bbox 1188 3443 1458 3514; x_wconf 88' lang='lat' dir='ltr'><strong>pluribus</strong></span> <span class='ocrx_word' id='word_1_293' title='bbox 1507 3458 1687 3513; x_wconf 87' lang='lat' dir='ltr'><strong>quam</strong></span> <span class='ocrx_word' id='word_1_294' title='bbox 1734 3445 1802 3497; x_wconf 88' lang='lat'><strong>20</strong></span> <span class='ocrx_word' id='word_1_295' title='bbox 1849 3445 1984 3513; x_wconf 89' lang='lat' dir='ltr'><strong>post</strong></span> 
     </span>
    </p>
   </div>
   <div class='ocr_carea' id='block_1_38' title="bbox 317 3528 1976 3603">
    <p class='ocr_par' dir='ltr' id='par_1_38' title="bbox 317 3528 1976 3603">
     <span class='ocr_line' id='line_1_39' title="bbox 317 3528 1976 3603; baseline 0.002 -22"><span class='ocrx_word' id='word_1_296' title='bbox 317 3528 536 3599; x_wconf 85' lang='lat' dir='ltr'><strong>lgnatii</strong></span> <span class='ocrx_word' id='word_1_297' title='bbox 565 3531 922 3602; x_wconf 86' lang='lat' dir='ltr'><strong>martyrium</strong></span> <span class='ocrx_word' id='word_1_298' title='bbox 955 3548 1062 3588; x_wconf 91' lang='lat' dir='ltr'><strong>sua</strong></span> <span class='ocrx_word' id='word_1_299' title='bbox 1081 3531 1295 3586; x_wconf 90' lang='lat' dir='ltr'><strong>deliria</strong></span> <span class='ocrx_word' id='word_1_300' title='bbox 1323 3547 1601 3603; x_wconf 88' lang='lat' dir='ltr'><strong>spargere</strong></span> <span class='ocrx_word' id='word_1_301' title='bbox 1653 3535 1976 3602; x_wconf 80' lang='lat' dir='ltr'><strong>caperunt.</strong></span> 
     </span>
    </p>
   </div>
   <div class='ocr_carea' id='block_1_39' title="bbox 323 3617 1979 3690">
    <p class='ocr_par' dir='ltr' id='par_1_39' title="bbox 323 3617 1979 3690">
     <span class='ocr_line' id='line_1_40' title="bbox 323 3617 1979 3690; baseline 0.003 -21"><span class='ocrx_word' id='word_1_302' title='bbox 323 3617 676 3673; x_wconf 85' lang='lat' dir='ltr'><strong>Valentinus</strong></span> <span class='ocrx_word' id='word_1_303' title='bbox 714 3626 915 3674; x_wconf 88' lang='lat' dir='ltr'><strong>autem</strong></span> <span class='ocrx_word' id='word_1_304' title='bbox 945 3626 1079 3690; x_wconf 87' lang='lat' dir='ltr'><strong>post</strong></span> <span class='ocrx_word' id='word_1_305' title='bbox 1106 3620 1214 3674; x_wconf 89' lang='lat' dir='ltr'><strong>hos</strong></span> <span class='ocrx_word' id='word_1_306' title='bbox 1245 3619 1394 3674; x_wconf 90' lang='lat' dir='ltr'><strong>duos</strong></span> <span class='ocrx_word' id='word_1_307' title='bbox 1447 3620 1661 3690; x_wconf 87' lang='lat' dir='ltr'><strong>erupit.</strong></span> <span class='ocrx_word' id='word_1_308' title='bbox 1699 3640 1728 3668; x_wconf 82' lang='lat'>»</span> <span class='ocrx_word' id='word_1_309' title='bbox 1783 3619 1979 3674; x_wconf 90' lang='lat' dir='ltr'><strong>Primo</strong></span> 
     </span>
    </p>
   </div>
   <div class='ocr_carea' id='block_1_40' title="bbox 322 3706 1976 3779">
    <p class='ocr_par' dir='ltr' id='par_1_40' title="bbox 322 3706 1976 3779">
     <span class='ocr_line' id='line_1_41' title="bbox 322 3706 1976 3779; baseline 0.002 -20"><span class='ocrx_word' id='word_1_310' title='bbox 322 3706 568 3776; x_wconf 88' lang='lat' dir='ltr'><strong>quidem</strong></span> <span class='ocrx_word' id='word_1_311' title='bbox 600 3708 791 3763; x_wconf 86' lang='lat' dir='ltr'><strong>fateor</strong></span> <span class='ocrx_word' id='word_1_312' title='bbox 825 3709 1202 3763; x_wconf 88' lang='lat' dir='ltr'><strong>Valentinum</strong></span> <span class='ocrx_word' id='word_1_313' title='bbox 1234 3714 1367 3779; x_wconf 93' lang='lat' dir='ltr'><strong>post</strong></span> <span class='ocrx_word' id='word_1_314' title='bbox 1386 3724 1488 3763; x_wconf 92' lang='lat' dir='ltr'><strong>eos</strong></span> <span class='ocrx_word' id='word_1_315' title='bbox 1519 3708 1668 3764; x_wconf 92' lang='lat' dir='ltr'><strong>duos</strong></span> <span class='ocrx_word' id='word_1_316' title='bbox 1690 3709 1976 3779; x_wconf 90' lang='lat' dir='ltr'><strong>erupisse,</strong></span> 
     </span>
    </p>
   </div>
   <div class='ocr_carea' id='block_1_41' title="bbox 323 3794 1980 3869">
    <p class='ocr_par' dir='ltr' id='par_1_41' title="bbox 323 3794 1980 3869">
     <span class='ocr_line' id='line_1_42' title="bbox 323 3794 1980 3869; baseline 0.002 -19"><span class='ocrx_word' id='word_1_317' title='bbox 323 3794 430 3850; x_wconf 90' lang='lat' dir='ltr'><strong>sed</strong></span> <span class='ocrx_word' id='word_1_318' title='bbox 464 3813 584 3851; x_wconf 92' lang='lat' dir='ltr'><strong>non</strong></span> <span class='ocrx_word' id='word_1_319' title='bbox 615 3813 827 3869; x_wconf 84' lang='lat' dir='ltr'><strong>magno</strong></span> <span class='ocrx_word' id='word_1_320' title='bbox 855 3797 1186 3852; x_wconf 90' lang='lat' dir='ltr'><strong>intervallo.</strong></span> <span class='ocrx_word' id='word_1_321' title='bbox 1221 3797 1492 3852; x_wconf 90' lang='lat' dir='ltr'><strong>Secundo</strong></span> <span class='ocrx_word' id='word_1_322' title='bbox 1525 3797 1706 3852; x_wconf 88' lang='lat' dir='ltr'><strong>etiam</strong></span> <span class='ocrx_word' id='word_1_323' title='bbox 1727 3813 1980 3868; x_wconf 89' lang='lat' dir='ltr'><strong>agnosco</strong></span> 
     </span>
    </p>
   </div>
   <div class='ocr_carea' id='block_1_42' title="bbox 323 3884 1982 3956">
    <p class='ocr_par' dir='ltr' id='par_1_42' title="bbox 323 3884 1982 3956">
     <span class='ocr_line' id='line_1_43' title="bbox 323 3884 1982 3956; baseline 0 -16"><span class='ocrx_word' id='word_1_324' title='bbox 323 3885 695 3942; x_wconf 86' lang='lat' dir='ltr'><strong>Saturnilum</strong></span> <span class='ocrx_word' id='word_1_325' title='bbox 717 3887 881 3956; x_wconf 90' lang='lat' dir='ltr'><strong>prius</strong></span> <span class='ocrx_word' id='word_1_326' title='bbox 903 3901 1072 3939; x_wconf 86' lang='lat' dir='ltr'><strong>suam</strong></span> <span class='ocrx_word' id='word_1_327' title='bbox 1093 3885 1350 3940; x_wconf 87' lang='lat' dir='ltr'><strong>haresin</strong></span> <span class='ocrx_word' id='word_1_328' title='bbox 1373 3884 1646 3940; x_wconf 89' lang='lat' dir='ltr'><strong>docuisse</strong></span> <span class='ocrx_word' id='word_1_329' title='bbox 1667 3900 1846 3954; x_wconf 88' lang='lat' dir='ltr'><strong>quam</strong></span> <span class='ocrx_word' id='word_1_330' title='bbox 1879 3885 1982 3940; x_wconf 85' lang='lat' dir='ltr'><strong>Ba-</strong></span> 
     </span>
    </p>
   </div>
   <div class='ocr_carea' id='block_1_43' title="bbox 323 3973 1980 4045">
    <p class='ocr_par' dir='ltr' id='par_1_43' title="bbox 323 3973 1980 4045">
     <span class='ocr_line' id='line_1_44' title="bbox 323 3973 1980 4045; baseline -0.001 -15"><span class='ocrx_word' id='word_1_331' title='bbox 323 3976 593 4043; x_wconf 88' lang='lat' dir='ltr'><strong>silidem,</strong></span> <span class='ocrx_word' id='word_1_332' title='bbox 624 3975 783 4045; x_wconf 89' lang='lat' dir='ltr'><strong>quod</strong></span> <span class='ocrx_word' id='word_1_333' title='bbox 812 3974 1020 4029; x_wconf 80' lang='lat' dir='ltr'><strong>frivola</strong></span> <span class='ocrx_word' id='word_1_334' title='bbox 1049 3973 1386 4045; x_wconf 90' lang='lat' dir='ltr'><strong>suspicione</strong></span> <span class='ocrx_word' id='word_1_335' title='bbox 1430 3973 1640 4029; x_wconf 87' lang='lat' dir='ltr'><strong>ductus</strong></span> <span class='ocrx_word' id='word_1_336' title='bbox 1692 3974 1980 4029; x_wconf 88' lang='lat' dir='ltr'><strong>Baronius</strong></span> 
     </span>
    </p>
   </div>
   <div class='ocr_carea' id='block_1_44' title="bbox 324 4061 1978 4136">
    <p class='ocr_par' dir='ltr' id='par_1_44' title="bbox 324 4061 1978 4136">
     <span class='ocr_line' id='line_1_45' title="bbox 324 4061 1978 4136; baseline -0.002 -18"><span class='ocrx_word' id='word_1_337' title='bbox 324 4065 580 4136; x_wconf 86' lang='lat' dir='ltr'><strong>negavit.</strong></span> <span class='ocrx_word' id='word_1_338' title='bbox 608 4061 722 4118; x_wconf 91' lang='lat' dir='ltr'><strong>Sed</strong></span> <span class='ocrx_word' id='word_1_339' title='bbox 747 4063 987 4116; x_wconf 90' lang='lat' dir='ltr'><strong>interim</strong></span> <span class='ocrx_word' id='word_1_340' title='bbox 1017 4068 1220 4133; x_wconf 88' lang='lat' dir='ltr'><strong>aperte</strong></span> <span class='ocrx_word' id='word_1_341' title='bbox 1243 4077 1391 4132; x_wconf 90' lang='lat' dir='ltr'><strong>nego</strong></span> <span class='ocrx_word' id='word_1_342' title='bbox 1409 4061 1532 4116; x_wconf 90' lang='lat' dir='ltr'><strong>ullo</strong></span> <span class='ocrx_word' id='word_1_343' title='bbox 1552 4061 1727 4116; x_wconf 91' lang='lat' dir='ltr'><strong>modo</strong></span> <span class='ocrx_word' id='word_1_344' title='bbox 1740 4061 1978 4133; x_wconf 91' lang='lat' dir='ltr'><strong>probari</strong></span> 
     </span>
    </p>
   </div>
   <div class='ocr_carea' id='block_1_45' title="bbox 326 4151 1981 4224">
    <p class='ocr_par' dir='ltr' id='par_1_45' title="bbox 326 4151 1981 4224">
     <span class='ocr_line' id='line_1_46' title="bbox 326 4151 1981 4224; baseline -0.002 -15"><span class='ocrx_word' id='word_1_345' title='bbox 326 4171 520 4224; x_wconf 89' lang='lat' dir='ltr'><strong>posse,</strong></span> <span class='ocrx_word' id='word_1_346' title='bbox 550 4152 870 4207; x_wconf 86' lang='lat' dir='ltr'><strong>Basilidem</strong></span> <span class='ocrx_word' id='word_1_347' title='bbox 890 4156 977 4206; x_wconf 89' lang='lat' dir='ltr'><strong>tot</strong></span> <span class='ocrx_word' id='word_1_348' title='bbox 1005 4152 1180 4206; x_wconf 90' lang='lat' dir='ltr'><strong>annis</strong></span> <span class='ocrx_word' id='word_1_349' title='bbox 1209 4157 1342 4222; x_wconf 88' lang='lat' dir='ltr'><strong>post</strong></span> <span class='ocrx_word' id='word_1_350' title='bbox 1370 4151 1579 4223; x_wconf 88' lang='lat' dir='ltr'><strong>lgnatii</strong></span> <span class='ocrx_word' id='word_1_351' title='bbox 1610 4158 1856 4206; x_wconf 88' lang='lat' dir='ltr'><strong>mortem</strong></span> <span class='ocrx_word' id='word_1_352' title='bbox 1875 4166 1981 4206; x_wconf 88' lang='lat' dir='ltr'><strong>sua</strong></span> 
     </span>
    </p>
   </div>
   <div class='ocr_carea' id='block_1_46' title="bbox 322 4239 1977 4312">
    <p class='ocr_par' dir='ltr' id='par_1_46' title="bbox 322 4239 1977 4312">
     <span class='ocr_line' id='line_1_47' title="bbox 322 4239 1977 4312; baseline -0.004 -14"><span class='ocrx_word' id='word_1_353' title='bbox 322 4242 538 4298; x_wconf 90' lang='lat' dir='ltr'><strong>deliria</strong></span> <span class='ocrx_word' id='word_1_354' title='bbox 564 4256 839 4312; x_wconf 83' lang='lat' dir='ltr'><strong>spargere</strong></span> <span class='ocrx_word' id='word_1_355' title='bbox 870 4240 1140 4310; x_wconf 88' lang='lat' dir='ltr'><strong>capisse.</strong></span> <span class='ocrx_word' id='word_1_356' title='bbox 1176 4239 1382 4294; x_wconf 90' lang='lat' dir='ltr'><strong>Plures</strong></span> <span class='ocrx_word' id='word_1_357' title='bbox 1410 4256 1588 4310; x_wconf 88' lang='lat' dir='ltr'><strong>quam</strong></span> <span class='ocrx_word' id='word_1_358' title='bbox 1620 4239 1820 4312; x_wconf 85' lang='lat' dir='ltr'><strong>viginti</strong></span> <span class='ocrx_word' id='word_1_359' title='bbox 1870 4255 1977 4295; x_wconf 88' lang='lat' dir='ltr'><strong>an-</strong></span> 
     </span>
    </p>
   </div>
   <div class='ocr_carea' id='block_1_47' title="bbox 321 4327 1978 4398">
    <p class='ocr_par' dir='ltr' id='par_1_47' title="bbox 321 4327 1978 4398">
     <span class='ocr_line' id='line_1_48' title="bbox 321 4327 1978 4398; baseline -0.002 -12"><span class='ocrx_word' id='word_1_360' title='bbox 321 4349 429 4386; x_wconf 89' lang='lat' dir='ltr'><strong>nos</strong></span> <span class='ocrx_word' id='word_1_361' title='bbox 456 4332 571 4385; x_wconf 88' lang='lat' dir='ltr'><strong>hoc</strong></span> <span class='ocrx_word' id='word_1_362' title='bbox 605 4330 735 4384; x_wconf 91' lang='lat' dir='ltr'><strong>loco</strong></span> <span class='ocrx_word' id='word_1_363' title='bbox 767 4329 1055 4394; x_wconf 86' lang='lat' dir='ltr'><strong>nominat,</strong></span> <span class='ocrx_word' id='word_1_364' title='bbox 1101 4327 1290 4398; x_wconf 88' lang='lat' dir='ltr'><strong>capite</strong></span> <span class='ocrx_word' id='word_1_365' title='bbox 1334 4335 1533 4383; x_wconf 90' lang='lat' dir='ltr'><strong>autem</strong></span> <span class='ocrx_word' id='word_1_366' title='bbox 1585 4332 1650 4382; x_wconf 85' lang='grc'><strong>10</strong></span> <span class='ocrx_word' id='word_1_367' title='bbox 1699 4327 1774 4383; x_wconf 90' lang='lat' dir='ltr'><strong>ad</strong></span> <span class='ocrx_word' id='word_1_368' title='bbox 1821 4327 1978 4398; x_wconf 90' lang='lat' dir='ltr'><strong>quod</strong></span> 
     </span>
    </p>
   </div>
   <div class='ocr_carea' id='block_1_48' title="bbox 321 4417 1974 4488">
    <p class='ocr_par' dir='ltr' id='par_1_48' title="bbox 321 4417 1974 4488">
     <span class='ocr_line' id='line_1_49' title="bbox 321 4417 1974 4488; baseline -0.004 -12"><span class='ocrx_word' id='word_1_369' title='bbox 321 4438 430 4476; x_wconf 89' lang='lat' dir='ltr'><strong>nos</strong></span> <span class='ocrx_word' id='word_1_370' title='bbox 462 4419 738 4480; x_wconf 89' lang='lat' dir='ltr'><strong>remittit,</strong></span> <span class='ocrx_word' id='word_1_371' title='bbox 773 4418 1059 4488; x_wconf 87' lang='lat' dir='ltr'><strong>epocham</strong></span> <span class='ocrx_word' id='word_1_372' title='bbox 1091 4418 1388 4472; x_wconf 85' lang='lat' dir='ltr'><strong>hareseos</strong></span> <span class='ocrx_word' id='word_1_373' title='bbox 1427 4417 1798 4472; x_wconf 85' lang='lat' dir='ltr'><strong>Basilidiana</strong></span> <span class='ocrx_word' id='word_1_374' title='bbox 1832 4418 1974 4488; x_wconf 80' lang='lat' dir='ltr'><strong>ﬁgit,</strong></span> 
     </span>
    </p>
   </div>
   <div class='ocr_carea' id='block_1_49' title="bbox 326 4506 1979 4579">
    <p class='ocr_par' dir='ltr' id='par_1_49' title="bbox 326 4506 1979 4579">
     <span class='ocr_line' id='line_1_50' title="bbox 326 4506 1979 4579; baseline -0.002 -14"><span class='ocrx_word' id='word_1_375' title='bbox 326 4526 511 4564; x_wconf 87' lang='lat' dir='ltr'><strong>annos</strong></span> <span class='ocrx_word' id='word_1_376' title='bbox 534 4512 602 4561; x_wconf 80' lang='lat'><strong>27</strong></span> <span class='ocrx_word' id='word_1_377' title='bbox 631 4513 764 4578; x_wconf 91' lang='lat' dir='ltr'><strong>post</strong></span> <span class='ocrx_word' id='word_1_378' title='bbox 779 4507 986 4579; x_wconf 86' lang='lat' dir='ltr'><strong>lgnatii</strong></span> <span class='ocrx_word' id='word_1_379' title='bbox 1010 4507 1360 4576; x_wconf 86' lang='lat' dir='ltr'><strong>martyrium</strong></span> <span class='ocrx_word' id='word_1_380' title='bbox 1382 4513 1679 4564; x_wconf 87' lang='lat' dir='ltr'><strong>numerat.</strong></span> <span class='ocrx_word' id='word_1_381' title='bbox 1709 4513 1766 4560; x_wconf 91' lang='lat' dir='ltr'><strong>et</strong></span> <span class='ocrx_word' id='word_1_382' title='bbox 1804 4506 1979 4562; x_wconf 88' lang='lat' dir='ltr'><strong>verba</strong></span> 
     </span>
    </p>
   </div>
   <div class='ocr_carea' id='block_1_50' title="bbox 323 4595 1974 4654">
    <p class='ocr_par' dir='ltr' id='par_1_50' title="bbox 323 4595 1974 4654">
     <span class='ocr_line' id='line_1_51' title="bbox 323 4595 1974 4654; baseline -0.003 1"><span class='ocrx_word' id='word_1_383' title='bbox 323 4599 561 4654; x_wconf 86' lang='lat' dir='ltr'><strong>Eusebii</strong></span> <span class='ocrx_word' id='word_1_384' title='bbox 599 4599 661 4651; x_wconf 89' lang='lat' dir='ltr'><strong>in</strong></span> <span class='ocrx_word' id='word_1_385' title='bbox 694 4597 985 4651; x_wconf 89' lang='lat' dir='ltr'><strong>Chronico</strong></span> <span class='ocrx_word' id='word_1_386' title='bbox 1016 4595 1090 4650; x_wconf 90' lang='lat' dir='ltr'><strong>ad</strong></span> <span class='ocrx_word' id='word_1_387' title='bbox 1119 4611 1346 4650; x_wconf 89' lang='lat' dir='ltr'><strong>annum</strong></span> <span class='ocrx_word' id='word_1_388' title='bbox 1375 4595 1619 4650; x_wconf 86' lang='lat' dir='ltr'><strong>Adriani</strong></span> <span class='ocrx_word' id='word_1_389' title='bbox 1656 4597 1716 4650; x_wconf 89' lang='lat' dir='ltr'><strong>l7</strong></span> <span class='ocrx_word' id='word_1_390' title='bbox 1739 4597 1974 4650; x_wconf 90' lang='lat' dir='ltr'><strong>Domini</strong></span> 
     </span>
    </p>
   </div>
   <div class='ocr_carea' id='block_1_51' title="bbox 325 4682 1976 4756">
    <p class='ocr_par' dir='ltr' id='par_1_51' title="bbox 325 4682 1976 4756">
     <span class='ocr_line' id='line_1_52' title="bbox 325 4682 1976 4756; baseline 0.001 -16"><span class='ocrx_word' id='word_1_391' title='bbox 325 4705 456 4743; x_wconf 85' lang='lat' dir='ltr'><strong>vero</strong></span> <span class='ocrx_word' id='word_1_392' title='bbox 489 4689 593 4741; x_wconf 75' lang='grc'><strong>134</strong></span> <span class='ocrx_word' id='word_1_393' title='bbox 625 4685 795 4756; x_wconf 88' lang='lat' dir='ltr'><strong>quasi</strong></span> <span class='ocrx_word' id='word_1_394' title='bbox 843 4682 1094 4738; x_wconf 82' lang='lat' dir='ltr'><strong>fundum</strong></span> <span class='ocrx_word' id='word_1_395' title='bbox 1144 4684 1457 4738; x_wconf 88' lang='lat' dir='ltr'><strong>sententia</strong></span> <span class='ocrx_word' id='word_1_396' title='bbox 1507 4683 1728 4740; x_wconf 84' lang='lat' dir='ltr'><strong>laudat.</strong></span> <span class='ocrx_word' id='word_1_397' title='bbox 1790 4684 1976 4741; x_wconf 87' lang='lat' dir='ltr'><strong>Verba</strong></span> 
     </span>
    </p>
   </div>
   <div class='ocr_carea' id='block_1_52' title="bbox 324 4772 1970 4833">
    <p class='ocr_par' dir='ltr' id='par_1_52' title="bbox 324 4772 1970 4833">
     <span class='ocr_line' id='line_1_53' title="bbox 324 4772 1970 4833; baseline -0.001 -2"><span class='ocrx_word' id='word_1_398' title='bbox 324 4776 562 4833; x_wconf 85' lang='lat' dir='ltr'><strong>Eusebii</strong></span> <span class='ocrx_word' id='word_1_399' title='bbox 595 4779 737 4830; x_wconf 89' lang='lat' dir='ltr'><strong>sunt</strong></span> <span class='ocrx_word' id='word_1_400' title='bbox 769 4791 781 4828; x_wconf 90' lang='lat'><strong>:</strong></span> <span class='ocrx_word' id='word_1_401' title='bbox 815 4796 844 4823; x_wconf 88' lang='grc'><strong>‹‹</strong></span> <span class='ocrx_word' id='word_1_402' title='bbox 880 4772 1163 4828; x_wconf 89' lang='lat' dir='ltr'><strong>Basilides</strong></span> <span class='ocrx_word' id='word_1_403' title='bbox 1194 4773 1618 4828; x_wconf 83' lang='lat' dir='ltr'><strong>haresiarches</strong></span> <span class='ocrx_word' id='word_1_404' title='bbox 1639 4772 1701 4828; x_wconf 90' lang='lat' dir='ltr'><strong>in</strong></span> <span class='ocrx_word' id='word_1_405' title='bbox 1720 4772 1970 4829; x_wconf 84' lang='lat' dir='ltr'><strong>Alexan-</strong></span> 
     </span>
    </p>
   </div>
   <div class='ocr_carea' id='block_1_53' title="bbox 323 4861 1976 4934">
    <p class='ocr_par' dir='ltr' id='par_1_53' title="bbox 323 4861 1976 4934">
     <span class='ocr_line' id='line_1_54' title="bbox 323 4861 1976 4934; baseline -0.002 -13"><span class='ocrx_word' id='word_1_406' title='bbox 323 4867 452 4921; x_wconf 85' lang='lat' dir='ltr'><strong>dria</strong></span> <span class='ocrx_word' id='word_1_407' title='bbox 482 4869 911 4932; x_wconf 88' lang='lat' dir='ltr'><strong>commoratur,</strong></span> <span class='ocrx_word' id='word_1_408' title='bbox 944 4879 980 4917; x_wconf 92' lang='lat' dir='ltr'><strong>a</strong></span> <span class='ocrx_word' id='word_1_409' title='bbox 1009 4879 1124 4933; x_wconf 91' lang='lat' dir='ltr'><strong>quo</strong></span> <span class='ocrx_word' id='word_1_410' title='bbox 1158 4861 1436 4918; x_wconf 84' lang='lat' dir='ltr'><strong>Gnostici.</strong></span> <span class='ocrx_word' id='word_1_411' title='bbox 1461 4881 1488 4912; x_wconf 73' lang='grc' dir='ltr'>ιι</span> <span class='ocrx_word' id='word_1_412' title='bbox 1519 4861 1630 4916; x_wconf 89' lang='lat' dir='ltr'><strong>Sed</strong></span> <span class='ocrx_word' id='word_1_413' title='bbox 1650 4878 1827 4932; x_wconf 87' lang='lat' dir='ltr'><strong>quam</strong></span> <span class='ocrx_word' id='word_1_414' title='bbox 1847 4879 1976 4934; x_wconf 90' lang='lat' dir='ltr'><strong>per-</strong></span> 
     </span>
    </p>
   </div>
   <div class='ocr_carea' id='block_1_54' title="bbox 323 4951 1974 5026">
    <p class='ocr_par' dir='ltr' id='par_1_54' title="bbox 323 4951 1974 5026">
     <span class='ocr_line' id='line_1_55' title="bbox 323 4951 1974 5026; baseline -0.002 -15"><span class='ocrx_word' id='word_1_415' title='bbox 323 4973 529 5026; x_wconf 85' lang='lat' dir='ltr'><strong>peram</strong></span> <span class='ocrx_word' id='word_1_416' title='bbox 562 4955 690 5009; x_wconf 87' lang='lat' dir='ltr'><strong>hac</strong></span> <span class='ocrx_word' id='word_1_417' title='bbox 716 4953 790 5008; x_wconf 86' lang='lat' dir='ltr'><strong>ad</strong></span> <span class='ocrx_word' id='word_1_418' title='bbox 821 4951 1061 5007; x_wconf 91' lang='lat' dir='ltr'><strong>initium</strong></span> <span class='ocrx_word' id='word_1_419' title='bbox 1093 4951 1390 5007; x_wconf 87' lang='lat' dir='ltr'><strong>hareseos</strong></span> <span class='ocrx_word' id='word_1_420' title='bbox 1435 4951 1790 5020; x_wconf 81' lang='lat' dir='ltr'><strong>trahuntur;</strong></span> <span class='ocrx_word' id='word_1_421' title='bbox 1843 4969 1974 5023; x_wconf 86' lang='lat' dir='ltr'><strong>qua</strong></span> 
     </span>
    </p>
   </div>
   <div class='ocr_carea' id='block_1_55' title="bbox 320 5039 1973 5115">
    <p class='ocr_par' dir='ltr' id='par_1_55' title="bbox 320 5039 1973 5115">
     <span class='ocr_line' id='line_1_56' title="bbox 320 5039 1973 5115; baseline -0.001 -16"><span class='ocrx_word' id='word_1_422' title='bbox 320 5045 520 5115; x_wconf 88' lang='lat' dir='ltr'><strong>potius</strong></span> <span class='ocrx_word' id='word_1_423' title='bbox 551 5043 779 5098; x_wconf 82' lang='lat' dir='ltr'><strong>exitum</strong></span> <span class='ocrx_word' id='word_1_424' title='bbox 811 5040 1075 5095; x_wconf 79' lang='lat' dir='ltr'><strong>h-eretici</strong></span> <span class='ocrx_word' id='word_1_425' title='bbox 1097 5039 1409 5095; x_wconf 83' lang='lat' dir='ltr'><strong>indicant?</strong></span> <span class='ocrx_word' id='word_1_426' title='bbox 1442 5041 1520 5094; x_wconf 91' lang='lat' dir='ltr'><strong>Eo</strong></span> <span class='ocrx_word' id='word_1_427' title='bbox 1545 5039 1786 5110; x_wconf 90' lang='lat' dir='ltr'><strong>quidem</strong></span> <span class='ocrx_word' id='word_1_428' title='bbox 1817 5058 1973 5097; x_wconf 90' lang='lat' dir='ltr'><strong>anno</strong></span> 
     </span>
    </p>
   </div>
   <div class='ocr_carea' id='block_1_56' title="bbox 317 5129 1975 5202">
    <p class='ocr_par' dir='ltr' id='par_1_56' title="bbox 317 5129 1975 5202">
     <span class='ocr_line' id='line_1_57' title="bbox 317 5129 1975 5202; baseline -0.002 -12"><span class='ocrx_word' id='word_1_429' title='bbox 317 5132 697 5190; x_wconf 86' lang='lat' dir='ltr'><strong>Alexandria</strong></span> <span class='ocrx_word' id='word_1_430' title='bbox 729 5130 922 5187; x_wconf 89' lang='lat' dir='ltr'><strong>adhuc</strong></span> <span class='ocrx_word' id='word_1_431' title='bbox 940 5129 1294 5185; x_wconf 89' lang='lat' dir='ltr'><strong>commorari</strong></span> <span class='ocrx_word' id='word_1_432' title='bbox 1317 5130 1661 5202; x_wconf 89' lang='lat' dir='ltr'><strong>dicitur,qui</strong></span> <span class='ocrx_word' id='word_1_433' title='bbox 1685 5136 1817 5202; x_wconf 87' lang='lat' dir='ltr'><strong>post</strong></span> <span class='ocrx_word' id='word_1_434' title='bbox 1838 5147 1975 5187; x_wconf 86' lang='lat' dir='ltr'><strong>eum</strong></span> 
     </span>
    </p>
   </div>
   <div class='ocr_carea' id='block_1_57' title="bbox 319 5219 1974 5292">
    <p class='ocr_par' dir='ltr' id='par_1_57' title="bbox 319 5219 1974 5292">
     <span class='ocr_line' id='line_1_58' title="bbox 319 5219 1974 5292; baseline -0.002 -13"><span class='ocrx_word' id='word_1_435' title='bbox 319 5241 546 5279; x_wconf 83' lang='lat' dir='ltr'><strong>annum</strong></span> <span class='ocrx_word' id='word_1_436' title='bbox 567 5237 868 5292; x_wconf 87' lang='lat' dir='ltr'><strong>nusquam</strong></span> <span class='ocrx_word' id='word_1_437' title='bbox 891 5219 1222 5290; x_wconf 87' lang='lat' dir='ltr'><strong>comparuit</strong></span> <span class='ocrx_word' id='word_1_438' title='bbox 1252 5219 1334 5274; x_wconf 90' lang='lat' dir='ltr'><strong>lta</strong></span> <span class='ocrx_word' id='word_1_439' title='bbox 1353 5219 1672 5274; x_wconf 88' lang='lat' dir='ltr'><strong>Eusebium</strong></span> <span class='ocrx_word' id='word_1_440' title='bbox 1690 5220 1974 5291; x_wconf 90' lang='lat' dir='ltr'><strong>interpre-</strong></span> 
     </span>
    </p>
   </div>
   <div class='ocr_carea' id='block_1_58' title="bbox 315 5311 1976 5384">
    <p class='ocr_par' dir='ltr' id='par_1_58' title="bbox 315 5311 1976 5384">
     <span class='ocr_line' id='line_1_59' title="bbox 315 5311 1976 5384; baseline -0.004 -12"><span class='ocrx_word' id='word_1_441' title='bbox 315 5323 471 5373; x_wconf 88' lang='lat' dir='ltr'><strong>tatus</strong></span> <span class='ocrx_word' id='word_1_442' title='bbox 504 5322 617 5382; x_wconf 90' lang='lat' dir='ltr'><strong>est,</strong></span> <span class='ocrx_word' id='word_1_443' title='bbox 651 5314 753 5384; x_wconf 89' lang='lat' dir='ltr'><strong>qui</strong></span> <span class='ocrx_word' id='word_1_444' title='bbox 795 5330 862 5368; x_wconf 90' lang='lat' dir='ltr'><strong>ea</strong></span> <span class='ocrx_word' id='word_1_445' title='bbox 892 5311 1069 5368; x_wconf 88' lang='lat' dir='ltr'><strong>verba</strong></span> <span class='ocrx_word' id='word_1_446' title='bbox 1098 5328 1129 5366; x_wconf 91' lang='lat' dir='ltr'><strong>e</strong></span> <span class='ocrx_word' id='word_1_447' title='bbox 1161 5312 1360 5366; x_wconf 82' lang='lat' dir='ltr'><strong>Graco</strong></span> <span class='ocrx_word' id='word_1_448' title='bbox 1406 5311 1726 5378; x_wconf 89' lang='lat' dir='ltr'><strong>transtulit,</strong></span> <span class='ocrx_word' id='word_1_449' title='bbox 1778 5311 1976 5368; x_wconf 83' lang='lat' dir='ltr'><strong>Hiero-</strong></span> 
     </span>
    </p>
   </div>
   <div class='ocr_carea' id='block_1_59' title="bbox 320 5400 1973 5476">
    <p class='ocr_par' dir='ltr' id='par_1_59' title="bbox 320 5400 1973 5476">
     <span class='ocr_line' id='line_1_60' title="bbox 320 5400 1973 5476; baseline -0.003 -15"><span class='ocrx_word' id='word_1_450' title='bbox 320 5423 559 5476; x_wconf 82' lang='lat' dir='ltr'><strong>nymus.</strong></span> <span class='ocrx_word' id='word_1_451' title='bbox 596 5407 661 5458; x_wconf 87' lang='lat' dir='ltr'><strong>In</strong></span> <span class='ocrx_word' id='word_1_452' title='bbox 692 5402 967 5474; x_wconf 86' lang='lat' dir='ltr'><strong>Catalogo</strong></span> <span class='ocrx_word' id='word_1_453' title='bbox 1000 5402 1181 5464; x_wconf 91' lang='lat' dir='ltr'><strong>enim,</strong></span> <span class='ocrx_word' id='word_1_454' title='bbox 1215 5417 1352 5455; x_wconf 89' lang='lat' dir='ltr'><strong>voce</strong></span> <span class='ocrx_word' id='word_1_455' title='bbox 1403 5423 1430 5451; x_wconf 81' lang='grc'><em>‹‹</em></span> <span class='ocrx_word' id='word_1_456' title='bbox 1462 5400 1738 5473; x_wconf 89' lang='lat' dir='ltr'><strong>Agrippa,</strong></span> <span class='ocrx_word' id='word_1_457' title='bbox 1773 5423 1798 5448; x_wconf 76' lang='grc' dir='ltr'><strong>η</strong></span> <span class='ocrx_word' id='word_1_458' title='bbox 1849 5403 1973 5457; x_wconf 87' lang='lat' dir='ltr'><strong>hac</strong></span> 
     </span>
    </p>
   </div>
   <div class='ocr_carea' id='block_1_60' title="bbox 317 5489 1973 5560">
    <p class='ocr_par' dir='ltr' id='par_1_60' title="bbox 317 5489 1973 5560">
     <span class='ocr_line' id='line_1_61' title="bbox 317 5489 1973 5560; baseline -0.004 -10"><span class='ocrx_word' id='word_1_459' title='bbox 317 5496 498 5550; x_wconf 85' lang='lat' dir='ltr'><strong>habet</strong></span> <span class='ocrx_word' id='word_1_460' title='bbox 524 5513 534 5546; x_wconf 92' lang='lat'><strong>:</strong></span> <span class='ocrx_word' id='word_1_461' title='bbox 576 5520 603 5541; x_wconf 74' lang='grc' dir='ltr'><strong>ιι</strong></span> <span class='ocrx_word' id='word_1_462' title='bbox 643 5494 900 5546; x_wconf 83' lang='lat' dir='ltr'><strong>Mortuus</strong></span> <span class='ocrx_word' id='word_1_463' title='bbox 931 5497 1022 5545; x_wconf 89' lang='lat' dir='ltr'><strong>est</strong></span> <span class='ocrx_word' id='word_1_464' title='bbox 1050 5497 1245 5544; x_wconf 90' lang='lat' dir='ltr'><strong>autem</strong></span> <span class='ocrx_word' id='word_1_465' title='bbox 1274 5489 1579 5554; x_wconf 87' lang='lat' dir='ltr'><strong>Basilides,</strong></span> <span class='ocrx_word' id='word_1_466' title='bbox 1605 5506 1640 5545; x_wconf 92' lang='lat' dir='ltr'><strong>a</strong></span> <span class='ocrx_word' id='word_1_467' title='bbox 1677 5506 1792 5560; x_wconf 90' lang='lat' dir='ltr'><strong>quo</strong></span> <span class='ocrx_word' id='word_1_468' title='bbox 1821 5491 1973 5545; x_wconf 85' lang='lat' dir='ltr'><strong>Gno—</strong></span> 
     </span>
    </p>
   </div>
   <div class='ocr_carea' id='block_1_61' title="bbox 321 5577 1974 5653">
    <p class='ocr_par' dir='ltr' id='par_1_61' title="bbox 321 5577 1974 5653">
     <span class='ocr_line' id='line_1_62' title="bbox 321 5577 1974 5653; baseline -0.004 -12"><span class='ocrx_word' id='word_1_469' title='bbox 321 5586 475 5653; x_wconf 87' lang='lat' dir='ltr'><strong>stici,</strong></span> <span class='ocrx_word' id='word_1_470' title='bbox 509 5586 573 5638; x_wconf 91' lang='lat' dir='ltr'><strong>in</strong></span> <span class='ocrx_word' id='word_1_471' title='bbox 637 5581 992 5637; x_wconf 79' lang='lat' dir='ltr'><strong>Alexandria</strong></span> <span class='ocrx_word' id='word_1_472' title='bbox 1037 5578 1406 5651; x_wconf 85' lang='lat' dir='ltr'><strong>temporibus</strong></span> <span class='ocrx_word' id='word_1_473' title='bbox 1453 5577 1721 5634; x_wconf 90' lang='lat' dir='ltr'><strong>Adriani.</strong></span> <span class='ocrx_word' id='word_1_474' title='bbox 1760 5603 1780 5628; x_wconf 80' lang='grc' dir='ltr'>ι</span> <span class='ocrx_word' id='word_1_475' title='bbox 1833 5579 1974 5646; x_wconf 85' lang='lat' dir='ltr'><strong>Quis</strong></span> 
     </span>
    </p>
   </div>
   <div class='ocr_carea' id='block_1_62' title="bbox 321 5667 1974 5742">
    <p class='ocr_par' dir='ltr' id='par_1_62' title="bbox 321 5667 1974 5742">
     <span class='ocr_line' id='line_1_63' title="bbox 321 5667 1974 5742; baseline -0.005 -8"><span class='ocrx_word' id='word_1_476' title='bbox 321 5682 524 5735; x_wconf 83' lang='lat' dir='ltr'><strong>autem</strong></span> <span class='ocrx_word' id='word_1_477' title='bbox 547 5688 672 5731; x_wconf 88' lang='lat' dir='ltr'><strong>non</strong></span> <span class='ocrx_word' id='word_1_478' title='bbox 696 5670 854 5726; x_wconf 86' lang='lat' dir='ltr'><strong>videt</strong></span> <span class='ocrx_word' id='word_1_479' title='bbox 875 5686 1008 5727; x_wconf 89' lang='lat' dir='ltr'><strong>eum</strong></span> <span class='ocrx_word' id='word_1_480' title='bbox 1032 5669 1106 5725; x_wconf 90' lang='lat' dir='ltr'><strong>ad</strong></span> <span class='ocrx_word' id='word_1_481' title='bbox 1127 5667 1459 5725; x_wconf 86' lang='lat' dir='ltr'><strong>Eusebiana</strong></span> <span class='ocrx_word' id='word_1_482' title='bbox 1483 5668 1599 5735; x_wconf 87' lang='lat' dir='ltr'><strong>alia</strong></span> <span class='ocrx_word' id='word_1_483' title='bbox 1629 5669 1925 5742; x_wconf 88' lang='lat' dir='ltr'><strong>respicere</strong></span> <span class='ocrx_word' id='word_1_484' title='bbox 1947 5670 1974 5725; x_wconf 76' lang='lat'><strong>‘2</strong></span> 
     </span>
    </p>
   </div>
   <div class='ocr_carea' id='block_1_63' title="bbox 2103 1017 3754 1075">
    <p class='ocr_par' dir='ltr' id='par_1_63' title="bbox 2103 1017 3754 1075">
     <span class='ocr_line' id='line_1_64' title="bbox 2103 1017 3754 1075; baseline 0.002 -4"><span class='ocrx_word' id='word_1_485' title='bbox 2103 1032 2350 1072; x_wconf 90' lang='lat' dir='ltr'><strong>manum</strong></span> <span class='ocrx_word' id='word_1_486' title='bbox 2362 1017 2488 1072; x_wconf 91' lang='lat' dir='ltr'><strong>mili</strong></span> <span class='ocrx_word' id='word_1_487' title='bbox 2499 1022 2613 1073; x_wconf 90' lang='lat' dir='ltr'><strong>tem</strong></span> <span class='ocrx_word' id='word_1_488' title='bbox 2636 1017 2791 1072; x_wconf 83' lang='lat' dir='ltr'><strong>ferre</strong></span> <span class='ocrx_word' id='word_1_489' title='bbox 2812 1017 3144 1073; x_wconf 87' lang='lat' dir='ltr'><strong>subsidium</strong></span> <span class='ocrx_word' id='word_1_490' title='bbox 3161 1019 3522 1074; x_wconf 90' lang='lat' dir='ltr'><strong>omnimodis</strong></span> <span class='ocrx_word' id='word_1_491' title='bbox 3535 1020 3754 1075; x_wconf 88' lang='lat' dir='ltr'><strong>crucia-</strong></span> 
     </span>
    </p>
   </div>
   <div class='ocr_carea' id='block_1_64' title="bbox 2104 1107 3750 1182">
    <p class='ocr_par' dir='ltr' id='par_1_64' title="bbox 2104 1107 3750 1182">
     <span class='ocr_line' id='line_1_65' title="bbox 2104 1107 3750 1182; baseline 0.004 -22"><span class='ocrx_word' id='word_1_492' title='bbox 2104 1107 2260 1163; x_wconf 92' lang='lat' dir='ltr'><strong>tibus</strong></span> <span class='ocrx_word' id='word_1_493' title='bbox 2290 1113 2484 1164; x_wconf 87' lang='lat' dir='ltr'><strong>necat.</strong></span> <span class='ocrx_word' id='word_1_494' title='bbox 2518 1131 2546 1159; x_wconf 83' lang='lat'>»</span> <span class='ocrx_word' id='word_1_495' title='bbox 2578 1111 2724 1165; x_wconf 88' lang='lat' dir='ltr'><strong>Eum</strong></span> <span class='ocrx_word' id='word_1_496' title='bbox 2755 1109 2934 1182; x_wconf 88' lang='lat' dir='ltr'><strong>igitur</strong></span> <span class='ocrx_word' id='word_1_497' title='bbox 2983 1126 3228 1175; x_wconf 89' lang='lat' dir='ltr'><strong>annum,</strong></span> <span class='ocrx_word' id='word_1_498' title='bbox 3278 1125 3457 1180; x_wconf 92' lang='lat' dir='ltr'><strong>quem</strong></span> <span class='ocrx_word' id='word_1_499' title='bbox 3497 1109 3750 1166; x_wconf 86' lang='lat' dir='ltr'><strong>Dallaus</strong></span> 
     </span>
    </p>
   </div>
   <div class='ocr_carea' id='block_1_65' title="bbox 2100 1197 3748 1270">
    <p class='ocr_par' dir='ltr' id='par_1_65' title="bbox 2100 1197 3748 1270">
     <span class='ocr_line' id='line_1_66' title="bbox 2100 1197 3748 1270; baseline 0.002 -20"><span class='ocrx_word' id='word_1_500' title='bbox 2100 1214 2205 1268; x_wconf 89' lang='lat' dir='ltr'><strong>pro</strong></span> <span class='ocrx_word' id='word_1_501' title='bbox 2237 1213 2345 1253; x_wconf 88' lang='lat' dir='ltr'><strong>sua</strong></span> <span class='ocrx_word' id='word_1_502' title='bbox 2375 1199 2669 1253; x_wconf 87' lang='lat' dir='ltr'><strong>sententia</strong></span> <span class='ocrx_word' id='word_1_503' title='bbox 2697 1199 2968 1268; x_wconf 86' lang='lat' dir='ltr'><strong>arripuit,</strong></span> <span class='ocrx_word' id='word_1_504' title='bbox 2992 1216 3096 1270; x_wconf 92' lang='lat' dir='ltr'><strong>pro</strong></span> <span class='ocrx_word' id='word_1_505' title='bbox 3129 1202 3343 1253; x_wconf 88' lang='lat' dir='ltr'><strong>nostra</strong></span> <span class='ocrx_word' id='word_1_506' title='bbox 3357 1197 3748 1253; x_wconf 86' lang='lat' dir='ltr'><strong>fundamento</strong></span> 
     </span>
    </p>
   </div>
   <div class='ocr_carea' id='block_1_66' title="bbox 2100 1285 3750 1357">
    <p class='ocr_par' dir='ltr' id='par_1_66' title="bbox 2100 1285 3750 1357">
     <span class='ocr_line' id='line_1_67' title="bbox 2100 1285 3750 1357; baseline 0.001 -18"><span class='ocrx_word' id='word_1_507' title='bbox 2100 1301 2291 1355; x_wconf 88' lang='lat' dir='ltr'><strong>pono:</strong></span> <span class='ocrx_word' id='word_1_508' title='bbox 2323 1292 2381 1340; x_wconf 92' lang='lat' dir='ltr'><strong>et</strong></span> <span class='ocrx_word' id='word_1_509' title='bbox 2407 1285 2721 1341; x_wconf 91' lang='lat' dir='ltr'><strong>Basilidem</strong></span> <span class='ocrx_word' id='word_1_510' title='bbox 2749 1303 2906 1342; x_wconf 88' lang='lat' dir='ltr'><strong>anno</strong></span> <span class='ocrx_word' id='word_1_511' title='bbox 2943 1289 3004 1339; x_wconf 82' lang='lat' dir='ltr'><strong>l7</strong></span> <span class='ocrx_word' id='word_1_512' title='bbox 3034 1285 3300 1354; x_wconf 87' lang='lat' dir='ltr'><strong>Adriani,</strong></span> <span class='ocrx_word' id='word_1_513' title='bbox 3333 1291 3468 1357; x_wconf 90' lang='lat' dir='ltr'><strong>post</strong></span> <span class='ocrx_word' id='word_1_514' title='bbox 3496 1286 3551 1340; x_wconf 93' lang='lat' dir='ltr'><strong>S.</strong></span> <span class='ocrx_word' id='word_1_515' title='bbox 3585 1287 3750 1357; x_wconf 83' lang='lat' dir='ltr'><strong>Igna-</strong></span> 
     </span>
    </p>
   </div>
   <div class='ocr_carea' id='block_1_67' title="bbox 2099 1375 3746 1447">
    <p class='ocr_par' dir='ltr' id='par_1_67' title="bbox 2099 1375 3746 1447">
     <span class='ocr_line' id='line_1_68' title="bbox 2099 1375 3746 1447; baseline 0.002 -19"><span class='ocrx_word' id='word_1_516' title='bbox 2099 1375 2166 1428; x_wconf 89' lang='lat' dir='ltr'><strong>tii</strong></span> <span class='ocrx_word' id='word_1_517' title='bbox 2207 1376 2557 1447; x_wconf 86' lang='lat' dir='ltr'><strong>martyrium</strong></span> <span class='ocrx_word' id='word_1_518' title='bbox 2597 1376 2834 1431; x_wconf 88' lang='lat' dir='ltr'><strong>circiter</strong></span> <span class='ocrx_word' id='word_1_519' title='bbox 2879 1378 2946 1429; x_wconf 72' lang='lat'><strong>27</strong></span> <span class='ocrx_word' id='word_1_520' title='bbox 2996 1381 3296 1432; x_wconf 89' lang='lat' dir='ltr'><strong>mortuum</strong></span> <span class='ocrx_word' id='word_1_521' title='bbox 3345 1392 3475 1431; x_wconf 90' lang='lat' dir='ltr'><strong>esse</strong></span> <span class='ocrx_word' id='word_1_522' title='bbox 3528 1381 3746 1431; x_wconf 90' lang='lat' dir='ltr'><strong>statuo.</strong></span> 
     </span>
    </p>
   </div>
   <div class='ocr_carea' id='block_1_68' title="bbox 2102 1466 3746 1522">
    <p class='ocr_par' dir='ltr' id='par_1_68' title="bbox 2102 1466 3746 1522">
     <span class='ocr_line' id='line_1_69' title="bbox 2102 1466 3746 1522; baseline 0.001 -3"><span class='ocrx_word' id='word_1_523' title='bbox 2102 1466 2246 1520; x_wconf 90' lang='lat' dir='ltr'><strong>Dum</strong></span> <span class='ocrx_word' id='word_1_524' title='bbox 2277 1473 2475 1522; x_wconf 86' lang='lat' dir='ltr'><strong>autem</strong></span> <span class='ocrx_word' id='word_1_525' title='bbox 2509 1466 2760 1522; x_wconf 92' lang='lat' dir='ltr'><strong>schedas</strong></span> <span class='ocrx_word' id='word_1_526' title='bbox 2791 1469 3073 1522; x_wconf 87' lang='lat' dir='ltr'><strong>Notarum</strong></span> <span class='ocrx_word' id='word_1_527' title='bbox 3099 1467 3344 1521; x_wconf 76' lang='lat' dir='ltr'><strong>Joannis</strong></span> <span class='ocrx_word' id='word_1_528' title='bbox 3378 1466 3655 1521; x_wconf 91' lang='lat' dir='ltr'><strong>Cotelerii</strong></span> <span class='ocrx_word' id='word_1_529' title='bbox 3683 1467 3746 1521; x_wconf 91' lang='lat' dir='ltr'><strong>in</strong></span> 
     </span>
    </p>
   </div>
   <div class='ocr_carea' id='block_1_69' title="bbox 2096 1553 3744 1626">
    <p class='ocr_par' dir='ltr' id='par_1_69' title="bbox 2096 1553 3744 1626">
     <span class='ocr_line' id='line_1_70' title="bbox 2096 1553 3744 1626; baseline 0.001 -18"><span class='ocrx_word' id='word_1_530' title='bbox 2096 1555 2559 1610; x_wconf 89' lang='lat' dir='ltr'><strong>Constitutiones</strong></span> <span class='ocrx_word' id='word_1_531' title='bbox 2587 1555 2942 1626; x_wconf 90' lang='lat' dir='ltr'><strong>apostolicas</strong></span> <span class='ocrx_word' id='word_1_532' title='bbox 2973 1556 3322 1611; x_wconf 87' lang='lat' dir='ltr'><strong>festinanter</strong></span> <span class='ocrx_word' id='word_1_533' title='bbox 3341 1555 3550 1624; x_wconf 89' lang='lat' dir='ltr'><strong>lustro,</strong></span> <span class='ocrx_word' id='word_1_534' title='bbox 3574 1553 3744 1610; x_wconf 87' lang='lat' dir='ltr'><strong>video</strong></span> 
     </span>
    </p>
   </div>
   <div class='ocr_carea' id='block_1_70' title="bbox 2095 1644 3742 1717">
    <p class='ocr_par' dir='ltr' id='par_1_70' title="bbox 2095 1644 3742 1717">
     <span class='ocr_line' id='line_1_71' title="bbox 2095 1644 3742 1717; baseline 0.001 -20"><span class='ocrx_word' id='word_1_535' title='bbox 2095 1661 2231 1698; x_wconf 89' lang='lat' dir='ltr'><strong>eum</strong></span> <span class='ocrx_word' id='word_1_536' title='bbox 2261 1644 2432 1699; x_wconf 87' lang='lat' dir='ltr'><strong>aliter</strong></span> <span class='ocrx_word' id='word_1_537' title='bbox 2463 1645 2886 1716; x_wconf 84' lang='lat' dir='ltr'><strong>Hieronymum</strong></span> <span class='ocrx_word' id='word_1_538' title='bbox 2918 1645 3271 1717; x_wconf 85' lang='lat' dir='ltr'><strong>intelligere,</strong></span> <span class='ocrx_word' id='word_1_539' title='bbox 3307 1649 3364 1698; x_wconf 91' lang='lat' dir='ltr'><strong>et</strong></span> <span class='ocrx_word' id='word_1_540' title='bbox 3393 1662 3499 1715; x_wconf 90' lang='lat' dir='ltr'><strong>pro</strong></span> <span class='ocrx_word' id='word_1_541' title='bbox 3536 1664 3563 1698; x_wconf 74' lang='grc' dir='ltr'><strong>α</strong></span> <span class='ocrx_word' id='word_1_542' title='bbox 3584 1662 3742 1699; x_wconf 80' lang='lat' dir='ltr'><strong>mor-</strong></span> 
     </span>
    </p>
   </div>
   <div class='ocr_carea' id='block_1_71' title="bbox 2094 1733 3738 1806">
    <p class='ocr_par' dir='ltr' id='par_1_71' title="bbox 2094 1733 3738 1806">
     <span class='ocr_line' id='line_1_72' title="bbox 2094 1733 3738 1806; baseline 0 -18"><span class='ocrx_word' id='word_1_543' title='bbox 2094 1739 2230 1788; x_wconf 89' lang='lat' dir='ltr'><strong>tuus</strong></span> <span class='ocrx_word' id='word_1_544' title='bbox 2262 1739 2351 1788; x_wconf 89' lang='lat' dir='ltr'><strong>est</strong></span> <span class='ocrx_word' id='word_1_545' title='bbox 2383 1759 2402 1786; x_wconf 74' lang='grc' dir='ltr'><strong>ι</strong></span> <span class='ocrx_word' id='word_1_546' title='bbox 2441 1734 2636 1806; x_wconf 87' lang='lat' dir='ltr'><strong>legere</strong></span> <span class='ocrx_word' id='word_1_547' title='bbox 2671 1757 2690 1782; x_wconf 80' lang='grc' dir='ltr'>ι</span> <span class='ocrx_word' id='word_1_548' title='bbox 2727 1739 2992 1789; x_wconf 91' lang='lat' dir='ltr'><strong>moratus</strong></span> <span class='ocrx_word' id='word_1_549' title='bbox 3024 1739 3133 1788; x_wconf 89' lang='lat' dir='ltr'><strong>est.</strong></span> <span class='ocrx_word' id='word_1_550' title='bbox 3158 1756 3184 1784; x_wconf 85' lang='grc'>››</span> <span class='ocrx_word' id='word_1_551' title='bbox 3219 1733 3385 1799; x_wconf 88' lang='lat' dir='ltr'><strong>Quod</strong></span> <span class='ocrx_word' id='word_1_552' title='bbox 3405 1738 3472 1788; x_wconf 90' lang='lat' dir='ltr'><strong>ut</strong></span> <span class='ocrx_word' id='word_1_553' title='bbox 3500 1733 3738 1800; x_wconf 86' lang='lat' dir='ltr'><strong>faceret,</strong></span> 
     </span>
    </p>
   </div>
   <div class='ocr_carea' id='block_1_72' title="bbox 2095 1821 3740 1892">
    <p class='ocr_par' dir='ltr' id='par_1_72' title="bbox 2095 1821 3740 1892">
     <span class='ocr_line' id='line_1_73' title="bbox 2095 1821 3740 1892; baseline 0.001 -17"><span class='ocrx_word' id='word_1_554' title='bbox 2095 1821 2208 1876; x_wconf 89' lang='lat' dir='ltr'><strong>tria</strong></span> <span class='ocrx_word' id='word_1_555' title='bbox 2237 1821 2426 1876; x_wconf 89' lang='lat' dir='ltr'><strong>virum</strong></span> <span class='ocrx_word' id='word_1_556' title='bbox 2461 1821 2626 1876; x_wconf 90' lang='lat' dir='ltr'><strong>illum</strong></span> <span class='ocrx_word' id='word_1_557' title='bbox 2654 1821 2951 1876; x_wconf 89' lang='lat' dir='ltr'><strong>eruditum</strong></span> <span class='ocrx_word' id='word_1_558' title='bbox 2981 1827 3418 1892; x_wconf 86' lang='lat' dir='ltr'><strong>permoverunt.</strong></span> <span class='ocrx_word' id='word_1_559' title='bbox 3451 1822 3740 1890; x_wconf 88' lang='lat' dir='ltr'><strong>Primum,</strong></span> 
     </span>
    </p>
   </div>
   <div class='ocr_carea' id='block_1_73' title="bbox 2096 1909 3740 1982">
    <p class='ocr_par' dir='ltr' id='par_1_73' title="bbox 2096 1909 3740 1982">
     <span class='ocr_line' id='line_1_74' title="bbox 2096 1909 3740 1982; baseline 0.001 -18"><span class='ocrx_word' id='word_1_560' title='bbox 2096 1909 2255 1980; x_wconf 89' lang='lat' dir='ltr'><strong>quod</strong></span> <span class='ocrx_word' id='word_1_561' title='bbox 2285 1911 2451 1966; x_wconf 90' lang='lat' dir='ltr'><strong>locus</strong></span> <span class='ocrx_word' id='word_1_562' title='bbox 2481 1910 2738 1982; x_wconf 87' lang='lat' dir='ltr'><strong>Catalogi</strong></span> <span class='ocrx_word' id='word_1_563' title='bbox 2771 1910 2858 1965; x_wconf 91' lang='lat' dir='ltr'><strong>illi</strong></span> <span class='ocrx_word' id='word_1_564' title='bbox 2891 1910 3050 1980; x_wconf 90' lang='lat' dir='ltr'><strong>apud</strong></span> <span class='ocrx_word' id='word_1_565' title='bbox 3079 1910 3412 1965; x_wconf 90' lang='lat' dir='ltr'><strong>Chronicon</strong></span> <span class='ocrx_word' id='word_1_566' title='bbox 3451 1915 3572 1964; x_wconf 92' lang='lat' dir='ltr'><strong>tam</strong></span> <span class='ocrx_word' id='word_1_567' title='bbox 3604 1915 3740 1980; x_wconf 89' lang='lat' dir='ltr'><strong>apte</strong></span> 
     </span>
    </p>
   </div>
   <div class='ocr_carea' id='block_1_74' title="bbox 2091 1999 3736 2071">
    <p class='ocr_par' dir='ltr' id='par_1_74' title="bbox 2091 1999 3736 2071">
     <span class='ocr_line' id='line_1_75' title="bbox 2091 1999 3736 2071; baseline 0.001 -18"><span class='ocrx_word' id='word_1_568' title='bbox 2091 1999 2380 2071; x_wconf 86' lang='lat' dir='ltr'><strong>quadret:</strong></span> <span class='ocrx_word' id='word_1_569' title='bbox 2415 2000 2764 2068; x_wconf 90' lang='lat' dir='ltr'><strong>secundum,</strong></span> <span class='ocrx_word' id='word_1_570' title='bbox 2799 2000 2959 2071; x_wconf 92' lang='lat' dir='ltr'><strong>quod</strong></span> <span class='ocrx_word' id='word_1_571' title='bbox 3008 2001 3070 2055; x_wconf 92' lang='lat' dir='ltr'><strong>in</strong></span> <span class='ocrx_word' id='word_1_572' title='bbox 3129 2000 3394 2071; x_wconf 90' lang='lat' dir='ltr'><strong>quinque</strong></span> <span class='ocrx_word' id='word_1_573' title='bbox 3432 1999 3736 2055; x_wconf 89' lang='lat' dir='ltr'><strong>codicibus</strong></span> 
     </span>
    </p>
   </div>
   <div class='ocr_carea' id='block_1_75' title="bbox 2093 2088 3705 2160">
    <p class='ocr_par' dir='ltr' id='par_1_75' title="bbox 2093 2088 3705 2160">
     <span class='ocr_line' id='line_1_76' title="bbox 2093 2088 3705 2160; baseline 0.001 -18"><span class='ocrx_word' id='word_1_574' title='bbox 2093 2089 2380 2159; x_wconf 91' lang='lat' dir='ltr'><strong>scriptum</strong></span> <span class='ocrx_word' id='word_1_575' title='bbox 2405 2090 2746 2160; x_wconf 87' lang='lat' dir='ltr'><strong>reperisset,</strong></span> <span class='ocrx_word' id='word_1_576' title='bbox 2771 2115 2796 2140; x_wconf 73' lang='grc' dir='ltr'><strong>ι(</strong></span> <span class='ocrx_word' id='word_1_577' title='bbox 2827 2095 3091 2145; x_wconf 91' lang='lat' dir='ltr'><strong>moratus</strong></span> <span class='ocrx_word' id='word_1_578' title='bbox 3123 2095 3208 2145; x_wconf 87' lang='lat' dir='ltr'><strong>est</strong></span> <span class='ocrx_word' id='word_1_579' title='bbox 3234 2107 3248 2155; x_wconf 90' lang='lat'><strong>;</strong></span> <span class='ocrx_word' id='word_1_580' title='bbox 3284 2112 3312 2139; x_wconf 88' lang='grc'><strong>››</strong></span> <span class='ocrx_word' id='word_1_581' title='bbox 3344 2089 3583 2144; x_wconf 85' lang='lat' dir='ltr'><strong>tertium</strong></span> <span class='ocrx_word' id='word_1_582' title='bbox 3607 2088 3705 2144; x_wconf 89' lang='lat' dir='ltr'><strong>C-le</strong></span> 
     </span>
    </p>
   </div>
   <div class='ocr_carea' id='block_1_76' title="bbox 2092 2177 3736 2250">
    <p class='ocr_par' dir='ltr' id='par_1_76' title="bbox 2092 2177 3736 2250">
     <span class='ocr_line' id='line_1_77' title="bbox 2092 2177 3736 2250; baseline 0 -18"><span class='ocrx_word' id='word_1_583' title='bbox 2092 2177 2308 2232; x_wconf 92' lang='lat' dir='ltr'><strong>mentis</strong></span> <span class='ocrx_word' id='word_1_584' title='bbox 2339 2177 2721 2234; x_wconf 80' lang='lat' dir='ltr'><strong>Alexandrini</strong></span> <span class='ocrx_word' id='word_1_585' title='bbox 2753 2179 2949 2234; x_wconf 91' lang='lat' dir='ltr'><strong>locum</strong></span> <span class='ocrx_word' id='word_1_586' title='bbox 2968 2184 3213 2250; x_wconf 87' lang='lat' dir='ltr'><strong>spectat.</strong></span> <span class='ocrx_word' id='word_1_587' title='bbox 3243 2177 3357 2233; x_wconf 92' lang='lat' dir='ltr'><strong>Sed</strong></span> <span class='ocrx_word' id='word_1_588' title='bbox 3385 2177 3511 2232; x_wconf 83' lang='lat' dir='ltr'><strong>hac</strong></span> <span class='ocrx_word' id='word_1_589' title='bbox 3541 2193 3736 2248; x_wconf 88' lang='lat' dir='ltr'><strong>neque</strong></span> 
     </span>
    </p>
   </div>
   <div class='ocr_carea' id='block_1_77' title="bbox 2089 2265 3734 2340">
    <p class='ocr_par' dir='ltr' id='par_1_77' title="bbox 2089 2265 3734 2340">
     <span class='ocr_line' id='line_1_78' title="bbox 2089 2265 3734 2340; baseline 0.001 -19"><span class='ocrx_word' id='word_1_590' title='bbox 2089 2271 2326 2338; x_wconf 88' lang='lat' dir='ltr'><strong>cogunt,</strong></span> <span class='ocrx_word' id='word_1_591' title='bbox 2360 2284 2553 2339; x_wconf 91' lang='lat' dir='ltr'><strong>neque</strong></span> <span class='ocrx_word' id='word_1_592' title='bbox 2587 2267 2965 2340; x_wconf 90' lang='lat' dir='ltr'><strong>persuadent,</strong></span> <span class='ocrx_word' id='word_1_593' title='bbox 3000 2273 3065 2322; x_wconf 90' lang='lat' dir='ltr'><strong>ut</strong></span> <span class='ocrx_word' id='word_1_594' title='bbox 3093 2266 3383 2338; x_wconf 87' lang='lat' dir='ltr'><strong>vulgatam</strong></span> <span class='ocrx_word' id='word_1_595' title='bbox 3415 2265 3734 2322; x_wconf 89' lang='lat' dir='ltr'><strong>lectionem</strong></span> 
     </span>
    </p>
   </div>
   <div class='ocr_carea' id='block_1_78' title="bbox 2088 2355 3735 2428">
    <p class='ocr_par' dir='ltr' id='par_1_78' title="bbox 2088 2355 3735 2428">
     <span class='ocr_line' id='line_1_79' title="bbox 2088 2355 3735 2428; baseline 0 -18"><span class='ocrx_word' id='word_1_596' title='bbox 2088 2356 2455 2427; x_wconf 89' lang='lat' dir='ltr'><strong>deseramus,</strong></span> <span class='ocrx_word' id='word_1_597' title='bbox 2487 2362 2590 2412; x_wconf 90' lang='lat' dir='ltr'><strong>aut</strong></span> <span class='ocrx_word' id='word_1_598' title='bbox 2620 2356 2929 2413; x_wconf 90' lang='lat' dir='ltr'><strong>Basilidem</strong></span> <span class='ocrx_word' id='word_1_599' title='bbox 2963 2363 3096 2428; x_wconf 92' lang='lat' dir='ltr'><strong>post</strong></span> <span class='ocrx_word' id='word_1_600' title='bbox 3127 2371 3263 2411; x_wconf 89' lang='lat' dir='ltr'><strong>eum</strong></span> <span class='ocrx_word' id='word_1_601' title='bbox 3284 2371 3508 2411; x_wconf 89' lang='lat' dir='ltr'><strong>annum</strong></span> <span class='ocrx_word' id='word_1_602' title='bbox 3525 2355 3735 2410; x_wconf 81' lang='lat' dir='ltr'><strong>vixisse</strong></span> 
     </span>
    </p>
   </div>
   <div class='ocr_carea' id='block_1_79' title="bbox 2088 2445 3737 2518">
    <p class='ocr_par' dir='ltr' id='par_1_79' title="bbox 2088 2445 3737 2518">
     <span class='ocr_line' id='line_1_80' title="bbox 2088 2445 3737 2518; baseline 0.001 -19"><span class='ocrx_word' id='word_1_603' title='bbox 2088 2445 2419 2500; x_wconf 88' lang='lat' dir='ltr'><strong>credamus.</strong></span> <span class='ocrx_word' id='word_1_604' title='bbox 2454 2447 2580 2502; x_wconf 79' lang='lat' dir='ltr'><strong>Non</strong></span> <span class='ocrx_word' id='word_1_605' title='bbox 2611 2446 2894 2518; x_wconf 88' lang='lat' dir='ltr'><strong>primum,</strong></span> <span class='ocrx_word' id='word_1_606' title='bbox 2927 2446 3067 2516; x_wconf 91' lang='lat' dir='ltr'><strong>quia</strong></span> <span class='ocrx_word' id='word_1_607' title='bbox 3096 2445 3306 2501; x_wconf 90' lang='lat' dir='ltr'><strong>eodem</strong></span> <span class='ocrx_word' id='word_1_608' title='bbox 3337 2462 3494 2500; x_wconf 91' lang='lat' dir='ltr'><strong>anno</strong></span> <span class='ocrx_word' id='word_1_609' title='bbox 3526 2450 3582 2499; x_wconf 91' lang='lat' dir='ltr'><strong>et</strong></span> <span class='ocrx_word' id='word_1_610' title='bbox 3609 2462 3737 2500; x_wconf 87' lang='lat' dir='ltr'><strong>mo-</strong></span> 
     </span>
    </p>
   </div>
   <div class='ocr_carea' id='block_1_80' title="bbox 2086 2534 3736 2606">
    <p class='ocr_par' dir='ltr' id='par_1_80' title="bbox 2086 2534 3736 2606">
     <span class='ocr_line' id='line_1_81' title="bbox 2086 2534 3736 2606; baseline -0.001 -17"><span class='ocrx_word' id='word_1_611' title='bbox 2086 2535 2206 2590; x_wconf 91' lang='lat' dir='ltr'><strong>rari</strong></span> <span class='ocrx_word' id='word_1_612' title='bbox 2255 2535 2448 2606; x_wconf 91' lang='lat' dir='ltr'><strong>potuit</strong></span> <span class='ocrx_word' id='word_1_613' title='bbox 2497 2534 2874 2590; x_wconf 86' lang='lat' dir='ltr'><strong>Alexandria</strong></span> <span class='ocrx_word' id='word_1_614' title='bbox 2916 2536 3230 2592; x_wconf 73' lang='lat' dir='ltr'><strong>haereticus</strong></span> <span class='ocrx_word' id='word_1_615' title='bbox 3278 2535 3402 2604; x_wconf 90' lang='lat' dir='ltr'><strong>ille,</strong></span> <span class='ocrx_word' id='word_1_616' title='bbox 3438 2539 3498 2590; x_wconf 94' lang='lat' dir='ltr'><strong>et</strong></span> <span class='ocrx_word' id='word_1_617' title='bbox 3544 2535 3736 2603; x_wconf 85' lang='lat' dir='ltr'><strong>mori;</strong></span> 
     </span>
    </p>
   </div>
   <div class='ocr_carea' id='block_1_81' title="bbox 2087 2622 3738 2696">
    <p class='ocr_par' dir='ltr' id='par_1_81' title="bbox 2087 2622 3738 2696">
     <span class='ocr_line' id='line_1_82' title="bbox 2087 2622 3738 2696; baseline 0.001 -19"><span class='ocrx_word' id='word_1_618' title='bbox 2087 2639 2273 2678; x_wconf 91' lang='lat' dir='ltr'><strong>unum</strong></span> <span class='ocrx_word' id='word_1_619' title='bbox 2305 2622 2567 2679; x_wconf 91' lang='lat' dir='ltr'><strong>indicare</strong></span> <span class='ocrx_word' id='word_1_620' title='bbox 2601 2625 2792 2696; x_wconf 86' lang='lat' dir='ltr'><strong>potuit</strong></span> <span class='ocrx_word' id='word_1_621' title='bbox 2821 2624 3132 2695; x_wconf 89' lang='lat' dir='ltr'><strong>Eusebius,</strong></span> <span class='ocrx_word' id='word_1_622' title='bbox 3162 2625 3416 2680; x_wconf 87' lang='lat' dir='ltr'><strong>alterum</strong></span> <span class='ocrx_word' id='word_1_623' title='bbox 3448 2625 3738 2694; x_wconf 88' lang='lat' dir='ltr'><strong>Hierony-</strong></span> 
     </span>
    </p>
   </div>
   <div class='ocr_carea' id='block_1_82' title="bbox 2086 2714 3737 2787">
    <p class='ocr_par' dir='ltr' id='par_1_82' title="bbox 2086 2714 3737 2787">
     <span class='ocr_line' id='line_1_83' title="bbox 2086 2714 3737 2787; baseline 0.001 -20"><span class='ocrx_word' id='word_1_624' title='bbox 2086 2729 2218 2768; x_wconf 91' lang='lat' dir='ltr'><strong>mus</strong></span> <span class='ocrx_word' id='word_1_625' title='bbox 2249 2729 2261 2779; x_wconf 93' lang='lat'>;</span> <span class='ocrx_word' id='word_1_626' title='bbox 2296 2718 2353 2768; x_wconf 91' lang='lat' dir='ltr'><strong>et</strong></span> <span class='ocrx_word' id='word_1_627' title='bbox 2383 2731 2519 2769; x_wconf 91' lang='lat' dir='ltr'><strong>cum</strong></span> <span class='ocrx_word' id='word_1_628' title='bbox 2549 2715 2620 2769; x_wconf 91' lang='lat' dir='ltr'><strong>de</strong></span> <span class='ocrx_word' id='word_1_629' title='bbox 2653 2719 2825 2770; x_wconf 87' lang='lat' dir='ltr'><strong>atate</strong></span> <span class='ocrx_word' id='word_1_630' title='bbox 2875 2715 3146 2787; x_wconf 89' lang='lat' dir='ltr'><strong>Agrippa</strong></span> <span class='ocrx_word' id='word_1_631' title='bbox 3194 2715 3451 2770; x_wconf 88' lang='lat' dir='ltr'><strong>Castoris</strong></span> <span class='ocrx_word' id='word_1_632' title='bbox 3500 2719 3633 2785; x_wconf 89' lang='lat' dir='ltr'><strong>agat</strong></span> <span class='ocrx_word' id='word_1_633' title='bbox 3673 2714 3737 2770; x_wconf 88' lang='lat' dir='ltr'><strong>in</strong></span> 
     </span>
    </p>
   </div>
   <div class='ocr_carea' id='block_1_83' title="bbox 2087 2802 3736 2875">
    <p class='ocr_par' dir='ltr' id='par_1_83' title="bbox 2087 2802 3736 2875">
     <span class='ocr_line' id='line_1_84' title="bbox 2087 2802 3736 2875; baseline 0.002 -19"><span class='ocrx_word' id='word_1_634' title='bbox 2087 2802 2381 2875; x_wconf 89' lang='lat' dir='ltr'><strong>Catalogo,</strong></span> <span class='ocrx_word' id='word_1_635' title='bbox 2407 2802 2602 2874; x_wconf 90' lang='lat' dir='ltr'><strong>potius</strong></span> <span class='ocrx_word' id='word_1_636' title='bbox 2635 2802 2707 2858; x_wconf 88' lang='lat' dir='ltr'><strong>ad</strong></span> <span class='ocrx_word' id='word_1_637' title='bbox 2730 2809 2982 2858; x_wconf 91' lang='lat' dir='ltr'><strong>mortem</strong></span> <span class='ocrx_word' id='word_1_638' title='bbox 3007 2803 3302 2874; x_wconf 89' lang='lat' dir='ltr'><strong>Basilidis,</strong></span> <span class='ocrx_word' id='word_1_639' title='bbox 3331 2809 3536 2860; x_wconf 90' lang='lat' dir='ltr'><strong>contra</strong></span> <span class='ocrx_word' id='word_1_640' title='bbox 3557 2819 3736 2874; x_wconf 88' lang='lat' dir='ltr'><strong>quem</strong></span> 
     </span>
    </p>
   </div>
   <div class='ocr_carea' id='block_1_84' title="bbox 2085 2891 3737 2965">
    <p class='ocr_par' dir='ltr' id='par_1_84' title="bbox 2085 2891 3737 2965">
     <span class='ocr_line' id='line_1_85' title="bbox 2085 2891 3737 2965; baseline 0.001 -18"><span class='ocrx_word' id='word_1_641' title='bbox 2085 2892 2341 2965; x_wconf 84' lang='lat' dir='ltr'><strong>Agrippa</strong></span> <span class='ocrx_word' id='word_1_642' title='bbox 2371 2891 2478 2947; x_wconf 89' lang='lat' dir='ltr'><strong>sub</strong></span> <span class='ocrx_word' id='word_1_643' title='bbox 2507 2891 2768 2948; x_wconf 85' lang='lat' dir='ltr'><strong>Adriano</strong></span> <span class='ocrx_word' id='word_1_644' title='bbox 2801 2892 3056 2964; x_wconf 87' lang='lat' dir='ltr'><strong>scripsit,</strong></span> <span class='ocrx_word' id='word_1_645' title='bbox 3086 2893 3379 2965; x_wconf 90' lang='lat' dir='ltr'><strong>respicere</strong></span> <span class='ocrx_word' id='word_1_646' title='bbox 3439 2891 3737 2964; x_wconf 87' lang='lat' dir='ltr'><strong>putandus</strong></span> 
     </span>
    </p>
   </div>
   <div class='ocr_carea' id='block_1_85' title="bbox 2087 2979 3736 3052">
    <p class='ocr_par' dir='ltr' id='par_1_85' title="bbox 2087 2979 3736 3052">
     <span class='ocr_line' id='line_1_86' title="bbox 2087 2979 3736 3052; baseline 0 -16"><span class='ocrx_word' id='word_1_647' title='bbox 2087 2987 2197 3047; x_wconf 89' lang='lat' dir='ltr'><strong>est,</strong></span> <span class='ocrx_word' id='word_1_648' title='bbox 2226 2998 2405 3052; x_wconf 90' lang='lat' dir='ltr'><strong>quam</strong></span> <span class='ocrx_word' id='word_1_649' title='bbox 2427 2979 2500 3036; x_wconf 92' lang='lat' dir='ltr'><strong>ad</strong></span> <span class='ocrx_word' id='word_1_650' title='bbox 2529 2997 2755 3037; x_wconf 90' lang='lat' dir='ltr'><strong>moram</strong></span> <span class='ocrx_word' id='word_1_651' title='bbox 2775 2998 2788 3047; x_wconf 94' lang='lat'>;</span> <span class='ocrx_word' id='word_1_652' title='bbox 2807 2987 2878 3036; x_wconf 89' lang='lat' dir='ltr'><strong>.et</strong></span> <span class='ocrx_word' id='word_1_653' title='bbox 2898 2982 3220 3038; x_wconf 89' lang='lat' dir='ltr'><strong>verisimile</strong></span> <span class='ocrx_word' id='word_1_654' title='bbox 3250 2989 3341 3038; x_wconf 89' lang='lat' dir='ltr'><strong>est</strong></span> <span class='ocrx_word' id='word_1_655' title='bbox 3361 2999 3496 3038; x_wconf 90' lang='lat' dir='ltr'><strong>eum</strong></span> <span class='ocrx_word' id='word_1_656' title='bbox 3521 2983 3602 3037; x_wconf 92' lang='lat' dir='ltr'><strong>ita</strong></span> <span class='ocrx_word' id='word_1_657' title='bbox 3627 2987 3736 3036; x_wconf 57' lang='lat' dir='ltr'><strong>Eu.</strong></span> 
     </span>
    </p>
   </div>
   <div class='ocr_carea' id='block_1_86' title="bbox 2086 3070 3740 3142">
    <p class='ocr_par' dir='ltr' id='par_1_86' title="bbox 2086 3070 3740 3142">
     <span class='ocr_line' id='line_1_87' title="bbox 2086 3070 3740 3142; baseline -0.001 -16"><span class='ocrx_word' id='word_1_658' title='bbox 2086 3070 2317 3126; x_wconf 90' lang='lat' dir='ltr'><strong>sebium</strong></span> <span class='ocrx_word' id='word_1_659' title='bbox 2349 3070 2736 3135; x_wconf 86' lang='lat' dir='ltr'><strong>intellexisse,</strong></span> <span class='ocrx_word' id='word_1_660' title='bbox 2773 3077 2836 3126; x_wconf 88' lang='lat' dir='ltr'><strong>ut</strong></span> <span class='ocrx_word' id='word_1_661' title='bbox 2865 3089 3054 3142; x_wconf 91' lang='lat' dir='ltr'><strong>usque</strong></span> <span class='ocrx_word' id='word_1_662' title='bbox 3088 3071 3163 3128; x_wconf 92' lang='lat' dir='ltr'><strong>ad</strong></span> <span class='ocrx_word' id='word_1_663' title='bbox 3196 3088 3422 3127; x_wconf 90' lang='lat' dir='ltr'><strong>annum</strong></span> <span class='ocrx_word' id='word_1_664' title='bbox 3454 3072 3515 3125; x_wconf 90' lang='lat' dir='ltr'><strong>in</strong></span> <span class='ocrx_word' id='word_1_665' title='bbox 3555 3071 3740 3125; x_wconf 89' lang='lat' dir='ltr'><strong>Chro-</strong></span> 
     </span>
    </p>
   </div>
   <div class='ocr_carea' id='block_1_87' title="bbox 2086 3160 3739 3228">
    <p class='ocr_par' dir='ltr' id='par_1_87' title="bbox 2086 3160 3739 3228">
     <span class='ocr_line' id='line_1_88' title="bbox 2086 3160 3739 3228; baseline -0.001 -12"><span class='ocrx_word' id='word_1_666' title='bbox 2086 3160 2220 3216; x_wconf 88' lang='lat' dir='ltr'><strong>nico</strong></span> <span class='ocrx_word' id='word_1_667' title='bbox 2253 3165 2523 3216; x_wconf 90' lang='lat' dir='ltr'><strong>notatum</strong></span> <span class='ocrx_word' id='word_1_668' title='bbox 2556 3160 2874 3216; x_wconf 91' lang='lat' dir='ltr'><strong>Basilidem</strong></span> <span class='ocrx_word' id='word_1_669' title='bbox 2900 3161 3114 3216; x_wconf 85' lang='lat' dir='ltr'><strong>vixisse</strong></span> <span class='ocrx_word' id='word_1_670' title='bbox 3143 3161 3414 3228; x_wconf 90' lang='lat' dir='ltr'><strong>voluerit,</strong></span> <span class='ocrx_word' id='word_1_671' title='bbox 3451 3161 3499 3215; x_wconf 89' lang='lat' dir='ltr'><strong>si</strong></span> <span class='ocrx_word' id='word_1_672' title='bbox 3531 3176 3739 3216; x_wconf 89' lang='lat' dir='ltr'><strong>revera</strong></span> 
     </span>
    </p>
   </div>
   <div class='ocr_carea' id='block_1_88' title="bbox 2005 3221 3736 3322">
    <p class='ocr_par' dir='ltr' id='par_1_88' title="bbox 2005 3221 3736 3322">
     <span class='ocr_line' id='line_1_89' title="bbox 2005 3221 3736 3322; baseline 0 -18"><span class='ocrx_word' id='word_1_673' title='bbox 2005 3221 2052 3290; x_wconf 68' lang='grc' dir='ltr'><strong>θ</strong></span> <span class='ocrx_word' id='word_1_674' title='bbox 2087 3251 2150 3304; x_wconf 92' lang='lat' dir='ltr'><strong>in</strong></span> <span class='ocrx_word' id='word_1_675' title='bbox 2171 3249 2460 3304; x_wconf 90' lang='lat' dir='ltr'><strong>Chronico</strong></span> <span class='ocrx_word' id='word_1_676' title='bbox 2477 3249 2872 3320; x_wconf 85' lang='lat' dir='ltr'><strong>Hieronymus</strong></span> <span class='ocrx_word' id='word_1_677' title='bbox 2897 3249 3203 3322; x_wconf 87' lang='lat' dir='ltr'><strong>scripserit</strong></span> <span class='ocrx_word' id='word_1_678' title='bbox 3222 3273 3246 3300; x_wconf 74' lang='grc' dir='ltr'><strong>(ί</strong></span> <span class='ocrx_word' id='word_1_679' title='bbox 3269 3254 3689 3305; x_wconf 90' lang='lat' dir='ltr'><strong>commoratur.</strong></span> <span class='ocrx_word' id='word_1_680' title='bbox 3708 3269 3736 3298; x_wconf 86' lang='lat'>»</span> 
     </span>
    </p>
   </div>
   <div class='ocr_carea' id='block_1_89' title="bbox 2084 3339 3738 3412">
    <p class='ocr_par' dir='ltr' id='par_1_89' title="bbox 2084 3339 3738 3412">
     <span class='ocr_line' id='line_1_90' title="bbox 2084 3339 3738 3412; baseline -0.001 -17"><span class='ocrx_word' id='word_1_681' title='bbox 2084 3341 2232 3396; x_wconf 85' lang='lat' dir='ltr'><strong>Nam</strong></span> <span class='ocrx_word' id='word_1_682' title='bbox 2261 3355 2372 3394; x_wconf 90' lang='lat' dir='ltr'><strong>nec</strong></span> <span class='ocrx_word' id='word_1_683' title='bbox 2401 3339 2514 3394; x_wconf 88' lang='lat' dir='ltr'><strong>hoc</strong></span> <span class='ocrx_word' id='word_1_684' title='bbox 2545 3345 2773 3394; x_wconf 87' lang='lat' dir='ltr'><strong>certum</strong></span> <span class='ocrx_word' id='word_1_685' title='bbox 2807 3344 2930 3405; x_wconf 88' lang='lat' dir='ltr'><strong>est;</strong></span> <span class='ocrx_word' id='word_1_686' title='bbox 2965 3339 3248 3410; x_wconf 91' lang='lat' dir='ltr'><strong>quoniam</strong></span> <span class='ocrx_word' id='word_1_687' title='bbox 3277 3355 3344 3394; x_wconf 91' lang='lat' dir='ltr'><strong>eo</strong></span> <span class='ocrx_word' id='word_1_688' title='bbox 3375 3339 3491 3394; x_wconf 92' lang='lat' dir='ltr'><strong>loci</strong></span> <span class='ocrx_word' id='word_1_689' title='bbox 3521 3339 3738 3412; x_wconf 90' lang='lat' dir='ltr'><strong>legitur</strong></span> 
     </span>
    </p>
   </div>
   <div class='ocr_carea' id='block_1_90' title="bbox 2087 3437 3737 3508">
    <p class='ocr_par' dir='ltr' id='par_1_90' title="bbox 2087 3437 3737 3508">
     <span class='ocr_line' id='line_1_91' title="bbox 2087 3437 3737 3508; baseline 0.001 -16"><span class='ocrx_word' id='word_1_690' title='bbox 2087 3437 2266 3492; x_wconf 89' lang='lat' dir='ltr'><strong>etiam</strong></span> <span class='ocrx_word' id='word_1_691' title='bbox 2299 3458 2327 3486; x_wconf 81' lang='lat'>«</span> <span class='ocrx_word' id='word_1_692' title='bbox 2355 3441 2860 3491; x_wconf 88' lang='lat' dir='ltr'><strong>commemoratur</strong></span> <span class='ocrx_word' id='word_1_693' title='bbox 2890 3452 2904 3490; x_wconf 88' lang='lat'><strong>:</strong></span> <span class='ocrx_word' id='word_1_694' title='bbox 2928 3457 2957 3486; x_wconf 82' lang='grc'><strong>››</strong></span> <span class='ocrx_word' id='word_1_695' title='bbox 2991 3443 3048 3492; x_wconf 93' lang='lat' dir='ltr'><strong>et</strong></span> <span class='ocrx_word' id='word_1_696' title='bbox 3068 3438 3334 3508; x_wconf 89' lang='lat' dir='ltr'><strong>quamvis</strong></span> <span class='ocrx_word' id='word_1_697' title='bbox 3355 3439 3647 3492; x_wconf 89' lang='lat' dir='ltr'><strong>Pontacus</strong></span> <span class='ocrx_word' id='word_1_698' title='bbox 3675 3439 3737 3494; x_wconf 90' lang='lat' dir='ltr'><strong>in</strong></span> 
     </span>
    </p>
   </div>
   <div class='ocr_carea' id='block_1_91' title="bbox 2085 3526 3735 3598">
    <p class='ocr_par' dir='ltr' id='par_1_91' title="bbox 2085 3526 3735 3598">
     <span class='ocr_line' id='line_1_92' title="bbox 2085 3526 3735 3598; baseline 0 -16"><span class='ocrx_word' id='word_1_699' title='bbox 2085 3526 2385 3594; x_wconf 87' lang='lat' dir='ltr'><strong>aliquibus</strong></span> <span class='ocrx_word' id='word_1_700' title='bbox 2416 3543 2558 3581; x_wconf 88' lang='lat' dir='ltr'><strong>mss.</strong></span> <span class='ocrx_word' id='word_1_701' title='bbox 2596 3548 2624 3576; x_wconf 78' lang='grc' dir='ltr'>ιι</span> <span class='ocrx_word' id='word_1_702' title='bbox 2655 3531 3057 3581; x_wconf 90' lang='lat' dir='ltr'><strong>commoratur</strong></span> <span class='ocrx_word' id='word_1_703' title='bbox 3082 3548 3108 3576; x_wconf 68' lang='grc' dir='ltr'><strong>ι)</strong></span> <span class='ocrx_word' id='word_1_704' title='bbox 3138 3527 3252 3598; x_wconf 92' lang='lat' dir='ltr'><strong>legi</strong></span> <span class='ocrx_word' id='word_1_705' title='bbox 3281 3527 3510 3593; x_wconf 91' lang='lat' dir='ltr'><strong>doceat,</strong></span> <span class='ocrx_word' id='word_1_706' title='bbox 3556 3529 3645 3597; x_wconf 92' lang='lat' dir='ltr'><strong>(ut</strong></span> <span class='ocrx_word' id='word_1_707' title='bbox 3673 3526 3735 3582; x_wconf 91' lang='lat' dir='ltr'><strong>in</strong></span> 
     </span>
    </p>
   </div>
   <div class='ocr_carea' id='block_1_92' title="bbox 2087 3615 3732 3688">
    <p class='ocr_par' dir='ltr' id='par_1_92' title="bbox 2087 3615 3732 3688">
     <span class='ocr_line' id='line_1_93' title="bbox 2087 3615 3732 3688; baseline -0.001 -18"><span class='ocrx_word' id='word_1_708' title='bbox 2087 3632 2202 3670; x_wconf 91' lang='lat' dir='ltr'><strong>uno</strong></span> <span class='ocrx_word' id='word_1_709' title='bbox 2235 3615 2698 3687; x_wconf 89' lang='lat' dir='ltr'><strong>Cantabrigiensi</strong></span> <span class='ocrx_word' id='word_1_710' title='bbox 2732 3615 2934 3670; x_wconf 91' lang='lat' dir='ltr'><strong>codiee</strong></span> <span class='ocrx_word' id='word_1_711' title='bbox 2966 3617 3252 3688; x_wconf 91' lang='lat' dir='ltr'><strong>scriptum</strong></span> <span class='ocrx_word' id='word_1_712' title='bbox 3279 3617 3456 3671; x_wconf 87' lang='lat' dir='ltr'><strong>etiam</strong></span> <span class='ocrx_word' id='word_1_713' title='bbox 3515 3617 3732 3687; x_wconf 90' lang='lat' dir='ltr'><strong>reperi)</strong></span> 
     </span>
    </p>
   </div>
   <div class='ocr_carea' id='block_1_93' title="bbox 2084 3695 3732 3774">
    <p class='ocr_par' dir='ltr' id='par_1_93' title="bbox 2084 3695 3732 3774">
     <span class='ocr_line' id='line_1_94' title="bbox 2084 3695 3732 3774; baseline 0 -16"><span class='ocrx_word' id='word_1_714' title='bbox 2084 3705 2244 3760; x_wconf 90' lang='lat' dir='ltr'><strong>idem</strong></span> <span class='ocrx_word' id='word_1_715' title='bbox 2276 3711 2475 3760; x_wconf 93' lang='lat' dir='ltr'><strong>tamen</strong></span> <span class='ocrx_word' id='word_1_716' title='bbox 2508 3705 2568 3760; x_wconf 90' lang='lat' dir='ltr'><strong>in</strong></span> <span class='ocrx_word' id='word_1_717' title='bbox 2599 3704 2868 3774; x_wconf 90' lang='lat' dir='ltr'><strong>pluribus</strong></span> <span class='ocrx_word' id='word_1_718' title='bbox 2893 3725 2916 3756; x_wconf 73' lang='grc' dir='ltr'>ι</span> <span class='ocrx_word' id='word_1_719' title='bbox 2951 3695 3451 3760; x_wconf 80' lang='lat' dir='ltr'><strong>commemoratur</strong></span> <span class='ocrx_word' id='word_1_720' title='bbox 3473 3726 3501 3753; x_wconf 86' lang='lat'><strong><em>»</em></strong></span> <span class='ocrx_word' id='word_1_721' title='bbox 3524 3703 3732 3758; x_wconf 89' lang='lat' dir='ltr'><strong>haberi</strong></span> 
     </span>
    </p>
   </div>
   <div class='ocr_carea' id='block_1_94' title="bbox 2084 3793 3731 3866">
    <p class='ocr_par' dir='ltr' id='par_1_94' title="bbox 2084 3793 3731 3866">
     <span class='ocr_line' id='line_1_95' title="bbox 2084 3793 3731 3866; baseline -0.001 -17"><span class='ocrx_word' id='word_1_722' title='bbox 2084 3795 2317 3849; x_wconf 90' lang='lat' dir='ltr'><strong>innuit:</strong></span> <span class='ocrx_word' id='word_1_723' title='bbox 2351 3810 2483 3865; x_wconf 88' lang='lat' dir='ltr'><strong>qua</strong></span> <span class='ocrx_word' id='word_1_724' title='bbox 2515 3810 2624 3848; x_wconf 91' lang='lat' dir='ltr'><strong>vox</strong></span> <span class='ocrx_word' id='word_1_725' title='bbox 2655 3795 2704 3848; x_wconf 90' lang='lat' dir='ltr'><strong>si</strong></span> <span class='ocrx_word' id='word_1_726' title='bbox 2737 3794 3076 3866; x_wconf 88' lang='lat' dir='ltr'><strong>recipiatur,</strong></span> <span class='ocrx_word' id='word_1_727' title='bbox 3109 3793 3439 3849; x_wconf 90' lang='lat' dir='ltr'><strong>similitudo</strong></span> <span class='ocrx_word' id='word_1_728' title='bbox 3462 3793 3731 3848; x_wconf 90' lang='lat' dir='ltr'><strong>locorum</strong></span> 
     </span>
    </p>
   </div>
   <div class='ocr_carea' id='block_1_95' title="bbox 2085 3883 3732 3955">
    <p class='ocr_par' dir='ltr' id='par_1_95' title="bbox 2085 3883 3732 3955">
     <span class='ocr_line' id='line_1_96' title="bbox 2085 3883 3732 3955; baseline 0 -17"><span class='ocrx_word' id='word_1_729' title='bbox 2085 3883 2257 3955; x_wconf 91' lang='lat' dir='ltr'><strong>perit.</strong></span> <span class='ocrx_word' id='word_1_730' title='bbox 2289 3884 2492 3953; x_wconf 88' lang='lat' dir='ltr'><strong>Neque</strong></span> <span class='ocrx_word' id='word_1_731' title='bbox 2533 3883 2862 3938; x_wconf 89' lang='lat' dir='ltr'><strong>secundum</strong></span> <span class='ocrx_word' id='word_1_732' title='bbox 2894 3883 3216 3953; x_wconf 89' lang='lat' dir='ltr'><strong>quidquam</strong></span> <span class='ocrx_word' id='word_1_733' title='bbox 3259 3883 3450 3948; x_wconf 90' lang='lat' dir='ltr'><strong>valet;</strong></span> <span class='ocrx_word' id='word_1_734' title='bbox 3504 3883 3644 3952; x_wconf 89' lang='lat' dir='ltr'><strong>quia</strong></span> <span class='ocrx_word' id='word_1_735' title='bbox 3674 3887 3732 3938; x_wconf 83' lang='lat' dir='ltr'><strong>et</strong></span> 
     </span>
    </p>
   </div>
   <div class='ocr_carea' id='block_1_96' title="bbox 2085 3969 3731 4041">
    <p class='ocr_par' dir='ltr' id='par_1_96' title="bbox 2085 3969 3731 4041">
     <span class='ocr_line' id='line_1_97' title="bbox 2085 3969 3731 4041; baseline -0.001 -15"><span class='ocrx_word' id='word_1_736' title='bbox 2085 3971 2397 4037; x_wconf 90' lang='lat' dir='ltr'><strong>editiones,</strong></span> <span class='ocrx_word' id='word_1_737' title='bbox 2429 3975 2489 4025; x_wconf 90' lang='lat' dir='ltr'><strong>et</strong></span> <span class='ocrx_word' id='word_1_738' title='bbox 2540 3969 2655 4025; x_wconf 89' lang='lat' dir='ltr'><strong>duo</strong></span> <span class='ocrx_word' id='word_1_739' title='bbox 2714 3971 2874 4041; x_wconf 91' lang='lat' dir='ltr'><strong>apud</strong></span> <span class='ocrx_word' id='word_1_740' title='bbox 2924 3975 3158 4026; x_wconf 91' lang='lat' dir='ltr'><strong>nostros</strong></span> <span class='ocrx_word' id='word_1_741' title='bbox 3216 3969 3731 4041; x_wconf 86' lang='lat' dir='ltr'><strong>Cantabrigienses</strong></span> 
     </span>
    </p>
   </div>
   <div class='ocr_carea' id='block_1_97' title="bbox 2092 4059 3730 4130">
    <p class='ocr_par' dir='ltr' id='par_1_97' title="bbox 2092 4059 3730 4130">
     <span class='ocr_line' id='line_1_98' title="bbox 2092 4059 3730 4130; baseline -0.002 -13"><span class='ocrx_word' id='word_1_742' title='bbox 2092 4077 2235 4116; x_wconf 89' lang='lat' dir='ltr'><strong>mss.</strong></span> <span class='ocrx_word' id='word_1_743' title='bbox 2268 4059 2521 4126; x_wconf 87' lang='lat' dir='ltr'><strong>codices,</strong></span> <span class='ocrx_word' id='word_1_744' title='bbox 2556 4075 2726 4128; x_wconf 90' lang='lat' dir='ltr'><strong>quos,</strong></span> <span class='ocrx_word' id='word_1_745' title='bbox 2758 4059 2899 4114; x_wconf 91' lang='lat' dir='ltr'><strong>dum</strong></span> <span class='ocrx_word' id='word_1_746' title='bbox 2931 4059 3147 4128; x_wconf 88' lang='lat' dir='ltr'><strong>scribo,</strong></span> <span class='ocrx_word' id='word_1_747' title='bbox 3192 4059 3486 4130; x_wconf 90' lang='lat' dir='ltr'><strong>inspicere</strong></span> <span class='ocrx_word' id='word_1_748' title='bbox 3540 4059 3730 4127; x_wconf 87' lang='lat' dir='ltr'><strong>licuit,</strong></span> 
     </span>
    </p>
   </div>
   <div class='ocr_carea' id='block_1_98' title="bbox 2083 4147 3734 4221">
    <p class='ocr_par' dir='ltr' id='par_1_98' title="bbox 2083 4147 3734 4221">
     <span class='ocr_line' id='line_1_99' title="bbox 2083 4147 3734 4221; baseline 0 -17"><span class='ocrx_word' id='word_1_749' title='bbox 2083 4150 2407 4221; x_wconf 80' lang='lat' dir='ltr'><strong>praeferunt</strong></span> <span class='ocrx_word' id='word_1_750' title='bbox 2429 4155 2701 4204; x_wconf 86' lang='lat' dir='ltr'><strong>mortuus</strong></span> <span class='ocrx_word' id='word_1_751' title='bbox 2718 4154 2825 4215; x_wconf 88' lang='lat' dir='ltr'><strong>cst,</strong></span> <span class='ocrx_word' id='word_1_752' title='bbox 2849 4155 2909 4202; x_wconf 92' lang='lat' dir='ltr'><strong>et</strong></span> <span class='ocrx_word' id='word_1_753' title='bbox 2926 4149 3126 4203; x_wconf 85' lang='lat' dir='ltr'><strong>Graca</strong></span> <span class='ocrx_word' id='word_1_754' title='bbox 3147 4148 3336 4204; x_wconf 90' lang='lat' dir='ltr'><strong>versio</strong></span> <span class='ocrx_word' id='word_1_755' title='bbox 3350 4148 3457 4202; x_wconf 91' lang='lat' dir='ltr'><strong>sub</strong></span> <span class='ocrx_word' id='word_1_756' title='bbox 3481 4147 3734 4220; x_wconf 89' lang='lat' dir='ltr'><strong>Sophro-</strong></span> 
     </span>
    </p>
   </div>
   <div class='ocr_carea' id='block_1_99' title="bbox 2083 4237 3732 4308">
    <p class='ocr_par' dir='ltr' id='par_1_99' title="bbox 2083 4237 3732 4308">
     <span class='ocr_line' id='line_1_100' title="bbox 2083 4237 3732 4308; baseline -0.001 -14"><span class='ocrx_word' id='word_1_757' title='bbox 2083 4239 2167 4294; x_wconf 88' lang='lat' dir='ltr'><strong>nii</strong></span> <span class='ocrx_word' id='word_1_758' title='bbox 2191 4238 2724 4308; x_wconf 89' lang='lat' dir='ltr'><strong>nomine,quinque</strong></span> <span class='ocrx_word' id='word_1_759' title='bbox 2747 4237 2866 4291; x_wconf 90' lang='lat' dir='ltr'><strong>illis</strong></span> <span class='ocrx_word' id='word_1_760' title='bbox 2889 4237 3191 4292; x_wconf 91' lang='lat' dir='ltr'><strong>codicibus</strong></span> <span class='ocrx_word' id='word_1_761' title='bbox 3210 4238 3337 4292; x_wconf 90' lang='lat' dir='ltr'><strong>sine</strong></span> <span class='ocrx_word' id='word_1_762' title='bbox 3359 4237 3538 4292; x_wconf 90' lang='lat' dir='ltr'><strong>dubio</strong></span> <span class='ocrx_word' id='word_1_763' title='bbox 3558 4237 3732 4308; x_wconf 90' lang='lat' dir='ltr'><strong>longe</strong></span> 
     </span>
    </p>
   </div>
   <div class='ocr_carea' id='block_1_100' title="bbox 2083 4326 3735 4398">
    <p class='ocr_par' dir='ltr' id='par_1_100' title="bbox 2083 4326 3735 4398">
     <span class='ocr_line' id='line_1_101' title="bbox 2083 4326 3735 4398; baseline 0 -16"><span class='ocrx_word' id='word_1_764' title='bbox 2083 4327 2406 4397; x_wconf 89' lang='lat' dir='ltr'><strong>antiquior,</strong></span> <span class='ocrx_word' id='word_1_765' title='bbox 2431 4328 2582 4382; x_wconf 89' lang='lat' dir='ltr'><strong>hanc</strong></span> <span class='ocrx_word' id='word_1_766' title='bbox 2603 4327 2896 4398; x_wconf 86' lang='lat' dir='ltr'><strong>vulgatam</strong></span> <span class='ocrx_word' id='word_1_767' title='bbox 2921 4326 3225 4381; x_wconf 89' lang='lat' dir='ltr'><strong>lectionem</strong></span> <span class='ocrx_word' id='word_1_768' title='bbox 3245 4332 3652 4397; x_wconf 87' lang='lat' dir='ltr'><strong>reprasentat,</strong></span> <span class='ocrx_word' id='word_1_769' title='bbox 3675 4332 3735 4382; x_wconf 83' lang='lat' dir='ltr'><strong>et</strong></span> 
     </span>
    </p>
   </div>
   <div class='ocr_carea' id='block_1_101' title="bbox 2085 4410 3733 4486">
    <p class='ocr_par' dir='ltr' id='par_1_101' title="bbox 2085 4410 3733 4486">
     <span class='ocr_line' id='line_1_102' title="bbox 2085 4410 3733 4486; baseline -0.001 -15"><span class='ocrx_word' id='word_1_770' title='bbox 2085 4424 2301 4473; x_wconf 78' lang='lat' dir='ltr'><strong>tuetur.</strong></span> <span class='ocrx_word' id='word_1_771' title='bbox 2333 4419 2707 4478; x_wconf 72' lang='grc' dir='ltr'><strong>Τελευτῶντος</strong></span> <span class='ocrx_word' id='word_1_772' title='bbox 2739 4410 3062 4469; x_wconf 82' lang='grc' dir='ltr'>Βασιλείδου</span> <span class='ocrx_word' id='word_1_773' title='bbox 3089 4415 3390 4469; x_wconf 79' lang='grc' dir='ltr'><strong>Γνωστικοὶ</strong></span> <span class='ocrx_word' id='word_1_774' title='bbox 3432 4414 3483 4470; x_wconf 81' lang='grc' dir='ltr'><strong>ἐν</strong></span> <span class='ocrx_word' id='word_1_775' title='bbox 3547 4412 3733 4486; x_wconf 77' lang='grc' dir='ltr'><strong>Ἀλεξ-</strong></span> 
     </span>
    </p>
   </div>
   <div class='ocr_carea' id='block_1_102' title="bbox 2082 4500 3732 4579">
    <p class='ocr_par' dir='ltr' id='par_1_102' title="bbox 2082 4500 3732 4579">
     <span class='ocr_line' id='line_1_103' title="bbox 2082 4500 3732 4579; baseline -0.001 -20"><span class='ocrx_word' id='word_1_776' title='bbox 2082 4500 2300 4575; x_wconf 71' lang='grc' dir='ltr'>ανδρεὲᾳ</span> <span class='ocrx_word' id='word_1_777' title='bbox 2381 4500 2692 4574; x_wconf 66' lang='grc' dir='ltr'>ἐκλήθησαν</span> <span class='ocrx_word' id='word_1_778' title='bbox 2777 4503 2828 4558; x_wconf 81' lang='grc' dir='ltr'>ἐν</span> <span class='ocrx_word' id='word_1_779' title='bbox 2909 4509 3026 4565; x_wconf 86' lang='grc' dir='ltr'>τοῖς</span> <span class='ocrx_word' id='word_1_780' title='bbox 3102 4504 3328 4578; x_wconf 83' lang='grc' dir='ltr'>χρόνοις</span> <span class='ocrx_word' id='word_1_781' title='bbox 3423 4501 3732 4579; x_wconf 76' lang='grc' dir='ltr'>Ἀδριανοῦ·</span> 
     </span>
    </p>
   </div>
   <div class='ocr_carea' id='block_1_103' title="bbox 2087 4595 3736 4650">
    <p class='ocr_par' dir='ltr' id='par_1_103' title="bbox 2087 4595 3736 4650">
     <span class='ocr_line' id='line_1_104' title="bbox 2087 4595 3736 4650; baseline 0.002 -4"><span class='ocrx_word' id='word_1_782' title='bbox 2087 4618 2112 4646; x_wconf 87' lang='grc'><strong>‹‹</strong></span> <span class='ocrx_word' id='word_1_783' title='bbox 2155 4599 2380 4650; x_wconf 81' lang='lat' dir='ltr'><strong>Mortuo</strong></span> <span class='ocrx_word' id='word_1_784' title='bbox 2415 4595 2666 4650; x_wconf 90' lang='lat' dir='ltr'><strong>Basilide</strong></span> <span class='ocrx_word' id='word_1_785' title='bbox 2724 4595 2981 4650; x_wconf 88' lang='lat' dir='ltr'><strong>Gnostici</strong></span> <span class='ocrx_word' id='word_1_786' title='bbox 3034 4595 3095 4650; x_wconf 92' lang='lat' dir='ltr'><strong>in</strong></span> <span class='ocrx_word' id='word_1_787' title='bbox 3143 4595 3503 4650; x_wconf 89' lang='lat' dir='ltr'><strong>Alexandria</strong></span> <span class='ocrx_word' id='word_1_788' title='bbox 3548 4595 3736 4650; x_wconf 81' lang='lat' dir='ltr'><strong>vocati</strong></span> 
     </span>
    </p>
   </div>
   <div class='ocr_carea' id='block_1_104' title="bbox 2085 4683 3736 4754">
    <p class='ocr_par' dir='ltr' id='par_1_104' title="bbox 2085 4683 3736 4754">
     <span class='ocr_line' id='line_1_105' title="bbox 2085 4683 3736 4754; baseline -0.002 -14"><span class='ocrx_word' id='word_1_789' title='bbox 2085 4692 2226 4740; x_wconf 89' lang='lat' dir='ltr'><strong>sunt</strong></span> <span class='ocrx_word' id='word_1_790' title='bbox 2265 4683 2631 4754; x_wconf 90' lang='lat' dir='ltr'><strong>temporibus</strong></span> <span class='ocrx_word' id='word_1_791' title='bbox 2661 4683 2924 4739; x_wconf 87' lang='lat' dir='ltr'><strong>Adriani.</strong></span> <span class='ocrx_word' id='word_1_792' title='bbox 2949 4706 2977 4733; x_wconf 84' lang='lat'>»</span> <span class='ocrx_word' id='word_1_793' title='bbox 3012 4685 3091 4738; x_wconf 91' lang='lat' dir='ltr'><strong>De</strong></span> <span class='ocrx_word' id='word_1_794' title='bbox 3115 4685 3286 4738; x_wconf 90' lang='lat' dir='ltr'><strong>tertio</strong></span> <span class='ocrx_word' id='word_1_795' title='bbox 3309 4684 3589 4739; x_wconf 89' lang='lat' dir='ltr'><strong>adversus</strong></span> <span class='ocrx_word' id='word_1_796' title='bbox 3610 4684 3736 4739; x_wconf 91' lang='lat' dir='ltr'><strong>Dal-</strong></span> 
     </span>
    </p>
   </div>
   <div class='ocr_carea' id='block_1_105' title="bbox 2086 4773 3736 4848">
    <p class='ocr_par' dir='ltr' id='par_1_105' title="bbox 2086 4773 3736 4848">
     <span class='ocr_line' id='line_1_106' title="bbox 2086 4773 3736 4848; baseline -0.002 -18"><span class='ocrx_word' id='word_1_797' title='bbox 2086 4777 2261 4830; x_wconf 82' lang='lat' dir='ltr'><strong>laum</strong></span> <span class='ocrx_word' id='word_1_798' title='bbox 2294 4776 2542 4848; x_wconf 78' lang='lat' dir='ltr'><strong>agimus.</strong></span> <span class='ocrx_word' id='word_1_799' title='bbox 2565 4773 2682 4829; x_wconf 92' lang='lat' dir='ltr'><strong>Sud</strong></span> <span class='ocrx_word' id='word_1_800' title='bbox 2710 4775 2965 4830; x_wconf 88' lang='lat' dir='ltr'><strong>Dallaus</strong></span> <span class='ocrx_word' id='word_1_801' title='bbox 2986 4775 3177 4830; x_wconf 90' lang='lat' dir='ltr'><strong>nescit</strong></span> <span class='ocrx_word' id='word_1_802' title='bbox 3204 4775 3316 4830; x_wconf 90' lang='lat' dir='ltr'><strong>hoc</strong></span> <span class='ocrx_word' id='word_1_803' title='bbox 3341 4791 3516 4844; x_wconf 89' lang='lat' dir='ltr'><strong>quam</strong></span> <span class='ocrx_word' id='word_1_804' title='bbox 3533 4789 3736 4828; x_wconf 90' lang='lat' dir='ltr'><strong>verum</strong></span> 
     </span>
    </p>
   </div>
   <div class='ocr_carea' id='block_1_106' title="bbox 2087 4863 3735 4934">
    <p class='ocr_par' dir='ltr' id='par_1_106' title="bbox 2087 4863 3735 4934">
     <span class='ocr_line' id='line_1_107' title="bbox 2087 4863 3735 4934; baseline -0.001 -14"><span class='ocrx_word' id='word_1_805' title='bbox 2087 4867 2198 4932; x_wconf 89' lang='lat' dir='ltr'><strong>sit;</strong></span> <span class='ocrx_word' id='word_1_806' title='bbox 2233 4888 2261 4915; x_wconf 88' lang='lat'><strong>«</strong></span> <span class='ocrx_word' id='word_1_807' title='bbox 2291 4871 2448 4919; x_wconf 91' lang='lat' dir='ltr'><strong>certe</strong></span> <span class='ocrx_word' id='word_1_808' title='bbox 2480 4882 2601 4920; x_wconf 90' lang='lat' dir='ltr'><strong>non</strong></span> <span class='ocrx_word' id='word_1_809' title='bbox 2634 4865 2863 4920; x_wconf 89' lang='lat' dir='ltr'><strong>videtur</strong></span> <span class='ocrx_word' id='word_1_810' title='bbox 2891 4867 3210 4928; x_wconf 83' lang='lat' dir='ltr'><strong>coharere,</strong></span> <span class='ocrx_word' id='word_1_811' title='bbox 3262 4865 3475 4934; x_wconf 89' lang='lat' dir='ltr'><strong>inquit,</strong></span> <span class='ocrx_word' id='word_1_812' title='bbox 3499 4880 3634 4918; x_wconf 91' lang='lat' dir='ltr'><strong>cum</strong></span> <span class='ocrx_word' id='word_1_813' title='bbox 3661 4863 3735 4918; x_wconf 85' lang='lat' dir='ltr'><strong>iis</strong></span> 
     </span>
    </p>
   </div>
   <div class='ocr_carea' id='block_1_107' title="bbox 2085 4951 3734 5024">
    <p class='ocr_par' dir='ltr' id='par_1_107' title="bbox 2085 4951 3734 5024">
     <span class='ocr_line' id='line_1_108' title="bbox 2085 4951 3734 5024; baseline -0.001 -16"><span class='ocrx_word' id='word_1_814' title='bbox 2085 4971 2216 5024; x_wconf 86' lang='lat' dir='ltr'><strong>qua</strong></span> <span class='ocrx_word' id='word_1_815' title='bbox 2239 4954 2510 5008; x_wconf 86' lang='lat' dir='ltr'><strong>Clemens</strong></span> <span class='ocrx_word' id='word_1_816' title='bbox 2533 4953 2793 5015; x_wconf 88' lang='lat' dir='ltr'><strong>tradidit,</strong></span> <span class='ocrx_word' id='word_1_817' title='bbox 2819 4952 3384 5022; x_wconf 89' lang='lat' dir='ltr'><strong>scilicet,Basilidem</strong></span> <span class='ocrx_word' id='word_1_818' title='bbox 3399 4951 3734 5023; x_wconf 83' lang='lat' dir='ltr'><strong>pervenisse</strong></span> 
     </span>
    </p>
   </div>
   <div class='ocr_carea' id='block_1_108' title="bbox 2085 5039 3735 5098">
    <p class='ocr_par' dir='ltr' id='par_1_108' title="bbox 2085 5039 3735 5098">
     <span class='ocr_line' id='line_1_109' title="bbox 2085 5039 3735 5098; baseline -0.002 -1"><span class='ocrx_word' id='word_1_819' title='bbox 2085 5043 2158 5097; x_wconf 90' lang='lat' dir='ltr'><strong>ad</strong></span> <span class='ocrx_word' id='word_1_820' title='bbox 2187 5043 2473 5097; x_wconf 89' lang='lat' dir='ltr'><strong>Antonini</strong></span> <span class='ocrx_word' id='word_1_821' title='bbox 2500 5042 2588 5096; x_wconf 90' lang='lat' dir='ltr'><strong>Pii</strong></span> <span class='ocrx_word' id='word_1_822' title='bbox 2621 5059 2830 5098; x_wconf 81' lang='lat' dir='ltr'><strong>avum.</strong></span> <span class='ocrx_word' id='word_1_823' title='bbox 2867 5064 2895 5092; x_wconf 76' lang='grc' dir='ltr'>ιο</span> <span class='ocrx_word' id='word_1_824' title='bbox 2928 5042 3041 5098; x_wconf 91' lang='lat' dir='ltr'><strong>Sed</strong></span> <span class='ocrx_word' id='word_1_825' title='bbox 3066 5058 3175 5096; x_wconf 92' lang='lat' dir='ltr'><strong>nec</strong></span> <span class='ocrx_word' id='word_1_826' title='bbox 3205 5043 3318 5096; x_wconf 87' lang='lat' dir='ltr'><strong>hoc</strong></span> <span class='ocrx_word' id='word_1_827' title='bbox 3339 5040 3558 5095; x_wconf 91' lang='lat' dir='ltr'><strong>diserte</strong></span> <span class='ocrx_word' id='word_1_828' title='bbox 3590 5039 3735 5094; x_wconf 91' lang='lat' dir='ltr'><strong>dicit</strong></span> 
     </span>
    </p>
   </div>
   <div class='ocr_carea' id='block_1_109' title="bbox 2084 5129 3735 5200">
    <p class='ocr_par' dir='ltr' id='par_1_109' title="bbox 2084 5129 3735 5200">
     <span class='ocr_line' id='line_1_110' title="bbox 2084 5129 3735 5200; baseline -0.002 -14"><span class='ocrx_word' id='word_1_829' title='bbox 2084 5131 2356 5186; x_wconf 89' lang='lat' dir='ltr'><strong>Clemens</strong></span> <span class='ocrx_word' id='word_1_830' title='bbox 2380 5131 2441 5184; x_wconf 92' lang='lat' dir='ltr'><strong>in</strong></span> <span class='ocrx_word' id='word_1_831' title='bbox 2465 5130 2592 5185; x_wconf 94' lang='lat' dir='ltr'><strong>loco</strong></span> <span class='ocrx_word' id='word_1_832' title='bbox 2614 5131 2716 5185; x_wconf 93' lang='lat' dir='ltr'><strong>illo</strong></span> <span class='ocrx_word' id='word_1_833' title='bbox 2741 5132 3013 5192; x_wconf 89' lang='lat' dir='ltr'><strong>obscuro.</strong></span> <span class='ocrx_word' id='word_1_834' title='bbox 3030 5147 3206 5200; x_wconf 88' lang='lat' dir='ltr'><strong>quem</strong></span> <span class='ocrx_word' id='word_1_835' title='bbox 3231 5146 3369 5184; x_wconf 90' lang='lat' dir='ltr'><strong>mox</strong></span> <span class='ocrx_word' id='word_1_836' title='bbox 3390 5129 3735 5183; x_wconf 81' lang='lat' dir='ltr'><strong>considera-</strong></span> 
     </span>
    </p>
   </div>
   <div class='ocr_carea' id='block_1_110' title="bbox 2082 5218 3732 5284">
    <p class='ocr_par' dir='ltr' id='par_1_110' title="bbox 2082 5218 3732 5284">
     <span class='ocr_line' id='line_1_111' title="bbox 2082 5218 3732 5284; baseline -0.001 -10"><span class='ocrx_word' id='word_1_837' title='bbox 2082 5221 2317 5284; x_wconf 84' lang='lat' dir='ltr'><strong>bimus;</strong></span> <span class='ocrx_word' id='word_1_838' title='bbox 2352 5235 2461 5272; x_wconf 91' lang='lat' dir='ltr'><strong>nec</strong></span> <span class='ocrx_word' id='word_1_839' title='bbox 2502 5219 2550 5272; x_wconf 93' lang='lat' dir='ltr'><strong>si</strong></span> <span class='ocrx_word' id='word_1_840' title='bbox 2585 5219 2641 5272; x_wconf 90' lang='lat' dir='ltr'><strong>id</strong></span> <span class='ocrx_word' id='word_1_841' title='bbox 2674 5219 2936 5273; x_wconf 87' lang='lat' dir='ltr'><strong>dixisset.</strong></span> <span class='ocrx_word' id='word_1_842' title='bbox 2970 5218 3219 5273; x_wconf 90' lang='lat' dir='ltr'><strong>multum</strong></span> <span class='ocrx_word' id='word_1_843' title='bbox 3245 5235 3437 5272; x_wconf 85' lang='lat' dir='ltr'><strong>causa</strong></span> <span class='ocrx_word' id='word_1_844' title='bbox 3461 5218 3732 5272; x_wconf 82' lang='lat' dir='ltr'><strong>adversa-</strong></span> 
     </span>
    </p>
   </div>
   <div class='ocr_carea' id='block_1_111' title="bbox 2084 5307 3726 5378">
    <p class='ocr_par' dir='ltr' id='par_1_111' title="bbox 2084 5307 3726 5378">
     <span class='ocr_line' id='line_1_112' title="bbox 2084 5307 3726 5378; baseline -0.002 -13"><span class='ocrx_word' id='word_1_845' title='bbox 2084 5311 2307 5365; x_wconf 87' lang='lat' dir='ltr'><strong>riorum</strong></span> <span class='ocrx_word' id='word_1_846' title='bbox 2339 5308 2648 5363; x_wconf 86' lang='lat' dir='ltr'><strong>accederet</strong></span> <span class='ocrx_word' id='word_1_847' title='bbox 2679 5325 2693 5372; x_wconf 88' lang='lat'><strong>;</strong></span> <span class='ocrx_word' id='word_1_848' title='bbox 2731 5325 2839 5362; x_wconf 90' lang='lat' dir='ltr'><strong>nec</strong></span> <span class='ocrx_word' id='word_1_849' title='bbox 2871 5309 3033 5362; x_wconf 90' lang='lat' dir='ltr'><strong>enim</strong></span> <span class='ocrx_word' id='word_1_850' title='bbox 3067 5309 3202 5362; x_wconf 89' lang='lat' dir='ltr'><strong>inde</strong></span> <span class='ocrx_word' id='word_1_851' title='bbox 3237 5307 3471 5378; x_wconf 88' lang='lat' dir='ltr'><strong>probari</strong></span> <span class='ocrx_word' id='word_1_852' title='bbox 3505 5313 3726 5377; x_wconf 86' lang='lat' dir='ltr'><strong>posset.</strong></span> 
     </span>
    </p>
   </div>
   <div class='ocr_carea' id='block_1_112' title="bbox 2083 5396 3729 5468">
    <p class='ocr_par' dir='ltr' id='par_1_112' title="bbox 2083 5396 3729 5468">
     <span class='ocr_line' id='line_1_113' title="bbox 2083 5396 3729 5468; baseline -0.002 -12"><span class='ocrx_word' id='word_1_853' title='bbox 2083 5399 2239 5456; x_wconf 88' lang='lat' dir='ltr'><strong>ultra</strong></span> <span class='ocrx_word' id='word_1_854' title='bbox 2270 5396 2742 5468; x_wconf 74' lang='lat' dir='ltr'><strong>quinquennium</strong></span> <span class='ocrx_word' id='word_1_855' title='bbox 2778 5403 2908 5466; x_wconf 85' lang='lat' dir='ltr'><strong>post</strong></span> <span class='ocrx_word' id='word_1_856' title='bbox 2940 5412 3076 5451; x_wconf 91' lang='lat' dir='ltr'><strong>eum</strong></span> <span class='ocrx_word' id='word_1_857' title='bbox 3135 5413 3357 5451; x_wconf 90' lang='lat' dir='ltr'><strong>annum</strong></span> <span class='ocrx_word' id='word_1_858' title='bbox 3411 5396 3729 5452; x_wconf 88' lang='lat' dir='ltr'><strong>Basilidem</strong></span> 
     </span>
    </p>
   </div>
   <div class='ocr_carea' id='block_1_113' title="bbox 2083 5485 3728 5558">
    <p class='ocr_par' dir='ltr' id='par_1_113' title="bbox 2083 5485 3728 5558">
     <span class='ocr_line' id='line_1_114' title="bbox 2083 5485 3728 5558; baseline -0.001 -14"><span class='ocrx_word' id='word_1_859' title='bbox 2083 5489 2317 5544; x_wconf 85' lang='lat' dir='ltr'><strong>vixisse.</strong></span> <span class='ocrx_word' id='word_1_860' title='bbox 2366 5488 2500 5542; x_wconf 92' lang='lat' dir='ltr'><strong>Inde</strong></span> <span class='ocrx_word' id='word_1_861' title='bbox 2550 5487 2728 5542; x_wconf 84' lang='lat' dir='ltr'><strong>etiam</strong></span> <span class='ocrx_word' id='word_1_862' title='bbox 2773 5486 2983 5555; x_wconf 84' lang='lat' dir='ltr'><strong>infero,</strong></span> <span class='ocrx_word' id='word_1_863' title='bbox 3045 5485 3279 5558; x_wconf 86' lang='lat' dir='ltr'><strong>probari</strong></span> <span class='ocrx_word' id='word_1_864' title='bbox 3333 5488 3499 5542; x_wconf 89' lang='lat' dir='ltr'><strong>nullo</strong></span> <span class='ocrx_word' id='word_1_865' title='bbox 3553 5487 3728 5542; x_wconf 83' lang='lat' dir='ltr'><strong>modo</strong></span> 
     </span>
    </p>
   </div>
   <div class='ocr_carea' id='block_1_114' title="bbox 2082 5577 3727 5652">
    <p class='ocr_par' dir='ltr' id='par_1_114' title="bbox 2082 5577 3727 5652">
     <span class='ocr_line' id='line_1_115' title="bbox 2082 5577 3727 5652; baseline -0.002 -17"><span class='ocrx_word' id='word_1_866' title='bbox 2082 5578 2640 5652; x_wconf 87' lang='lat' dir='ltr'><strong>posse,postlgnatii</strong></span> <span class='ocrx_word' id='word_1_867' title='bbox 2664 5584 2914 5633; x_wconf 87' lang='lat' dir='ltr'><strong>mortem</strong></span> <span class='ocrx_word' id='word_1_868' title='bbox 2929 5577 3184 5632; x_wconf 86' lang='lat' dir='ltr'><strong>haresin</strong></span> <span class='ocrx_word' id='word_1_869' title='bbox 3212 5593 3379 5633; x_wconf 90' lang='lat' dir='ltr'><strong>suam</strong></span> <span class='ocrx_word' id='word_1_870' title='bbox 3404 5578 3465 5633; x_wconf 94' lang='lat' dir='ltr'><strong>in</strong></span> <span class='ocrx_word' id='word_1_871' title='bbox 3486 5580 3727 5650; x_wconf 68' lang='lat' dir='ltr'><strong>Aigypto</strong></span> 
     </span>
    </p>
   </div>
   <div class='ocr_carea' id='block_1_115' title="bbox 2084 5667 3730 5742">
    <p class='ocr_par' dir='ltr' id='par_1_115' title="bbox 2084 5667 3730 5742">
     <span class='ocr_line' id='line_1_116' title="bbox 2084 5667 3730 5742; baseline -0.003 -16"><span class='ocrx_word' id='word_1_872' title='bbox 2084 5686 2221 5726; x_wconf 89' lang='lat' dir='ltr'><strong>eum</strong></span> <span class='ocrx_word' id='word_1_873' title='bbox 2255 5669 2560 5742; x_wconf 89' lang='lat' dir='ltr'><strong>sparsisse.</strong></span> <span class='ocrx_word' id='word_1_874' title='bbox 2596 5668 2781 5733; x_wconf 87' lang='lat' dir='ltr'><strong>Quam</strong></span> <span class='ocrx_word' id='word_1_875' title='bbox 2814 5667 3172 5724; x_wconf 89' lang='lat' dir='ltr'><strong>sententiam</strong></span> <span class='ocrx_word' id='word_1_876' title='bbox 3203 5684 3272 5724; x_wconf 91' lang='lat' dir='ltr'><strong>ex</strong></span> <span class='ocrx_word' id='word_1_877' title='bbox 3298 5669 3569 5725; x_wconf 91' lang='lat' dir='ltr'><strong>Veterum</strong></span> <span class='ocrx_word' id='word_1_878' title='bbox 3600 5683 3730 5722; x_wconf 88' lang='lat' dir='ltr'><strong>mo-</strong></span> 
     </span>
    </p>
   </div>
  </div>
