4064 6134
263 342 379 405 343

1329 350 1391 410 S.
1439 346 1838 412 IGNATIUS.
1890 376 1964 393 --
2005 334 2628 410 PROLEGOMENA.

3559 341 3683 400 3N

266 480 571 535 numentis
589 480 673 536 sic
687 480 1119 539 confirmo.Sub
1139 481 1390 555 imperio
1404 482 1646 538 Adriani
1663 481 1920 556 Agrippa
1948 481 2000 549 Α
2026 481 2288 537 fatentur
2303 479 2661 552 discipulum
2684 475 2866 533 fuisse
2879 471 3136 533 Simonis
3158 472 3303 548 Magi
3328 487 3341 541 ;
3367 479 3524 530 certe
3546 489 3683 528 eum

265 568 473 624 Castor
522 570 793 625 Basilidis
847 572 1208 627 luculentam
1259 573 1726 628 confutationem
1777 571 1919 627 scri-

263 659 403 728 psit,
436 658 498 711 in
529 675 644 729 qua
677 665 734 713 et
767 661 1128 716 mentionem
1159 662 1297 716 fecit
1326 664 1394 715 24
1426 662 1715 716 librorum
1747 660 1818 717 ab
1843 677 1910 716 eo

261 746 323 800 in
376 747 753 819 Evangelium
815 751 1188 821 scriptorum,
1255 757 1403 806 teste
1451 751 1725 818 Eusebio,
1776 752 1914 806 Hist.

265 834 370 891 lib.
405 853 477 904 Iv,
505 853 634 908 cap.
670 842 721 904 7,
755 855 948 910 neque
981 845 1210 895 tantum
1245 841 1525 896 adversus
1573 840 1915 908 Basilidem,

268 925 372 979 sed
394 932 453 980 et
476 926 666 981 {ilium
691 929 820 998 ejus
843 945 910 984 ac
939 929 1297 1001 discipulum
1337 930 1626 985 Isidorum
1659 930 1918 1001 scripsit,

266 1019 415 1068 teste
455 1015 840 1072 Theodoreto.
875 1019 981 1082 Qui
1013 1019 1120 1073 sub
1147 1020 1407 1074 Adriano
1441 1025 1526 1074 tot
1576 1020 1759 1074 libros
1801 1018 1922 1073 edi-

268 1105 458 1173 derat,
487 1107 795 1178 flliumque
830 1126 895 1165 ac
927 1111 1287 1182 discipulum
1319 1118 1527 1168 notum
1561 1112 1747 1167 etiam
1773 1111 1923 1166 scri—

270 1200 503 1265 ptorem
526 1202 668 1251 tunc
691 1197 917 1266 habuit,
943 1217 1076 1254 eum
1113 1200 1220 1255 sub
1253 1202 1504 1273 Trajano
1527 1217 1633 1256 sua
1652 1201 1921 1255 docuisse

263 1301 371 1355 par
427 1290 515 1340 est
545 1286 806 1343 credere.
840 1289 1019 1343 Joelis
1078 1291 1256 1362 igitur
1311 1291 1795 1362 chronographus
1851 1289 1922 1344 de

267 1373 521 1444 Trajano
553 1375 913 1446 imperatore
944 1395 1146 1450 agens,
1183 1379 1306 1434 haec
1341 1380 1518 1435 habet
1546 1397 1558 1434 :
1594 1378 1709 1454 Ἐφ’
1741 1376 1803 1431 οὗ
1832 1377 1918 1431 καὶ

272 1461 497 1533 Συμεὼν
531 1465 558 1515 ὸ
587 1467 684 1516 τοῦ
716 1462 956 1519 Κλεωπᾶ
1006 1467 1093 1520 καὶ
1145 1467 1404 1544 Ἰγνάτιος
1437 1469 1463 1523 ὁ
1496 1467 1785 1542 Θεοφόρος,
1835 1465 1925 1521 καὶ

275 1547 627 1621 Βασιλείδης,
654 1553 741 1606 καὶ
777 1552 1074 1623 Νικόλαος,
1109 1557 1198 1610 καὶ
1233 1551 1554 1618 Ἐϐιωναῖος
1587 1557 1637 1610 οἱ
1659 1556 1930 1630 αἱρεσιάρ-

279 1655 374 1712 χαι
407 1640 495 1694 καὶ
530 1639 722 1714 ἐχθροὶ
750 1644 848 1711 τῆς
881 1643 1141 1713 ἀληθείας
1182 1644 1556 1721 ἐγνωρίζοντο,
1604 1669 1628 1700 ι
1664 1648 1780 1703 Sub
1811 1663 1926 1718 quo

278 1736 336 1784 et
357 1730 594 1785 Simeon
617 1732 847 1804 Cleopaa
872 1735 1048 1800 ﬁlius,
1076 1741 1135 1791 et
1154 1737 1413 1808 Ignatius
1438 1739 1715 1802 Deifer,et
1733 1736 1931 1792 Basili-

2033 571 2280 643 μαθητὴν
2337 572 2435 624 τοῦ
2503 567 2750 641 Σίμωνος
2835 572 3002 623 vocat
3080 567 3346 622 Justinus
3433 567 3684 634 martyr.

2031 664 2354 732 Utrumque
2388 661 2603 732 igitur;
2638 657 2795 728 quod
2827 657 2901 713 ad
2921 656 3202 729 temporis
3222 655 3517 710 rationem
3546 667 3684 723 spe-

2030 756 2170 816 ctat,
2205 750 2406 806 audire
2423 750 2615 821 potuit
2645 754 2701 803 et
2723 748 3023 803 Glauciam
3048 753 3107 801 et
3137 745 3688 812 Menandrum,nisi

2030 844 2428 914 praematurus
2452 839 2614 893 illius
2638 838 2891 893 Glauciae
2915 837 3108 892 obitus
3140 835 3316 892 alicui
3346 833 3472 906 jam
3506 842 3692 891 notus

2034 930 2128 985 sit.
2153 931 2413 983 Mortuus
2437 932 2526 982 est
2544 927 2744 982 Simon
2769 927 2876 981 sub
2896 927 3160 992 Nerone;
3187 926 3295 980 sub
3328 925 3692 996 Vespasiano

2031 1019 2212 1090 igitur
2242 1018 2446 1073 ﬂoruit
2476 1016 2819 1083 Menander,
2853 1015 2961 1071 sub
2994 1016 3330 1070 Domitiano
3356 1015 3535 1088 igitur
3565 1031 3690 1070 cre-

2035 1107 2216 1162 dibile
2251 1113 2340 1162 est
2371 1123 2502 1162 eum
2539 1106 2830 1161 audivisse
2863 1105 3226 1160 Saturnilum
3261 1111 3319 1160 et
3351 1104 3690 1173 Basilidem,

2034 1197 2142 1254 sub
2174 1198 2423 1269 Trajano
2467 1212 2602 1252 suas
2629 1197 2886 1251 hzereses
2919 1195 3262 1250 etformasse
3287 1200 3464 1266 atque
3487 1194 3693 1267 prodi-

2036 1286 2214 1354 disse,
2264 1286 2497 1341 scholas
2555 1286 2734 1340 etiam
2778 1302 2884 1340 seu
2934 1284 3212 1340 ecclesias
3266 1285 3374 1339 sub
3429 1284 3693 1340 Adriano

2039 1375 2377 1431 condidisse
2453 1376 2532 1429 De
2573 1375 2788 1445 quibus
2837 1373 3165 1428 Eusebius:
3212 1373 3308 1426 Ὧν
3341 1372 3368 1426 ὁ
3404 1372 3502 1445 μὶν
3560 1372 3695 1444 μετὰ

2038 1460 2237 1536 Συρίαν
2283 1463 2311 1516 ὁ
2345 1458 2402 1516 δὲ
2453 1462 2569 1516 κατ’
2633 1463 2900 1534 Αἴγυπτον
2971 1463 3362 1531 συνεστήσαντο
3419 1464 3694 1534 Θεομισῶν

2036 1551 2292 1626 αίρέσεων
2320 1547 2724 1606 διδασκαλεῖα.-
2752 1553 3010 1617 Quorum
3036 1552 3136 1606 ille
3163 1552 3401 1622 quidem
3429 1553 3489 1607 in
3506 1553 3694 1624 Syria,

2037 1644 2133 1698 hic
2164 1659 2298 1696 vero
2326 1641 2482 1713 apud
2513 1643 2817 1713 [Egyptum
2842 1642 3164 1714 impiarum
3190 1642 3496 1697 haereseon
3521 1643 3694 1697 scho-

2039 1732 2123 1788 las
2157 1731 2440 1786 condidit.
2477 1751 2504 1780 ι)
2537 1731 2700 1785 Unde
2736 1730 2943 1802 probat
2964 1731 3234 1786 Clemens
3261 1731 3694 1788 Alexandrinus

275 1817 466 1884 des,et
489 1821 1180 1889 Nicolaus,etEbionaaus
1201 1827 1612 1882 haeresiarchas
1637 1832 1695 1882 et
1714 1825 1830 1880 veri
1843 1830 1921 1879 ta-

2045 1819 2496 1895 μεταγενεστέραις
2549 1825 2651 1887 τῆς
2699 1817 2998 1883 καθολικῆς
3057 1816 3391 1888 Ἐκκλησίας
3442 1821 3538 1882 τὰς
3597 1820 3694 1874 ἆν-

273 1908 349 1962 tis
382 1909 583 1964 hostes
639 1912 822 1983 agniti
884 1921 1045 1971 sunt.
1091 1937 1120 1965 »
1179 1917 1258 1972 De
1314 1917 1521 1972 eodem
1571 1919 1928 1989 imperatore

275 2012 455 2068 agens
476 1998 856 2056 Abull‘araius
886 2019 898 2056 :
936 2023 960 2052 α
995 2005 1112 2059 Ηοο
1145 2010 1409 2077 tempore
1457 2005 1680 2077 prodtit
1719 2007 1926 2062 Antio-

279 2087 428 2141 chiae
460 2088 702 2158 quidam
755 2093 997 2148 nomine
1044 2094 1370 2162 Soterinus,
1403 2096 1521 2151 sive
1555 2097 1927 2152 Saturninus.

281 2175 508 2231 Prodiit
533 2179 709 2233 etiam
736 2181 1039 2238 Basilides.
1069 2204 1095 2232 »
1123 2185 1322 2255 Neque
1348 2185 1567 2239 mirum
1601 2187 1706 2240 hos
1731 2201 1932 2240 recen-

281 2265 464 2320 tiores
496 2267 622 2322 harc
651 2269 1005 2339 prodidisse,
1041 2289 1173 2327 cum
1208 2275 1445 2328 Veteres
1476 2275 1642 2345 paria
1674 2273 1930 2329 tradide-

281 2355 421 2411 rint.
458 2357 821 2428 Epiphanius
862 2361 1072 2417 haeresi
1131 2365 1234 2418 3l:
1287 2360 1644 2423 Οιίαλεντῖνος
1693 2363 1786 2436 μὶν
1838 2363 1928 2416 οὗν

281 2443 439 2505 οὗτος
468 2450 546 2517 τῷ
581 2445 769 2521 χρόνῳ
803 2445 1110 2525 διαδέχεται
1136 2449 1266 2513 τοὺς
1304 2453 1409 2525 πρὸ
1454 2451 1620 2507 αὐτοῦ
1669 2473 1932 2527 προτετα-

275 2531 527 2608 γμένοκς,
559 2534 884 2609 Βασιλείδην
941 2559 999 2594 τε
1055 2540 1143 2594 καὶ
1200 2540 1553 2616 Σατορνῖλον,
1613 2536 1844 2596 Ἐϐίωνά
1875 2561 1931 2597 τε

273 2622 362 2676 καὶ
391 2625 668 2698 Κήρινθον
699 2626 790 2680 καὶ
839 2630 1139 2702 Μήρινοον,
1199 2632 1290 2685 καὶ
1349 2631 1477 2695 τοὺς
1526 2631 1660 2708 ἀμφ’
1707 2631 1927 2694 αὐτοὺς.

274 2709 437 2768 Οὗτοι
473 2713 576 2789 γὰρ
608 2713 798 2777 πάντες
827 2713 878 2770 ἐν
926 2717 1001 2772 ἑνὶ
1054 2723 1228 2794 καιρῷ
1258 2723 1337 2792 τῷ
1391 2721 1498 2795 βίῳ
1545 2724 1726 2782 κακῶς
1771 2720 1932 2798 ἐφύη·

275 2821 392 2872 σαν,
426 2802 600 2877 ὀλίγῳ
632 2801 688 2858 δὲ
717 2803 948 2880 πρόσθεν
983 2804 1196 2881 μᾶλλον
1233 2808 1283 2862 οἱ
1329 2809 1452 2886 περῖ
1499 2811 1787 2886 Κήρινθον,
1837 2809 1928 2864 καὶ

275 2895 576 2968 Μήρινθον,
610 2896 698 2950 καὶ
733 2891 985 2953 Ἐϐίωνα.
1045 2923 1072 2950 ‹‹
1106 2901 1455 2958 Valentinus
1488 2904 1599 2958 iste
1630 2902 1928 2975 prioribus

274 2986 395 3040 illis
426 3003 460 3040 a
487 3003 582 3042 me
616 2992 788 3043 antea
821 2992 1303 3047 commemoratis
1334 2997 1600 3064 tempore
1629 2998 1717 3048 est
1740 2997 1931 3063 poste-

273 3077 416 3145 rior,
449 3075 728 3144 Basilide,
761 3077 1066 3144 nimirum,
1094 3096 1160 3135 ac
1191 3081 1510 3150 Saturnilo,
1543 3081 1786 3147 Ebione,
1821 3082 1928 3136 Ce-

273 3166 472 3219 rintho
503 3181 569 3220 ac
628 3165 917 3222 Merintho
978 3185 1301 3240 eorumque
1362 3169 1560 3225 sociis.
1619 3169 1922 3240 Siquidem

275 3269 484 3309 omnes
542 3271 662 3308 non
718 3259 986 3326 tempore
1046 3257 1119 3312 ad
1176 3258 1424 3314 humani
1492 3259 1724 3330 generis
1810 3259 1928 3314 exi-

275 3342 424 3397 tium
482 3342 707 3414 profusi
764 3350 948 3399 sunt:
1018 3363 1358 3418 quanquam
1440 3346 1776 3414 Cerinthus,
1862 3362 1929 3404 ac

276 3431 604 3487 Merinthus
637 3439 693 3487 et
738 3432 924 3488 Ebion
975 3435 1284 3506 paululum
1336 3437 1660 3508 antegressi
1704 3442 1861 3493 sunt.
1898 3459 1926 3488 ››

277 3523 404 3576 Non
437 3522 691 3578 multum
723 3525 1005 3595 temporis
1037 3525 1216 3597 igitur
1255 3526 1595 3581 intercessit
1643 3526 1801 3582 inter
1827 3527 1928 3582 Ce-

269 3611 536 3667 rinthum
569 3612 915 3668 haereticum
973 3614 1032 3668 in
1081 3615 1222 3671 Asia
1269 3616 1556 3687 agnitum,
1607 3621 1924 3688 antequam

273 3702 332 3757 S.
363 3702 617 3758 Joannes
645 3703 1023 3776 Evangelium
1076 3705 1414 3776 scripserat,
1467 3711 1525 3760 et
1581 3706 1924 3774 Basilidem,

271 3794 421 3846 teste
451 3793 803 3864 Epiphanio.
835 3793 1170 3859 Quinetiam
1197 3795 1324 3867 ipse
1347 3796 1740 3868 Hieronymus
1763 3797 1927 3853 Basi-

270 3883 454 3940 lidem
487 3886 966 3943 interheereticos
989 3889 1448 3960 apostolicorum
1462 3896 1799 3963 temporum
1823 3908 1927 3946 nu-

273 3974 803 4047 merat,disputans
829 3975 1108 4032 adversus
1131 3978 1529 4034 Luciferianos
1555 3997 1566 4034 :
1594 3979 1753 4034 «Sed
1782 3978 1923 4051 quid

273 4063 344 4118 de
386 4065 814 4136 posterioribus
839 4065 1032 4121 adhuc
1053 4066 1266 4138 loquor
1283 4068 1311 4122 ?
1333 4069 1630 4140 Apostolis
1649 4069 1841 4124 adhuc
1861 4069 1923 4123 in

273 4155 490 4210 saeculo
502 4155 1104 4227 superstitibus,apud
1127 4156 1393 4213 Judaeam
1406 4158 1621 4213 Christi
1638 4159 1922 4230 sanguine

268 4246 494 4300 recenti
529 4245 883 4316 phantasma
913 4246 1148 4301 Domini
1175 4264 1387 4319 corpus
1418 4247 1924 4304 asserebatur.Ga-

271 4335 419 4390 latas
451 4334 524 4390 ad
556 4335 1030 4391 observationem
1059 4335 1203 4407 legis
1248 4337 1549 4394 traductos
1601 4338 1922 4410 Apostolus

269 4423 486 4478 iterum
518 4425 788 4494 parturit.
824 4425 1160 4479 Corinthios
1189 4428 1692 4483 resurrectionem
1725 4429 1921 4482 carnis

268 4530 389 4568 non
421 4511 731 4566 credentes
763 4513 1032 4584 pluribus
1065 4516 1430 4585 argumentis
1462 4516 1536 4571 ad
1565 4532 1768 4570 verum
1808 4520 1923 4571 iter

2045 1910 2315 1984 θρωπίνας
2375 1907 2720 1978 συνηλύσιις,
2782 1933 2810 1959 ‹‹
2861 1917 3179 1967 conventus
3237 1913 3344 1967 hos
3397 1911 3701 1968 humanos

2042 2001 2331 2056 catholica
2361 1999 2623 2055 Ecclesia
2653 2000 3031 2070 posteriores.
3070 2022 3096 2050 »

2112 2091 2383 2155 Quamvis
2406 2091 2530 2144 haec
2553 2106 2586 2144 a
2603 2089 2775 2144 nobis
2799 2095 2916 2144 tam
2942 2091 3252 2162 perspicue
3282 2091 3530 2162 probata
3551 2093 3694 2160 sint,

2041 2180 2219 2235 habet
2250 2185 2449 2235 tamen
2482 2179 2738 2235 Dallaaus
2770 2186 3060 2243 auctores,
3085 2183 3464 2253 utputat,qui
3493 2182 3700 2237 Basili-

2042 2269 2176 2324 dem
2197 2269 2376 2335 hunc,
2397 2268 2700 2324 Menandri
2734 2268 3114 2340 discipulum,
3146 2271 3354 2326 Isidori
3384 2277 3614 2343 patrem
3639 2277 3697 2326 et

2041 2359 2412 2431 magistrum,
2445 2359 2554 2414 sub
2583 2357 2839 2413 Adriano
2875 2360 3132 2430 primum
3163 2362 3452 2433 erupisse,
3485 2368 3544 2416 et
3573 2362 3690 2416 hae-

2040 2450 2200 2505 resin
2223 2466 2389 2505 suam
2414 2448 2626 2504 docere
2649 2449 2892 2520 cmpisse
2919 2450 3177 2505 tradunt.
3203 2454 3285 2506 Ac
3305 2452 3497 2523 primo
3517 2452 3690 2507 nobis

2041 2539 2313 2594 nominat
2341 2538 2705 2594 Clementem
2738 2539 3227 2607 Alexandrinum,
3277 2542 3448 2613 cujus
3498 2541 3694 2596 locum

2040 2629 2210 2699 mire,
2234 2634 2297 2683 ut
2329 2628 2561 2701 opinor,
2594 2634 2939 2700 corruptum
2970 2635 3073 2684 aut
3112 2630 3267 2686 male
3326 2631 3693 2686 intellectum

2042 2719 2214 2773 toties
2243 2717 2550 2773 advocant.
2585 2722 2726 2772 Eum
2762 2719 2938 2789 igitur
2967 2737 3074 2791 per
3102 2726 3301 2790 partes
3332 2719 3695 2776 examinabi-

2040 2825 2193 2864 mus.
2234 2813 2294 2862 'H
2331 2808 2424 2880 μὲν
2453 2807 2558 2882 γὰρ
2615 2811 2712 2862 τοῦ
2777 2811 2979 2884 Κυρίου
3037 2811 3173 2864 κατά
3237 2812 3336 2879 τήν
3390 2809 3686 2884 παρουσίαν

2040 2893 2363 2951 διδασκαλία
2422 2896 2526 2951 ἀπὸ
2587 2897 2899 2972 Αὐγούστου
2957 2898 3047 2952 καὶ
3106 2894 3358 2975 Τιϐερίου
3415 2898 3684 2973 Καίσαρος

2038 2983 2332 3060 ἀρξαμένη,
2397 2983 2701 3058 μεσούντων
2759 2991 2854 3040 τοῦ
2934 2986 3242 3060 Αὐγούστου
3326 2987 3536 3062 χρόνων
3591 3007 3683 3042 τε..

2039 3075 2302 3133 λειοΰται.
2345 3078 2452 3133 Ubi
2483 3095 2589 3133 vox
2622 3076 2943 3154 Αὐγούστου
2976 3080 3298 3151 posteriore
3339 3080 3466 3134 loco
3518 3084 3680 3134 recte

2036 3168 2175 3240 poni
2209 3185 2329 3223 non
2358 3173 2590 3239 potest;
2620 3185 2814 3239 neque
2848 3170 3005 3225 enim
3039 3169 3110 3225 de
3146 3175 3396 3242 Augusto
3429 3169 3556 3240 ipso
3588 3168 3680 3224 in-

2041 3257 2222 3330 telligi
2254 3257 2489 3328 poterit,
2519 3263 2651 3329 post
2681 3260 2851 3330 cujus
2883 3258 3116 3330 imperii
3177 3259 3371 3314 media
3413 3263 3688 3330 tempora

2034 3348 2302 3404 Christus
2335 3353 2507 3404 natus
2533 3367 2546 3416 ;
2579 3365 2772 3421 neque
2804 3349 3036 3406 Tiberio
3069 3367 3138 3406 ea
3152 3367 3261 3405 vox
3287 3349 3563 3406 convenit
3583 3348 3687 3404 ubi

2033 3445 2282 3510 uterque
2314 3439 2489 3494 simul
2520 3441 2880 3496 nominatur.
2925 3440 3198 3496 Mendum
3244 3441 3509 3514 agnoscit
3555 3440 3691 3512 Syl-

2035 3528 2279 3600 burgius
2311 3535 2370 3584 et
2398 3546 2504 3600 pro
2538 3528 2855 3604 Αὐγούστου
2887 3529 3028 3602 legit
3055 3547 3184 3585 cum
3229 3531 3553 3603 interprete
3583 3531 3689 3586 Τι-

2034 3611 2240 3691 ϐερίου.
2273 3619 2342 3674 Et
2373 3617 2612 3690 quidem
2663 3619 2804 3674 satis
2853 3621 3046 3674 Grmce
3099 3619 3320 3676 dicitur
3374 3617 3681 3692 μεσούντων

2032 3711 2140 3761 τῶν
2180 3701 2439 3780 Τιϐερίου
2471 3705 2708 3781 χρόνων,
2765 3732 2785 3758 ε
2822 3709 3016 3764 medio
3065 3708 3278 3763 Tiberii
3329 3713 3616 3780 tempore,
3653 3731 3684 3758 υ

2033 3797 2138 3853 sed
2168 3796 2374 3852 dubito
2405 3814 2480 3852 an
2513 3797 2593 3852 ita
2622 3797 2961 3869 loqueretur
2990 3797 3279 3862 Clemens,
3313 3798 3413 3870 qui
3441 3801 3506 3852 l5
3555 3797 3680 3869 qui-

2033 3887 2168 3942 dem
2194 3886 2410 3942 Tiberii
2441 3886 2798 3958 baptizatum
2831 3903 2955 3942 esse
2985 3887 3283 3942 Christum
3334 3888 3586 3960 agnovit,
3620 3892 3677 3941 et

2029 3981 2165 4048 post
2195 3992 2382 4031 unum
2414 3992 2634 4031 annum
2666 3993 2903 4048 passum
2959 3977 3158 4033 etiam*
3182 3977 3430 4050 putavit,
3464 3977 3563 4032 sed
3609 3979 3678 4030 22

2031 4071 2262 4121 tantum
2293 4082 2480 4121 annos
2511 4066 2740 4122 Tiberio
2802 4067 3133 4139 assignavit.
3187 4069 3332 4123 Cum
3378 4068 3556 4140 igitur
3603 4066 3683 4121 le-

2031 4155 2158 4210 vior
2186 4155 2434 4210 mutatio
2465 4155 2739 4210 sufﬁcere
2770 4172 2942 4227 posse
2975 4157 3263 4225 videatur,
3297 4157 3444 4212 forte
3475 4156 3676 4226 legeno

2032 4246 2172 4301 dum
2206 4244 2513 4316 μεσούντων
2544 4249 2654 4298 τῶν
2685 4242 3015 4318 Αὖγούστων
3066 4244 3284 4319 χρόνον,
3337 4269 3363 4296 ι(
3397 4244 3678 4315 Augustis

2029 4335 2146 4390 illis
2176 4340 2409 4406 tempus
2439 4333 2909 4404 dimidiantibus,
2943 4356 2971 4384 »
2999 4335 3112 4403 vel,
3145 4341 3396 4407 utroque
3428 4335 3682 4405 impera-

2029 4431 2155 4479 tore
2187 4423 2500 4479 dimidium
2531 4423 2816 4495 temporis
2846 4422 2957 4478 sibi
2991 4431 3283 4480 sumente.
3329 4426 3399 4480 Ut
3428 4424 3551 4496 ipse
3583 4423 3677 4480 lo-

2031 4514 2250 4585 quitur,
2299 4513 2399 4568 lib.
2462 4528 2526 4566 I:
2566 4507 3029 4582 Πεντεκαιδεκάτῳ
3080 4512 3174 4565 οὗν
3230 4508 3335 4566 ἔτει
3391 4506 3675 4585 Τιϐερίου,

269 4603 504 4657 trahere
537 4573 804 4658 conatur.
835 4601 999 4656 Tunc
1033 4573 1238 4657 Sinion
1269 4605 1464 4676 Magus
1496 4611 1554 4659 et
1595 4605 1915 4662 Menander

2033 4603 2112 4658 καὶ
2144 4597 2606 4672 πεντεκαιδεκάτῳ
2652 4599 2970 4675 Αὐγούστου
3025 4599 3166 4655 οὕτω
3215 4598 3553 4676 πληροῦνται
3605 4600 3675 4655 τὰ

270 4693 599 4766 discipulus
623 4693 750 4764 ejus
772 4692 874 4747 Dei
904 4709 964 4746 se
1002 4709 1306 4748 asseruere
1337 4694 1609 4763 virtutes;
1636 4700 1776 4751 tunc
1807 4698 1910 4752 Ba-

267 4783 472 4841 silides
494 4798 791 4838 summum
811 4783 994 4837 Deum
1017 4781 1278 4839 Abraxas
1290 4783 1719 4841 cumtrecentis
1746 4803 1909 4842 sexa-

265 4877 428 4950 ginta
460 4874 723 4945 quinque
753 4872 1031 4928 Eonibus
1059 4879 1492 4929 commentatus
1516 4880 1622 4929 est.
1657 4897 1685 4923 »
1718 4876 1772 4929 Si
1808 4875 1910 4931 Ba-

267 4965 561 5022 silidianis
592 4964 737 5036 ipsis
769 4962 1101 5032 credamus,
1154 4962 1362 5019 habuit
1396 4963 1679 5020 Basilides
1726 4965 1907 5036 magi-

267 5061 454 5112 strum
487 5053 808 5118 Glauciam,
844 5051 1073 5122 fuitque
1104 5051 1205 5106 ille
1236 5051 1506 5108 Glaucias
1541 5053 1592 5108 S.
1628 5054 1782 5108 Petri
1817 5055 1910 5108 in-

260 5149 508 5217 terpres.
558 5143 829 5197 Clemens
861 5141 1320 5211 Alexandrinus,
1354 5143 1618 5198 Stromat.
1659 5143 1763 5201 lib.
1787 5159 1859 5198 vn
1892 5160 1906 5198 :

259 5234 515 5307 Καθάπερ
562 5232 589 5286 ὁ
648 5227 988 5300 Βασιλείδης,
1057 5227 1152 5284 κᾶν
1211 5228 1480 5285 Γλαυκίαν
1542 5228 1909 5306 ἐπιγράφηται

261 5322 610 5382 διδάσκαλον.
646 5322 719 5383 ὡς
762 5321 1027 5395 αύχοῦσιν
1060 5319 1236 5391 αὐτοὶ,
1270 5322 1361 5375 τὸν
1393 5320 1598 5396 Πέτρου
1647 5319 1904 5398 ἑρμηνέα.

258 5416 374 5470 Nec
407 5417 516 5469 hoc
547 5414 744 5469 statim
785 5412 1245 5484 repudiandum,
1271 5412 1429 5484 quod
1461 5430 1494 5468 a
1531 5412 1908 5468 Basilidianis

260 5505 483 5560 dictum
516 5504 610 5572 sit,
640 5503 796 5574 quod
830 5503 882 5557 ei
917 5502 1071 5557 aetati
1107 5503 1354 5558 minime
1385 5509 1696 5576 repugnat,
1732 5518 1908 5573 quam

258 5594 448 5653 nostri
472 5593 650 5648 etiam
669 5596 1014 5664 agnoscunt.
1056 5591 1112 5644 Si
1147 5592 1416 5648 Glaucias
1448 5598 1576 5648 erat
1613 5593 1907 5663 interpres

261 5683 316 5744 S.
351 5682 529 5755 Petri,
563 5685 933 5756 synchronus
960 5682 1074 5739 fuit
1102 5683 1443 5754 Menandro,
1477 5699 1653 5754 quem
1698 5698 1906 5738 omnes

2021 4695 2309 4767 τριάκοντα
2338 4685 2432 4760 ἔτη
2463 4685 2567 4751 ἕως
2595 4686 2657 4743 οὗ
2697 4684 2909 4746 ἔπαθεν.
2973 4711 2992 4737 ι
3027 4691 3475 4757 Quintodecimo
3533 4708 3673 4763 ergo

2023 4800 2180 4840 anno
2201 4782 2415 4838 Tiberii
2440 4785 2498 4836 et
2519 4780 2960 4851 quintodecimo
2975 4782 3217 4853 Augusti
3241 4782 3325 4836 sic
3348 4781 3676 4852 implentur

2024 4873 2264 4946 triginta
2285 4871 2428 4926 anni
2449 4885 2638 4941 usque
2661 4869 2734 4925 ad
2756 4874 2990 4943 tempus
3013 4887 3128 4942 quo
3147 4887 3355 4943 passus
3387 4876 3476 4926 est
3503 4870 3677 4927 Chri-

2023 4970 2167 5019 stus.
2204 4984 2231 5013 ››
2264 4961 2372 5017 Sed
2409 4961 2632 5032 optima
2663 4961 2949 5017 correctio
2981 4978 3015 5017 a
3045 4961 3275 5017 meliori
3309 4962 3512 5018 codice
3568 4977 3674 5016 ex-

2023 5051 2344 5125 spectanda
2374 5055 2484 5106 est.
2515 5052 2631 5123 Ego
2655 5055 2888 5106 tantum
2908 5050 3104 5106 locum
3139 5069 3272 5108 eum
3297 5057 3363 5107 ut
3382 5068 3542 5107 nunc
3556 5050 3679 5106 edi-

2020 5147 2116 5198 tus
2149 5146 2255 5210 est,
2288 5141 2350 5195 in
2382 5139 2599 5196 mendo
2650 5141 2866 5196 cubare
2912 5140 3180 5197 observo.
3216 5141 3278 5197 Ἣ
3311 5136 3366 5194 δὲ
3395 5143 3505 5193 τῶν
3536 5139 3676 5193 ἀπο-

2022 5228 2232 5285 στόλων
2261 5228 2426 5283 αὗτοῦ
2460 5234 2626 5303 μέχρι
2661 5248 2722 5303 γε
2763 5234 2863 5297 τῆς
2917 5228 3140 5285 Ηαύλου
3190 5227 3532 5304 λειτουργίας
3583 5225 3671 5282 ἐπὶ

2016 5320 2270 5395 Νέρωνος
2301 5316 2626 5372 τελειοῦται.
2663 5341 2688 5366 «
2723 5319 3144 5390 Apostolorum
3175 5326 3371 5375 autem
3407 5321 3534 5392 ejus
3567 5318 3674 5374 do-

2017 5411 2425 5480 ctrina,usque
2442 5408 2516 5464 ad
2539 5408 2706 5463 Pauli
2734 5408 3271 5477 ministerium,sub
3291 5411 3518 5465 Nerone
3534 5425 3674 5464 con-

2019 5505 2348 5558 summatur.
2362 5522 2381 5544 -
2394 5500 2526 5554 Haec
2539 5497 2610 5553 de
2628 5497 2978 5568 antiquitate
2995 5497 3668 5565 doctrinmChristianae;

2016 5591 2089 5646 de
2119 5589 2375 5646 novitate
2409 5589 2714 5643 haereseon
2746 5588 2828 5642 ita
2858 5586 3162 5658 loquitur:
3196 5589 3354 5643 Κάτω
3403 5585 3480 5655 Si,
3537 5588 3665 5661 περῖ

2015 5677 2143 5740 τοὺς
2175 5674 2460 5750 Ἀδριανοῦ
2489 5679 2586 5731 τοῦ
2621 5673 2891 5750 βασιλέως
2927 5676 3164 5752 χρόνους
3197 5678 3248 5733 οἱ
3297 5676 3394 5742 τὰς
3439 5675 3669 5755 aliptes:-
