4064 6134
263 373 376 433 345

1021 372 1080 434 J.
1125 372 1544 435 pmasouu
1589 371 1956 436 vmmcm
2002 345 2482 437 maxumis.
2530 374 2607 426 '.—
2648 376 2846 439 PARS
2892 376 2967 437 11.

3591 375 3710 437 346

271 511 676 580 ἐπινοήσαντες
713 509 989 588 γεγόνασι.
1028 534 1054 564 ι(
1085 512 1339 569 Inferius
1373 519 1593 582 autem,
1619 512 1774 570 circa
1803 517 1941 569 tem-

2068 518 2225 582 sunt,
2259 528 2294 567 a
2339 513 2642 569 Clemente
2674 512 2970 584 proficisci
2992 527 3112 567 non
3140 513 3482 582 potuerunt.
3518 510 3710 575 Quare

273 619 421 675 pora
461 603 727 658 Adriani
762 603 1158 675 imperatoris,
1185 603 1426 659 fuerunt;
1458 603 1538 658 illi
1573 603 1672 674 qui
1697 604 1954 659 haareses

283 693 732 764 excogitarunt.
770 715 800 742 »
836 696 960 749 Non
991 699 1166 766 negat
1213 709 1574 765 quemquam
1606 693 1954 749 hxereticum

286 786 421 837 ante
453 779 710 835 Adriani
747 787 1012 852 tempora
1033 782 1214 837 fuisse
1241 799 1254 849 ;
1277 781 1391 838 hoc
1422 782 1582 837 enim
1613 781 1812 854 negari
1831 799 1954 838 non

290 871 643 944 potuit.Non
670 869 1032 937 diciteos,de
1049 871 1260 943 quibus
1277 871 1676 943 loquitur,sub
1695 871 1952 928 Adriano

294 962 552 1034 primum
587 976 699 1016 sua
731 959 946 1015 deliria
967 960 1422 1032 docuisse,quod
1447 961 1766 1017 adversarii
1791 979 1952 1017 asse-

295 1056 570 1116 runt,nos
586 1065 900 1122 negamus.
912 1051 1026 1106 Hoc
1039 1056 1270 1106 tantum
1287 1051 1560 1119 dicit,eos
1575 1052 1675 1122 qui
1698 1051 1954 1107 haereses

301 1139 897 1213 excogitarunt,circa
925 1144 1194 1211 tempora
1223 1139 1464 1194 Adriani
1515 1139 1832 1195 exstitisse.
1866 1140 1953 1194 Ita

301 1238 525 1286 veteres
558 1229 672 1303 ipsi
714 1229 1080 1284 Clementem
1123 1227 1574 1284 intellexerunt:
1636 1229 1763 1284 haec
1792 1229 1951 1284 enim

302 1321 603 1376 Cedrenus
636 1336 706 1374 ex
756 1318 878 1373 illis
925 1317 1138 1374 habet:
1194 1317 1284 1378 Ὠς
1339 1316 1441 1390 γὰρ
1483 1317 1616 1395 φησὶ
1651 1315 1891 1389 Κλήμης
1925 1318 1952 1372 ὁ

302 1408 668 1485 Στρωματεὺς
701 1407 789 1462 ἐπὶ
817 1403 1102 1481 Ἀδριανοῦ
1151 1405 1406 1480 ὑπῆρχον
1463 1404 1815 1480 Εατορνῖλος,
1846 1408 1950 1463 Βα-

305 1495 577 1568 σιλείδης,
623 1497 713 1551 καὶ
763 1496 1174 1571 Καρποκράτης.
1216 1518 1240 1546 ι
1272 1498 1342 1552 Ut
1367 1497 1526 1552 enim
1559 1497 1642 1552 ait
1670 1499 1943 1553 Clemens

306 1593 685 1647 Stromateon
717 1592 942 1654 auctor,
977 1587 1084 1642 sub
1117 1586 1377 1642 Adriano
1408 1587 1651 1642 fuerunt
1694 1588 1954 1642 Saturni-

300 1679 414 1744 lus,
450 1677 765 1744 Basilides,
801 1682 856 1731 et
887 1679 1286 1748 Carpocrates.
1313 1700 1333 1728 ι
1391 1675 1570 1731 Addit
1596 1681 1791 1731 autem
1825 1675 1953 1730 Cle-

304 1783 510 1823 mens:
555 1766 654 1819 Καὶ
703 1764 866 1839 μέχρι
906 1783 969 1838 γε
1013 1771 1116 1832 τῆς
1163 1764 1496 1820 Ἀντωνίνου
1525 1767 1623 1818 τοῦ
1661 1760 1953 1838 πρεσϐυτὲ-

2057 605 2294 660 Isaacus
2326 605 2567 660 Vossias
2624 605 2761 660 huic
2793 605 2922 660 loco
2953 609 3236 674 tanquam
3278 601 3524 657 minime
3553 618 3698 657 sano

2059 694 2354 751 medelam
2387 695 2674 764 adhibuit,
2712 700 2770 751 et
2802 711 2908 766 pro
2956 693 3078 749 illis
3102 709 3232 765 quaa
3251 691 3545 757 dedimus,
3579 691 3707 746 haec

2059 781 2240 855 legit:
2274 782 2534 856 Μαρκίων
2562 781 2666 858 γὰρ
2695 781 2830 836 κατὰ
2888 782 2986 850 τὴν
3032 780 3200 851 αὐτὴν
3255 779 3437 842 αὐτοῖς
3486 777 3710 848 ἡλικίαν

2055 871 2338 946 γενόμενος
2383 874 2457 936 ὡς
2521 868 2842 947 πρεσϐύταις
2888 873 3145 946 νεώτερος
3203 871 3534 946 συνεγένετο,
3591 869 3708 942 μεθ’

2057 963 2133 1016 ὧν
2166 963 2515 1035 ΣίμωνΩιιίε
2549 966 2596 1021 si
2619 971 2776 1022 recte
2799 967 2966 1037 capio
2988 965 3099 1020 hoc
3122 970 3336 1020 sonant
3360 981 3374 1019 :
3401 985 3429 1015 «
3452 962 3708 1018 Marcion

2059 1054 2218 1109 enim
2251 1055 2359 1110 sub
2392 1056 2599 1112 eadem
2629 1063 2801 1112 aetate
2832 1072 2968 1112 cum
2999 1055 3120 1110 illis
3152 1061 3434 1125 tanquam
3466 1069 3601 1108 cum
3621 1069 3706 1108 se-

2055 1143 2232 1198 nibus
2256 1145 2465 1216 junior
2492 1151 2758 1202 versatus
2789 1151 3040 1215 est,cum
3073 1145 3290 1216 quibus
3321 1143 3704 1210 Simon,»etc.

2055 1235 2144 1289 Ita
2193 1233 2316 1298 ille,
2351 1241 2520 1291 acute
2574 1236 2836 1306 quidem,
2867 1241 2932 1290 ut
2969 1236 3138 1291 solet.
3173 1234 3458 1290 Henricus
3507 1238 3703 1290 autem

2061 1323 2327 1379 Valesius
2357 1325 2508 1380 nihil
2538 1326 2889 1380 mutandum
2913 1325 3154 1397 putavit,
3189 1324 3291 1380 sed
3323 1323 3551 1396 μεθ’-δν,
3583 1325 3705 1379 sive

2060 1435 2087 1464 «
2121 1419 2255 1484 post
2279 1430 2476 1484 quem,
2505 1438 2531 1464 ››
2563 1415 2719 1470 idem
2747 1415 2937 1471 valere
2963 1413 3230 1485 ait,quod
3252 1437 3279 1463 ‹‹
3306 1419 3444 1470 ante
3470 1430 3705 1484 quem,»

2056 1509 2114 1557 et
2145 1505 2255 1560 hoc
2287 1504 2535 1576 probare
2569 1506 2778 1560 nititur
2809 1505 2870 1559 in
2902 1504 3398 1560 Adnotationibus
3428 1503 3502 1559 ad
3527 1505 3708 1559 Euse-

2065 1589 2249 1646 bium.
2282 1592 2420 1656 Qua)
2452 1591 2740 1662 expositio
2773 1608 2847 1646 an
2879 1592 3018 1646 ferri
3047 1590 3540 1662 possit,judicent
3569 1606 3706 1644 eru-

2068 1681 2194 1737 diti.
2228 1683 2343 1753 Ego
2374 1697 2493 1736 non
2526 1681 2730 1736 dubito
2761 1681 2906 1753 quin
2938 1681 3407 1752 Blondellus,qui
3433 1681 3702 1735 Clemen-

2062 1775 2182 1824 tem
2215 1771 2326 1826 hoc
2346 1771 2478 1825 loco
2509 1770 2891 1825 Valentinum
2919 1776 3053 1842 post
3090 1770 3447 1826 Marcionem
3479 1770 3704 1825 referre

304 1876 398 1930 ρου
459 1853 721 1910 διέτειναν
776 1853 1015 1923 ἡλικίας,
1073 1855 1312 1925 καθάπερ
1371 1854 1398 1906 ὁ
1432 1851 1780 1923 Βασιλείδης.
1823 1876 1851 1905 ‹‹
1883 1856 1941 1909 Ει

2062 1863 2294 1930 asserit,
2349 1861 2473 1916 sola
2532 1861 2737 1917 Latina
2794 1862 3061 1917 versione
3105 1862 3386 1932 deceptus
3436 1861 3706 1930 sit;quas

296 1951 704 2020 pervenerunt
734 1962 920 2017 usque
951 1944 1022 2000 ad
1054 1950 1289 2000 aetatem
1320 1945 1604 1999 Antonini
1639 1945 1952 2013 senioris,»

299 2038 408 2105 Pii,
441 2037 692 2102 scilicet,
720 2036 818 2107 qui
843 2035 1102 2090 Adriano
1135 2034 1489 2090 successit.E
1519 2034 1734 2105 quibus
1764 2034 1954 2090 verbis

297 2134 483 2200 patet,
519 2126 594 2182 ad
625 2132 922 2197 postrema
952 2125 1165 2179 horum
1216 2123 1630 2179 haereticorum
1663 2129 1950 2195 tempora,

304 2235 427 2272 non
458 2217 665 2288 priora
689 2215 1017 2287 respexisse
1050 2214 1410 2270 Clementem
1439 2230 1544 2281 ;ac
1574 2215 1622 2268 si
1655 2214 1902 2270 dixisset
1936 2231 1949 2269 :

300 2307 724 2363 Haeresiarchae
754 2304 860 2365 illi.
897 2321 1149 2377 quorum
1181 2304 1458 2376 discipuli
1489 2305 1814 2360 etiamnum
1847 2323 1950 2361 ex-

302 2402 487 2464 stant,
518 2395 831 2450 inferiores
863 2411 966 2449 seu
991 2393 1262 2464 juniores
1295 2399 1464 2448 erant
1493 2393 1585 2460 iis,
1620 2394 1721 2463 qui
1753 2395 1952 2449 Chris-

299 2489 526 2541 tianam
583 2485 761 2540 [idem
820 2485 1013 2555 primo
1071 2483 1513 2555 praedicabant;
1547 2483 1949 2554 apostolorum

299 2577 459 2631 enim
484 2575 757 2630 doctrina
787 2573 894 2628 sub
933 2575 1162 2628 Nerone
1195 2579 1606 2628 consummata
1633 2577 1741 2640 est,
1767 2573 1825 2627 hi
1851 2589 1946 2628 au-

298 2671 417 2720 tem
442 2665 554 2720 sub
583 2664 840 2720 Adriano
869 2663 1159 2722 vixerunt.
1183 2668 1240 2717 et
1268 2678 1456 2734 usque
1482 2662 1556 2717 ad
1585 2662 1948 2717 Antoninum

297 2756 468 2809 Pium
501 2753 904 2818 duraverunt;
938 2752 1218 2824 apostolis
1240 2751 1418 2823 igitur
1446 2752 1804 2823 posteriores
1831 2751 1952 2806 fue-

304 2850 451 2897 runt.
485 2844 570 2899 Ex
593 2843 687 2897 his
711 2849 828 2896 tres
859 2843 1151 2909 nominat,
1187 2841 1526 2906 Basilidem,
1549 2841 1946 2907 Valentinum,

307 2939 361 2988 et
383 2933 426 2986 si
455 2933 603 2988 forte
639 2933 1035 2999 Marcionem;
1073 2931 1120 2985 si
1154 2931 1325 3001 forte,
1359 2932 1626 3002 inquam,
1660 2947 1798 2985 nam
1841 2931 1946 2986 illa

299 3022 504 3077 verba:
568 3021 832 3093 Μαρκίων
891 3019 1014 3093 γὰρ,
1074 3019 1211 3074 κατᾶ
1261 3017 1427 3087 αὐτὴν
1487 3018 1674 3079 αὐτοῖς
1724 3017 1946 3086 ἡλικίαν

290 3109 590 3185 γενόμενος
673 3110 748 3170 ὡς
831 3103 1141 3181 πρεσϐύτης
1225 3106 1512 3182 νεωτέροις
1614 3107 1941 3182 συνεγένετο.

287 3224 316 3252 ιι
343 3201 606 3256 Marcion
663 3199 809 3255 enin:
869 3199 976 3254 sub
1009 3199 1217 3254 eadem
1263 3205 1434 3254 mtate
1487 3198 1832 3254 versabatur
1873 3205 1939 3253 ut

288 3307 468 3346 senex
501 3307 638 3344 cum
663 3289 1065 3360 junioribus,»
1091 3295 1155 3343 ut
1182 3288 1354 3360 vulgo
1387 3294 1938 3360 exponuntur,sana

285 3396 414 3435 esse
442 3396 569 3434 non
605 3383 948 3450 possunt,ut
978 3393 1088 3433 nec
1119 3395 1250 3449 qua
1285 3383 1617 3448 sequuntur
1647 3395 1660 3432 :
1717 3377 1852 3432 Μεθ’
1879 3374 1938 3430 ὅν

281 3467 474 3539 Σίμων
545 3465 629 3521 ἐπ’
691 3466 878 3540 ὀλίγον
934 3465 1302 3540 κηρύσσοντος
1358 3470 1455 3520 τοῦ
1519 3465 1722 3538 Ηέτρου
1796 3462 1940 3536 ὔπή-

275 3576 462 3626 κουσε,
498 3579 526 3607 ‹‹
560 3562 694 3628 post
723 3573 900 3628 quem
934 3558 1136 3612 Simon
1168 3558 1406 3612 Petrum
1438 3555 1603 3611 audit
1630 3557 1937 3629 paululum

283 3647 737 3719 praedicantem,
775 3667 804 3696 ››
836 3651 901 3702 ut
932 3645 1106 3700 hodie
1139 3645 1416 3716 leguntur
1448 3651 1506 3700 et
1538 3653 1934 3716 exponuntur.

283 3738 426 3802 Quis
458 3737 612 3792 enim
639 3736 700 3790 in
725 3735 975 3790 historia
1005 3735 1406 3790 ecclesiastica
1435 3736 1588 3790 ferre
1617 3739 1940 3806 potest,aut

283 3826 650 3881 Marcionem
682 3840 887 3880 senem
917 3824 1123 3892 fuisse,
1157 3841 1292 3879 cum
1325 3823 1610 3879 Basilides
1643 3830 1701 3878 et
1734 3825 1937 3880 Valen-

287 3916 452 3970 tinus
479 3915 733 3986 juvenes
765 3918 981 3981 essent,
1016 3919 1116 3968 aut
1138 3914 1444 3968 Simonem
1477 3913 1577 3983 qui
1609 3914 1664 3967 S.
1701 3916 1934 3969 Petrum

279 4005 528 4068 audivit,
561 4009 697 4074 post
752 4003 1108 4057 Marcionem
1139 4001 1476 4057 exstitisse?
1523 4003 1600 4056 De
1645 4003 1936 4058 Marciane

283 4094 459 4150 aliter
517 4093 705 4147 sensit
761 4091 1150 4162 Epiphanius,
1185 4097 1250 4145 ut
1303 4091 1711 4146 ostendimus:
1761 4092 1936 4146 aliter

288 4185 469 4239 etiam
501 4189 734 4238 veteres
764 4181 943 4237 locuti
971 4181 1397 4236 sunt.Justinus
1431 4187 1654 4252 martyr
1681 4181 1935 4236 Valenti-

285 4275 607 4330 nianorum
623 4278 681 4326 et
703 4271 1194 4326 Basilidianorum
1216 4271 1818 4341 meminit,dictosque
1832 4288 1933 4326 eos

279 4378 315 4418 a
343 4361 697 4418 nominibus
727 4360 1260 4416 haaresiarcharum
1287 4360 1479 4426 docet;
1511 4360 1631 4415 imo
1662 4359 1932 4416 verozKat

279 4450 410 4505 εἰσιν
481 4450 570 4526 ὑφ’
619 4446 804 4522 ἡμῶν,
867 4449 1080 4520 inquit.
1112 4447 1218 4502 ἀπὸ
1270 4446 1657 4523 προσωνυμίαις
1706 4451 1815 4502 τῶν
1847 4448 1934 4502 ἆν-

281 4536 421 4613 ὂρῶν
481 4535 534 4608 ἐξ
603 4534 768 4610 οὗπερ
827 4534 1023 4604 ἑκάστη
1089 4531 1292 4608 διδαχή
1355 4533 1444 4589 καὶ
1473 4534 1664 4608 γνώμη
1705 4531 1926 4608 ⁴ἤρξατο.

2062 1956 2262 2006 tamen
2284 1951 2412 2022 ipsa
2441 1951 2499 2006 id
2531 1958 2732 2021 aperte
2752 1968 2872 2007 non
2893 1952 3038 2007 dicit
3065 1951 3227 2023 quod
3256 1950 3354 2005 ille
3382 1950 3705 2020 voluit.Ego

2062 2046 2324 2095 mentem
2347 2041 2670 2096 Clementis
2698 2042 2780 2097 ita
2813 2047 2970 2097 recte
3001 2041 3249 2112 exprimi
3274 2057 3445 2111 posse
3479 2040 3704 2094 sentio:

2063 2151 2091 2179 «
2124 2128 2290 2193 Quod
2306 2129 2379 2184 ad
2409 2129 2766 2185 Marcionem
2785 2131 2944 2186 enim
2968 2129 3310 2192 attinet,ille
3333 2125 3570 2198 quidem
3596 2126 3704 2181 sub

2062 2217 2268 2272 eodem
2296 2217 2547 2289 imperio
2576 2218 2816 2273 Adriani
2853 2219 3012 2284 vixit,
3045 2218 3153 2274 sub
3186 2233 3302 2288 quo
3338 2215 3619 2270 Basilides
3651 2219 3710 2269 et

2066 2307 2544 2374 Valentinus,scd
2575 2324 2708 2363 cum
2743 2324 2918 2363 senex
2953 2313 3127 2376 esset,
3161 2323 3296 2361 cum
3329 2305 3450 2360 illis
3480 2304 3580 2375 qui
3612 2304 3704 2359 his

2061 2395 2354 2465 juniores,
2387 2397 2750 2452 recentiores
2782 2413 2886 2452 seu
2917 2397 3276 2467 posteriores
3307 2400 3708 2460 sunt,conver—

2065 2491 2227 2540 satus
2258 2493 2348 2541 est
2375 2485 2696 2542 haereticis.
2733 2507 2760 2536 »
2797 2487 2911 2541 Vox
2943 2487 3103 2540 enim
3125 2479 3407 2559 νεωτέροις
3439 2501 3575 2540 cum
3607 2481 3700 2536 αύ-

2057 2578 2177 2636 τοῖς
2206 2576 2486 2648 conjungi
2517 2592 2637 2631 non
2685 2574 2879 2640 debet,
2905 2577 3072 2646 quasi
3105 2577 3232 2648 ipso
3265 2576 3554 2630 Marciane
3615 2572 3700 2628 illi

2051 2664 2812 2736 junioresautposteriores
2829 2665 3290 2731 fuerint;sensus
3321 2665 3516 2719 omnis
3540 2663 3697 2718 vocis

2057 2750 2240 2822 αύτοῖς
2273 2753 2527 2808 refertur
2555 2754 2628 2808 ad
2657 2751 2825 2822 αύτήν
2856 2758 2914 2807 et
2961 2753 3022 2807 in
3072 2770 3210 2808 voce
3259 2751 3518 2828 γενόμενς
3550 2751 3690 2806 tini-

2056 2850 2186 2910 tur;
2246 2836 2531 2918 νεωτέροις
2579 2861 2716 2899 cum
2765 2841 3065 2918 συνεγένετο
3113 2848 3272 2898 arcte
3299 2842 3699 2914 {conjungitur

2055 2949 2275 3003 eosque
2307 2933 2571 2999 denotat,
2603 2949 2739 2989 cum
2763 2932 2978 3004 quibus
3010 2931 3266 2987 Marcion
3298 2937 3580 3002 tanquam
3611 2929 3697 2984 di-

2054 3022 2314 3093 scipulus
2345 3028 2724 3078 conversatus
2782 3027 2891 3088 est,
2921 3038 2956 3077 a
2983 3021 3202 3092 quibus
3247 3038 3370 3078 suas
3403 3021 3695 3075 haereseos

2052 3112 2348 3182 principia
2378 3112 2651 3183 quaedam
2677 3116 2979 3166 mutuatus
3019 3117 3130 3177 est,
3163 3111 3262 3181 qui
3308 3110 3548 3182 quidem
3580 3108 3694 3180 ipsi

2055 3201 2323 3256 Basilidis
2355 3207 2412 3255 et
2441 3201 2736 3258 Valentini
2766 3201 3040 3272 discipuli
3071 3200 3329 3257 fuerunt.
3362 3201 3448 3254 Ita
3493 3213 3696 3253 vocem

2052 3305 2182 3346 eam
2205 3290 2348 3345 alibi
2367 3297 2612 3362 usurpat
2636 3290 2906 3346 Clemens
2926 3290 3154 3355 utlib,1
3185 3306 3197 3344 :
3220 3287 3404 3357 Θάλης
3426 3285 3482 3342 δὲ
3508 3285 3696 3355 Φοῖνιξ

2049 3374 2120 3431 ὢν
2152 3379 2215 3433 τὸ
2255 3379 2412 3452 γένος
2463 3379 2554 3433 καὶ
2601 3384 2716 3441 τοῖς
2771 3378 3079 3452 Αἰγυπτίων
3129 3379 3438 3452 προφήταις
3488 3370 3692 3450 συμϐε-

2048 3460 2310 3536 ϐληκὲναι
2356 3466 2590 3540 εἴρηται·
2641 3468 2882 3542 καθάπερ
2931 3466 3019 3522 καὶ
3053 3468 3080 3521 ὁ
3142 3466 3456 3541 Πυθαγόρας
3502 3465 3692 3525 αὐτοῖς

2048 3575 2110 3631 γε
2147 3556 2386 3626 τούτοις,
2445 3554 2739 3613 Χαλδαίων
2796 3577 2855 3611 τε
2911 3555 3001 3611 καί
3045 3555 3229 3630 μάγων
3275 3560 3390 3616 τοῖς
3452 3555 3694 3629 ἀρίστοις

2048 3641 2372 3719 συνεγένετο.
2408 3647 2517 3702 Ubi
2549 3641 2991 3718 συμϐεϐληκέναι
3023 3652 3082 3701 et
3118 3642 3461 3719 συγγενέσθαι
3509 3645 3690 3700 idem.

2047 3735 2136 3790 Ita
2165 3737 2388 3806 optime
2419 3736 2707 3792 Clementi
2732 3753 2868 3792 cum
2890 3736 3188 3791 veteribus
3219 3733 3693 3791 convenit.Nullo

2045 3825 2220 3878 modo
2251 3824 2429 3896 igitur
2459 3840 2526 3878 ex
2559 3825 2672 3880 hoc
2702 3824 2830 3879 loco
2863 3825 3288 3893 colligitur,aut
3318 3822 3693 3877 Valentinum

2045 3919 2180 3984 post
2228 3913 2587 3968 Marcionem
2646 3913 2880 3980 vixisse,
2910 3913 3068 3983 quod
3128 3911 3309 3967 voluit
3353 3911 3690 3967 Blondellus

2045 4007 2148 4058 aut
2177 4001 2493 4057 Basilidem
2526 4018 2633 4057 sua
2662 4019 2969 4072 nunquam
2995 4001 3266 4057 docuisse
3319 4007 3455 4056 ante
3501 4002 3690 4073 impe-

2044 4092 2201 4146 rium
2230 4091 2494 4157 Adriani,
2519 4091 2677 4161 quod
2708 4091 2848 4146 hinc
2869 4091 3084 4146 elicere
3106 4090 3382 4161 cupiebat
3411 4090 3686 4146 Dallmus.

2116 4183 2318 4252 Neque
2376 4197 2509 4236 vero
2570 4181 2781 4252 reliqui
2814 4181 2914 4252 qui
2964 4181 3035 4235 de
3066 4181 3324 4236 Adriano
3365 4181 3690 4250 loquuntur

2044 4270 2369 4342 quidquam
2401 4269 2559 4325 aliud
2591 4275 2879 4337 statuunt,
2912 4285 3090 4340 quam
3121 4269 3280 4340 quod
3335 4286 3444 4324 nos
3486 4270 3686 4336 etiam,

2042 4358 2357 4414 Basilidem
2417 4359 2524 4414 sub
2584 4359 2714 4431 ejus
2761 4359 3010 4430 imperio
3061 4358 3269 4427 fuisse,
3300 4359 3389 4414 vel
3418 4358 3685 4414 scholam

2041 4447 2341 4505 habuisse.
2399 4447 2802 4504 Theodoretus
2833 4447 2907 4503 de
2957 4449 3253 4504 Saturnilo
3285 4456 3342 4504 et
3391 4448 3677 4505 Basilide:

2038 4537 2240 4614 Ἀμφω
2297 4535 2355 4591 δὲ
2407 4535 2494 4591 ἐπὶ
2548 4533 2832 4610 Ἀδριανοῦ
2885 4540 2981 4592 τοῦ
3050 4537 3320 4611 Καίσαρος
3412 4536 3681 4614 ἐγένοντο.

283 4648 307 4680 ι
341 4630 410 4683 Et
437 4631 581 4683 sunt
609 4624 766 4697 apud
797 4642 905 4680 nos
934 4624 1036 4696 qui
1066 4641 1101 4680 a
1139 4625 1382 4680 nomine
1411 4641 1616 4680 eorum
1647 4625 1927 4691 virorum,
1963 4615 2005 4680 Β
2033 4650 2061 4678 ‹‹
2092 4628 2274 4683 Ambo
2303 4633 2505 4683 autem
2537 4627 2781 4684 Adriani
2813 4627 3059 4684 Cassaris
3089 4634 3352 4700 tempore
3384 4629 3683 4684 fuerunt.»

286 4735 357 4773 ex
387 4733 509 4788 quo
558 4716 832 4770 doctrina
888 4720 946 4768 et
991 4713 1287 4769 sententia
1317 4713 1599 4784 quislibet
1629 4715 1868 4784 incepit,
1901 4733 1932 4766 »

283 4806 660 4863 denominati
686 4803 1045 4872 sunt,solum
1068 4804 1424 4858 Marcionem
1454 4808 1749 4860 memorat
1763 4804 1931 4874 quasi

281 4899 478 4953 adhuc
535 4896 598 4949 in
655 4893 799 4948 vivis
831 4910 967 4948 cum
1021 4893 1148 4964 ipse
1183 4891 1488 4959 scriberet,
1522 4898 1579 4947 et
1618 4898 1932 4964 postquam

278 4994 488 5042 contra
508 5001 722 5041 omnes
744 4984 1000 5038 haereses
1030 4983 1481 5054 scripsisset.An
1511 4998 1648 5037 eum
1671 4987 1930 5038 tantum~

276 5077 456 5132 modo
491 5075 550 5129 in
584 5073 726 5128 vivis
751 5079 891 5127 tunc
913 5072 1094 5127 fuisse
1118 5071 1522 5139 monuisset,si
1550 5070 1756 5126 eodem
1779 5077 1932 5126 tem-

275 5182 419 5237 pore
446 5161 736 5220 Basilides
760 5166 818 5216 et
849 5161 1340 5231 Valentinus,non
1365 5167 1594 5216 tantum
1624 5159 1927 5228 vixissent,

274 5257 381 5311 sed
413 5255 598 5310 etiam
613 5253 866 5324 juvenes
893 5257 952 5306 et
979 5251 1042 5306 in
1074 5250 1312 5305 florenti
1346 5250 1539 5306 adhuc
1571 5255 1741 5306 aatate
1772 5251 1926 5306 fuis-

276 5351 412 5401 sent
441 5345 469 5398 ‘I
527 5342 813 5398 Observat
860 5341 1120 5395 Irenaaus
1165 5340 1237 5394 de
1294 5345 1463 5394 aetate
1513 5340 1928 5396 haereticorum

273 5451 456 5507 agens
479 5431 856 5488 Valentinum
879 5429 988 5484 sub
1012 5429 1235 5502 Hygino
1251 5431 1498 5485 Romam
1520 5429 1928 5494 venisse,Mar-

274 5525 510 5582 cionem
542 5521 653 5576 sub
685 5520 931 5575 Aniceto
963 5523 1170 5590 postea
1194 5517 1509 5573 invaluisse
1535 5534 1548 5572 :
1591 5534 1667 5573 an
1698 5518 1799 5573 ille
1820 5535 1928 5590 pu-

273 5615 420 5672 tavit
441 5610 824 5669 Valentinum
841 5608 1145 5680 juniorem
1165 5606 1513 5676 fuisse,cum
1525 5608 1782 5662 Marcion
1798 5609 1927 5679 jam

270 5720 458 5765 senex
489 5699 692 5758 esset?
718 5699 853 5756 Haec
883 5697 1080 5774 igitur,
1115 5697 1322 5754 saltem
1350 5702 1419 5756 ut
1447 5697 1519 5754 ab
1560 5697 1631 5753 iis
1663 5697 1927 5771 exposita

2043 4716 2329 4772 Eusebius
2360 4717 2606 4788 quidem
2637 4717 2795 4771 circa
2824 4716 3070 4772 Adriani
3105 4723 3372 4790 tempora
3399 4718 3685 4773 narratio-

2041 4822 2178 4861 nem
2209 4806 2282 4860 de
2313 4807 2528 4862 scholis
2559 4806 2841 4862 Saturnili
2863 4811 2922 4861 et
2950 4807 3227 4862 Basilidis
3252 4807 3626 4862 instituitz'uv
3657 4804 3684 4857 ὁ

2045 4892 2139 4966 μὶν
2172 4893 2311 4948 κατὰ
2341 4894 2564 4967 Συρίαν,
2617 4894 2644 4947 ὁ
2702 4891 2758 4948 δὲ
2806 4895 2920 4947 κατ’
2969 4892 3241 4967 Αἴγυπτον
3296 4895 3682 4962 συνεστήσαντο

2040 4983 2310 5055 θεομισῶν
2341 4983 2598 5056 αἱρέσεων
2633 4977 3003 5039 διδασκαλεῖα.
3038 5009 3060 5036 ι
3099 4987 3358 5049 Quorum
3407 4983 3505 5039 ille
3552 4983 3685 5053 qui-

2039 5072 2176 5128 dem
2208 5073 2269 5127 in
2302 5073 2488 5144 Syria,
2521 5073 2616 5128 hic
2644 5089 2780 5129 vero
2807 5073 2965 5143 apud
3001 5076 3307 5145 Egyptum
3354 5073 3550 5143 impiae
3582 5071 3683 5126 do-

2039 5163 2243 5218 ctrinas
2275 5161 2505 5218 scholas
2523 5163 2979 5218 condidit.»Non
3007 5169 3128 5217 tum
3151 5165 3410 5235 primum
3431 5161 3686 5217 haeresim

2039 5251 2311 5307 docuisse
2342 5250 2445 5315 ait,
2470 5252 2572 5306 sed
2600 5251 2759 5322 quod
2785 5253 3147 5307 contrarium
3180 5269 3425 5324 prorsus
3446 5251 3683 5320 evincit,

2039 5358 2074 5398 a
2106 5339 2427 5396 Menandro
2458 5339 2715 5394 Simonis
2739 5356 3080 5396 successore
3103 5341 3358 5397 haeresim
3385 5342 3684 5412 accepisse

2039 5430 2239 5498 docet;
2265 5430 2371 5486 sub
2395 5429 2604 5485 eodem
2624 5429 2980 5500 imperatore
3003 5430 3232 5503 aliquos
3253 5431 3684 5488 ecclesiasticos

2049 5521 2204 5576 viros
2237 5521 2516 5577 adversus
2549 5536 2648 5576 eos
2677 5519 2912 5592 scriptis
2943 5538 3258 5594 pugnasse,
3290 5539 3358 5579 ac
3388 5524 3684 5597 praecipue

2036 5611 2356 5682 Agrippam
2405 5616 2706 5666 Castorem
2738 5615 2944 5666 contra
2990 5613 3057 5665 24
3087 5611 3386 5670 volumina
3417 5614 3685 5670 Basilidis

2039 5699 2368 5773 scripsisse,
2405 5705 2464 5758 et
2493 5699 2807 5758 Basilidem
2859 5701 3074 5776 ipsum,
3107 5701 3430 5779 interprete
3479 5705 3685 5762 Hiero-
