4064 6134
285 331 403 390 347

1353 327 1418 389 S.
1465 326 1855 390 IGNATIUS.
1903 363 1982 376 —
2022 326 2625 392 PBOLEGOHENA.

3581 329 3700 390 348

283 481 487 538 nymo,
521 463 630 519 sub
678 461 886 518 eodem
916 461 1277 533 imperatore
1323 461 1556 518 obiisse.
1595 463 1808 518 Fateor
1841 465 1940 518 Va-
1971 467 2017 532 Α
2052 463 2317 535 exsculpi
2346 467 2563 535 potest.
2596 460 2709 518 Sed
2738 460 3001 516 Irenmus
3022 458 3351 517 Clementis
3381 462 3458 518 ad
3488 463 3704 518 Corin-

283 555 497 609 lesium
524 552 603 607 ad
627 568 766 607 eum
799 552 993 606 locum
1018 552 1143 606 haac
1169 553 1620 606 notarechecte
1647 553 1935 608 Eusebius

283 643 554 699 Basilidis
570 643 823 698 hzeresin
844 642 1178 712 principatu
1193 641 1436 696 Adriani
1452 640 1718 712 erupisse
1734 641 1936 697 dicit.»

286 734 397 788 Sed
431 749 609 802 quam
642 737 799 786 recte
833 731 913 785 ita
939 730 1324 800 judicavit,ex
1344 731 1576 784 ratione
1599 747 1776 800 quam
1800 731 1934 786 sub-

273 822 492 893 jungit,
529 821 754 892 patebit
785 837 796 874 :
835 842 861 869 «
896 821 1057 874 'l‘unc
1095 820 1253 873 enim
1287 818 1543 889 primum
1576 820 1839 875 haaretici
1865 837 1937 876 ex

283 911 527 967 latebris
559 910 798 982 prodire
848 915 908 963 et
937 915 1114 980 caput
1144 909 1416 964 attollere
1439 915 1766 980 coeperunt,
1797 927 1934 965 cum

284 1001 568 1072 apostolis
602 999 878 1054 omnibus
902 999 1029 1069 jam
1057 999 1793 1070 exstinctis.opportunum
1818 1000 1932 1054 sibi

280 1089 488 1144 adesse
521 1094 754 1159 tempus
786 1088 858 1142 ad
890 1087 1216 1159 evulganda
1246 1104 1516 1142 errorum
1551 1104 1794 1143 suorum
1827 1089 1933 1143 do-

276 1183 473 1249 gmata
519 1177 947 1232 existimarent.
980 1199 1006 1226 ››
1036 1176 1195 1231 Licet
1224 1177 1396 1231 multi
1419 1177 1682 1232 haeretici
1711 1177 1933 1232 fuerint

281 1267 388 1322 sub
420 1267 788 1338 temporibus
836 1266 1194 1337 apostolicis.
1231 1272 1296 1319 ut
1325 1273 1556 1320 veteres
1597 1267 1928 1337 saepissime

276 1360 696 1420 memorant,et
728 1355 799 1409 de
832 1356 906 1408 iis
938 1371 1094 1426 saepe
1126 1355 1432 1425 disputant
1460 1372 1472 1421 ;
1509 1361 1759 1419 tantum,
1785 1357 1928 1410 sub-

277 1445 414 1501 latis
473 1445 752 1499 omnibus
783 1444 1142 1514 apostolicis.
1174 1445 1361 1499 multo
1393 1445 1640 1500 liberius
1677 1462 1784 1500 sua
1815 1445 1922 1500 do-

275 1539 473 1608 gmata
511 1534 983 1606 promulgabant.
1019 1534 1130 1589 Sed
1154 1550 1228 1589 an
1259 1551 1468 1590 omnes
1500 1535 1752 1605 apostoli
1780 1543 1919 1592 ante

275 1632 515 1688 Adriani
575 1633 895 1703 imperium
954 1631 1172 1686 sublati
1229 1647 1349 1686 non
1379 1632 1560 1686 sunt?
1599 1648 1675 1686 an
1713 1649 1921 1688 eorum

275 1721 591 1792 quisquam
621 1727 754 1791 post
777 1721 1128 1776 SJoannem
1160 1720 1579 1791 superfuit,qui
1611 1721 1719 1776 sub
1743 1722 1916 1777 initio

274 1810 510 1880 Trajani
541 1815 810 1864 mortuus
839 1809 977 1864 est?
1007 1826 1084 1864 an
1127 1807 1351 1865 nullam
1385 1810 1668 1882 temporis
1707 1828 1920 1882 onpor-
1953 1841 1998 1905 Β

276 1898 594 1953 tunitatem
619 1899 882 1969 arripere
914 1903 1239 1970 potuerunt
1261 1899 1368 1954 sub
1391 1905 1512 1954 toto
1545 1900 1778 1972 Trajani
1812 1899 1915 1955 im-

275 1988 587 2059 perio,qua
617 2005 724 2044 sua
753 1987 1027 2062 dogmata
1047 1989 1153 2043 viri
1185 1989 1391 2045 fervidi
1423 1994 1482 2044 et
1512 1989 1669 2044 docti
1703 1995 1762 2044 et
1786 2005 1920 2060 per-

279 2077 600 2132 secutionis
631 2083 840 2134 aestum
866 2078 1113 2134 minime
1145 2083 1480 2134 metuentes
1511 2078 1924 2149 exponerent?

276 2166 488 2222 Procul
546 2167 728 2222 dubio
785 2185 893 2240 per
946 2167 1093 2224 illud
1145 2184 1331 2223 aevum
1391 2168 1692 2223 doctrinas
1736 2185 1770 2223 a
1800 2169 1922 2222 Me-

277 2257 505 2312 nandro
529 2263 798 2329 acceptas
817 2256 1252 2329 perpoliebant,
1273 2258 1508 2329 scriptis
1537 2257 1919 2325 mandabant,

277 2345 601 2418 discipulos
651 2347 1105 2419 congregabant,
1138 2364 1206 2402 ac
1237 2347 1475 2404 demum
1504 2347 1612 2402 sub
1642 2346 1920 2415 Adriano,

278 2452 414 2491 snas
447 2435 785 2505 συνηλὺσεις,
822 2443 883 2492 ut
906 2437 1171 2508 loquitur
1201 2436 1512 2504 Clemens;
1548 2431 1920 2506 διδασκαλεῖα,

276 2531 341 2580 ut
390 2527 710 2593 Eusebius;
771 2527 1074 2598 ecclesias,
1105 2532 1172 2582 ut
1227 2527 1640 2593 Tertullianus,
1683 2527 1922 2599 publice

272 2616 484 2672 multis
538 2618 609 2672 in.
657 2617 803 2672 locis
835 2617 1116 2674 habuere.
1149 2620 1310 2673 Tunc
1364 2619 1542 2690 igitur
1589 2618 1695 2672 viri
1739 2617 1926 2674 eccle-

274 2706 495 2762 siastici
530 2707 953 2779 quamplurimi
977 2708 1049 2762 iis
1083 2709 1432 2763 restiterunt
1456 2725 1469 2773 ;
1493 2713 1631 2762 tunc
1661 2708 1923 2778 primum

276 2794 543 2850 nonnulli
602 2796 882 2852 adversus
941 2813 1144 2851 eorum
1177 2795 1434 2852 hmresin
1482 2795 1678 2866 palam
1707 2799 1766 2850 et
1804 2794 1922 2850 late

276 2890 730 2955 grassantem,et
759 2885 941 2941 libros
972 2885 1191 2957 ubique
1225 2886 1535 2942 volitantes
1551 2885 1716 2956 justa
1745 2885 1921 2941 volu-

282 2975 445 3032 mina
473 2976 1136 3047 conscripseruni.Nihil
1167 2975 1328 3031 aliud
1357 2975 1668 3031 voluerunt
1695 2980 1922 3031 veteres

275 3066 376 3136 qui
409 3065 480 3121 de
510 3069 681 3121 aetate
704 3065 947 3120 Adriani
979 3065 1161 3119 locuti
1189 3070 1348 3120 sunt.

339 3173 445 3236 Qui
480 3189 614 3226 vero
647 3171 980 3242 generalius
1011 3172 1338 3242 loquuntur
1367 3172 1439 3226 de
1482 3177 1653 3227 aetate
1687 3174 1919 3227 haereti-

269 3276 474 3316 corum
507 3260 872 3331 temporibus
917 3261 1322 3330 apostolorum
1354 3262 1691 3332 posteriori,
1727 3263 1913 3318 multo

268 3349 466 3404 minus
527 3348 805 3404 evincunt
860 3350 1176 3406 Basilidem
1228 3351 1483 3406 hmresin
1550 3367 1718 3407 suam
1778 3357 1918 3408 ante

269 3439 514 3494 Adriani
547 3443 816 3510 tempora
839 3440 1083 3494 minime
1108 3440 1406 3496 docuisse.
1423 3440 1750 3496 Firmiliani
1783 3441 1918 3512 qui-

270 3527 406 3582 dem
437 3527 614 3582 verba
644 3534 784 3582 sunt
823 3527 884 3582 in
915 3527 1172 3598 Epistola
1200 3527 1272 3583 ad
1303 3528 1660 3600 Cyprianum
1697 3546 1710 3584 :
1746 3554 1764 3578 -
1804 3531 1920 3586 Sed

270 3621 326 3671 et
359 3616 654 3671 Valentini
714 3623 772 3672 et
816 3617 1087 3672 Basilidis
1124 3622 1356 3689 tempus
1388 3618 1770 3674 manifestum
1803 3625 1913 3688 est,

266 3707 424 3779 quod
449 3714 508 3762 et
536 3707 648 3779 ipsi
684 3713 815 3778 post
849 3707 1236 3779 apostolos,et
1257 3713 1391 3779 post
1422 3707 1655 3781 longam
1679 3714 1915 3765 mtatem

263 3798 545 3853 adversus
593 3797 921 3853 Ecclesiam
948 3798 1050 3852 Dei
1105 3797 1405 3853 sceleratis
1437 3799 1762 3855 mendaciis
1793 3799 1917 3854 suis

267 3885 683 3942 rebellaverint
715 3903 728 3952 ;
764 3908 792 3936 ››
824 3904 891 3942 ex
924 3887 1138 3958 quibus
1159 3888 1417 3958 primum
1441 3888 1688 3944 observo
1713 3889 1920 3944 Firmi-

267 3976 494 4033 lianum
544 3983 782 4050 putasse
815 3982 941 4032 tum
987 3977 1304 4033 Basilidem
1359 3983 1485 4033 tum
1534 3979 1915 4034 Valentinum

269 4066 564 4122 Marcione
613 4066 1014 4138 antiquiorem
1063 4067 1268 4137 fuisse,
1302 4067 1581 4123 adversus
1622 4067 1916 4122 Blondelli

269 4165 723 4232 sententiam,ut
750 4164 994 4220 cuilibet
1024 4164 1220 4220 locum
1248 4166 1543 4237 integrum
1575 4165 1916 4236 inspicienti

271 4255 515 4324 patebit.
576 4257 775 4324 Neque
831 4254 1156 4325 quidquam
1212 4255 1543 4310 Firmiliani
1594 4255 1917 4327 disputatio

267 4348 471 4395 contra
502 4347 766 4396 nostram
800 4343 1156 4397 sententiam
1187 4342 1258 4397 de
1286 4343 1455 4398 initio
1487 4345 1782 4399 haereseos
1809 4345 1918 4399 Ba-

268 4428 559 4482 silidianaa
588 4429 834 4484 facit.De
868 4429 1188 4484 rebellione
1209 4431 1337 4501 ejus
1359 4437 1566 4487 contra
1595 4433 1917 4488 Ecclesiam

266 4517 386 4587 agit
417 4514 535 4580 ille,
562 4533 738 4586 quam
788 4517 959 4572 istius
990 4519 1093 4572 navi
1128 4519 1388 4573 haaretici
1421 4519 1684 4590 quandin
1716 4531 1917 4592 potue-

263 4612 402 4663 runt
449 4623 684 4678 semper
715 4607 1029 4676 evitabant,
1058 4614 1120 4663 ut
1171 4626 1325 4681 saepe
1357 4610 1630 4682 legimus.
1665 4613 1743 4666 De
1774 4629 1916 4684 apo-

267 4696 436 4752 stolis
467 4697 734 4766 loquitur
764 4696 974 4752 eodem
1007 4697 1182 4752 modo
1215 4715 1331 4769 quo
1363 4700 1636 4755 Clemens
1660 4701 1913 4758 Alexan-

264 4793 472 4849 drinus
497 4793 567 4850 de
590 4809 652 4849 re
677 4793 885 4850 eadem
904 4794 1262 4863 scribens;ut
1281 4795 1439 4850 enim
1458 4796 1558 4851 ille
1583 4796 1914 4856 doctrinam

267 4883 651 4955 apostolicam
675 4900 781 4955 per
795 4883 850 4939 S.
872 4885 1122 4940 Paulum
1147 4886 1256 4940 sub
1281 4887 1507 4942 Nerone
1540 4904 1916 4944 consumma-

267 4979 386 5029 tam
419 4990 548 5029 esse
579 4973 833 5034 dicit.ita
863 4990 968 5046 per
989 4975 1290 5046 apostolos
1309 4977 1551 5030 Petrum
1583 4983 1642 5032 et
1661 4979 1912 5036 Paulum

264 5063 547 5136 intelligit
566 5063 874 5135 disputans
897 5070 1102 5119 contra
1118 5065 1496 5121 traditionem
1528 5069 1910 5138 apostolicam

268 5169 302 5208 a
332 5153 630 5224 Stephano
662 5153 944 5224 pontiﬁce
976 5155 1238 5209 Romano
1271 5154 1436 5221 falso,
1465 5162 1529 5212 ut
1558 5157 1660 5226 ait,
1687 5160 1908 5229 produ-

268 5248 443 5297 ctam.
478 5241 560 5297 lta
588 5258 650 5297 se
683 5243 876 5313 ipsum
900 5243 1176 5314 explicat,
1210 5244 1350 5299 dum
1382 5245 1711 5317 Stephanus
1734 5266 1910 5319 vapu-

267 5331 370 5399 lat,
400 5331 629 5402 «quasi
677 5331 978 5386 infamans
1029 5333 1268 5388 Petrum
1299 5339 1357 5389 et
1404 5336 1671 5403 Paulum,
1705 5336 1909 5394 beatos

267 5421 590 5490 apostolos.
625 5421 793 5491 quasi
849 5420 962 5475 hoc
995 5421 1106 5492 ipsi
1136 5421 1503 5480 tradiderint.
1533 5447 1561 5476 ιι
1593 5427 1701 5480 Diu
1732 5427 1911 5499 igitur

266 5514 402 5580 post
430 5511 668 5565 Petrum
702 5516 761 5564 et
793 5510 1032 5566 Paulum
1064 5509 1347 5572 Basilides
1399 5515 1678 5571 adversus
1710 5517 1914 5571 Eccle-

266 5599 414 5656 siam
474 5598 783 5654 rebellavit
815 5611 881 5655 ex
932 5602 1228 5657 sententia
1259 5601 1586 5660 Firmiliani
1623 5621 1637 5671 ;
1665 5605 1822 5676 quod
1855 5611 1913 5662 et

269 5693 379 5746 nos
411 5689 706 5756 fatemur;
730 5699 930 5762 neque
944 5690 1106 5748 aliud
1125 5691 1428 5763 quidpiam
1460 5707 1532 5747 ex
1563 5710 1632 5748 ea
1662 5695 1913 5766 epistola

2045 554 2200 608 thios
2233 552 2545 624 epistolam
2567 552 2824 607 afﬁrmat
2844 551 3221 607 vetustiorem
3245 569 3372 607 esse
3398 552 3696 608 haereticis

2043 642 2298 697 alterum
2313 643 2497 697 Deum
2512 658 2690 713 super
2704 640 3082 712 Demiurgum
3099 657 3269 695 comm
3281 642 3673 698 iniscentibus
3689 687 3703 712 ,

2043 732 2102 787 id
2127 737 2237 800 est,
2278 740 2342 788 ut
2371 733 2578 804 liquet,
2613 732 2926 788 Gnosticis.
2950 731 3115 800 lude,
3149 732 3396 797 scilicet,
3425 739 3709 805 apparet,

2044 823 2361 878 Basilidem
2395 841 2503 879 sua
2531 823 2807 896 dogmata
2843 828 2980 878 ante
3011 822 3253 877 Adriani
3285 829 3555 894 tempora
3577 825 3686 879 mi-

2044 912 2203 968 nime
2236 913 2752 984 propalasse.Nam
2787 929 2856 968 ea
2877 911 3286 984 epistolaanon
3320 913 3523 968 multis
3549 920 3686 970 ante

2042 1001 2250 1073 lgnatii
2281 1002 2632 1074 martyrium
2665 1003 2836 1057 annis
2868 1001 3087 1068 scripta
3119 1007 3273 1058 est.»
3305 1002 3390 1058 Ita
3417 1003 3558 1071 ille;
3585 1003 3690 1059 sed

2039 1089 2386 1146 Blondellus
2417 1092 2543 1162 ipse
2576 1093 2775 1148 datam
2825 1107 2952 1148 eam
2993 1091 3303 1162 epistolam
3351 1091 3508 1148 inter
3538 1110 3591 1149 a.
3623 1095 3694 1148 D.

2039 1183 2106 1237 68
2137 1187 2195 1237 et
2225 1185 2294 1236 76
2339 1184 2594 1248 latetur;
2654 1182 2924 1254 pluribus
2967 1181 3147 1255 igitur
3185 1199 3364 1253 quam
3412 1186 3479 1237 30
3512 1185 3690 1239 annis

2037 1276 2174 1326 ante
2208 1272 2415 1342 lgnatii
2446 1272 2798 1343 martyrium
2831 1271 3052 1343 scripta
3073 1277 3182 1326 est.
3219 1272 3298 1327 De
3331 1272 3439 1327 hac
3466 1273 3680 1328 lrenmi

2041 1359 2212 1414 verba
2245 1366 2415 1415 sunt:
2458 1383 2485 1411 «
2523 1362 2671 1415 Cum
2698 1361 2775 1415 sit
2804 1361 3088 1415 vetustior
3111 1361 3202 1416 his
3221 1362 3321 1432 qui
3347 1377 3503 1416 nunc
3535 1361 3685 1416 falso

2036 1447 2272 1515 docent,
2307 1457 2367 1504 et
2396 1451 2648 1505 alterum
2685 1450 2868 1504 Deum
2899 1467 3077 1521 super
3105 1450 3490 1524 Demiurgum
3517 1458 3573 1506 et
3594 1452 3686 1506 fa-

2036 1543 2261 1595 ctorem
2284 1541 2496 1596 horum
2518 1541 2787 1595 omnium
2807 1557 2938 1611 quze
2953 1544 3093 1594 sunt
3112 1543 3682 1598 commentiuntur.»

2038 1628 2286 1684 Dallaeus
2317 1646 2388 1685 ea
2409 1629 2602 1695 verba,
2637 1651 2666 1678 «
2695 1630 2794 1700 qui
2828 1646 2988 1684 nunc
3014 1629 3162 1684 falso
3183 1630 3416 1698 docent,
3446 1653 3472 1679 ››
3507 1631 3684 1703 plane

2034 1718 2254 1784 omisit,
2285 1724 2349 1774 ut
2379 1724 2795 1791 argumentum
2819 1719 3078 1788 aliquam
3109 1719 3391 1789 ponderis
3423 1722 3688 1791 speciem

2034 1807 2299 1875 haberet;
2321 1808 2479 1879 quod
2511 1825 2673 1863 nunc
2705 1808 2971 1878 epistolas
3003 1808 3386 1864 Clementinze
3412 1810 3682 1881 antiqui-

2029 1900 2137 1960 tas,
2171 1902 2229 1951 et
2258 1898 2465 1951 Irenaei
2491 1897 2676 1968 ipsius
2698 1896 2872 1952 verba
2895 1897 3047 1952 nihil
3067 1898 3312 1952 omnino
3329 1915 3458 1953 esse
3477 1905 3683 1969 aperte

2029 1985 2368 2040 ostendunt.
2430 1985 2544 2041 Sed
2581 2003 2787 2040 rursus
2831 1985 3036 2042 scribit
3082 1986 3248 2055 alibi,
3280 2004 3488 2042 omnes
3533 1989 3682 2044 istos

2027 2074 2342 2131 hwreticos
2371 2076 2536 2132 valde
2571 2075 2929 2148 posteriores
2959 2093 3088 2132 esse
3111 2093 3290 2146 quam
3343 2078 3682 2149 episcopos,

2029 2165 2242 2234 quibus
2275 2165 2528 2236 apostoli
2559 2165 2934 2221 tradiderunt
2963 2165 3592 2238 Ecclesias,«adeoque
3624 2173 3685 2222 et

2033 2253 2257 2324 lgnatio
2319 2255 2420 2326 qui
2469 2255 2684 2310 horum
2716 2256 3129 2326 episcoporum
3158 2272 3315 2310 unus
3346 2255 3474 2311 fuit.
3502 2279 3528 2306 »
3574 2257 3680 2312 Hic

2028 2343 2205 2397 etiam
2237 2342 2442 2398 omisit
2463 2343 2638 2398 verba
2664 2360 2795 2414 quae
2827 2348 3178 2415 sequuntur,
3205 2367 3230 2394 ‹‹
3265 2349 3323 2399 et
3353 2344 3465 2400 hoc
3488 2345 3548 2401 in
3573 2351 3687 2402 ter-

2030 2433 2110 2487 tio
2139 2432 2289 2487 libro
2330 2449 2465 2488 cum
2496 2433 2660 2488 omni
2704 2433 3015 2506 diligentia
3075 2433 3604 2489 manifestavimus.
3652 2457 3680 2485 »

2027 2521 2184 2576 Nihil
2218 2522 2398 2593 igitur
2423 2522 2534 2578 hoc
2567 2521 2696 2578 loco
2729 2521 3054 2594 dicit,quod
3084 2540 3202 2578 non
3233 2530 3408 2578 antea
3429 2523 3689 2581 dixerat.

2027 2613 2101 2666 At
2159 2629 2294 2668 cum
2326 2613 2489 2667 omni
2541 2612 2854 2684 diligentia
2893 2618 3181 2681 uteretur,
3213 2613 3364 2668 nihil
3395 2613 3468 2668 de
3500 2619 3673 2669 aetate

2027 2699 2305 2756 Basilidis
2337 2700 2507 2766 dixit,
2541 2700 2610 2755 de
2645 2717 2762 2771 qua
2791 2717 2954 2756 nunc
2998 2700 3353 2772 disputatur.
3383 2701 3684 2757 Valentini

2028 2789 2270 2860 quidem
2305 2789 2579 2845 meminit
2609 2789 2765 2844 inter
2785 2789 3135 2856 hmreticos;
3171 2789 3592 2855 Lini,Anacleti
3623 2796 3680 2846 et

2026 2877 2350 2934 Clementis
2384 2879 2540 2934 inter
2563 2879 2868 2950 episcopos
2895 2895 2906 2932 :
2929 2877 3143 2948 quibus
3175 2879 3450 2934 omnibus
3477 2885 3535 2933 et
3567 2881 3682 2934 Va-

2026 2967 2323 3023 lentinum
2355 2972 2412 3021 et
2466 2967 2782 3023 Basilidem
2813 2967 2980 3022 valde
3021 2968 3379 3038 posteriores
3410 2967 3680 3038 agnosci-

2027 3072 2180 3112 mus.
2241 3056 2514 3111 Nondum
2550 3057 2730 3128 igitur
2785 3057 3115 3127 probarunt
3161 3058 3268 3111 viri
3323 3056 3687 3126 doctissimi,

2026 3162 2219 3216 neque
2271 3145 2660 3217 probaturum
2693 3163 3054 3219 quemquam
3100 3152 3260 3218 puto,
3294 3145 3674 3202 Valentinum

1949 3209 1991 3275 (ἶ
2029 3235 2176 3290 adeo
2208 3252 2340 3291 sero
2370 3236 2605 3302 vixisse,
2650 3241 2753 3291 aut
2779 3237 2840 3290 in
2891 3237 3144 3292 haeresin
3175 3235 3483 3307 delapsum
3515 3252 3670 3306 esse,

2026 3328 2094 3380 ut
2142 3323 2270 3395 ejus
2333 3340 2568 3380 errores
2617 3325 2952 3381 necessario
3002 3325 3224 3381 fuerint
3253 3325 3287 3379 S
3342 3323 3564 3397 lgnatio
3600 3325 3676 3380 ad

2022 3413 2373 3484 martyrium
2405 3413 2708 3469 festinanti
2743 3415 2976 3485 penitus
3009 3413 3314 3486 incogniti.

2092 3501 2376 3567 Tandem,
2409 3503 2495 3557 uti
2525 3519 2720 3574 spero,
2755 3510 3110 3574 argumento
3143 3520 3177 3558 a
3208 3503 3507 3559 Valentini
3543 3504 3703 3577 Sige

2023 3590 2275 3646 deducto
2298 3591 2531 3646 abunde
2576 3609 2926 3664 responsum
2959 3599 3065 3650 est.
3099 3594 3362 3658 Quatuor
3393 3592 3554 3648 enim
3585 3610 3679 3648 as-

2024 3679 2314 3734 sertiones
2344 3680 2545 3744 attuli,
2581 3697 2813 3749 omnes,
2855 3687 2920 3735 ut
2951 3681 3092 3735 mihi
3128 3681 3383 3750 videtur,
3408 3688 3583 3736 certae
3617 3686 3680 3736 et

2023 3767 2340 3838 explorata:
2372 3769 2656 3823 veritatis.
2689 3770 2775 3824 Ita
2807 3774 3004 3825 tamen
3033 3776 3389 3841 comparatae
3421 3775 3582 3839 sunt,
3611 3774 3682 3825 ut

2025 3856 2073 3910 si
2097 3856 2190 3911 vel
2219 3871 2338 3911 una
2368 3872 2575 3912 earum
2607 3873 2772 3913 versa
2796 3858 2894 3923 sit,
2927 3875 2994 3913 ea
3025 3858 3202 3914 unica
3232 3875 3475 3915 omnem
3506 3875 3679 3932 argu-

2021 3945 2208 4000 menti
2238 3945 2713 4002 adversariorum
2743 3947 2859 4002 vim
2901 3947 3102 4003 elidat.

2643 4036 2877 4090 CAPUT
2920 4036 3058 4092 VllI.

2023 4125 2113 4181 Ad
2165 4130 2404 4194 quatuor
2446 4125 2648 4197 ultima
2690 4141 2797 4195 pro
2845 4125 3148 4181 violatione
3197 4131 3452 4197 temporis
3499 4143 3674 4197 argu-

2095 4201 2276 4250 menta
2321 4196 2702 4268 reSpnndetur.
2751 4199 2957 4250 Auctor
3005 4196 3358 4268 epistularum
3413 4200 3476 4251 de
3534 4196 3672 4251 Can-

2094 4268 2326 4322 stantim'
2385 4266 2804 4322 Christianismo
2852 4268 2998 4322 nihil
3028 4266 3370 4339 suspicatus.
3399 4269 3678 4337 Leopardi

2095 4354 2202 4393 v0.1:
2253 4339 2650 4406 antiquitatem
2703 4340 2945 4407 epistola
2977 4341 3052 4394 ad
3094 4343 3366 4396 Romanos
3391 4341 3540 4394 haud
3560 4342 3675 4393 im-

2095 4410 2318 4482 minuit.
2353 4411 2647 4478 Figmenta
2667 4411 2864 4466 Βαιίαὶ
2896 4411 2962 4464 de
2990 4414 3125 4466 certi
3152 4413 3440 4482 cujusdam
3461 4411 3683 4468 ordinis

2095 4481 2338 4535 militum
2395 4482 2783 4550 appellatione.
2820 4484 3095 4550 Leopardi
3143 4481 3322 4537 vocem
3365 4489 3490 4537 ante
3529 4485 3676 4538 Con-

2097 4553 2330 4606 stantini
2384 4567 2556 4607 aevum
2588 4555 2645 4606 in
2703 4569 2803 4607 usu
2829 4553 2999 4622 fuisse
3041 4554 3295 4609 adversus
3338 4554 3674 4608 Bocharlum

2097 4624 2419 4677 ostenditur.
2453 4623 2704 4693 Receptio
2732 4627 3116 4693 paenitentiam
3145 4628 3447 4680 novitatem
3477 4625 3676 4693 episto-

2102 4695 2278 4749 larum
2307 4709 2418 4767 non
2446 4696 2666 4763 probat.
2702 4696 2774 4749 De
2819 4697 3164 4767 Albaspinaei
3187 4700 3460 4752 sententia
3489 4697 3682 4761 dispu-

2099 4772 2268 4822 tatur.
2298 4766 2628 4834 Onesimum,
2660 4782 2820 4835 quem
2847 4766 3102 4837 Ignatius
3129 4769 3340 4838 Epheso
3378 4770 3672 4838 praefuisse

2097 4839 2198 4910 ait,
2229 4844 2509 4910 mortuum
2558 4840 2726 4905 fuisse
2761 4839 2858 4910 sub
2915 4846 3156 4910 tempore
3203 4839 3468 4908 martyrii
3512 4841 3675 4909 Igna-

2099 4906 2242 4982 t_iani
2287 4925 2580 4978 perperam
2633 4909 2918 4982 asset-itur.
2961 4906 3149 4967 Varia?
3195 4906 3562 4982 quorumdam
3606 4911 3676 4965 de

2096 4979 2347 5034 Onesimo
2377 4983 2664 5036 sententiae
2694 4981 2754 5034 id
2782 4996 2894 5035 non
2925 4979 3208 5037 evincunt;

2097 5076 2391 5132 Hactenus
2423 5076 2494 5132 de
2521 5078 2817 5134 haereticis
2844 5085 2903 5135 et
2945 5080 3272 5136 haeresibus
3324 5081 3671 5137 observata:

2025 5164 2124 5220 sed
2158 5165 2349 5236 capite
2381 5165 2611 5222 decimo
2636 5170 2808 5223 tertio
2842 5170 3028 5224 multa
3060 5171 3177 5225 alia
3206 5176 3674 5240 coacervatquas

2021 5259 2238 5325 prmter
2264 5259 2598 5326 temporum
2629 5257 2804 5312 fidem
2841 5257 2980 5313 fleta
3010 5276 3140 5314 esse
3176 5266 3380 5330 putat;
3417 5247 3675 5330 quorum

2020 5342 2280 5415 plurima
2304 5344 2395 5398 vel
2428 5345 2700 5400 fictorem
2751 5347 2839 5401 vel
2892 5348 3385 5420 interpolatorem
3418 5349 3672 5417 feriunt;

2021 5433 2216 5504 qualia
2245 5440 2383 5490 sunt
2412 5453 2543 5506 quas
2566 5436 2638 5492 de
2668 5437 2967 5504 Anacleto,
3001 5439 3072 5494 de
3103 5441 3427 5503 Nicolaitis,
3458 5440 3529 5495 de
3558 5442 3675 5494 Cse-

2020 5523 2248 5588 sare,de
2284 5525 2594 5579 ordinibus
2626 5527 3058 5595 ecclesiasticis,
3084 5529 3156 5582 de
3179 5529 3466 5598 virginum
3485 5529 3671 5585 colle-

2015 5609 2146 5682 giis,
2173 5611 2244 5665 de
2268 5612 2747 5686 Quadragesima,
2781 5615 2851 5670 de
2875 5615 2929 5672 S.
2974 5616 3197 5673 Joanne
3241 5617 3464 5674 scribit.
3516 5619 3672 5684 Qua-

2015 5703 2152 5754 tuor
2181 5705 2380 5756 tamen
2408 5717 2535 5758 esse
2555 5703 2883 5776 video,qum
2914 5711 3219 5763 auctorem
3248 5708 3446 5782 ipsum
3486 5707 3684 5764 ferire'
