4064 6134
268 364 380 422 349

995 364 1053 426 J.
1094 362 1518 427 PEARSONH
1561 360 1930 423 VlNDleE

2045 357 2444 422 lNA'l‘lANE.
2496 393 2567 406 -
2602 348 2820 426 Mes
2862 361 2937 423 lI.

3584 353 3724 429 350'

272 495 610 565 videantur,
645 497 719 551 de
751 494 1138 570 principibus,
1172 497 1242 553 de
1283 497 1600 570 leopardis,
1633 495 1704 550 de
1735 495 1927 568 pueni-
1957 494 2014 560 Αν
2043 498 2175 548 sent
2208 493 2294 548 illi
2327 493 2593 566 leopardi
2621 511 2654 551 a
2685 495 2900 566 quibus
2931 494 3176 567 ligatum
3209 513 3272 552 se
3300 496 3433 552 duci
3465 499 3696 565 scribit,

275 584 538 640 tentibus
576 591 760 657 atque
783 586 854 640 de
886 587 1183 644 ()nesimo.

345 675 570 742 Primo,
605 675 846 747 scripsit
880 682 1094 732 auctor
1140 677 1406 750 epistolaa
1454 677 1528 732 ad
1560 676 1930 747 Smyrnaaos:

285 784 305 813 ι
330 765 395 819 Et
427 781 612 837 super
638 765 921 831 ccelestia,
955 773 1012 821 et
1051 767 1238 840 gloria
1283 766 1646 840 angelorum,
1681 771 1739 821 et
1766 765 1934 836 prin-

279 853 435 925 cipes
458 853 723 909 visibiles
757 859 816 908 et
843 853 1168 910 invisibiles
1198 855 1247 911 si
1279 871 1400 911 non
1425 855 1672 910 credant
1699 853 1760 908 in
1793 869 1930 909 san.

277 943 512 1012 guinem
543 944 785 1008 Christi,
814 950 870 999 et
891 944 1008 1000 illis
1032 945 1330 1017 judicium
1353 946 1483 1001 erit.
1509 967 1538 996 »
1569 945 1772 1000 Obiter
1801 942 1934 1014 qui-

278 1032 408 1088 dem
441 1035 604 1088 hunc
635 1034 834 1090 locum
881 1036 1067 1106 tangit
1109 1037 1198 1090 vir
1235 1035 1634 1102 doctissimus,
1667 1041 1726 1089 et
1752 1034 1935 1089 verba

279 1123 418 1178 satis
447 1123 602 1178 mira
625 1140 756 1179 esse
781 1128 986 1194 putat;
1021 1125 1179 1195 quod
1227 1125 1301 1180 ad
1345 1124 1643 1196 principes
1668 1122 1931 1178 visibiles

279 1212 506 1280 attinet,
539 1212 668 1267 vult
698 1213 858 1267 hunc
898 1213 1247 1285 scriptorem
1294 1213 1430 1268 ideo
1459 1213 1709 1268 fortasse
1741 1228 1811 1266 ea
1839 1212 1934 1266 di-

276 1301 451 1370 xisse,
484 1324 511 1352 «
547 1302 708 1373 quod
740 1304 868 1374 ejus
927 1321 1046 1359 aevo
1099 1303 1301 1375 aliqua
1350 1305 1476 1376 jam
1523 1310 1649 1359 erat
1679 1305 1751 1359 de
1778 1305 1932 1359 Con-

277 1392 475 1446 stantii
525 1392 618 1447 vel
665 1392 1037 1448 Constantini
1070 1393 1198 1465 ejus
1228 1393 1331 1448 ﬁlii
1362 1393 1450 1448 vel
1481 1393 1927 1449 Christianismo

275 1480 362 1535 vel
394 1480 468 1536 ad
498 1481 1023 1538 Christianismum
1056 1483 1452 1555 prepensione
1485 1499 1690 1554 sparsa
1713 1484 1923 1538 famam

276 1571 458 1634 Quam
491 1569 748 1626 obscura
769 1571 894 1627 haec
920 1573 1283 1643 conjectura,
1315 1589 1491 1643 quam
1524 1573 1724 1640 dubia,
1749 1589 1928 1643 quam

275 1659 504 1714 incerta
529 1659 542 1714 l
565 1660 671 1714 Vel
700 1660 927 1732 aliquid
951 1661 1175 1716 audivit
1197 1662 1268 1716 de
1288 1663 1614 1718 Constantii
1644 1663 1931 1719 Christia-

274 1750 492 1818 nismo,
524 1750 615 1804 vel
659 1750 1054 1820 Constantini,
1085 1751 1177 1806 vel
1236 1751 1446 1806 saltem
1506 1754 1923 1824 propensione.

2047 599 2167 638 non
2190 584 2592 656 intelligerent
2611 602 2623 640 :
2644 585 2803 656 quod
2820 586 3079 657 lgnatius
3101 601 3223 641 non
3247 592 3403 642 esset
3421 589 3656 644 veritus.
3671 612 3694 642 ο

2047 673 2236 736 Quare
2271 679 2469 730 autem
2530 675 2788 746 lgnatius
2818 674 3006 730 vereri
3038 691 3154 730 non
3205 676 3416 747 potuit,
3468 677 3518 732 si
3549 678 3702 733 alius

2046 763 2360 834 quisquam
2383 764 2686 834 potuerit?
2710 765 2900 829 Quare
2925 781 3044 819 non
3067 764 3169 819 ille
3191 765 3516 822 cavendum
3540 773 3702 836 puta-

2043 855 2154 918 ret,
2179 868 2254 907 ne
2287 869 2395 907 sua
2424 853 2598 907 verba
2629 869 2662 908 a
2697 854 2977 908 Romanis
3001 853 3158 908 haud
3205 860 3364 908 recte
3399 855 3697 924 intellige-

2043 947 2254 996 rentur
2273 941 2301 996 τ
2320 942 2582 1013 Ligatum
2613 958 2674 998 se
2698 943 2902 997 decem
2934 942 3229 1014 leopardis
3255 943 3574 1009 dixerat;id
3597 960 3698 1000 au~

2043 1035 2162 1084 tem
2195 1031 2426 1086 solebat
2454 1047 2610 1102 saepe
2646 1033 2772 1087 ﬁeri
2802 1047 2935 1088 cum
2969 1032 3204 1086 besiarii
3229 1032 3484 1104 jamjam
3507 1035 3694 1088 mori-

2042 1120 2157 1174 turi
2191 1121 2501 1189 essent,uti
2535 1122 2823 1178 Saturnus
2853 1123 2914 1177 in
2966 1138 3172 1177 ursum
3205 1122 3556 1178 substrictus
3587 1128 3697 1191 est,

2042 1214 2100 1263 et
2133 1225 2273 1281 apro
2307 1210 2724 1282 subligatus,ut
2753 1211 2815 1266 in
2845 1212 2899 1266 S.
2927 1213 3230 1284 Perpetua:
3255 1211 3699 1283 Passionelegi-

2040 1313 2194 1353 mus.
2249 1300 2392 1354 Cum
2424 1300 2604 1372 igitur
2632 1300 2971 1371 scripsisset
3018 1301 3072 1354 S.
3108 1300 3369 1372 lgnatius
3393 1317 3456 1355 se
3487 1301 3694 1356 decem

2039 1389 2336 1460 leopardis
2362 1390 2488 1461 jam
2525 1390 2818 1462 illigatum
2861 1406 3012 1453 esse,
3065 1390 3254 1462 (pardi
3295 1397 3493 1446 autem
3527 1398 3702 1446 erant

2040 1479 2196 1534 inter
2253 1479 2421 1550 θῆρας
2477 1474 2820 1551 αἱμοϐόρους
2853 1485 2910 1535 et
2953 1475 3431 1553 ἂνθρωποϐόρους,
3477 1481 3708 1552 quibus

2038 1568 2302 1624 bestiarii
2340 1568 2519 1641 objici
2553 1569 2842 1635 solebant,
2878 1575 2943 1624 ut
2973 1569 3128 1640 apud
3158 1575 3385 1625 veteres
3414 1570 3710 1642 legimus)

2041 1676 2161 1714 non
2185 1659 2560 1714 incommode
2574 1675 2818 1714 monere
2842 1660 3160 1730 potuit,eos
3181 1676 3300 1715 non
3324 1675 3454 1714 esse
3476 1660 3717 1714 bestias"

2041 1749 2237 1820 ipsum
2297 1749 2494 1803 statim
2555 1747 2953 1814 devoraturas,
3001 1747 3104 1803 sed
3133 1748 3354 1802 milites
3383 1749 3454 1803 ad
3483 1748 3692 1804 urbem

276 1840 662 1894 Constantius
691 1855 812 1894 non
859 1845 948 1894 est
977 1845 1259 1912 angustus
1290 1841 1482 1897 factus
1531 1847 1667 1896 ante
1705 1858 1930 1898 annum
1963 1849 2008 1914 Β
2041 1840 2298 1893 Romam
2319 1836 2623 1892 ducturos.
2665 1839 2880 1892 Verum
2929 1837 3091 1892 aliud
3136 1853 3272 1892 eum
3323 1837 3692 1908 suspicatum

273 1929 395 1994 304,
430 1935 492 1982 et
517 1927 762 1998 quidem
820 1928 883 1983 in
940 1929 1166 1998 Gallia;
1228 1932 1651 1986 Constantinus
1687 1948 1809 1988 non
1842 1939 1932 1989 est

271 2017 468 2071 Casar
499 2023 734 2072 creatus
765 2023 900 2072 ante
929 2034 1152 2074 annum
1183 2021 1307 2083 306,
1342 2024 1399 2073 et
1440 2020 1679 2090 quidem
1713 2021 1772 2075 in
1805 2023 1930 2075 Bri-

273 2107 500 2160 tannia.
553 2107 788 2163 Graecus
836 2108 1036 2178 itaque
1067 2108 1164 2163 hic
1221 2109 1494 2180 scriptor,
1528 2109 1576 2163 si
1603 2110 1678 2164 ad
1723 2126 1931 2167 eorum

270 2195 536 2266 aliquem
587 2201 874 2266 tanquam
932 2197 1265 2267 principem
1325 2199 1602 2269 respexit,
1637 2204 1774 2254 ante
1805 2200 1931 2256 hazc

272 2292 542 2356 tempora
571 2285 831 2340 scribere
864 2301 983 2340 non
1007 2287 1217 2357 potuit.
1243 2289 1316 2341 At
1340 2286 1467 2358 ipse
1493 2287 1749 2344 Dallaaus
1779 2289 1931 2344 forte

273 2375 528 2445 scriptas
582 2374 688 2428 has
721 2375 1002 2445 epistolas
1057 2375 1135 2430 ait
1194 2375 1432 2431 labente
1483 2377 1656 2432 tertio
1690 2379 1928 2447 saeculo,

273 2463 622 2518 Blondellus
638 2464 1238 2529 ineunte,Salmasius
1255 2472 1312 2519 et
1329 2465 1666 2522 Albertinus
1685 2467 1930 2523 secundi

270 2554 492 2608 medio.
525 2553 698 2607 Nullo
730 2553 817 2608 illi
850 2554 922 2609 de
954 2555 1221 2626 principe
1271 2555 1604 2611 Christiano
1628 2563 1931 2613 auctorem

273 2643 662 2714 epistolarum
695 2645 1022 2699 somniasse
1064 2646 1481 2710 crediderunt;
1517 2647 1702 2702 multo
1735 2649 1933 2703 minus

273 2749 378 2787 nos
396 2732 616 2788 Dallaao
640 2732 958 2800 credimus,
974 2734 1076 2804 qui
1099 2739 1184 2789 tot
1205 2735 1546 2791 testimonia
1565 2753 1669 2807 pro
1695 2738 1784 2792 his
1809 2737 1932 2808 epi-

281 2822 440 2875 stolis
469 2828 611 2876 ante
634 2827 912 2892 quartum
933 2823 1216 2877 smculnm
1244 2824 1618 2894 protulimus.
1649 2825 1760 2880 Sed
1781 2825 1933 2880 nihil

289 2911 529 2980 scriptor
567 2916 793 2964 noster.
850 2911 1120 2982 quisquis
1175 2919 1284 2978 est,
1344 2912 1414 2966 de
1471 2913 1932 2984 imperatoribus

281 2999 629 3054 Christianis
659 2999 898 3071 prOprie
933 2999 1120 3066 dixit;
1165 2999 1432 3073 ἄρχοντας
1463 3007 1692 3056 tantum
1726 3005 1930 3058 nomi-

275 3089 451 3155 navit,
504 3089 605 3159 qui
643 3094 783 3144 sunt
834 3089 1086 3160 quilibet
1143 3090 1559 3162 magistratus;
1595 3093 1828 3147 monuit
1857 3109 1932 3148 ne

272 3194 448 3248 quem
481 3177 672 3244 locus,
731 3179 850 3233 sive
907 3177 1164 3249 dignitas
1219 3179 1389 3234 inﬂet
1443 3181 1604 3251 (nam
1639 3186 1697 3235 et
1725 3181 1932 3256 ἄρχον-

267 3286 361 3326 τας
378 3267 678 3322 vocabant
707 3267 1145 3323 ecclesiasticos
1173 3270 1522 3340 praepositos
1544 3271 1928 3326 vetustissimi

270 3356 617 3427 scriptores,
647 3377 674 3404 «
703 3353 971 3427 ἄρχοντες
999 3356 1278 3413 dicuntur
1307 3358 1606 3432 principes
1656 3366 1714 3415 et
1743 3361 1930 3433 magi—

273 3449 517 3512 stratus,
544 3466 572 3493 »
605 3443 802 3514 inquit
826 3445 1269 3517 Tertullianus),
1293 3463 1427 3502 cum
1460 3465 1570 3503 nec
1601 3449 1794 3518 angeli
1824 3465 1933 3505 nec

273 3535 553 3589 homines
583 3534 921 3605 superiores
959 3535 1086 3590 sine
1119 3535 1234 3591 fide
1265 3537 1325 3590 in
1351 3537 1648 3593 Christum
1681 3539 1932 3594 salutem

273 3623 563 3693 consequi
622 3624 870 3694 possint.
933 3625 1070 3688 Quae
1128 3625 1398 3681 doctrina
1449 3627 1633 3683 cuivis
1681 3629 1934 3699 tempori

273 3729 445 3784 eaque
478 3713 775 3781 convenit,
811 3713 928 3767 sive
962 3713 1263 3785 principes
1290 3715 1608 3770 Christiani
1642 3717 1780 3785 sint,
1816 3717 1934 3772 sive

269 3820 394 3858 non
423 3819 437 3868 ;
469 3801 624 3857 nihil
647 3818 783 3874 ergo
815 3801 912 3857 hic
933 3807 1267 3873 temporum
1292 3803 1468 3859 fidem
1494 3805 1784 3876 pulsat,et
1805 3822 1936 3862 sua-

269 3892 420 3947 viter
451 3892 720 3947 riderent
745 3891 1448 3960 Salmasius,Blondellus
1480 3900 1538 3948 et
1567 3894 1931 3964 Albertinus,

276 3982 326 4036 si
355 3982 483 4037 haec
513 3981 774 4052 cuipiam
797 3981 1100 4053 negotium
1126 3981 1414 4038 facessere
1438 3983 1857 4056 intelligerent.

351 4087 650 4154 Secundo,
682 4092 889 4143 auctor
919 4088 1182 4159 epistola;
1241 4087 1314 4144 ad
1373 4093 1668 4145 Romanos
1700 4108 1834 4145 cum
1870 4108 1932 4148 se

275 4179 525 4233 dixisset
553 4176 857 4249 alligatum
888 4177 1094 4232 decem
1135 4177 1452 4249 leopardis,
1487 4179 1799 4252 diligenter
1830 4181 1934 4236 do-

274 4274 368 4322 cet
397 4265 541 4337 quid
573 4265 686 4319 hoc
717 4267 812 4319 sit.
848 4286 876 4315 «
915 4265 1175 4322 Vinctus.
1209 4267 1429 4338 inquit,
1463 4267 1668 4322 decem
1697 4267 1932 4339 leopar-

274 4358 384 4423 dis,
418 4353 580 4425 quod
611 4359 701 4408 est
732 4353 1006 4409 militaris
1037 4355 1203 4409 ordo.
1239 4376 1268 4404 ››
1323 4356 1441 4411 Hoc
1480 4361 1698 4422 autem,
1723 4357 1930 4428 judice

274 4447 516 4511 Dallaeo,
540 4444 613 4498 ab
646 4443 854 4515 lgnatii
887 4461 1007 4498 aavo
1038 4444 1299 4499 alienum
1331 4446 1930 4517 interpretamentum

273 4533 504 4590 est.Sed
525 4550 560 4588 a
580 4533 771 4603 cujus,
795 4548 1020 4602 quaeso,
1045 4538 1216 4588 aetate
1235 4533 1496 4589 alienum
1521 4540 1630 4602 est,
1651 4552 1710 4590 se
1735 4535 1930 4606 ipsum

2045 1940 2172 1979 esse
2220 1925 2382 1979 novit
2429 1924 2699 1980 Dallmus.
2732 1925 2875 1980 Nam
2921 1925 3181 1997 «Ignatii
3231 1941 3352 1980 aevo
3393 1925 3690 1994 omnibus,

2044 2015 2372 2085 praesertim
2404 2014 2628 2069 civibus
2657 2015 2958 2082 Romanis,
2983 2018 3124 2070 nota
3147 2021 3274 2070 erat
3293 2021 3353 2070 et
3381 2015 3706 2071 familiaris»

2044 2113 2147 2168 illa
2173 2112 2426 2168 militum
2460 2113 2604 2168 certi
2636 2112 2946 2185 cujusdam
2979 2113 3204 2168 ordinis
3235 2114 3556 2185 appellatio
3573 2113 3700 2169 vul-

2043 2204 2216 2274 garis.
2255 2225 2282 2254 ››
2313 2204 2475 2259 Itane
2504 2220 2643 2258 vero
2664 2203 2692 2258 ?
2742 2219 2815 2258 an
2854 2202 3171 2275 leopardus
3199 2208 3287 2258 est
3317 2203 3522 2258 militis
3548 2204 3692 2258 certi

2044 2292 2350 2363 cujusdam
2373 2292 2598 2348 ordinis
2621 2293 2935 2364 appellatio
2953 2292 2980 2346 ?
3001 2309 3076 2348 an
3100 2309 3169 2347 ea
3189 2292 3464 2347 omnibus
3481 2293 3700 2365 Igna-tii’

2044 2398 2164 2437 aavo
2187 2387 2326 2436 nota
2348 2388 2405 2436 et
2420 2382 2728 2437 familiaris
2750 2381 2906 2436 fuit?
2927 2380 3193 2437 Profecto
3215 2383 3340 2436 haec
3362 2383 3693 2438 observatio

2043 2476 2145 2526 aut
2169 2487 2238 2526 ex
2271 2471 2542 2542 proclara
2580 2471 2951 2541 antiquitatis
3004 2472 3338 2544 cognitione
3364 2472 3702 2544 proﬁcisci--

2043 2564 2152 2628 ter,
2186 2566 2286 2614 aut
2318 2561 2615 2632 egregium
2647 2565 3048 2615 commentum
3085 2567 3189 2616 est.
3228 2561 3413 2629 Unde,
3449 2578 3564 2632 quo
3590 2577 3704 2616 aur

2044 2654 2225 2715 ctore,
2252 2650 2375 2705 hasc
2399 2667 2508 2704 nos
2531 2649 2750 2704 docet?
2773 2650 3078 2705 Neminem
3102 2651 3304 2706 laudat
3327 2667 3340 2717 ;
3373 2651 3590 2706 nullius
3614 2657 3697 2705 te-

2045 2739 2391 2794 stimonium
2420 2740 2662 2810 profert.
2687 2741 2800 2811 Ego
2831 2745 2989 2794 certe
3013 2756 3142 2794 eam
3174 2739 3433 2811 leopardi
3468 2738 3715 2811 signifi-~

2046 2828 2340 2883 cationem
2373 2827 2638 2883 nondum
2669 2827 2926 2883 invenio.
2974 2827 3098 2883 Sub-
3122 2829 3372 2900 Trajano
3405 2829 3696 2899 scripsere

2043 2915 2297 2983 Tacitus,
2330 2915 2559 2970 Plinius
2589 2916 2906 2983 secundus,
2942 2916 3184 2982 Florus;
3217 2915 3326 2971 sub
3356 2915 3606 2987 Trajano
3637 2921 3708 2972 et

2044 3005 2301 3060 Adriano
2326 3005 2471 3060 vixit
2491 3005 2828 3061 Suetonius.
2861 3005 3078 3061 Iisdem
3111 3006 3478 3078 temporibus
3498 3007 3698 3061 Graece

2047 3094 2416 3166 scripserunt
2436 3095 2808 3164 Plutarchus,
2838 3095 3149 3163 Arrianus,
3169 3095 3453 3162 Elianus,
3487 3110 3694 3150 omnes

2045 3200 2247 3238 rerum
2263 3186 2664 3240 Romanarum
2678 3185 2820 3240 satis
2839 3185 3128 3256 periti,rei
3145 3185 3420 3240 militaris
3434 3185 3700 3240 maxime

2048 3275 2135 3327 An
2167 3290 2236 3327 ex
2285 3273 2406 3328 illis
2437 3273 2752 3345 quisquam
2782 3273 3047 3345 prodidit
3075 3275 3228 3330 hanc
3257 3275 3516 3330 militum
3548 3275 3696 3329 certi

2043 3362 2353 3434 cujusdam
2375 3362 2600 3417 ordinis
2621 3363 3084 3435 appellationem
3114 3363 3297 3420 fuisse
3329 3382 3436 3420 suo
3469 3381 3588 3419 avo
3619 3365 3712 3420 ξεν-ν

2043 3451 2339 3507 miliarem
2355 3451 2382 3506 ‘I
2412 3467 2532 3506 non
2563 3451 2884 3508 credo.Sed
2908 3473 2936 3504 ο
2952 3469 3047 3508 res
3067 3458 3126 3508 et
3145 3452 3231 3507 rei
3257 3469 3482 3508 nomen
3501 3453 3565 3507 in
3583 3457 3710 3510 uad.

2045 3557 2175 3596 esse
2197 3541 2372 3596 desiit
2392 3547 2528 3596 ante
2552 3541 3029 3597 ducentesimum
3055 3549 3188 3613 post
3211 3543 3710 3613 lgnatiimortenr.

2045 3628 2302 3685 annum!
2336 3652 2364 3679 «
2386 3631 2522 3686 iam
2544 3631 2723 3702 igitur
2742 3637 2938 3686 certus
2967 3630 3068 3685 ille
3099 3630 3360 3687 militum
3392 3631 3710 3687 ordovevav

2044 3724 2343 3787 nuerat,et
2362 3736 2496 3774 cum
2521 3720 2648 3791 ipso
2665 3719 2873 3774 ordine
2897 3736 3118 3774 nomen
3137 3720 3704 3775 etiamexstinctum

2044 3807 2196 3863 fuit?
2219 3808 2360 3872 Quis
2379 3808 2504 3862 haec
2521 3807 2692 3863 nobis
2713 3808 2960 3864 tradidit
2973 3808 3001 3863 Ἰ
3017 3809 3150 3878 quis
3171 3809 3398 3864 militiae
3414 3811 3710 3864 Romanu

2048 3898 2398 3953 reformator.
2417 3897 2531 3952 fuit
2551 3897 2578 3952 ?
2601 3899 2736 3968 quis
2771 3898 3042 3954 ordinem
3075 3899 3442 3970 exstirpavit,
3472 3914 3704 3955 nomem

2047 3987 2451 4042 oblitteravit?
2481 3987 2784 4052 Quomodo
2815 3987 2965 4042 illud
2998 3988 3060 4043 in
3093 4004 3203 4044 usu
3234 3989 3508 4056 desierit,
3531 3987 3706 4059 quod:

2044 4073 2107 4128 in
2137 4090 2252 4130 usu
2283 4090 2591 4144 nunquam
2617 4074 2748 4142 fuit,
2773 4075 3039 4130 nondum
3069 4075 3254 4131 video.
3281 4076 3393 4131 Sed
3425 4078 3549 4131 hanc
3570 4092 3706 4132 cer»

2051 4171 2652 4241 tissimasunt,neque
2665 4173 2989 4242 aquopiam
3004 4173 3299 4242 neganda:
3323 4191 3462 4230 nam
3485 4198 3513 4226 ‹‹
3533 4177 3704 4248 Igna-

2047 4260 2111 4313 tii
2143 4259 2457 4315 simulator
2479 4260 2914 4331 Leopardorum
2936 4260 3179 4332 quidem
3201 4279 3419 4318 nomen
3440 4263 3518 4318 ad‘
3539 4265 3703 4319 antid

2047 4348 2290 4419 quitatis
2330 4349 2587 4421 speciem
2615 4349 2883 4418 retinuit,
2913 4350 3016 4406 sed
3061 4368 3134 4406 ne
3167 4351 3239 4407 ob
3271 4353 3705 4411 obscuritatem:

2043 4437 2294 4494 lectores
2318 4438 2601 4506 turbaret,
2626 4439 2804 4494 etiam
2827 4439 3344 4512 interpretandum
3374 4444 3710 4514 putavit,ac;

2058 4545 2119 4584 se
2140 4529 2224 4584 ita
2241 4529 2428 4585 nimia
2447 4529 2756 4601 diligentia
2777 4530 2903 4601 ipse
2925 4531 3204 4603 prodidit.
3230 4557 3259 4584 ››
3281 4535 3434 4589 Proh
3453 4535 3704 4590 stultam

273 4632 330 4681 et,
360 4624 539 4680 verba,
560 4601 667 4677 sua
692 4601 1116 4692 interpretari?
1138 4639 1335 4678 nonne
1369 4601 1635 4695 quolibet
1669 4601 1937 4696 tempore
1971 4601 2017 4666 D
2049 4618 2410 4674 simulatoris
2432 4601 3009 4692 calliditatemlproh
3028 4622 3250 4678 fatuam
3265 4625 3542 4680 astutiam
3563 4623 3703 4696 lquit

275 4715 383 4770 hoc
405 4729 575 4784 aeque
599 4712 775 4766 liceat
793 4711 820 4765 ‘l
853 4711 1002 4766 Dicit
1031 4713 1443 4768 sanctissimus
1467 4719 1709 4785 martyr,
1741 4731 1935 4769 exem-

275 4802 370 4875 plo
403 4801 659 4870 S.Pauli,
689 4817 752 4855 se
785 4816 919 4855 cum
943 4800 1150 4856 bestiis
1177 4818 1459 4873 pugnare,
1494 4819 1593 4858 eas
1624 4802 1696 4856 ob
1729 4802 1933 4858 ferita-

277 4900 394 4947 tem
424 4889 744 4962 leopardos
775 4894 976 4956 vocat;
1007 4890 1264 4961 seipsum
1299 4891 1438 4946 dein
1475 4892 1930 4962 interpretatur;

277 4997 395 5046 eos,
421 4979 671 5046 scilicet,
697 4993 845 5049 quos
871 4976 1112 5044 bestias,
1136 4994 1283 5048 quos
1303 4977 1620 5050 leopardos
1653 4979 1930 5050 appellat,

275 5070 497 5124 milites
555 5083 687 5122 esse
745 5067 846 5135 ait,
906 5082 1160 5136 quorum
1216 5067 1498 5123 custodiae
1539 5067 1786 5124 traditus
1820 5075 1929 5125 est.

273 5158 489 5224 Quidni
522 5157 619 5212 hic
649 5155 808 5210 idem
841 5155 1081 5224 faceret,
1143 5155 1301 5226 quod
1357 5173 1514 5228 saepe
1569 5155 1712 5212 alibi
1742 5156 1933 5213 facit?

269 5249 444 5304 lubet
473 5245 790 5301 Trallesios
820 5241 1122 5316 ἀλλοτρίας
1157 5243 1391 5317 βοτάνης
1420 5241 1740 5318 ἀπέχεσθαι,
1764 5246 1932 5302 addit

272 5337 758 5411 explicationem,
789 5330 825 5401 ἤ
874 5353 959 5394 τις
1012 5331 1151 5386 ἐστὶν
1208 5330 1435 5407 αἵρεσις.
1467 5337 1548 5389 De
1582 5335 1812 5391 Docetis
1842 5335 1932 5389 lo-

272 5435 467 5494 cutus,
499 5423 543 5478 εἰ
578 5421 621 5477 δ’
658 5421 839 5488 ὥσπερ
868 5422 1011 5482 τινὲς
1043 5417 1192 5476 ἄθεοι
1223 5420 1393 5493 ὄντες,
1425 5424 1754 5495 subjungit,
1777 5443 1944 5477 τουτοη

272 5517 413 5570 ἐστιν
447 5513 692 5568 ἄπιστοι.
727 5511 943 5576 Quidui
1003 5512 1302 5583 quispiam
1361 5519 1481 5568 tam
1534 5513 1642 5568 sub
1678 5513 1930 5585 imperio

271 5606 532 5679 Trajani,
564 5617 748 5676 quam
777 5601 985 5672 quavis
1031 5601 1150 5658 alia
1208 5607 1400 5671 aetate,
1433 5602 1516 5658 ita
1540 5602 1934 5673 loqueretur?

271 5698 554 5775 Nempe,“
581 5691 808 5749 veritus
846 5695 936 5746 est
964 5691 1238 5763 scriptor,
1269 5707 1344 5748 ne
1373 5691 1622 5751 Romani
1653 5691 1798 5765 quid
1827 5708 1930 5750 es-

2049 4725 2157 4763 suo
2180 4708 2399 4764 indicio
2441 4709 2610 4780 quasi
2635 4725 2805 4764 sorex
2829 4710 3007 4766 hodie
3028 4712 3222 4782 periit,
3248 4713 3406 4784 quod
3443 4705 3710 4769 acumenl

2050 4798 2333 4854 Dallaaani
2357 4798 2918 4869 ingeniiprmvidere
2944 4816 3064 4856 non
3085 4803 3346 4872 potuerit
3377 4819 3389 4856 :
3415 4803 3534 4857 imo
3559 4817 3702 4857 vere~

2043 4888 2318 4944 Censoris
2332 4893 2738 4944 commentum
2753 4887 3040 4959 lepidum,
3060 4890 3370 4946 etinanem
3392 4907 3504 4946 con
3501 4891 3705 4962 jectum

2040 4978 2297 5048 ram,qui
2313 4982 2709 5050 utmartyrem
2722 4977 3338 5050 faceretimpostorem
3353 4985 3487 5052 post
3500 4984 3706 5034 totsm~

2041 5067 2178 5123 cula
2207 5072 2292 5122 tot
2306 5067 2680 5137 antiquitatis
2703 5067 2893 5123 larvas
2924 5074 2983 5123 et
3013 5069 3296 5140 ﬁgmenta
3325 5069 3706 5140 excogitavit»

2115 5156 2266 5212 lllud
2299 5173 2434 5212 vero
2465 5157 2858 5212 admiratione
2881 5156 3126 5229 dignum
3145 5163 3254 5225 est,
3287 5157 3542 5213 edidisse
3567 5159 3704 5213 haec-

2044 5243 2327 5300 Dallmum
2351 5243 2607 5299 triennio
2629 5250 2946 5314 postquam
2972 5245 3258 5300 Samuelis
3275 5245 3542 5301 Bocbarti
3567 5247 3707 5300 Hie.

2042 5335 2311 5390 rozoicon
2334 5331 2572 5406 prodiit,
2607 5331 2766 5402 quod
2795 5333 2923 5402 ipse
2952 5333 3015 5388 in
3051 5335 3310 5404 Epistula
3331 5333 3696 5392 dedicatoria

2047 5445 2076 5476 ι
2098 5423 2520 5494 doctum,Deus
2535 5421 2711 5486 bone,
2737 5426 2796 5476 et
2813 5420 3176 5479 laboriosum
3198 5440 3347 5496 opus
3362 5447 3391 5476 υ
3413 5425 3712 5498 appellat-‘

2042 5514 2147 5568 Ille
2170 5513 2354 5579 enim,
2380 5517 2448 5569 ut
2467 5511 2855 5583 impostorem
2886 5518 3094 5581 quarto
3128 5514 3357 5569 seicqu
3385 5516 3706 5588 scripsisse

2041 5601 2342 5674 probaret,
2375 5607 2435 5656 et
2463 5600 2703 5673 quidem
2746 5617 2815 5657 ex
2864 5601 2976 5657 hoc
3029 5601 3158 5675 ipso
3197 5603 3360 5677 loco,
3381 5603 3495 5661 alio
3523 5604 3710 5677 plana:

2043 5697 2220 5765 atque
2250 5690 2549 5750 contrario
2609 5707 2758 5748 usus
2806 5696 2896 5750 est
2953 5696 3326 5768 augumento,
3372 5691 3712 5755 moramini-
