4064 6134
311 327 422 388 351

1369 329 1435 393 8.
1482 329 1882 394 lGNATIUS.
1930 361 2008 374 -
2049 329 2658 393 PROLBGOMENA.

3603 334 3724 394 352

307 464 474 529 parte
497 477 537 529 ι,
570 459 674 516 lib.
709 477 789 529 in,
820 478 949 534 cap.
983 463 1014 517 8
1041 480 1053 517 :
1077 485 1105 514 «
1132 463 1412 536 Leopardi
1446 483 1578 532 vox,
1609 465 1824 536 inquit,
1865 481 1956 520 se-
1989 468 2039 532 Α
2073 466 2356 538 Leopardi
2389 483 2592 522 vocem
2641 471 2950 533 memorat,
2978 470 3045 521 ut
3088 464 3261 538 longe
3293 465 3414 520 suis
3439 466 3725 536 tempori-

305 549 428 604 rius
459 553 734 622 usurpari
775 553 970 624 caspit,
1003 571 1218 625 nempe
1242 556 1614 612 Constantini
1639 573 1780 611 aevo.
1815 557 1959 609 Pro-

306 636 446 694 inde
476 641 687 712 lgnatii
719 642 793 697 ad
823 645 1119 699 Romanos
1151 645 1403 716 epistola
1438 663 1616 717 quam
1648 645 1958 701 circumfe-

304 733 466 790 runt.
501 747 570 784 eo
603 730 841 787 demum
874 734 1090 788 saeculo
1115 734 1294 790 fuisse
1319 737 1599 806 scriptam
1626 735 1717 790 vel
1750 752 1819 790 ex
1851 735 1961 790 hoc

310 827 655 891 argumento
683 822 948 895 colligas,
981 825 1139 894 quod
1159 825 1577 896 leopardorum
1599 825 1815 881 diserte
1841 842 1960 880 me-

308 908 504 964 minit.
532 932 560 959 »
592 913 935 984 Argumenti
967 916 1394 984 consequentia
1419 915 1736 971 manifesta
1767 921 1875 970 est.
1902 915 1957 970 Si

308 997 466 1053 enim
498 998 760 1071 leopardi
784 1019 892 1057 vox
913 1003 1020 1058 sub
1043 1007 1428 1061 Constantino
1452 1007 1724 1077 usurpari
1757 1005 1956 1078 coepit,

302 1086 570 1159 adeoque
597 1097 732 1145 ante
756 1093 1206 1150 Constantinum
1229 1101 1513 1166 usurpata
1533 1111 1654 1150 non
1676 1101 1800 1162 est;
1827 1094 1926 1164 qui
1945 1123 1960 1134 -

304 1193 538 1247 cunque
560 1195 690 1235 eam
721 1197 924 1236 vocem
948 1184 1272 1254 usurpavit,
1296 1184 1382 1251 vel
1405 1185 1514 1240 sub
1547 1185 1958 1249 Constantino,

303 1265 393 1321 vel
422 1273 553 1338 post
582 1285 718 1324 eum
751 1271 1004 1342 scripsit.
1036 1274 1173 1327 Post
1216 1274 1670 1328 Constantinum
1701 1273 1959 1328 scribere

305 1373 428 1412 non
459 1360 650 1430 potuit
679 1367 885 1417 auctor
915 1364 1182 1434 epistola)
1214 1364 1288 1418 ad
1319 1366 1651 1420 Romanos:
1685 1370 1962 1434 excerpta

309 1447 468 1501 enim
501 1448 630 1519 ejus
661 1450 948 1520 epistolas,
979 1452 1041 1507 in
1073 1452 1287 1523 quibus
1322 1453 1604 1524 Leopardi
1638 1469 1744 1507 vox
1777 1452 1962 1507 habe-

306 1541 422 1604 tur,
457 1536 518 1591 in
553 1539 936 1596 Ecclesiastira
964 1541 1197 1597 Eusebii
1256 1544 1502 1597 Historia
1535 1547 1790 1606 exstant,
1827 1559 1959 1612 quas

309 1625 416 1680 sub
447 1627 834 1685 Constantino
867 1630 1026 1686 edita
1077 1637 1184 1687 est.
1221 1631 1357 1687 Vult
1408 1632 1588 1704 igitur
1638 1633 1960 1687 Bochartus

308 1715 416 1770 sub
448 1719 844 1775 Constantino
894 1721 1218 1791 primulum
1263 1721 1562 1776 inventam
1595 1737 1725 1777 esse
1759 1737 1960 1776 vocem

2069 556 2179 610 bus
2201 557 2600 626 antiquiorem
2619 572 2750 611 eam
2772 556 2954 611 fuisse
2977 556 3418 628 agnoscat.Haac
3437 556 3599 610 enim
3623 557 3724 610 ba-

2066 645 2167 698 bet
2186 645 2250 699 in
2277 645 2405 700 Vita
2435 646 2718 700 Antonini
2751 646 2906 700 Getaa
2931 661 2944 699 :
2979 668 3007 696 «
3034 644 3346 700 Familiare
3369 645 3455 699 illi
3481 645 3591 698 fuit
3612 645 3718 700 has

2068 735 2433 805 quaestiones
2448 735 2849 808 grammaticis
2867 741 3292 806 proponere,ut
3309 735 3722 802 dicerent,sin-

2065 824 2204 896 gula
2249 825 2531 880 animalia
2561 825 2859 895 quomodo
2892 841 3092 880 vocem
3143 825 3503 890 emitterent,
3538 824 3718 892 velut,

2066 915 2200 986 agni
2221 915 2697 988 balant,porcelli
2713 914 3330 988 gruniunt,palumbes
3354 916 3722 970 minurriuut

2065 1007 2190 1061 ursi
2222 1006 2492 1072 saeviunt,
2515 1007 2720 1062 leones
2752 1007 3008 1077 rugiunt,
3031 1005 3298 1077 leopardi
3331 1005 3566 1071 rictant,
3601 1003 3722 1059 ele-

2066 1096 2274 1166 phanti
2323 1096 2617 1166 barriunt,
2671 1113 2832 1152 ranas
2889 1102 3162 1161 coaxant,
3223 1096 3359 1166 equi
3419 1094 3720 1163 hinniunt,

2067 1185 2218 1240 asini
2251 1185 2493 1252 rudunt,
2528 1185 2680 1243 tauri
2711 1185 3003 1258 mugiunt,
3036 1202 3253 1256 easque
3304 1185 3375 1240 de
3427 1185 3722 1240 veteribus

2067 1274 2422 1346 approbare,
2471 1277 2561 1330 vel
2608 1275 3028 1347 approbarent.
3064 1297 3092 1325 ››
3144 1275 3489 1347 Spartianus
3520 1275 3720 1346 itaque

2071 1365 2171 1419 100
2191 1371 2328 1420 ante
2350 1365 2802 1420 Constantinum
2835 1366 3009 1421 annis
3037 1367 3240 1421 Getam
3263 1383 3298 1420 a
3316 1363 3722 1438 grammaticis

2069 1454 2410 1524 quaasivisse
2443 1455 2723 1521 ostendit,
2749 1472 2823 1510 an
2848 1454 3144 1526 leopardis
3175 1455 3518 1510 conveniret
3549 1453 3721 1508 ricta-

2065 1560 2152 1611 re,
2205 1549 2264 1598 et
2310 1544 2554 1614 quinam
2587 1562 2658 1600 ex
2687 1544 2984 1600 veteribus
3025 1561 3154 1600 eam
3185 1561 3384 1600 vocem
3420 1543 3719 1614 leopardis

2067 1630 2437 1687 tribuissent.
2491 1633 2642 1688 Satis
2692 1633 2870 1705 igitur
2916 1633 3161 1705 antiqua
3210 1650 3319 1688 vox
3378 1632 3716 1704 leopardus.

2069 1719 2433 1776 Glossarium
2463 1727 2648 1789 vetus,
2684 1722 2791 1776 sub
2842 1723 3141 1778 Benedicti
3192 1723 3434 1778 nomine
3467 1722 3717 1786 editum,

309 1805 593 1876 Leopardi
619 1828 632 1875 ;
685 1810 981 1864 Romanos
1029 1810 1348 1881 scriptores
1397 1827 1527 1865 eam
1557 1811 1748 1880 primo
1781 1826 1956 1865 usur-
1990 1835 2036 1900 Β
2069 1811 2315 1866 omnino
2339 1809 2568 1866 videtur
2587 1811 2957 1866 Constantini
2979 1811 3228 1882 imperio
3246 1811 3403 1866 haud
3423 1811 3598 1882 paulo
3620 1826 3724 1865 an-

308 1911 518 1965 passe;
555 1899 785 1952 Grascos
816 1914 946 1953 eam
979 1916 1182 1954 vocem
1213 1916 1248 1956 a
1279 1900 1561 1955 Romanis
1592 1905 1798 1970 postea
1827 1915 1958 1954 mu-

310 1989 505 2040 tuatos
523 2002 653 2042 esse
679 2004 692 2054 ;
717 1987 1128 2044 simulatorem
1150 1990 1360 2061 lgnatii
1384 1989 1537 2044 inter
1558 1991 1789 2044 Graacos
1821 1988 1960 2043 scri-

309 2079 511 2144 ptores
543 2082 601 2131 et
629 2077 887 2147 primum
921 2084 980 2132 et
1009 2078 1201 2134 solum
1234 2079 1504 2134 eamdem
1537 2078 1881 2149 arripuisse,
1905 2082 1962 2131 et

308 2165 534 2235 Ignatio
560 2167 1147 2239 supposuisse,atque
1167 2169 1318 2224 hanc
1340 2168 1652 2240 epistolam
1669 2168 1961 2232 emisisse,

307 2267 628 2326 antequam
653 2259 910 2312 Historia:
943 2258 1159 2312 librum
1194 2259 1434 2312 tertium
1467 2257 1749 2313 conderet
1776 2260 1958 2312 Euse-

306 2343 461 2399 bius.
488 2346 530 2400 Ο
555 2347 736 2402 miras
759 2348 1044 2418 temporis
1066 2349 1390 2420 angustias,
1415 2348 1628 2418 quibus
1652 2347 1832 2402 miser
1859 2347 1964 2400 im-

305 2439 507 2504 postor
559 2435 890 2492 includitur
923 2437 933 2490 !
969 2439 1011 2493 0
1055 2437 1305 2493 bardum
1353 2443 1410 2492 et
1449 2437 1750 2510 stupidum
1782 2438 1966 2492 Euse-

308 2521 494 2588 bium,
528 2525 626 2594 qui
656 2541 792 2581 cum
813 2525 915 2582 diu
938 2533 1072 2582 ante
1099 2527 1382 2598 Leopardi
1407 2527 1754 2582 vocabulum
1788 2531 1964 2581 natus

308 2619 484 2682 esset,
519 2613 746 2670 fictitiis
773 2615 1104 2672 litterarum
1137 2617 1435 2672 mercibus
1466 2623 1588 2672 tam
1617 2615 1810 2682 facile,
1843 2621 1963 2672 tam

307 2700 460 2757 fmde
491 2704 775 2776 deceptus
807 2712 897 2762 est
920 2705 932 2760 ι

379 2810 490 2865 Sed
512 2811 816 2867 videamus
839 2815 1138 2882 quomodo
1163 2814 1372 2884 probet
1389 2813 1464 2870 cl.
1481 2814 1963 2880 Bochartus,eam

305 2915 508 2954 vocem
539 2901 909 2956 Constantini
970 2919 1090 2958 aavo
1137 2904 1384 2973 coepisse
1426 2902 1721 2974 usurpari.
1761 2925 1781 2950 ι
1817 2902 1964 2956 Cum

306 2988 488 3058 enim,
521 2991 737 3061 inquit,
770 2991 957 3046 tribus
989 2993 1222 3046 saeculis
1253 2997 1387 3062 post
1425 2992 1725 3047 Christum
1758 2996 1963 3046 natum

303 3077 366 3132 in
381 3080 660 3134 Romanis
673 3080 1062 3150 scriptoribus
1080 3097 1375 3151 nusquam
1392 3081 1963 3151 reperiatur,quarto

307 3172 366 3221 et
397 3167 610 3222 exinde
659 3169 879 3238 passim
911 3170 1188 3224 occurrit.
1223 3191 1250 3220 η
1286 3170 1419 3224 Haec
1449 3186 1521 3223 ex
1552 3169 1961 3224 observatione

308 3256 573 3311 Gesneri.
613 3257 826 3310 Verum
860 3273 936 3311 an
994 3262 1131 3311 ante
1191 3262 1461 3328 tempora
1491 3257 1725 3328 Trajani
1759 3258 1818 3311 in
1849 3272 1960 3312 usu

303 3343 487 3399 fuerit
515 3361 585 3399 ea
617 3361 745 3410 vox,
779 3345 853 3400 ad
884 3362 992 3400 nos
1024 3363 1144 3401 non
1189 3347 1480 3417 pertinet;
1515 3346 1782 3416 quamvis
1813 3345 1958 3400 mihi

305 3433 552 3489 dubium
585 3451 704 3490 non
734 3435 812 3490 sit
842 3435 987 3507 quin
1010 3435 1113 3490 diu
1135 3441 1272 3490 ante
1293 3441 1577 3506 usurpata
1600 3436 1822 3500 sit,non
1846 3435 1958 3488 mi.

304 3538 416 3577 nus
439 3540 615 3594 quam
635 3525 1158 3596 Camelopardalis,
1183 3529 1285 3580 aut
1305 3524 1704 3587 Leocrocutta,
1729 3522 1800 3576 de
1823 3522 1958 3592 qui-

303 3610 419 3667 bus
449 3614 568 3684 agit
591 3614 1012 3680 Plinius.Quod
1034 3621 1168 3669 ante
1194 3620 1470 3683 quartum
1492 3611 1779 3666 smculum
1801 3611 1960 3683 apud

313 3700 629 3772 scriptores
660 3706 976 3766 Romanos,
1009 3721 1158 3774 quos
1205 3702 1426 3773 legerat
1461 3701 1805 3770 Bochartus,
1839 3718 1958 3756 non

309 3793 664 3863 reperiatur,
683 3793 926 3848 minime
951 3792 1158 3864 probat
1174 3793 1234 3845 in
1255 3808 1364 3846 usu
1387 3807 1506 3846 non
1520 3790 1733 3857 fuisse;
1759 3791 1960 3863 plures

313 3881 474 3936 enim
507 3882 823 3952 scriptores
853 3898 1060 3936 eorum
1093 3887 1428 3950 temporum
1449 3879 1754 3951 perierunt
1780 3896 1959 3952 quam

310 3980 631 4044 supersunt
653 3991 666 4039 ;
691 3974 875 4044 aliqui
897 3974 1145 4029 fortasse
1166 3977 1418 4039 exstant,
1443 3990 1592 4045 quos
1615 3973 1712 4028 ille
1734 3991 1854 4030 non
1875 3975 1959 4030 le-

309 4061 429 4132 git;
471 4063 677 4132 aliqui,
711 4079 858 4132 quos
887 4061 1140 4117 credidit
1168 4068 1301 4133 post
1329 4062 1781 4118 Constantinum
1813 4064 1956 4118 scri-

307 4150 674 4221 psisse,forte
695 4157 829 4206 ante
855 4167 988 4207 eum
1011 4151 1410 4222 scripserunt;
1431 4151 1617 4222 aliqui
1639 4152 1739 4222 qui
1758 4152 1866 4207 sub
1887 4169 1957 4209 eo

309 4240 714 4294 meminerunt
748 4241 905 4296 vocis
938 4241 1243 4312 Leopardi,
1270 4240 1605 4314 signiﬁcare
1636 4245 1958 4313 potuerunt

310 4343 440 4383 eam
453 4345 653 4382 vocem
675 4329 937 4399 ipsorum
956 4336 1127 4386 actate
1147 4330 1319 4402 longe
1337 4330 1734 4400 antiquiorem
1751 4330 1955 4388 fuisse.

307 4417 434 4472 Non
459 4416 620 4488 legit,
645 4419 876 4488 opinor,
902 4419 1227 4475 Bochartus
1250 4420 1596 4475 Passionem
1629 4420 1723 4475 SS.
1746 4421 1958 4492 Perpe-

310 4509 426 4559 tuae
450 4511 508 4559 et
529 4505 850 4562 Felicitatis
879 4508 1070 4579 primo
1093 4506 1154 4562 in
1177 4507 1372 4562 lucem
1404 4507 1476 4562 ab
1499 4507 1801 4562 Holstenio
1826 4525 1958 4578 pro-

2073 1897 2314 1968 tiquius.
2341 1899 2402 1954 in
2425 1915 2540 1968 quo
2564 1899 2844 1967 legimus:
2871 1900 3229 1970 Leopardus,
3251 1895 3722 1972 πάρδαλις.Ροηι-

2069 1987 2239 2056 peius
2271 1989 2498 2053 Festus,
2534 2010 2561 2037 «
2596 1989 2875 2060 Bigenera
2915 1989 3194 2045 dicuntur
3219 1989 3500 2045 animalia
3531 2005 3602 2043 ex
3632 1989 3726 2042 di-

2069 2092 2235 2130 verso
2267 2093 2482 2148 genere
2517 2083 2675 2147 nata,
2718 2085 2783 2132 ut
2834 2078 3150 2150 leopardus
3182 2096 3251 2133 ex
3282 2079 3453 2134 leone
3486 2084 3544 2132 et
3572 2094 3722 2150 pan-

2071 2164 2259 2219 thera.
2290 2187 2316 2213 »
2339 2165 2467 2236 Ipse
2499 2171 2697 2221 autem
2728 2167 2952 2234 Festus,
2983 2183 3018 2222 a
3046 2167 3308 2222 Charisio
3342 2173 3399 2220 et
3430 2165 3723 2221 Macrobio

2071 2254 2365 2323 laudatus,
2400 2255 2447 2310 si
2482 2256 2624 2310 satis
2667 2257 2947 2327 antiquus
2993 2275 3112 2312 non
3146 2259 3258 2324 sit;
3293 2264 3450 2312 certe
3485 2257 3724 2312 Verrius

2071 2343 2332 2408 Flaccus,
2356 2345 2526 2417 cujus
2550 2345 2838 2401 librorum
2858 2347 3166 2418 Epitomen
3192 2348 3447 2418 scripsit.
3471 2347 3721 2419 Augusti

2071 2439 2242 2489 aetate
2266 2434 2437 2500 vixit;
2475 2439 2533 2490 et
2557 2436 2690 2505 quis
2722 2436 2847 2490 hinc
2879 2436 3037 2491 illius
3069 2437 3244 2492 verba
3273 2436 3456 2492 fuisse
3487 2453 3720 2491 assere-

2070 2523 2378 2591 ret,refelli
2402 2541 2522 2579 non
2547 2527 2949 2596 posset.Caute
2967 2525 3146 2597 igitur
3168 2526 3322 2581 hunc
3345 2526 3540 2580 locum
3564 2527 3718 2581 Festi

2071 2614 2455 2684 praetermisit
2503 2614 2994 2687 diligentissimus
3053 2615 3400 2683 Bochartus,
3459 2615 3557 2670 ubi
3589 2614 3718 2685 ejus

2072 2702 2360 2758 afferendi
2389 2703 2761 2758 occasionem
2787 2702 2993 2758 habuit
3015 2703 3270 2758 maxime
3302 2708 3718 2774 opportunam.

2070 2791 2217 2848 Cum
2249 2794 2410 2848 enim
2467 2793 2765 2849 attulisset
2821 2811 2953 2864 quas
3009 2799 3234 2850 veteres
3279 2793 3556 2848 dixerunt
3587 2817 3614 2842 ις
3649 2793 3720 2847 de

2069 2881 2396 2937 lemnarum
2451 2900 2586 2938 cum
2645 2883 2828 2954 pardo
2895 2883 3235 2951 concubitu,
3293 2883 3450 2938 unde
3508 2897 3724 2938 novum

2075 2976 2406 3026 monstrum
2431 2971 2642 3041 editur,
2663 2973 2824 3038 huic,
2848 2973 3061 3043 inquit,
3085 2971 3449 3044 designanda
3473 2971 3726 3026 conficta

2073 3058 2302 3114 videtur
2331 3061 2596 3131 leopardi
2631 3079 2776 3130 vox;
2813 3084 2840 3112 »
2873 3062 2978 3117 sed
3009 3063 3172 3118 nullo
3217 3061 3558 3118 testimonio
3591 3077 3724 3116 eam

2074 3149 2480 3220 conjecturam
2510 3151 2867 3220 ﬁrmat,cum
2890 3153 2964 3208 ad
2986 3170 3228 3208 manum
3260 3161 3416 3209 esset
3445 3154 3541 3208 hic
3570 3151 3725 3206 Eesti

1990 3203 2034 3269 ε
2072 3239 2239 3294 locus
2259 3239 2333 3294 ad
2350 3256 2479 3294 eam
2500 3257 2624 3296 rem
2642 3243 3658 3309 accommodatissimus.Quinetiam
3679 3240 3728 3297 si

2070 3345 2177 3383 vox
2200 3327 2465 3400 leopardi
2489 3331 2742 3385 conficta
2773 3332 3032 3401 primum
3061 3333 3138 3387 sit
3158 3331 3242 3386 illi
3277 3338 3542 3386 monstro
3575 3331 3729 3385 desi-

2069 3417 2328 3489 gnaudo,
2361 3418 2520 3488 quod
2550 3417 2782 3474 videtur
2813 3421 3122 3481 Bocharto.
3164 3427 3300 3476 ante
3351 3419 3724 3475 Constantini

2068 3522 2255 3561 aevum
2280 3506 2408 3562 sine
2431 3507 2609 3562 dubio
2632 3509 2886 3564 conficta
2907 3518 3030 3574 est;
3059 3517 3200 3564 tunc
3221 3509 3382 3562 enim
3407 3525 3512 3580 pro
3536 3507 3724 3578 quoli-

2066 3595 2168 3650 bet
2187 3597 2368 3668 pardo
2395 3605 2678 3670 usurpata
2703 3605 2812 3664 est,
2837 3599 2993 3668 quod
3021 3599 3121 3653 ille
3145 3598 3346 3653 multis
3378 3604 3436 3652 et
3466 3597 3709 3666 quidem

2066 3692 2225 3741 recte
2253 3687 2482 3757 probat.
2514 3688 2671 3742 Trita
2692 3689 2871 3761 igitur
2897 3687 2994 3743 illa
3019 3689 3121 3743 sed
3153 3685 3577 3742 catachrestica
3608 3701 3710 3739 vo-

2066 3776 2149 3831 cis
2180 3777 2484 3846 usurpatio
2515 3777 2794 3848 primaeva
2834 3783 2893 3833 et
2928 3778 3168 3849 propria
3189 3777 3480 3848 posterior
3510 3776 3588 3830 sit
3616 3792 3717 3830 ne-

2066 3881 2230 3921 cesse
2285 3872 2392 3922 est.
2426 3866 2483 3921 Si
2513 3867 2691 3938 igitur
2721 3883 2755 3922 a
2785 3867 3066 3926 Romanis
3097 3867 3351 3922 conﬁcta
3376 3882 3446 3921 ea
3476 3882 3587 3920 vox
3618 3865 3715 3934 sit,

2066 3959 2207 4010 tunc
2228 3957 2486 4027 primum
2518 3957 2797 4028 imposita
2818 3956 3000 4012 fuisse
3022 3955 3272 4023 videtur,
3298 3971 3433 4010 cum
3464 3971 3560 4010 res
3592 3955 3719 4026 ipsa

2066 4046 2186 4102 illis
2216 4053 2358 4102 nota
2386 4047 2517 4103 fuit.
2537 4048 3022 4104 UtTertullianus
3049 4048 3120 4102 de
3144 4047 3347 4119 pallio,
3376 4046 3529 4102 «etsi
3561 4047 3714 4100 Graa-

2065 4155 2199 4193 cum
2222 4137 2429 4210 magis,
2455 4137 2559 4192 sed
2582 4138 2784 4211 lingua
2796 4139 2923 4211 jam
2951 4156 3133 4210 penes
3165 4138 3394 4193 Latium
3421 4143 3510 4191 est
3533 4155 3545 4201 ;
3580 4152 3714 4191 cum

2062 4243 2202 4282 voce
2249 4227 2427 4282 vestis
2452 4227 2712 4282 intravit.
2749 4251 2776 4277 »
2810 4230 2936 4283 Non
2980 4227 3372 4283 dubitandum
3421 4228 3510 4279 est
3538 4225 3715 4294 igitur

2064 4317 2209 4386 quin
2232 4334 2339 4372 vox
2361 4335 2430 4372 ex
2453 4318 2646 4389 prima
2667 4319 2751 4373 rei
2790 4318 2978 4389 ipsius
3000 4317 3335 4390 cognitione
3366 4312 3708 4370 manaverit.

2064 4406 2311 4461 Romani
2341 4407 2498 4461 enim
2531 4405 2618 4462 vel
2644 4423 2813 4462 voces
2865 4407 3026 4478 ipsas
3070 4423 3204 4461 cum
3251 4404 3426 4460 rebus
3457 4401 3711 4472 accipie-

2063 4493 2226 4563 bant,
2257 4495 2345 4549 vel
2376 4495 2554 4551 rebus
2584 4497 2840 4567 acceptis
2898 4511 3003 4550 sua
3059 4495 3306 4550 nomina
3344 4491 3712 4548 indiderunt.

307 4593 642 4651 ductamJn
660 4596 764 4652 illa
783 4576 982 4654 autem
1006 4597 1279 4652 Passione
1298 4613 1404 4651 nos
1420 4596 1700 4668 legimus:
1720 4576 1958 4668 «Itaque
1991 4576 2037 4642 D
2069 4607 2097 4634 ί(
2129 4586 2423 4651 ῧᾶῐηθιιιεν
2445 4586 2640 4656 inquit
2670 4588 2871 4651 νθιιΊὈν
2898 4602 3003 4640 δυο
3026 4586 3267 4640 nomine
3293 4584 3351 4637 ίῐι
3377 4582 3601 4637 Latium
3629 4597 3721 4635 Ve‘

307 4682 369 4738 in
407 4685 830 4741 commissione
862 4685 1181 4758 spectaculi
1214 4689 1520 4740 revocatus
1543 4685 1822 4757 leopardo
1854 4704 1957 4742 ex-

305 4780 534 4844 pertus,
558 4775 739 4830 etiam
765 4776 874 4832 sub
899 4775 1127 4847 pulpito
1150 4774 1223 4829 ab
1254 4791 1391 4830 urso
1422 4781 1548 4830 erat
1577 4781 1836 4831 vexatus.
1861 4777 1949 4832 Sa-

305 4866 477 4920 turus
506 4869 706 4921 autem
739 4864 890 4920 nihil
919 4865 1106 4936 magis
1139 4879 1316 4933 quam
1337 4879 1540 4919 ursum
1559 4863 1954 4921 abominaba-

303 4955 532 5024 tur,sed
563 4972 681 5011 uno
713 4972 917 5011 morsu
944 4952 1210 5024 leopardi
1241 4953 1452 5008 confici
1486 4969 1546 5007 se
1572 4953 1700 5024 jam
1731 4972 1957 5026 pransu-

304 5044 524 5102 mebat.
551 5068 580 5095 »
630 5046 698 5100 Et
725 5049 932 5116 postea
960 5043 1116 5098 idem
1143 5043 1386 5097 Saturus
1418 5041 1670 5097 militem
1699 5043 1955 5115 alloqui-

303 5139 432 5189 tur:
457 5157 484 5184 ι(
513 5137 657 5191 Ecce
681 5133 899 5205 prodeo
919 5132 1040 5197 illo,
1061 5137 1120 5186 et
1143 5131 1215 5186 ad
1239 5147 1424 5186 unum
1448 5147 1708 5187 morsum
1729 5131 1956 5204 leopar-

305 5223 362 5279 di
395 5239 734 5281 consumor.
767 5226 836 5278 Et
884 5223 1085 5278 statim
1125 5221 1186 5275 in
1218 5220 1335 5275 fine
1367 5221 1688 5290 spectaculi
1719 5221 1954 5294 leOpar-

305 5313 379 5368 do
398 5313 687 5384 ejecto,de
708 5331 824 5369 uno
844 5328 1047 5368 morsu
1063 5315 1228 5365 tanto
1248 5308 1522 5380 profusus
1539 5312 1950 5381 estsanguine,

303 5406 370 5457 ut
399 5404 650 5474 populus
671 5401 991 5459 revertenti
1016 5399 1102 5455 illi
1123 5397 1370 5453 secundi
1394 5397 1767 5469 baptismatis
1791 5402 1953 5456 testi-

302 5490 570 5546 monium
604 5490 1033 5548 reclamant-it,
1061 5511 1088 5538 ››
1127 5487 1262 5541 Haec
1281 5492 1480 5542 autem
1503 5488 1708 5543 Passio
1732 5489 1952 5560 scripta

304 5583 394 5633 est
437 5579 611 5632 annis
645 5583 744 5633 100
795 5586 931 5636 ante
978 5576 1296 5648 imperium
1323 5577 1717 5632 Constantini.
1769 5577 1950 5633 Elius

301 5667 650 5740 Spartianus
671 5671 911 5740 quidem
943 5669 1050 5725 sub
1072 5668 1457 5724 Constantino
1480 5668 1846 5740 scripsit,sed
1869 5669 1948 5723 ita

2067 4676 2177 4742 nit,
2201 4681 2268 4730 ut
2306 4675 2666 4730 Alexandria
2697 4673 3189 4746 camelopardalis
3220 4690 3410 4744 nuper
3441 4671 3717 4740 adducta,

2067 4766 2226 4837 quod
2257 4771 2383 4820 erat
2405 4766 2591 4838 figura
2610 4771 2676 4820 ut
2691 4764 2970 4832 camelus,
2997 4764 3244 4820 maculis
3265 4771 3330 4818 ut
3351 4763 3659 4834 panthera.
3684 4781 3713 4811 »

2069 4855 2171 4910 Vel
2201 4856 2380 4928 igitur
2410 4856 2510 4925 qui
2542 4854 2800 4926 primum
2851 4859 3124 4909 naturam
3175 4853 3334 4908 illius
3367 4851 3618 4907 monstri
3649 4868 3714 4906 ex

2065 4943 2256 5001 leaena
2276 4951 2334 5000 et
2356 4945 2540 5017 pardo
2561 4945 2743 5017 geniti
2768 4945 3048 5000 Romanis
3069 4942 3462 5010 tradiderunt,
3488 4941 3595 4996 sub
3617 4958 3717 4996 no-

2064 5037 2224 5092 mine
2253 5036 2519 5108 leopardi
2565 5035 2716 5091 illud
2763 5035 3200 5103 describebant,
3231 5039 3299 5088 ut
3327 5031 3716 5088 Alexandrini

2063 5125 2564 5197 camelopardalin
2581 5166 2596 5192 ,
2617 5124 2709 5178 vel
2726 5142 2796 5180 ex
2811 5124 3210 5196 descriptione
3228 5123 3476 5179 Romani
3497 5138 3713 5177 nomen

2063 5215 2208 5272 illud
2247 5214 2614 5281 indiderunt,
2673 5219 2740 5270 ut
2796 5214 2962 5282 vesti,
3025 5230 3202 5285 quam
3262 5211 3719 5267 introduxerunt

2063 5305 2269 5372 Graeci,
2297 5321 2516 5360 nomen
2549 5303 2731 5375 pallii.
2782 5305 2896 5359 Res
2944 5309 3142 5358 autem
3191 5303 3337 5373 ipsa,
3373 5318 3476 5356 seu
3507 5306 3719 5356 natura

2063 5395 2224 5450 illius
2256 5394 2505 5450 monstri
2529 5394 2637 5449 sub
2661 5394 2770 5448 Titi
2803 5392 3053 5465 imperio
3087 5391 3367 5448 Romanis
3399 5391 3510 5446 fuit
3535 5390 3717 5462 probe

2060 5486 2312 5557 cognita.
2346 5485 2569 5542 Plinius
2602 5486 2761 5540 enim
2802 5501 2932 5540 eam
2981 5482 3266 5538 describit
3294 5482 3549 5537 Natural.
3587 5482 3714 5538 hist.

2059 5576 2162 5642 lib.
2196 5594 2311 5644 vm,
2343 5594 2471 5649 cap.
2534 5579 2618 5632 l6.
2655 5577 2781 5631 Sive
2839 5577 3018 5647 igitur
3071 5573 3343 5639 Romani,
3379 5573 3496 5628 sive
3530 5571 3712 5628 (ἶνωοί

2059 5666 2248 5738 primo
2282 5665 2429 5722 illud
2460 5681 2678 5722 nomen
2727 5665 3158 5737 excogitarunt,
3193 5661 3439 5718 dubium
3471 5678 3594 5718 non
3625 5666 3715 5717 est
