4064 6134
335 375 450 443 353

1055 371 1115 436 ι.
1163 369 1579 432 PEABSONII
1625 365 1985 431 VlNDlCle

2097 371 2532 433 lNATIANAI.
2575 405 2654 417 —
2711 373 2910 435 PARS
2949 373 3032 436 lI.

3639 377 3757 442 354

339 515 479 588 quin
511 519 652 570 ante
683 511 917 584 Trajani
940 514 1206 581 tempora
1233 506 1616 574 exstiterit,ut
1638 521 1706 560 eo
1737 505 1792 560 S.
1817 506 1992 576 Igna-
2023 507 2075 574 Α
2107 503 2340 561 duritim
2373 507 2461 563 vel
2493 525 2760 564 censura:
2797 525 2917 564 suae
2957 509 3354 568 obstinatione
3376 519 3763 586 ruperunt,ut

337 606 450 673 tius
482 605 544 658 in
601 603 770 674 Syria
823 604 1107 666 versatus,
1168 596 1325 652 unde
1387 597 1630 668 Vopisco
1665 617 1692 646 ‹‹
1726 593 1992 666 leopardi

337 699 573 750 centum
607 691 853 762 Syriaci,
884 710 912 742 ι
949 689 1123 744 etiam
1187 688 1258 743 de
1311 687 1512 759 pardis
1568 687 1654 742 uti
1711 683 1988 757 potuerit.

341 787 536 854 Neque
565 782 746 836 etiam
773 797 975 835 verum
1007 783 1111 843 est,
1146 778 1303 848 quod
1339 778 1657 832 Bochartus
1713 779 1899 846 putat,
1933 774 1993 829 id

343 872 691 928 vocabulum
710 869 867 941 apud
885 870 1147 924 Graecum
1170 868 1517 938 scriptorem
1533 882 1827 936 nusquam
1851 865 1992 920 alibi

341 968 590 1018 exstare.
615 959 788 1030 Apud
819 959 978 1014 enim
1011 959 1066 1013 S.
1102 957 1489 1012 Athanasium
1529 957 1590 1010 in
1622 957 1752 1011 Vita
1782 956 1836 1010 S.
1870 958 1992 1010 An-

339 1051 483 1105 tonii
517 1050 643 1104 haec
683 1049 812 1120 lego
848 1064 860 1104 :
894 1046 997 1101 Καὶ
1035 1044 1101 1113 ἦν
1136 1045 1164 1099 ὁ
1203 1043 1370 1104 τόπος
1431 1043 1585 1105 εὐθὺς
1617 1043 1994 1116 πεπληρωμέ-

341 1162 425 1202 νος
460 1136 750 1216 φαντασίας
783 1137 1044 1205 λεόντων,
1096 1135 1329 1210 ἄρκτων,
1391 1132 1832 1209 λεοπαρδάλων¹,
1861 1134 1990 1189 ταύ-

342 1251 448 1306 ρων
474 1229 562 1283 καὶ
622 1223 825 1301 ὄφεων,
886 1223 1128 1280 ἀσπίδων
1175 1226 1266 1280 καὶ
1325 1240 1600 1298 σκορπιων
1644 1226 1735 1279 καὶ
1787 1223 1985 1280 λῦκων.

341 1346 367 1371 ‹‹
400 1323 655 1389 Eratque
694 1318 851 1373 idem
901 1317 1065 1372 locus
1097 1317 1290 1372 subito
1317 1317 1566 1371 refertus
1598 1316 1845 1388 spectris
1875 1317 1993 1371 leo-

341 1427 502 1478 num,
526 1425 825 1474 ursarum,
857 1407 1286 1479 leopardorum,
1322 1412 1626 1462 taurorum
1661 1413 1718 1461 et
1746 1422 1991 1478 serpen-

339 1501 506 1566 tium,
549 1497 824 1569 aspidum
867 1503 924 1552 et
954 1498 1333 1568 scorpionum
1367 1502 1424 1551 et
1462 1496 1757 1568 luporum.
1783 1517 1806 1546 ι
1838 1496 1990 1552 Satis

339 1590 519 1662 igitur
550 1593 718 1642 vetus
751 1593 839 1642 est
868 1603 978 1641 vox
1023 1587 1307 1657 leopardi.
1342 1587 1588 1642 Interim
1623 1588 1670 1642 si
1702 1589 1988 1642 Bocharto

338 1679 660 1745 credimus,
703 1675 916 1731 Dallaeo
948 1675 1312 1731 credendum
1338 1693 1460 1731 non
1491 1682 1578 1731 est
1612 1694 1626 1742 ;
1680 1677 1727 1731 si
1774 1676 1989 1732 Dallmo

338 1767 514 1822 {idem
557 1766 904 1832 habeamus,
965 1766 1252 1821 Bocharto
1319 1765 1834 1832 renuntiabimus;
1869 1771 1987 1822 tam

338 1856 489 1911 male
521 1857 679 1911 inter
708 1855 842 1910 illos
873 1856 935 1910 in
985 1855 1210 1928 Ignatio
1243 1856 1632 1928 expugnando
1691 1857 1986 1912 convenit.

333 1948 451 2002 Nos
482 1951 641 2001 certe
673 1946 734 2000 in
769 1947 876 2001 hac
905 1962 969 2000 re
1001 1946 1142 2000 dum
1174 1952 1384 2001 neuter
1417 1947 1586 2001 alteri
1619 1947 1827 2016 credit,
1852 1948 1989 2020 jure

335 2037 563 2109 Optimo
592 2036 788 2091 neutri
819 2035 1183 2091 credendum
1225 2043 1524 2108 putamus.

404 2126 694 2192 Tertio,S.
716 2126 976 2198 Iguatius
999 2127 1059 2181 in
1088 2126 1338 2198 epistola
1360 2126 1432 2182 ad
1464 2125 1990 2199 Philadelphenses

333 2233 436 2271 eos
469 2215 540 2271 ad
575 2217 860 2270 unitatem
908 2216 1366 2272 ecclesiasticam
1417 2221 1696 2288 tanquam
1733 2234 1850 2272 non
1878 2218 1987 2273 sibi

333 2310 566 2359 tantum
591 2305 692 2359 sed
717 2310 773 2359 et
787 2305 915 2360 aliis
937 2305 1146 2360 utilem
1162 2311 1341 2377 atque
1355 2305 1672 2362 salutarem
1696 2308 1984 2362 hortatur.

332 2418 358 2443 ‹‹
387 2397 687 2465 Quotquot
715 2396 876 2449 enim
908 2395 1030 2462 Dei,
1065 2396 1278 2467 inquit.
1304 2402 1444 2451 sunt
1502 2406 1552 2451 et
1583 2398 1719 2452 Jesu
1748 2398 1984 2466 Christi,

332 2483 428 2538 isti
463 2501 597 2538 cum
631 2485 904 2556 episcopo
937 2489 1111 2550 sunt;
1146 2493 1204 2540 et
1233 2491 1525 2558 quotquot
1553 2487 1756 2558 utique
1787 2487 1984 2558 paeni-

332 2579 528 2628 tentes
559 2575 802 2630 veniunt
835 2576 895 2630 in
946 2577 1234 2631 unitatem
1291 2577 1581 2641 Ecclesiae,
1639 2583 1695 2631 et
1744 2578 1840 2632 isti
1883 2577 1982 2632 Dei

335 2670 568 2718 erunt.»
603 2668 680 2720 Ac
713 2683 917 2720 rursus
941 2673 1074 2737 post
1103 2683 1289 2739 pauca
1321 2683 1334 2721 :
1376 2689 1396 2717 ι
1434 2667 1536 2722 Ubi
1570 2667 1776 2722 divisio
1810 2673 1898 2722 est
1928 2672 1985 2721 et

334 2755 603 2812 ira.Deus
636 2772 753 2809 non
788 2756 1327 2812 habitat.0muibus
1357 2757 1537 2827 igitur
1562 2757 1984 2830 paenitentibus

343 2842 581 2896 dimittit
611 2844 841 2909 Deus,si
866 2845 1192 2915 pueniteant
1221 2845 1282 2901 in
1314 2847 1603 2900 unitatem
1636 2846 1736 2901 Dei
1765 2853 1821 2900 et
1843 2864 1984 2903 con-

345 2931 530 2986 cilium
557 2933 838 3003 episcopi.
870 2957 894 2980 »
924 2934 1073 2998 Quid
1100 2934 1190 2989 his
1222 2935 1434 3000 verius,
1470 2936 1610 3006 quid
1643 2936 1981 3005 salutarius,

337 3021 474 3091 quid
508 3022 816 3092 antiquius
837 3022 864 3076 ‘?
894 3022 1006 3077 Sed
1032 3045 1059 3072 «
1091 3025 1198 3079 hoc
1228 3024 1298 3080 de
1333 3025 1727 3097 suscipiendis
1767 3025 1840 3082 ad
1865 3044 1982 3098 pae-

333 3111 647 3166 nitentiam
681 3111 864 3183 lapsis
895 3112 1197 3168 decretum
1222 3115 1603 3171 Montanistas
1637 3123 1692 3172 et
1721 3117 1984 3172 Novatia-

2106 593 2245 664 quia
2275 595 2430 666 apud
2461 596 2605 651 alios
2627 597 2909 652 adulteris
2939 616 3051 670 pax
3083 599 3352 670 dabatur,
3387 603 3487 672 qui
3522 621 3642 659 non
3660 604 3758 660 da-

2104 683 2204 738 bat
2233 684 2304 739 de
2336 686 2597 742 Ecclesia
2629 694 3023 759 separaretur.
3059 712 3087 739 »
3136 689 3222 744 Ab
3254 691 3548 763 episcopis
3586 693 3764 766 igitur

2112 774 2403 830 Africanis
2435 793 2540 847 per
2559 777 2969 848 paenitentiam
2993 780 3214 852 recepti
3233 787 3374 835 sunt
3395 782 3762 840 moechiante

2103 868 2337 918 aetatem
2369 866 2666 937 Cypriani,
2701 867 2966 938 adeoque
2987 875 3124 925 ante
3171 871 3539 926 Novatianos.
3576 873 3756 944 quue

2102 952 2174 1008 ab
2208 953 2462 1011 Ecclesia
2479 956 2699 1012 factum
2725 965 2925 1013 narrat
2943 959 3268 1030 Cyprianus
3295 979 3308 1027 ;
3332 961 3758 1035 nullumigitur

2104 1047 2243 1098 tunc
2275 1046 2560 1116 temporis
2591 1046 2652 1102 in
2669 1047 2931 1102 Ecclesia
2948 1049 3226 1105 Africana
3256 1037 3560 1107 decretum
3577 1054 3758 1108 exsti-

2101 1131 2174 1186 tit
2203 1130 2274 1187 de
2306 1133 2594 1190 adulteris
2624 1136 2859 1207 penitus
2907 1154 2940 1193 a
2970 1139 3319 1209 pmnitentia
3359 1143 3754 1198 removendis.

2102 1223 2301 1294 Neque
2334 1226 2550 1280 mirum
2578 1233 2667 1281 est
2697 1227 2924 1298 aliquos
2958 1234 3097 1284 tunc
3131 1233 3412 1302 temporis
3435 1233 3613 1288 etiam
3631 1235 3757 1306 epi-

2103 1329 2309 1384 scopos
2344 1315 2600 1370 maechos
2632 1317 2868 1388 penitus
2901 1319 3302 1375 excludendos
3335 1327 3594 1391 putasse,
3619 1338 3755 1377 cum

2103 1402 2360 1458 sciamus
2377 1405 2866 1461 Montanistarum
2891 1408 3192 1464 erroribus
3206 1410 3494 1480 plurimos
3513 1411 3572 1465 in
3589 1411 3756 1466 Afri-

2103 1494 2509 1562 ca,quitamen
2532 1495 2592 1548 in
2615 1496 2878 1551 Ecclesia
2899 1503 3256 1568 perstarent,
3273 1500 3594 1572 implicitos
3612 1501 3756 1557 fuis-

2101 1583 2308 1637 se.Sub
2341 1584 2670 1656 Zephyrino
2686 1586 3022 1641 concedunt
3043 1587 3349 1644 decretum
3371 1589 3757 1658 fuisse,utad-

2101 1673 2484 1730 mitterentur
2509 1676 2583 1730 ad
2615 1677 3025 1746 paenitentiam
3062 1679 3275 1734 mcnchi
3311 1695 3324 1744 ;
3357 1679 3506 1736 illud
3556 1687 3753 1737 autem

2100 1767 2385 1834 tanquam
2416 1781 2632 1820 novum
2675 1770 2732 1821 et
2761 1766 3118 1833 inauditum,
3159 1773 3217 1822 et
3265 1770 3448 1839 priori
3481 1770 3757 1826 Ecclesiae

2026 1879 2069 1942 υ
2100 1854 2409 1908 sententiae
2432 1855 2798 1910 contrarium
2830 1857 3240 1926 pronuntiant.
3277 1859 3595 1929 Perperam
3629 1876 3760 1914 om«

2099 1941 2261 1998 nino.
2295 1943 2694 2000 Tertullianus
2723 1945 2848 2016 ipse
2883 1947 3149 2018 agnoscit
3194 1948 3554 2003 sententiam
3586 1948 3754 2004 illam

2097 2032 2395 2102 pontificis
2425 2034 2674 2089 Romani
2701 2034 2878 2105 paulo
2912 2041 3230 2106 antequam
3257 2036 3470 2092 librum
3499 2039 3756 2107 Depudio

2096 2123 2253 2189 citia,
2278 2122 2406 2192 jam
2430 2127 2595 2178 extra
2618 2122 2938 2188 Ecclesiam
2972 2126 3221 2195 positus,
3256 2125 3561 2190 scriberet,
3590 2125 3757 2180 evul-

2094 2216 2292 2282 gatam
2320 2211 2522 2266 fuisse.
2559 2234 2587 2261 «
2623 2211 2832 2277 Audio,
2866 2213 3085 2283 inquit.
3119 2215 3297 2268 etiam
3330 2214 3590 2268 edictum
3625 2230 3754 2269 esse

2096 2300 2488 2372 propositum,
2525 2307 2581 2355 et
2638 2301 2881 2371 quidem
2940 2302 3433 2372 peremptorium,
3466 2303 3753 2374 pontifex,

2094 2389 2668 2455 scilicet,maximus.
2685 2389 2846 2461 quod
2869 2396 2958 2444 est
2981 2391 3292 2462 episcopus
3315 2392 3746 2464 episcoporum,

2093 2478 2303 2532 edicit:
2330 2481 2444 2550 Ego
2471 2484 2527 2534 et
2546 2480 2810 2534 maachiaa
2830 2485 2888 2534 et
2904 2479 3314 2536 fornicationis
3333 2481 3550 2538 delicta
3570 2483 3750 2553 pceni.

2092 2571 2280 2625 tentia
2310 2570 2528 2625 functis
2561 2569 2852 2625 dimitto.»
2888 2571 2998 2625 Sed
3023 2570 3292 2626 eamdem
3343 2573 3518 2627 etiam
3546 2573 3751 2628 Eccle-

2091 2659 2192 2713 sia)
2223 2658 2529 2713 catholica:
2563 2660 2918 2713 sententiam
2944 2659 3147 2724 fuisse,
3171 2667 3488 2731 antequam
3513 2663 3742 2733 Zephy-

2090 2748 2205 2802 rini
2239 2747 2540 2802 decretum
2573 2747 2812 2818 prodiit,
2847 2747 3029 2802 libere
3087 2749 3306 2804 fatetur
3362 2750 3453 2804 his
3495 2751 3687 2804 verbis
3722 2767 3737 2804 :

2097 2861 2123 2893 α
2145 2841 2265 2894 Erit
2295 2841 2474 2912 igitur
2504 2848 2561 2894 et
2591 2841 2685 2894 hic
2725 2840 3002 2895 adversus
3032 2842 3344 2912 Psychicos
3383 2841 3610 2908 titulus,
3642 2843 3740 2898 ad-

2094 2948 2296 2986 versus
2311 2947 2460 2985 mea)
2483 2947 2716 3002 quoque
2746 2931 3054 2985 sententiae
3084 2938 3239 2986 retro
3264 2947 3446 3002 penes
3478 2933 3612 2988 illos
3644 2951 3741 2988 so-

2091 3021 2390 3084 cietatem,
2425 3036 2541 3090 quo
2573 3019 2760 3091 magis
2793 3019 2902 3074 hoc
2943 3019 3087 3073 mihi
3142 3021 3203 3074 in
3250 3026 3452 3075 notam
3484 3021 3740 3077 levitatis

2091 3109 2411 3180 objectent.
2449 3132 2476 3157 »
2507 3109 2794 3180 Psychici,
2819 3109 2930 3164 hoc
2956 3113 3044 3164 est
3065 3109 3361 3178 catholici,
3395 3115 3454 3165 et
3491 3127 3625 3166 cum
3643 3128 3742 3167 ca-

331 3216 439 3255 nos
465 3207 669 3272 aperte
700 3202 916 3273 pulsat,
950 3202 1051 3257 diu
1081 3209 1213 3274 post
1245 3205 1532 3277 lgnatium
1557 3212 1808 3264 exertos.
1832 3228 1859 3255 »
1897 3209 1980 3262 An
2013 3241 2055 3308 Ο
2095 3201 2329 3256 tholicis
2357 3200 2759 3256 Tertullianus
2789 3200 3406 3308 ipse,anteLdecretum
3428 3203 3741 3302 Zephyrini

333 3290 439 3344 hoc
468 3291 648 3345 scribi
699 3308 817 3346 non
847 3293 1039 3363 potuit
1077 3299 1214 3348 ante
1253 3295 1628 3363 Novatianos,
1660 3301 1761 3351 aut
1801 3297 1976 3351 etiam

334 3379 721 3436 Montanistas
741 3381 768 3435 ‘2
786 3385 872 3436 An
896 3399 1072 3436 nemo
1096 3382 1237 3438 illud
1261 3385 1418 3454 quod
1451 3402 1650 3440 verum
1685 3392 1774 3441 est
1795 3403 1980 3441 enun-

333 3468 478 3523 tiare
510 3475 724 3542 potest,
756 3477 1075 3542 antequam
1107 3471 1178 3527 ab
1239 3473 1356 3529 alio
1387 3477 1682 3546 negetur?
1713 3476 1981 3531 Haeretici

333 3563 434 3613 aut
463 3560 826 3614 schismatici
859 3577 1094 3633 semper
1138 3563 1245 3618 hac
1276 3564 1508 3620 ratione
1538 3566 1788 3621 convicti
1822 3573 1980 3634 sunt,

333 3648 491 3718 quod
515 3665 646 3703 eam
680 3651 983 3705 veritatem
1018 3659 1461 3725 negarent,quaa
1488 3661 1661 3710 antea
1689 3656 1748 3710 in
1780 3656 1981 3712 Eccle-

335 3737 420 3792 sia
452 3739 905 3810 prwdicabatur.
942 3741 1074 3796 Haec
1104 3759 1222 3796 non
1255 3744 1451 3800 minus
1486 3745 1818 3802 Douatistas
1849 3747 1980 3818 pul-

336 3834 469 3882 sant
495 3845 670 3900 quam
701 3830 1124 3898 Montanistas;
1159 3849 1230 3888 ea
1277 3839 1474 3888 autem
1534 3835 1753 3908 scripta
1800 3835 1981 3892 fuisse

336 3918 655 3974 adversarii
687 3918 948 3974 fatentur
973 3927 1110 3975 ante
1161 3923 1474 3992 Donatum,
1530 3925 1735 3996 quidni
1763 3932 1820 3982 et
1846 3932 1982 3982 ante

338 4010 677 4063 Montanum
699 4008 726 4062 ‘I
752 4007 838 4063 Ad
871 4009 1225 4066 firmandum
1276 4019 1688 4085 argumentum
1745 4016 1983 4071 adducit

337 4099 751 4153 auctoritatem
785 4097 1148 4171 Albaspinei,
1184 4101 1282 4172 qui
1317 4102 1390 4156 ob
1443 4104 1713 4160 eamdem
1745 4122 1982 4161 causam

338 4204 625 4243 canonem
657 4188 974 4259 quemdam
996 4189 1434 4248 Clementinum
1485 4199 1660 4266 negat
1689 4213 1818 4250 esse
1851 4213 1984 4268 apo-

337 4278 634 4344 stolicum,
668 4282 726 4332 et
756 4283 892 4334 ante
922 4279 1282 4350 Cyprianum
1315 4284 1528 4339 sanciri
1563 4285 1844 4357 potuisse.
1873 4286 1986 4341 Sed

334 4366 600 4438 loquitur
625 4365 1019 4439 Albaspineus
1051 4369 1121 4424 de
1155 4371 1590 4441 pmnitentium,
1610 4374 1719 4429 hoc
1737 4381 1826 4430 est
1857 4376 1984 4450 ipso

337 4455 678 4526 interprete,
711 4455 1138 4525 adulterorum,
1174 4459 1521 4517 sicariorum
1553 4467 1611 4517 et
1641 4462 1988 4520 idololatra-

2103 3289 2262 3344 idem
2286 3289 2634 3344 docuerunt.
2668 3287 2827 3343 Nihil
2859 3287 3038 3360 igitur
3065 3289 3162 3344 hic
3193 3305 3408 3344 novum
3442 3296 3543 3346 aut
3573 3291 3747 3346 inau-

2092 3377 2282 3433 ditum
2316 3378 2375 3431 in
2407 3377 2730 3432 Ecclesiam
2761 3377 3058 3432 invectum
3079 3381 3255 3446 est,ut
3286 3385 3455 3448 putat
3475 3379 3746 3452 Albaspi-

2094 3489 2262 3527 neus.
2298 3471 2404 3526 Diu
2435 3477 2570 3526 ante
2613 3470 3010 3542 Zephyrinum
3068 3471 3384 3541 Dionysius
3415 3473 3746 3528 Corinthio-

2092 3577 2223 3616 rum
2259 3559 2788 3631 episcopus,Soteri
2813 3560 3075 3614 Romano
3107 3560 3504 3631 synchronus,
3539 3577 3747 3617 omnes

2092 3667 2197 3722 per
2217 3648 2649 3720 paenitentiam,
2680 3664 2753 3703 ne
2785 3648 3032 3702 mazchis
3086 3648 3327 3718 quidem
3385 3655 3487 3704 aut
3543 3653 3747 3720 quovis

2093 3741 2209 3795 alio
2242 3739 2590 3811 gravissimo
2643 3737 2891 3793 crimine
2951 3739 3216 3792 oneratis
3247 3739 3530 3810 exceptis,
3560 3741 3750 3795 susci-

2091 3828 2342 3901 piendos
2374 3843 2508 3882 esse
2537 3826 2758 3882 docuit.
2785 3828 2926 3881 Nam
2961 3827 3022 3880 in
3047 3826 3298 3898 epistola
3327 3827 3401 3882 ad
3432 3830 3749 3885 Amastria-

2091 3934 2220 3986 nos,
2253 3921 2400 3970 teste
2432 3914 2643 3970 Euseb.
2679 3914 2779 3969 lib.
2817 3933 2886 3983 iv,
2939 3932 3066 3986 cap.
3101 3917 3168 3970 23
3205 3933 3218 3970 :
3254 3913 3444 3969 Πολλὰ
3478 3915 3601 3990 περὶ
3648 3917 3744 3992 γά-

2097 4027 2200 4079 μου
2230 4005 2319 4060 καὶ
2354 4004 2563 4079 ἁγνείας
2606 4003 2722 4065 τοῖς
2784 4002 2968 4064 αὐτοῖς
3025 4010 3297 4078 παραινεί·
3357 4004 3447 4059 καὶ
3508 4005 3636 4070 τοὺς
3691 4006 3748 4077 ἐξ

2093 4092 2209 4156 οἵας
2243 4091 2288 4148 δ’
2314 4094 2406 4147 οὗν
2467 4092 2840 4156 ἀποπτώσεως
2897 4092 2931 4161 ἢ
2995 4089 3412 4165 πλημμελείας,
3472 4092 3579 4149 εἷ’τε
3639 4097 3746 4168 μὴν

2095 4187 2370 4259 αἱρετικῆς
2428 4179 2645 4252 πλάνης
2704 4179 3125 4257 ἐπιστρέφοντας
3213 4179 3520 4252 δεξιοῦσθαι
3587 4203 3754 4258 προσ-

2090 4274 2293 4329 τάττει.
2327 4295 2353 4323 ‹‹
2389 4271 2562 4329 Multa
2594 4288 2829 4344 quoque
2885 4272 2957 4327 de
3010 4271 3234 4343 nuptiis
3285 4279 3341 4328 et
3371 4273 3444 4329 de
3484 4275 3750 4331 castitate

2095 4369 2182 4424 eis
2205 4365 2508 4438 praacipit;
2543 4369 2602 4420 et
2624 4369 2868 4420 cunctos
2899 4363 3000 4434 qui
3031 4381 3066 4419 a
3087 4365 3292 4435 quovis
3315 4365 3482 4438 lapsu
3504 4367 3623 4422 sive
3645 4367 3752 4423 de-

2096 4456 2383 4524 licto,sive
2425 4453 2604 4510 etiam
2653 4453 2724 4508 ab
2771 4452 3047 4509 haeretico
3099 4469 3296 4510 errore
3351 4461 3748 4526 revertuntur,

336 4561 464 4600 rum
497 4545 858 4616 receptione,
887 4545 959 4600 de
992 4564 1108 4618 qua
1136 4565 1199 4602 re
1226 4547 1286 4602 in
1342 4551 1518 4604 veteri
1574 4551 1837 4608 Ecclesia
1883 4553 1983 4608 diu
2013 4563 2062 4629 Ι)
2093 4549 2345 4622 benigne
2379 4547 2597 4619 suscipi
2621 4547 2812 4618 jubet.
2845 4569 2872 4597 »
2911 4548 2995 4602 En
3052 4552 3218 4603 vetus
3267 4568 3615 4622 προσταγμα,
3644 4567 3748 4606 seu

335 4634 700 4706 disputatum
733 4639 840 4689 est.
883 4637 1103 4691 Auctor
1122 4654 1258 4693 vero
1291 4638 1678 4710 epistolarum
1704 4641 1775 4696 de
1799 4642 1984 4698 haere-

335 4723 464 4778 ticis
497 4729 556 4777 et
585 4723 979 4780 schismaticis
1007 4725 1270 4798 loquitur
1295 4727 1367 4784 ad
1399 4729 1687 4786 unitatem
1710 4731 1986 4788 Ecclesiae

335 4819 391 4867 et
422 4813 745 4868 concilium
772 4813 1675 4890 episcOpiredeuntibus,quibus
1698 4821 1986 4893 pwniten-

337 4901 494 4956 tibus
541 4903 806 4973 receptio
859 4910 1069 4976 negata
1099 4923 1408 4978 nunquam
1440 4908 1568 4979 fuit,
1602 4915 1666 4965 ut
1715 4910 1773 4964 in
1805 4912 1986 4983 priori

337 4996 501 5061 parte
523 4995 830 5047 ostensum
858 4993 1085 5048 est.Sed
1118 5011 1228 5050 nec
1275 4995 1420 5051 illud
1453 5014 1652 5053 verum
1685 5006 1794 5066 est,
1829 5001 1988 5072 quod

336 5081 726 5153 Albaspineus
783 5083 1072 5142 observat.
1105 5088 1252 5141 Ante
1308 5092 1541 5143 aetatem
1597 5089 1650 5144 S.
1711 5091 1985 5162 Cypriani

336 5172 513 5227 etiam
547 5172 759 5226 moechi
791 5172 866 5229 ad
926 5175 1332 5245 pcenitentiam
1380 5177 1867 5234 admittebantur.
1902 5181 1989 5236 Ita

335 5260 462 5331 ipse
496 5265 748 5316 testatur
770 5263 1026 5334 epistola
1057 5268 1124 5319 52
1150 5281 1163 5319 :
1199 5267 1318 5319 «Et
1348 5265 1591 5337 quidam
1612 5268 1768 5339 apud
1817 5275 1986 5324 ante-

333 5365 602 5405 cessores
632 5356 867 5408 nostros
899 5355 1139 5424 quidem
1168 5355 1238 5410 de
1267 5355 1561 5428 episcopis
1601 5357 1660 5411 in
1686 5358 1988 5430 provincia

335 5443 540 5494 nostra
559 5437 816 5496 dandam
845 5443 1312 5513 pacemmmchis
1337 5461 1454 5499 non
1477 5449 1987 5517 putaverunt,etin

335 5533 524 5583 totum
549 5530 916 5599 paenitentia;
966 5531 1162 5588 locum
1189 5538 1397 5589 contra
1435 5534 1728 5590 adulteria
1759 5537 1989 5592 clause-

335 5624 507 5683 runt;
532 5635 651 5673 non
678 5624 875 5675 tamen
900 5637 934 5676 a
964 5624 1449 5696 coepiscoporum
1473 5641 1715 5678 suorum
1740 5625 1988 5699 collegio

333 5713 735 5778 recesserunt,
770 5714 871 5765 aut
902 5712 1207 5768 catholicas
1264 5713 1538 5770 Ecclesia:
1578 5715 1868 5772 unitatem
1899 5716 1988 5772 vel

2097 4639 2443 4696 mandatum
2476 4636 2830 4708 episcopale,
2863 4636 2934 4691 de
2969 4636 3325 4709 recipiendis
3354 4639 3559 4712 lapsis,
3610 4657 3750 4696 ma:-

2098 4729 2244 4794 chis,
2265 4726 2558 4782 haereticis
2591 4725 2838 4797 aliisque
2865 4741 2969 4797 per
2987 4726 3395 4797 paanitentiam
3427 4729 3750 4784 conversis.

2099 4821 2296 4889 Neque
2351 4831 2484 4870 vero
2517 4815 2719 4869 dubito
2752 4814 2895 4886 quin
2952 4816 3133 4887 hujus
3163 4818 3402 4888 generis
3444 4824 3752 4888 peccatum

2096 4909 2275 4965 fuerit
2303 4907 2451 4963 illud
2484 4907 2765 4974 Valentis,
2795 4906 2866 4961 de
2899 4924 3014 4978 quo
3049 4910 3101 4961 S.
3125 4907 3482 4980 Polycarpus
3503 4909 3754 4981 epistola

2098 4999 2172 5056 ad
2195 4997 2609 5069 Philippenses
2634 5013 2645 5050 :
2683 5017 2710 5045 ‹‹
2734 4995 2918 5050 Nimis
2941 4996 3327 5051 contristatus
3353 5013 3484 5052 sum
3504 5015 3608 5069 pro
3640 4999 3753 5054 Va-

2097 5089 2384 5158 lente,qui
2414 5087 2720 5158 presbyter
2749 5086 2938 5141 factus
2971 5093 3061 5141 est
3091 5086 3411 5158 aliquando
3441 5089 3597 5160 apud
3631 5105 3754 5158 vos,

2097 5179 2256 5250 quod
2289 5177 2371 5232 sic
2394 5176 2623 5247 ignoret
2650 5175 2698 5229 is
2753 5174 2946 5228 locum
2980 5177 3077 5245 qui
3113 5175 3284 5231 datus
3317 5181 3406 5231 est
3438 5177 3510 5232 ei.
3545 5179 3750 5234 Moneo
3787 5237 3801 5250 ,

2099 5269 2298 5338 itaque
2330 5281 2426 5318 vos
2448 5269 2514 5317 ut
2545 5261 2894 5318 abstineatis
2926 5263 2998 5317 ab
3031 5264 3194 5318 omni
3228 5265 3473 5320 avaritia
3505 5263 3758 5337 (πλεονε-

2099 5357 2234 5427 ξίας,
2295 5360 2360 5410 ut
2411 5358 2570 5406 recte
2630 5350 3056 5421 Hammondus)
3087 5356 3145 5407 et
3178 5353 3308 5408 sitis
3340 5355 3485 5410 casti
3516 5361 3573 5410 et
3597 5372 3758 5412 vera-

2099 5464 2217 5504 ces.
2256 5468 2280 5494 n
2310 5446 2386 5499 De
2417 5443 2528 5497 hoc
2559 5445 2757 5496 autem
2791 5439 3034 5497 Valente
3066 5442 3148 5498 ita
3195 5448 3401 5515 postea
3443 5445 3708 5517 loquitur
3739 5461 3754 5503 ε

2101 5561 2128 5588 ‹‹
2157 5535 2328 5593 Valde
2361 5531 2760 5605 ergo,fratres,
2793 5532 3113 5587 contristor
3143 5551 3248 5605 pro
3276 5535 3380 5590 illo
3413 5541 3477 5590 et
3505 5537 3755 5608 conjuge

2100 5628 2228 5697 ejus
2256 5642 2267 5678 :
2302 5623 2518 5694 quibus
2551 5621 2649 5675 det
2672 5621 2824 5675 Deus
2848 5622 3258 5692 paenitentiam
3318 5642 3535 5681 veram.
3565 5627 3755 5684 Sobrii

2103 5732 2240 5788 ergo
2275 5719 2460 5770 estote
2490 5717 2547 5768 et
2577 5727 2680 5766 vos
2711 5711 2772 5768 in
2806 5711 2915 5769 hoc
2950 5728 2962 5780 ;
2997 5717 3054 5769 et
3109 5729 3230 5771 non
3289 5715 3441 5772 sicut
3482 5715 3754 5772 inimicos

3817 5055 3844 5072 ε
