4064 6134
310 334 464 409 ,355

1408 324 1474 391 S.
1520 322 1932 387 IGNATIUS.
1976 351 2053 367 --
2093 318 2721 389 PllOLEGUMENA.

3614 382 3619 385 .
3651 317 3766 379 356

342 465 494 524 tales
525 463 899 531 existimetis,
929 461 1033 519 sed
1058 461 1214 517 sicut
1260 458 1569 532 passibilia
1620 455 1890 514 membra
1939 458 1997 510 et
2028 455 2082 520 Α
2110 453 2238 509 tiat.
2271 454 2396 519 Qua
2422 454 2676 526 ratione,
2698 453 2901 513 nullus
2930 453 3121 509 video.
3151 453 3240 509 An
3264 450 3405 524 quia
3459 452 3681 507 Menzea
3710 457 3771 509 et

306 612 317 618 -
345 556 608 615 errantia
637 570 737 610 eos
759 557 1049 621 revocate,
1082 556 1149 607 ut
1194 549 1466 605 omnium
1497 552 1755 603 vestrum
1780 561 1997 617 corpus

298 692 305 697 .
343 645 598 703 salvetis.
636 644 754 699 Hoc
785 642 946 698 enim
973 645 1237 714 agentes,
1267 656 1369 694 vos
1413 639 1573 709 ipsos
1603 635 1931 692 aediﬁcetis.
1959 656 1986 683 »

343 738 533 793 Etiam
560 733 795 808 juvenis
817 733 919 788 ille
950 731 1484 804 apudClementem
1505 726 1995 793 Alexandrinum,

343 829 405 886 in
438 825 681 883 homilia
724 825 795 878 De
823 822 1016 891 divite,
1068 822 1176 877 sub
1233 820 1500 894 Origenis
1540 817 1783 875 nomine
1817 816 1993 881 edita,

306 959 313 967 .
344 917 445 990 qui
481 913 751 981 sicarius,
786 913 903 967 imo
963 909 1242 985 μιαιφὸνῡς
1300 909 1509 978 fuerat,
1568 906 1877 963 restitutus
1908 910 1998 960 est

341 1006 619 1064 Ecclesim
648 1021 756 1077 per
793 1002 1204 1076 paenitentiam
1260 1000 1331 1057 ab
1364 999 1490 1072 ipso
1548 998 1603 1054 S.
1631 999 1877 1053 Joanne.
1926 998 1996 1052 Et

311 1094 655 1170 Apostolus
704 1094 829 1166 ipse
859 1091 1030 1148 nobis
1062 1088 1416 1146 describitur
1441 1086 1608 1160 quasi
1643 1081 1826 1145 διδοὺς
1860 1081 1995 1159 μέγα

337 1185 683 1263 παράδειγμα
733 1182 1017 1258 μετανοίας
1077 1179 1368 1253 ἀληθινῆς,
1422 1203 1450 1232 ‹‹
1505 1179 1653 1236 dans
1709 1193 1992 1251 magnum

337 1281 586 1337 sincera;
615 1274 977 1348 poenitentiae
1009 1271 1365 1344 exemplum,
1403 1292 1428 1319 ιδ
1458 1274 1525 1327 ut
1553 1268 1805 1342 legimus
1834 1266 1991 1339 apud

307 1416 313 1423 .
340 1367 658 1425 Eusebium
680 1366 781 1422 lib.
811 1364 1124 1435 n1,cap.23.
1161 1361 1327 1427 Quod
1359 1358 1699 1431 exemplum
1720 1358 1989 1415 Clemens

306 1459 526 1516 .fusius
559 1461 817 1513 tractans
848 1460 906 1511 et
937 1453 1177 1510 tandem
1207 1468 1493 1524 perorans
1521 1449 1602 1505 ait
1633 1466 1646 1504 :
1675 1447 1739 1504 Ὀ
1768 1448 1872 1522 γὰρ
1901 1446 1989 1501 ὲν-

306 1548 503 1603 ,ταῦθα
561 1544 656 1601 τὸν
724 1540 956 1618 ἄγγελον
1011 1544 1113 1606 τῆς
1174 1538 1464 1613 μετανοίας
1518 1535 1864 1610 προϊέμενος,
1924 1533 1985 1588 οὐ

338 1637 661 1711 μετανοήσει
716 1635 840 1688 τότε
897 1632 1061 1701 ἡνίκα
1120 1631 1181 1685 ἄν
1218 1628 1495 1702 καταλιπῇ
1526 1627 1590 1681 τὸ
1643 1631 1822 1697 σῶμα,
1859 1620 1988 1679 οὐδὲ

334 1724 862 1802 καταισχυνθήσεται
904 1721 996 1775 τὸν
1040 1722 1275 1792 Σωτῆρα
1332 1714 1637 1792 προσιόντα
1696 1714 1830 1788 μετὰ
1883 1719 1984 1783 τῆς

2107 544 2535 616 Metaphrastes
2567 546 2914 603 Onesimum
2933 543 3250 616 quemdam
3286 547 3605 615 martyrem
3631 543 3769 599 des-

2105 633 2367 697 cribunt,
2396 651 2517 690 non
2552 640 2751 691 tamen
2784 635 2992 691 dicunt
3023 650 3155 690 eum
3189 633 3372 689 fuisse
3403 633 3616 705 Ephesi
3643 635 3770 708 epi-

2106 740 2350 795 scopum
2376 739 2389 777 :
2411 741 2489 779 an
2523 724 2663 796 quia
2680 724 3182 781 Constitutionum
3207 723 3656 779 consarcinator
3672 740 3766 779 re-

2101 811 2219 868 fert
2238 813 2582 870 Onesimum
2637 816 2849 870 Beraaa:
2900 814 3241 886 episcopum
3265 813 3448 869 fuisse
3478 828 3491 867 :
3518 829 3593 869 an
3629 814 3771 885 quia

2102 905 2438 962 Dorotheus
2460 910 2519 962 et
2548 905 2896 980 Hippolytus
2930 905 3173 963 tradunt
3202 903 3408 963 Gaium
3458 905 3768 962 Timotheo

2101 995 2317 1067 Ephesi
2348 996 2832 1067 successisse;an
2865 997 3006 1067 quia
3038 995 3401 1067 Nicephorus
3434 995 3767 1052 docetOne-

2101 1085 2317 1140 simum
2352 1085 2458 1141 sub
2491 1086 2829 1142 Domitiano
2861 1086 3080 1141 obiisse
3109 1105 3124 1153 ;
3168 1084 3301 1139 ideo
3324 1084 3524 1140 nullus
3555 1086 3765 1141 Onesi-

2096 1192 2230 1232 mus
2260 1176 2490 1247 Epheso
2526 1193 2780 1248 praaesse
2838 1176 3034 1250 potuit
3086 1175 3195 1233 sub
3252 1174 3568 1231 undecimo
3604 1192 3766 1231 anno

2095 1264 2331 1334 Trajani
2355 1265 2382 1321 ?
2400 1267 2490 1320 An
2516 1264 2730 1321 horum
2761 1265 3191 1339 quispiam,aut
3220 1264 3281 1320 hi
3312 1280 3519 1320 omnes
3533 1264 3766 1336 aliquid

2094 1353 2337 1409 tradunt
2357 1353 2517 1424 quod
2539 1354 2593 1409 id
2632 1354 2910 1410 evincat?
2930 1356 3147 1411 Demus
3178 1354 3519 1410 Onesimum
3545 1360 3772 1428 marty-

2093 1458 2221 1498 rem
2251 1442 2465 1514 Ephesi
2495 1460 2617 1499 non
2646 1442 2854 1513 fuisse,
2891 1443 2995 1499 sed
3027 1443 3239 1501 Beroeaa
3265 1461 3279 1510 ;
3309 1443 3518 1500 demus
3550 1444 3765 1500 Gaium

2095 1532 2449 1588 successisse
2496 1532 2802 1590 Timotheo
2869 1549 2884 1599 ;
2944 1533 3343 1591 concedamus
3413 1533 3765 1591 Onesimum

2091 1620 2293 1691 istum,
2329 1636 2508 1691 quem
2540 1637 2651 1677 nec
2682 1620 2768 1676 illi
2806 1639 2820 1689 ;
2868 1636 2978 1678 nec
3009 1621 3374 1694 Nicephorus
3410 1622 3769 1696 episcopum

2090 1709 2306 1781 Ephesi
2336 1700 2745 1777 nominat,sub
2784 1710 3119 1769 Domitiano
3133 1710 3353 1769 obiisse
3380 1727 3491 1769 :an
3523 1712 3773 1769 hisom-

335 1798 693 1883 “310533556;
748 1811 840 1868 καὶ
898 1810 1177 1885 στρατείας
1238 1805 1387 1880 ἰδὼν,
1448 1807 1513 1862 οὐ
1574 1801 1715 1861 δὲδιε
1757 1802 1821 1859 τὸ
1874 1806 1973 1878 πῦρ

2093 1798 2268 1855 nibus
2302 1800 2837 1865 concessis,verum
2872 1817 3001 1858 esse
3032 1818 3152 1856 non
3185 1807 3382 1873 potest
3403 1802 3768 1861 Onesimum

331 1927 363 1958 «
386 1907 531 1962 Nam
555 1904 658 1975 qui
686 1902 866 1959 modo
892 1898 1430 1973 suscipitangelum
1451 1895 1979 1971 pcenitentizmeum

330 1998 472 2050 tunc
498 2010 618 2050 non
649 1991 960 2065 paenitebit
989 2007 1127 2047 cum
1158 1989 1231 2045 de
1289 2005 1537 2060 corpore
1585 1984 1837 2051 decedit,
1868 2000 1980 2040 nec

328 2082 683 2140 Salvatorem
717 2080 921 2136 videns
950 2078 1362 2135 advenientem
1406 2092 1533 2135 cum
1571 2075 1758 2149 gloria
1786 2089 1893 2130 sua
1921 2077 1982 2128 et

324 2171 592 2229 exercitu
614 2170 764 2226 feret
786 2168 1195 2243 ignominiam,
1220 2182 1414 2237 neque
1432 2165 1626 2238 ignem
1659 2163 1909 2220 timebit.
1949 2184 1978 2213 »

325 2261 430 2323 Ubi
461 2260 539 2316 ad
570 2261 796 2316 Hermae
827 2260 1105 2315 Pastorem
1134 2262 1333 2329 aperte
1365 2255 1598 2323 alludit,
1630 2259 1690 2312 et
1717 2253 1981 2310 ostendit

312 2350 563 2415 .nilii-lin
622 2349 885 2406 Ecclesia
932 2354 1072 2404 tunc
1130 2347 1411 2420 temporis
1451 2345 1765 2402 definitum
1793 2343 1975 2400 fuisse

323 2440 396 2503 de
419 2440 711 2512 majorum
745 2439 1062 2495 criminum
1093 2437 1209 2493 reis
1240 2454 1275 2492 a
1294 2435 1583 2492 beneﬁcio
1614 2432 1976 2507 paenitentiae

312 2528 741 2587 ecclesiasticas
790 2528 1029 2601 penitus
1097 2526 1499 2583 excludendis.
1550 2525 1719 2582 Certe
1801 2522 1979 2581 verba

317 2619 556 2692 Ignatii,
616 2619 664 2673 si
720 2616 1079 2690 generaliter
1135 2616 1566 2689 acciperentur,
1616 2614 1761 2670 satis
1816 2611 1977 2668 zetati

321 2709 604 2781 martyris
635 2708 1023 2764 convenirent
1052 2724 1066 2773 ;
1100 2707 1148 2761 si
1179 2707 1377 2778 potius
1427 2706 1498 2761 de
1556 2703 1853 2761 haereticis
1884 2702 1975 2777 in_-

320 2797 691 2868 mitigantur,
723 2797 906 2854 cuivis
938 2796 1095 2852 aetati
1127 2794 1512 2852 conveniunt.

397 2888 635 2952 Quarto,
671 2887 932 2960 lgnatius
974 2886 1226 2958 epistola
1251 2885 1325 2941 ad
1364 2884 1687 2956 Ephesios:
1722 2906 1751 2934 «
1786 2883 1978 2940 Pluri-

324 2994 489 3034 mum
524 2977 683 3033 enim
716 2966 1164 3032 multitudinem
1194 2980 1449 3030 vestram
1490 2974 1548 3028 in
1599 2973 1840 3029 nomine
1873 2972 1973 3028 Dei

324 3066 554 3137 suscepi
591 3066 651 3121 in
684 3065 982 3131 Onesimo,
1015 3063 1115 3134 qui
1147 3063 1209 3119 in
1259 3062 1545 3119 charitate
1586 3060 1972 3117 inenarrabili

320 3161 435 3223 est,
462 3161 654 3210 vester
682 3160 881 3209 autem
912 3153 973 3207 in
1015 3169 1192 3208 carne
1251 3153 1583 3224 episcopus.
1616 3153 1971 3222 Temporum

319 3245 536 3300 seriem
566 3243 779 3309 turbat,
811 3242 1008 3313 inquit
1053 3241 1142 3296 vir
1191 3241 1592 3306 doctissimus,
1625 3245 1682 3293 et
1709 3239 1975 3309 loquitur

310 3333 390 3391 .de
420 3333 664 3388 homine
687 3332 846 3388 velut
875 3332 1101 3386 vivente
1132 3331 1232 3401 qui
1266 3329 1626 3401 jampridem
1657 3333 1785 3382 erat
1814 3343 1973 3381 mor-

319 3425 479 3479 tuus.
511 3442 538 3471 n
575 3420 687 3477 Sed
717 3420 875 3477 unde
935 3424 1167 3475 constat
1219 3435 1358 3474 eum
1414 3416 1757 3473 Onesimum
1790 3414 1971 3471 fuisse

319 3515 633 3575 mortuum,
660 3510 732 3566 de
764 3527 880 3581 quo
910 3514 1118 3564 auctor
1146 3507 1413 3579 epistolm
1453 3511 1738 3576 tanquam
1770 3504 1967 3561 viven-

314 3603 460 3664 te,et
486 3599 702 3671 Ephesi
733 3599 1012 3670 episcopo
1035 3604 1178 3653 tunc
1204 3613 1340 3652 cum
1371 3594 1973 3665 scriberet,loquitur?

316 3688 398 3745 De
426 3688 651 3760 Ignatio
682 3692 888 3743 nostro
920 3686 1209 3742 Eusebius
1242 3700 1255 3739 :
1313 3681 1454 3737 Μίαν
1515 3681 1610 3751 μὲν
1672 3681 1967 3749 ἐπιστολὴν

316 3776 388 3847 τῇ
418 3776 553 3831 κατὰ
584 3776 812 3849 Ἔφεσον
861 3771 1163 3843 Ἐκκλῃσίᾳ
1214 3772 1431 3847 γράφει,
1489 3768 1751 3843 ποιμένος
1800 3770 1967 3840 αὐτῆς

320 3863 678 3937 μνημονεύων
710 3863 1031 3934 Ὀνησίμου.
1066 3888 1093 3913 ‹‹
1129 3864 1316 3918 Unam
1367 3860 1611 3933 quidem
1652 3861 1966 3934 epistolam

310 3955 549 4026 scripsit
574 3953 648 4009 ad
682 3954 1008 4010 Ecclesiam
1055 3951 1464 4024 Ephesiorum,
1499 3951 1761 4007 Onesimi
1815 3953 1968 4023 ipso-

317 4060 448 4102 rum
487 4043 745 4117 pastoris
775 4042 1144 4099 mentionem
1201 4040 1443 4097 faciens.
1469 4062 1498 4091 »
1530 4041 1627 4096 [lle
1659 4040 1838 4113 igitur
1866 4039 1966 4111 qui

301 4134 564 4205 antiqua
582 4132 860 4188 Ecclesiae
886 4136 1273 4186 monumenta
1298 4135 1415 4185 tam
1446 4129 1687 4186 assidue
1718 4130 1965 4184 rimatus

313 4230 423 4293 est,
457 4223 580 4294 qui,
642 4227 729 4277 tot
757 4226 1022 4276 veterum
1070 4220 1486 4293 episcoporum
1517 4217 1812 4290 catalogos
1844 4223 1963 4274 tam

309 4311 628 4383 diligenter
655 4308 910 4381 collegit,
944 4307 1015 4364 de
1045 4313 1236 4364 morte
1263 4307 1525 4365 Onesimi
1574 4306 1964 4379 Ephesiorum

310 4398 569 4473 episcopi
600 4415 675 4454 ue
700 4398 1021 4454 minimum
1038 4397 1279 4469 quidem
1305 4397 1655 4468 suspicatur.
1678 4396 1962 4469 Undeigi-

312 4496 408 4545 tur
438 4487 599 4544 novit
631 4487 882 4544 Dallaaus
913 4488 1257 4545 Onesimum
1290 4486 1482 4556 illum,
1515 4485 1685 4559 cujus
1738 4486 1961 4543 mentio

2092 1887 2410 1959 quemdam
2443 1889 2567 1945 Gaii
2598 1906 3006 1946 successorem
3031 1890 3263 1963 Epheso
3290 1891 3600 1963 praefuisse
3620 1909 3772 1949 cum

2089 1978 2350 2050 Ignatius
2373 1977 2448 2033 ad
2467 1980 2821 2052 martyrium
2848 1985 3070 2037 tractus
3089 1982 3226 2037 est?
3244 1982 3725 2055 NonneNicepho
3751 2016 3768 2027 -

2088 2084 2190 2123 rus
2209 2066 2333 2140 ipse
2350 2068 2694 2124 Onesimum
2716 2070 3459 2144 quemdam-nominat,qui
3474 2078 3727 2144 postsan
3750 2105 3772 2116 -

2089 2161 2250 2211 ctum
2267 2156 2587 2226 Andream,
2611 2163 2671 2213 et
2692 2157 2970 2232 Stachyn,
3003 2159 3315 2233 episcopus
3338 2161 3599 2232 Byzantii
3622 2160 3763 2231 fuit,

2088 2242 2183 2298 cui
2206 2243 2492 2299 successit
2504 2243 3023 2318 Polycarpus?Non
3034 2245 3161 2301 haec
3178 2252 3472 2304 auctorem
3488 2248 3761 2320 epistolas

2088 2331 2406 2387 ridiculum
2429 2332 2653 2389 faciunt
2677 2351 2689 2388 :
2727 2351 2904 2406 quem
2924 2335 3167 2391 omnino
3191 2353 3311 2391 non
3336 2342 3588 2411 tangunt
3616 2339 3758 2405 ;sed

2085 2420 2280 2495 potius
2297 2421 2551 2478 Dalleeus
2565 2423 2870 2479 Usserium
2887 2423 3202 2480 ridiculum
3218 2424 3465 2482 reddere
3482 2433 3757 2499 conatur,

2082 2509 2229 2566 dum
2250 2509 2584 2566 modestiam
2607 2511 2737 2584 ejus
2758 2512 3090 2585 laudat,qui
3106 2520 3269 2571 tanta
3287 2533 3424 2573 cum
3446 2516 3759 2590 diligentia

2094 2599 2220 2656 hmc
2248 2600 2591 2657 testimonia
2610 2603 2991 2671 coacervavit,
3025 2620 3155 2675 quae
3178 2604 3366 2677 ipsius
3383 2621 3622 2662 causam
3648 2607 3755 2680 ju-

2088 2692 2384 2765 gularent.
2428 2692 2541 2749 Sed
2597 2696 2739 2751 satis
2788 2695 2983 2751 adhuc
3015 2713 3049 2751 a
3088 2696 3308 2753 Grzecis
3360 2699 3755 2773 scriptoribus

2089 2786 2215 2837 tuta
2248 2782 2353 2837 illa
2406 2787 2514 2849 est,
2541 2784 2640 2855 qui
2677 2784 3022 2841 Onesimum
3077 2786 3131 2841 S.
3184 2787 3350 2843 Pauli
3382 2788 3748 2861 discipulum

2083 2871 2299 2943 Ephesi
2332 2872 2677 2943 episcopum
2703 2872 2887 2929 fuisse
2908 2891 3029 2930 non
3050 2875 3444 2934 tradiderunt.
3470 2878 3558 2934 Ad
3591 2879 3748 2935 Lati-

2087 2977 2196 3016 nos
2226 2960 2405 3032 igitur
2460 2960 2724 3031 confugit
2780 2961 3049 3032 Dallzeus,
3109 2967 3437 3040 asseritque
3501 2967 3737 3037 Bedam,

2083 3048 2998 3122 Adonem,Notkerum,aliosque
3013 3053 3075 3109 af
3075 3054 3311 3112 ﬁrmare
3329 3073 3534 3131 magno
3549 3074 3745 3114 omnes

2086 3152 2405 3205 consensu,
2436 3136 2616 3192 istum
2641 3137 2712 3192 ab
2743 3140 2968 3212 Ignatio
3009 3142 3318 3214 epistolico
3351 3151 3746 3202 memoratum

2012 3196 2055 3264 (ἶ
2086 3224 2427 3281 Onesimum
2456 3226 2625 3281 Pauli
2649 3226 3008 3301 discipulum
3025 3232 3229 3288 fuisse.
3259 3236 3375 3307 Ego
3405 3252 3541 3290 vero
3565 3235 3748 3292 talem

2082 3339 2435 3378 consensum
2458 3341 2578 3379 non
2600 3327 3020 3399 reperio.Beda
3054 3331 3208 3387 nihil
3230 3331 3408 3387 habet
3436 3333 3509 3389 de
3532 3335 3744 3409 lgnatii

2082 3412 2383 3480 Onesimo,
2418 3413 2566 3469 nihil
2610 3417 3094 3493 Martyrologium
3163 3423 3495 3478 Romanum
3530 3438 3543 3490 ;
3577 3424 3736 3495 apud

2083 3501 2412 3558 Usuardum
2444 3520 2564 3559 non
2586 3505 2854 3563 exstabat
2894 3525 2962 3565 ea
2992 3509 3275 3578 narratio,
3314 3510 3418 3566 sed
3448 3527 3482 3565 a
3511 3512 3744 3569 Joanne

2080 3591 2307 3648 Molano
2341 3593 2562 3650 inserta
2590 3601 2698 3665 est,
2721 3597 2837 3651 alio
2869 3596 3208 3654 charactere
3240 3603 3298 3653 et
3313 3598 3621 3670 praemissa
3647 3601 3742 3656 lit-

2078 3687 2206 3738 tera
2237 3685 2302 3751 Α,
2335 3701 2442 3756 per
2473 3702 2602 3756 quae
2616 3684 2803 3741 lector
2823 3685 3107 3742 facillime
3121 3687 3468 3744 advertatea
3484 3689 3739 3746 Usuardi

2079 3791 2198 3830 non
2231 3774 2494 3841 esse,sed
2527 3775 2841 3842 Adonis,ut
2872 3776 3137 3833 Molanus
3163 3776 3288 3850 ipse
3308 3778 3365 3833 in
3389 3780 3741 3851 praefatione

2078 3863 2461 3920 monuitJam
2480 3879 2613 3917 vero
2634 3863 2888 3934 Ado,qui
2908 3865 3249 3922 Onesimum
3267 3868 3498 3934 S,Pauli
3520 3869 3738 3944 lgnati-

2078 3967 2257 4009 anum
2285 3950 2572 4019 facit,non
2594 3956 2796 4008 narrat
2817 3969 2953 4009 eum
2979 3954 3087 4010 sub
3113 3956 3450 4015 Domitiano
3474 3959 3694 4018 obiisse
3722 3979 3735 4016 :

2074 4039 2438 4112 Nicephorus
2459 4056 2723 4112 nuperus
2777 4043 3048 4117 scriptor,
3084 4046 3430 4103 Onesimum
3480 4050 3589 4105 sub
3623 4052 3736 4106 Do-

2074 4129 2322 4185 mitiano
2356 4135 2675 4201 martyrem
2707 4129 2870 4202 facit,
2911 4134 3257 4208 episcopum
3307 4138 3519 4210 Ephesi
3550 4138 3731 4196 fuisse

2074 4234 2194 4275 non
2225 4224 2446 4275 narrat.
2478 4219 2744 4295 Cumque
2763 4238 2896 4279 eum
2921 4224 3085 4282 solus
3110 4225 3212 4281 ille
3229 4227 3450 4283 referat
3485 4243 3553 4284 ea
3580 4233 3733 4283 tem-

2072 4313 2301 4382 pestate
2323 4309 2674 4382 martyrium
2702 4311 3104 4381 subiisse,non
3125 4316 3423 4374 immerito
3447 4317 3532 4373 illi
3552 4318 3730 4373 fidem

2074 4398 2326 4471 denegat
2355 4400 2664 4469 Baronius,
2692 4403 3025 4472 praisertim
3055 4404 3103 4459 si
3135 4404 3207 4461 de
3239 4406 3513 4478 episcopo
3545 4406 3733 4478 Ephe-

2073 4488 2203 4545 siuo
2235 4488 2766 4562 intelligatur.Nam
2800 4492 2848 4546 si
2879 4492 2982 4548 ille
3015 4494 3328 4566 episcopus
3359 4496 3571 4553 Berwm
3598 4496 3731 4565 fuit,

309 4580 371 4634 in
404 4578 513 4634 hac
537 4578 792 4650 epistola
823 4578 977 4635 facta
1004 4582 1115 4645 est,
1147 4594 1284 4635 cum
1314 4578 1579 4649 Smyrnae
1611 4580 1767 4632 esset
1796 4575 1967 4648 Igna-
1998 4572 2043 4637 D
2074 4595 2195 4634 non
2229 4583 2427 4634 autem
2461 4577 2696 4650 Ephesi,
2731 4585 2796 4635 ut
2845 4581 2947 4637 alii
3004 4584 3331 4656 Nicephoro
3361 4586 3732 4657 antiquiores

309 4668 538 4731 tius.in
586 4667 728 4723 vivis
759 4684 879 4725 non
934 4667 1116 4725 fuisse
1146 4668 1174 4723 εἶ
1228 4667 1349 4723 Hoc
1390 4667 1566 4724 unico
1616 4670 1964 4738 argumento

304 4744 583 4825 fretus,et
612 4756 1089 4831 epistolae,un
1117 4758 1337 4813 fatetur
1366 4761 1501 4813 ante
1527 4761 1759 4812 aetatem
1784 4757 1960 4813 Euse-

306 4848 388 4904 bii
416 4847 723 4921 scriptam,
746 4852 805 4905 et
825 4847 1061 4903 Eusebii
1086 4847 1272 4919 ipsius
1289 4847 1701 4903 auctoritatem
1726 4845 1961 4904 eludere

304 4956 370 5011 se
403 4955 574 5011 posse
604 4943 820 5011 sperat.
856 4936 1139 4994 Observat
1189 4953 1260 4992 ex
1316 4936 1575 5004 Usserio,
1625 4936 1960 4992 Grmcorum

205 5027 235 5048 ’
307 5030 529 5085 Menam
560 5032 616 5084 el
649 5027 1001 5100 Symeonem
1029 5025 1483 5098 Metaphrastem
1506 5042 1625 5080 nou
1645 5039 1962 5098 agnoscere

308 5119 653 5176 Onesimum
699 5123 1021 5190 martyrem
1078 5116 1260 5173 fuisse
1319 5116 1533 5189 Ephesi
1591 5116 1957 5189 epiSCOpum,

256 5216 263 5225 ‘
307 5204 775 5267 Constitutionum
805 5206 1233 5278 apostolicarum
1258 5206 1608 5279 scriptorem
1659 5206 1958 5263 afﬁrmare

296 5316 441 5373 eum
474 5301 688 5357 Bereeae
722 5298 1064 5371 episcopum
1095 5296 1296 5365 fuisse,
1323 5297 1684 5354 Dorotheum
1707 5302 1766 5353 et
1815 5297 1879 5352 Hi
1887 5315 1959 5370 p-

298 5389 569 5476 polytum
598 5405 864 5447 asserere
894 5388 1123 5454 Gaium,
1154 5386 1437 5443 Timothei
1493 5387 1554 5442 in
1610 5387 1957 5459 episcopatu

299 5494 709 5549 successorem
742 5478 946 5547 fuisse.
990 5477 1389 5550 Nicephorum
1431 5477 1690 5549 denique
1724 5476 1955 5533 tradere

299 5567 647 5637 Onesimum
673 5567 790 5631 sub
821 5567 1158 5631 Domitiano
1189 5565 1430 5625 obiisse.
1471 5569 1552 5624 Ex
1584 5566 1675 5624 his
1706 5569 1958 5625 auctori-

296 5651 413 5735 bus
430 5652 947 5739 .planeridiculum
968 5653 1355 5731 epistolarum
1376 5660 1678 5723 auctorem
1701 5672 1958 5728 pronun-

2072 4667 2332 4737 voluere,
2360 4666 2432 4723 ad
2463 4684 2573 4723 nos
2603 4685 2722 4724 non
2754 4672 3031 4742 pertinet.
3066 4674 3206 4738 Quis
3251 4674 3400 4729 enim
3426 4691 3546 4732 non
3577 4676 3734 4732 videt

2074 4757 2350 4814 Onesimo
2408 4758 2462 4811 S.
2527 4758 2717 4828 Pauli,
2763 4760 3041 4832 episcopo
3093 4763 3329 4834 Berznae,
3366 4764 3730 4837 temporibus

2075 4846 2396 4907 Domitiani
2455 4845 2753 4915 defuncto,
2787 4850 3131 4907 Onesimum
3163 4852 3343 4908 alium
3376 4860 3507 4926 post
3543 4855 3731 4911 Timo-

2074 4938 2276 4994 theum
2312 4940 2369 4992 et
2401 4934 2606 4992 Gaium
2638 4938 2867 5011 Epheso
2898 4956 3155 5012 praeesse
3186 4943 3452 5014 potuisse
3493 4944 3602 4999 sub
3624 4945 3729 4999 im-

2074 5027 2239 5099 perio
2266 5025 2509 5096 Trajani
2530 5026 2557 5081 ?
2585 5026 2873 5091 Quoniam
2904 5034 3103 5086 autem
3139 5030 3391 5088 Dallmus
3417 5032 3723 5101 notat,Ba°

2071 5116 2304 5175 ronium
2353 5113 2681 5187 Nicephoro
2737 5134 2995 5175 errorem
3045 5120 3329 5190 tribuere,
3363 5144 3390 5172 ‹‹
3450 5139 3571 5178 non
3612 5122 3726 5178 alia

2071 5223 2249 5279 quam
2276 5205 2486 5261 harum
2518 5205 2903 5278 epistolarum
2934 5211 3343 5280 auctoritate,»
3376 5229 3509 5284 quae
3531 5212 3722 5269 adhuc

2069 5298 2130 5352 in
2164 5295 2623 5353 controversiam
2654 5298 2942 5377 veniunt;
2987 5304 3044 5357 et
3098 5305 3299 5358 tamen
3329 5302 3567 5371 fatetur,
3602 5324 3628 5353 ‹‹
3664 5301 3721 5357 Si

2069 5385 2278 5459 lgnatii
2306 5401 2437 5442 vere
2469 5389 2749 5458 certoque
2782 5392 2981 5444 essent
3018 5390 3202 5461 (quod
3230 5391 3377 5449 mihi
3400 5392 3642 5464 quidem
3668 5396 3726 5449 et

2069 5492 2272 5532 verum
2301 5479 2359 5530 et
2379 5480 2607 5530 certum
2629 5473 2878 5547 videtur)
2903 5493 3107 5535 earum
3128 5479 3325 5551 potius
3347 5497 3527 5552 quam
3554 5481 3724 5537 Nice-

2066 5565 2239 5641 phori
2271 5580 2398 5621 esse
2430 5564 2797 5637 sequendam
2828 5566 3046 5633 fidem;
3090 5588 3117 5617 »
3166 5568 3474 5626 videamus
3506 5570 3554 5625 si
3598 5586 3719 5626 non

2067 5655 2304 5721 aliunde
2336 5654 2658 5719 absurdum
2681 5673 2811 5714 esse
2834 5656 3103 5717 videatur
3131 5659 3475 5723 Onesimum
3505 5660 3719 5734 Ephesi
