  <div class='ocr_page' id='page_1' title='image "/cluster/home/n/w/nwhite01/storage/ocr_20150623/5/mdp.39015015401063/193.png"; bbox 0 0 4064 6134; ppageno 0'>
   <div class='ocr_carea' id='block_1_1' title="bbox 353 317 470 378">
    <p class='ocr_par' dir='ltr' id='par_1_1' title="bbox 353 317 470 378">
     <span class='ocr_line' id='line_1_1' title="bbox 353 317 470 378; baseline 0 0"><span class='ocrx_word' id='word_1_1' title='bbox 353 317 470 378; x_wconf 78' lang='lat'>359</span> 
     </span>
    </p>
   </div>
   <div class='ocr_carea' id='block_1_2' title="bbox 1411 296 2718 370">
    <p class='ocr_par' dir='ltr' id='par_1_2' title="bbox 1411 296 2718 370">
     <span class='ocr_line' id='line_1_2' title="bbox 1411 296 2718 370; baseline -0.006 0"><span class='ocrx_word' id='word_1_2' title='bbox 1411 309 1474 370; x_wconf 89' lang='lat' dir='ltr'>S.</span> <span class='ocrx_word' id='word_1_3' title='bbox 1521 305 1927 369; x_wconf 84' lang='lat' dir='ltr'>lGNATIUS.</span> <span class='ocrx_word' id='word_1_4' title='bbox 1972 333 2050 346; x_wconf 90' lang='lat'>--</span> <span class='ocrx_word' id='word_1_5' title='bbox 2091 296 2718 362; x_wconf 81' lang='lat' dir='ltr'>PROLEGOMENA.</span> 
     </span>
    </p>
   </div>
   <div class='ocr_carea' id='block_1_3' title="bbox 3659 305 3778 374">
    <p class='ocr_par' dir='ltr' id='par_1_3' title="bbox 3659 305 3778 374">
     <span class='ocr_line' id='line_1_3' title="bbox 3659 305 3778 374; baseline 0.067 -8"><span class='ocrx_word' id='word_1_6' title='bbox 3659 305 3778 374; x_wconf 82' lang='grc'>360</span> 
     </span>
    </p>
   </div>
   <div class='ocr_carea' id='block_1_4' title="bbox 355 432 3772 514">
    <p class='ocr_par' dir='ltr' id='par_1_4' title="bbox 355 432 3772 514">
     <span class='ocr_line' id='line_1_4' title="bbox 355 432 3772 514; baseline -0.004 -6"><span class='ocrx_word' id='word_1_7' title='bbox 355 449 835 508; x_wconf 86' lang='lat' dir='ltr'>Incarnationem</span> <span class='ocrx_word' id='word_1_8' title='bbox 849 451 1048 502; x_wconf 90' lang='lat' dir='ltr'>autem</span> <span class='ocrx_word' id='word_1_9' title='bbox 1063 444 1506 500; x_wconf 87' lang='lat' dir='ltr'>Christifactam</span> <span class='ocrx_word' id='word_1_10' title='bbox 1520 439 2002 514; x_wconf 89' lang='lat' dir='ltr'>pervoluntatem</span> <span class='ocrx_word' id='word_1_11' title='bbox 2030 436 2082 504; x_wconf 78' lang='grc' dir='ltr'>Α</span> <span class='ocrx_word' id='word_1_12' title='bbox 2120 433 2232 488; x_wconf 91' lang='lat' dir='ltr'>Sed</span> <span class='ocrx_word' id='word_1_13' title='bbox 2265 432 2538 489; x_wconf 89' lang='lat' dir='ltr'>moderni</span> <span class='ocrx_word' id='word_1_14' title='bbox 2568 434 2888 504; x_wconf 88' lang='lat' dir='ltr'>scriptores</span> <span class='ocrx_word' id='word_1_15' title='bbox 2918 434 3013 491; x_wconf 92' lang='lat' dir='ltr'>SS.</span> <span class='ocrx_word' id='word_1_16' title='bbox 3035 434 3328 504; x_wconf 87' lang='lat' dir='ltr'>Patribus,</span> <span class='ocrx_word' id='word_1_17' title='bbox 3362 435 3409 491; x_wconf 89' lang='lat' dir='ltr'>si</span> <span class='ocrx_word' id='word_1_18' title='bbox 3435 435 3649 492; x_wconf 83' lang='lat' dir='ltr'>Dallao</span> <span class='ocrx_word' id='word_1_19' title='bbox 3690 436 3772 494; x_wconf 85' lang='lat' dir='ltr'>ita</span> 
     </span>
    </p>
   </div>
   <div class='ocr_carea' id='block_1_5' title="bbox 352 530 2002 615">
    <p class='ocr_par' dir='ltr' id='par_1_5' title="bbox 352 530 2002 615">
     <span class='ocr_line' id='line_1_5' title="bbox 352 530 2002 615; baseline -0.01 -17"><span class='ocrx_word' id='word_1_20' title='bbox 352 549 411 599; x_wconf 89' lang='lat' dir='ltr'>et</span> <span class='ocrx_word' id='word_1_21' title='bbox 443 541 766 615; x_wconf 81' lang='lat' dir='ltr'>potentiam</span> <span class='ocrx_word' id='word_1_22' title='bbox 788 537 888 594; x_wconf 90' lang='lat' dir='ltr'>Dei</span> <span class='ocrx_word' id='word_1_23' title='bbox 913 554 1084 592; x_wconf 88' lang='lat' dir='ltr'>nemo</span> <span class='ocrx_word' id='word_1_24' title='bbox 1118 541 1312 608; x_wconf 85' lang='lat' dir='ltr'>negat.</span> <span class='ocrx_word' id='word_1_25' title='bbox 1356 558 1372 581; x_wconf 64' lang='grc' dir='ltr'>ω</span> <span class='ocrx_word' id='word_1_26' title='bbox 1400 535 1483 588; x_wconf 89' lang='lat' dir='ltr'>Ex</span> <span class='ocrx_word' id='word_1_27' title='bbox 1542 531 1645 587; x_wconf 89' lang='lat' dir='ltr'>Dei</span> <span class='ocrx_word' id='word_1_28' title='bbox 1702 530 2002 585; x_wconf 82' lang='lat' dir='ltr'>voluntate</span> 
     </span>
    </p>
   </div>
   <div class='ocr_carea' id='block_1_6' title="bbox 357 619 2003 696">
    <p class='ocr_par' dir='ltr' id='par_1_6' title="bbox 357 619 2003 696">
     <span class='ocr_line' id='line_1_6' title="bbox 357 619 2003 696; baseline -0.009 -9"><span class='ocrx_word' id='word_1_29' title='bbox 357 633 609 689; x_wconf 81' lang='lat' dir='ltr'>Verbum</span> <span class='ocrx_word' id='word_1_30' title='bbox 643 646 780 686; x_wconf 89' lang='lat' dir='ltr'>caro</span> <span class='ocrx_word' id='word_1_31' title='bbox 811 630 1030 684; x_wconf 88' lang='lat' dir='ltr'>factum</span> <span class='ocrx_word' id='word_1_32' title='bbox 1055 632 1162 692; x_wconf 91' lang='lat' dir='ltr'>est,</span> <span class='ocrx_word' id='word_1_33' title='bbox 1201 649 1227 675; x_wconf 72' lang='grc' dir='ltr'>ι»</span> <span class='ocrx_word' id='word_1_34' title='bbox 1263 624 1456 696; x_wconf 81' lang='lat' dir='ltr'>inquit</span> <span class='ocrx_word' id='word_1_35' title='bbox 1480 621 1896 696; x_wconf 82' lang='lat' dir='ltr'>&#39;l‘ertullianus,</span> <span class='ocrx_word' id='word_1_36' title='bbox 1930 619 2003 673; x_wconf 83' lang='lat' dir='ltr'>De</span> 
     </span>
    </p>
   </div>
   <div class='ocr_carea' id='block_1_7' title="bbox 347 693 2004 771">
    <p class='ocr_par' dir='ltr' id='par_1_7' title="bbox 347 693 2004 771">
     <span class='ocr_line' id='line_1_7' title="bbox 347 693 2004 771; baseline -0.01 -11"><span class='ocrx_word' id='word_1_37' title='bbox 347 721 512 760; x_wconf 82' lang='lat' dir='ltr'>carne</span> <span class='ocrx_word' id='word_1_38' title='bbox 544 703 768 770; x_wconf 81' lang='lat' dir='ltr'>Christi,</span> <span class='ocrx_word' id='word_1_39' title='bbox 802 718 929 771; x_wconf 89' lang='lat' dir='ltr'>cap.</span> <span class='ocrx_word' id='word_1_40' title='bbox 960 703 1042 754; x_wconf 77' lang='lat' dir='ltr'>i9.</span> <span class='ocrx_word' id='word_1_41' title='bbox 1077 701 1198 753; x_wconf 87' lang='lat' dir='ltr'>lmo</span> <span class='ocrx_word' id='word_1_42' title='bbox 1235 693 1367 752; x_wconf 81' lang='lat' dir='ltr'>vero</span> <span class='ocrx_word' id='word_1_43' title='bbox 1401 697 1448 751; x_wconf 90' lang='lat' dir='ltr'>si</span> <span class='ocrx_word' id='word_1_44' title='bbox 1482 695 1614 766; x_wconf 87' lang='lat' dir='ltr'>quis</span> <span class='ocrx_word' id='word_1_45' title='bbox 1646 693 1718 748; x_wconf 93' lang='lat' dir='ltr'>de</span> <span class='ocrx_word' id='word_1_46' title='bbox 1779 698 2004 747; x_wconf 86' lang='lat' dir='ltr'>aterna</span> 
     </span>
    </p>
   </div>
   <div class='ocr_carea' id='block_1_8' title="bbox 347 782 1996 867">
    <p class='ocr_par' dir='ltr' id='par_1_8' title="bbox 347 782 1996 867">
     <span class='ocr_line' id='line_1_8' title="bbox 347 782 1996 867; baseline -0.01 -15"><span class='ocrx_word' id='word_1_47' title='bbox 347 794 732 867; x_wconf 81' lang='lat' dir='ltr'>generatione</span> <span class='ocrx_word' id='word_1_48' title='bbox 765 789 1080 861; x_wconf 89' lang='lat' dir='ltr'>Filii.quod</span> <span class='ocrx_word' id='word_1_49' title='bbox 1109 805 1351 843; x_wconf 91' lang='lat' dir='ltr'>necesse</span> <span class='ocrx_word' id='word_1_50' title='bbox 1378 803 1498 842; x_wconf 94' lang='lat' dir='ltr'>non</span> <span class='ocrx_word' id='word_1_51' title='bbox 1534 792 1642 855; x_wconf 90' lang='lat' dir='ltr'>est,</span> <span class='ocrx_word' id='word_1_52' title='bbox 1682 785 1808 839; x_wconf 82' lang='lat' dir='ltr'>hac</span> <span class='ocrx_word' id='word_1_53' title='bbox 1839 782 1996 838; x_wconf 91' lang='lat' dir='ltr'>acci-</span> 
     </span>
    </p>
   </div>
   <div class='ocr_carea' id='block_1_9' title="bbox 351 876 2001 957">
    <p class='ocr_par' dir='ltr' id='par_1_9' title="bbox 351 876 2001 957">
     <span class='ocr_line' id='line_1_9' title="bbox 351 876 2001 957; baseline -0.008 -18"><span class='ocrx_word' id='word_1_54' title='bbox 351 900 491 957; x_wconf 88' lang='lat' dir='ltr'>pere</span> <span class='ocrx_word' id='word_1_55' title='bbox 523 883 792 948; x_wconf 88' lang='lat' dir='ltr'>voluerit,</span> <span class='ocrx_word' id='word_1_56' title='bbox 823 878 1008 951; x_wconf 80' lang='lat' dir='ltr'>quare</span> <span class='ocrx_word' id='word_1_57' title='bbox 1041 880 1151 932; x_wconf 88' lang='lat' dir='ltr'>hoc</span> <span class='ocrx_word' id='word_1_58' title='bbox 1200 878 1260 932; x_wconf 92' lang='lat' dir='ltr'>in</span> <span class='ocrx_word' id='word_1_59' title='bbox 1292 876 1517 949; x_wconf 75' lang='lat' dir='ltr'>Ignatio</span> <span class='ocrx_word' id='word_1_60' title='bbox 1565 879 1822 945; x_wconf 82' lang='lat' dir='ltr'>martyre</span> <span class='ocrx_word' id='word_1_61' title='bbox 1879 888 2001 926; x_wconf 89' lang='lat' dir='ltr'>non</span> 
     </span>
    </p>
   </div>
   <div class='ocr_carea' id='block_1_10' title="bbox 351 962 1997 1040">
    <p class='ocr_par' dir='ltr' id='par_1_10' title="bbox 351 962 1997 1040">
     <span class='ocr_line' id='line_1_10' title="bbox 351 962 1997 1040; baseline -0.009 -11"><span class='ocrx_word' id='word_1_62' title='bbox 351 973 686 1040; x_wconf 89' lang='lat' dir='ltr'>ferendum,</span> <span class='ocrx_word' id='word_1_63' title='bbox 740 970 898 1040; x_wconf 89' lang='lat' dir='ltr'>quod</span> <span class='ocrx_word' id='word_1_64' title='bbox 952 969 1012 1023; x_wconf 93' lang='lat' dir='ltr'>in</span> <span class='ocrx_word' id='word_1_65' title='bbox 1072 969 1206 1022; x_wconf 88' lang='lat' dir='ltr'>aliis</span> <span class='ocrx_word' id='word_1_66' title='bbox 1236 965 1530 1022; x_wconf 87' lang='lat' dir='ltr'>ferimus?</span> <span class='ocrx_word' id='word_1_67' title='bbox 1559 970 1626 1020; x_wconf 90' lang='lat' dir='ltr'>ut</span> <span class='ocrx_word' id='word_1_68' title='bbox 1660 965 1722 1019; x_wconf 93' lang='lat' dir='ltr'>in</span> <span class='ocrx_word' id='word_1_69' title='bbox 1769 962 1997 1018; x_wconf 82' lang='lat' dir='ltr'>Justino</span> 
     </span>
    </p>
   </div>
   <div class='ocr_carea' id='block_1_11' title="bbox 357 1053 1999 1134">
    <p class='ocr_par' dir='ltr' id='par_1_11' title="bbox 357 1053 1999 1134">
     <span class='ocr_line' id='line_1_11' title="bbox 357 1053 1999 1134; baseline -0.007 -17"><span class='ocrx_word' id='word_1_70' title='bbox 357 1068 636 1134; x_wconf 78' lang='lat' dir='ltr'>martyre,</span> <span class='ocrx_word' id='word_1_71' title='bbox 667 1077 802 1116; x_wconf 90' lang='lat' dir='ltr'>cum</span> <span class='ocrx_word' id='word_1_72' title='bbox 836 1060 906 1114; x_wconf 92' lang='lat' dir='ltr'>de</span> <span class='ocrx_word' id='word_1_73' title='bbox 938 1059 1057 1113; x_wconf 90' lang='lat' dir='ltr'>Deo</span> <span class='ocrx_word' id='word_1_74' title='bbox 1093 1057 1278 1112; x_wconf 90' lang='lat' dir='ltr'>Verbo</span> <span class='ocrx_word' id='word_1_75' title='bbox 1316 1056 1598 1126; x_wconf 88' lang='lat' dir='ltr'>loquitur,</span> <span class='ocrx_word' id='word_1_76' title='bbox 1670 1053 1814 1108; x_wconf 81' lang='lat' dir='ltr'>Dial.</span> <span class='ocrx_word' id='word_1_77' title='bbox 1877 1067 1999 1107; x_wconf 88' lang='lat' dir='ltr'>cum</span> 
     </span>
    </p>
   </div>
   <div class='ocr_carea' id='block_1_12' title="bbox 359 1139 1998 1222">
    <p class='ocr_par' dir='ltr' id='par_1_12' title="bbox 359 1139 1998 1222">
     <span class='ocr_line' id='line_1_12' title="bbox 359 1139 1998 1222; baseline -0.009 -15"><span class='ocrx_word' id='word_1_78' title='bbox 359 1152 652 1222; x_wconf 80' lang='lat' dir='ltr'>Tryphone</span> <span class='ocrx_word' id='word_1_79' title='bbox 684 1166 696 1204; x_wconf 91' lang='lat'>:</span> <span class='ocrx_word' id='word_1_80' title='bbox 729 1149 825 1204; x_wconf 83' lang='grc' dir='ltr'>Ἐκ</span> <span class='ocrx_word' id='word_1_81' title='bbox 853 1150 949 1200; x_wconf 75' lang='grc' dir='ltr'>τοῦ</span> <span class='ocrx_word' id='word_1_82' title='bbox 983 1146 1088 1199; x_wconf 83' lang='grc' dir='ltr'>ἀπὸ</span> <span class='ocrx_word' id='word_1_83' title='bbox 1117 1148 1214 1198; x_wconf 72' lang='grc' dir='ltr'>τοῦ</span> <span class='ocrx_word' id='word_1_84' title='bbox 1257 1143 1468 1218; x_wconf 80' lang='grc' dir='ltr'>Πατρὸς</span> <span class='ocrx_word' id='word_1_85' title='bbox 1520 1139 1738 1212; x_wconf 81' lang='grc' dir='ltr'>θελήσει</span> <span class='ocrx_word' id='word_1_86' title='bbox 1769 1145 1998 1214; x_wconf 78' lang='grc' dir='ltr'>γεγενῆ-</span> 
     </span>
    </p>
   </div>
   <div class='ocr_carea' id='block_1_13' title="bbox 352 1229 1999 1311">
    <p class='ocr_par' dir='ltr' id='par_1_13' title="bbox 352 1229 1999 1311">
     <span class='ocr_line' id='line_1_13' title="bbox 352 1229 1999 1311; baseline -0.007 -17"><span class='ocrx_word' id='word_1_87' title='bbox 352 1242 492 1305; x_wconf 81' lang='grc' dir='ltr'>σθαι,</span> <span class='ocrx_word' id='word_1_88' title='bbox 526 1264 552 1292; x_wconf 87' lang='grc'><strong>‹‹</strong></span> <span class='ocrx_word' id='word_1_89' title='bbox 579 1258 648 1296; x_wconf 86' lang='lat' dir='ltr'>eo</span> <span class='ocrx_word' id='word_1_90' title='bbox 673 1239 831 1311; x_wconf 92' lang='lat' dir='ltr'>quod</span> <span class='ocrx_word' id='word_1_91' title='bbox 850 1256 919 1293; x_wconf 83' lang='lat' dir='ltr'>ex</span> <span class='ocrx_word' id='word_1_92' title='bbox 939 1237 1128 1292; x_wconf 83' lang='lat' dir='ltr'>Patris</span> <span class='ocrx_word' id='word_1_93' title='bbox 1150 1236 1432 1291; x_wconf 88' lang='lat' dir='ltr'>volitione</span> <span class='ocrx_word' id='word_1_94' title='bbox 1456 1239 1629 1289; x_wconf 90' lang='lat' dir='ltr'>natus</span> <span class='ocrx_word' id='word_1_95' title='bbox 1652 1232 1905 1301; x_wconf 78' lang='lat' dir='ltr'>est,»qui</span> <span class='ocrx_word' id='word_1_96' title='bbox 1926 1229 1999 1284; x_wconf 91' lang='lat' dir='ltr'>ad</span> 
     </span>
    </p>
   </div>
   <div class='ocr_carea' id='block_1_14' title="bbox 354 1316 1996 1398">
    <p class='ocr_par' dir='ltr' id='par_1_14' title="bbox 354 1316 1996 1398">
     <span class='ocr_line' id='line_1_14' title="bbox 354 1316 1996 1398; baseline -0.01 -12"><span class='ocrx_word' id='word_1_97' title='bbox 354 1329 847 1386; x_wconf 91' lang='lat' dir='ltr'>eumdemlocum</span> <span class='ocrx_word' id='word_1_98' title='bbox 880 1332 1084 1398; x_wconf 89' lang='lat' dir='ltr'>postea</span> <span class='ocrx_word' id='word_1_99' title='bbox 1114 1325 1460 1396; x_wconf 88' lang='lat' dir='ltr'>respiciens,</span> <span class='ocrx_word' id='word_1_100' title='bbox 1485 1324 1604 1378; x_wconf 85' lang='lat' dir='ltr'>ait:</span> <span class='ocrx_word' id='word_1_101' title='bbox 1641 1319 1743 1376; x_wconf 72' lang='grc' dir='ltr'>Καὶ</span> <span class='ocrx_word' id='word_1_102' title='bbox 1795 1316 1844 1372; x_wconf 81' lang='grc' dir='ltr'>ἒν</span> <span class='ocrx_word' id='word_1_103' title='bbox 1879 1320 1996 1379; x_wconf 81' lang='grc' dir='ltr'>τοῖς</span> 
     </span>
    </p>
   </div>
   <div class='ocr_carea' id='block_1_15' title="bbox 352 1406 1999 1492">
    <p class='ocr_par' dir='ltr' id='par_1_15' title="bbox 352 1406 1999 1492">
     <span class='ocr_line' id='line_1_15' title="bbox 352 1406 1999 1492; baseline -0.008 -20"><span class='ocrx_word' id='word_1_104' title='bbox 352 1418 782 1492; x_wconf 67' lang='grc' dir='ltr'>προειρημένοις</span> <span class='ocrx_word' id='word_1_105' title='bbox 815 1412 904 1468; x_wconf 82' lang='grc' dir='ltr'>διὰ</span> <span class='ocrx_word' id='word_1_106' title='bbox 939 1412 1187 1488; x_wconf 78' lang='grc' dir='ltr'>βραχέων</span> <span class='ocrx_word' id='word_1_107' title='bbox 1231 1413 1316 1466; x_wconf 71' lang='grc' dir='ltr'>τὸν</span> <span class='ocrx_word' id='word_1_108' title='bbox 1373 1413 1549 1484; x_wconf 85' lang='grc' dir='ltr'>Λόγον</span> <span class='ocrx_word' id='word_1_109' title='bbox 1608 1409 1860 1482; x_wconf 71' lang='grc' dir='ltr'>ἐξήτασαι,</span> <span class='ocrx_word' id='word_1_110' title='bbox 1918 1406 1999 1460; x_wconf 81' lang='grc' dir='ltr'>εἷ-</span> 
     </span>
    </p>
   </div>
   <div class='ocr_carea' id='block_1_16' title="bbox 350 1496 1993 1578">
    <p class='ocr_par' dir='ltr' id='par_1_16' title="bbox 350 1496 1993 1578">
     <span class='ocr_line' id='line_1_16' title="bbox 350 1496 1993 1578; baseline -0.007 -17"><span class='ocrx_word' id='word_1_111' title='bbox 350 1508 468 1561; x_wconf 84' lang='grc' dir='ltr'>πὼν</span> <span class='ocrx_word' id='word_1_112' title='bbox 500 1508 600 1575; x_wconf 75' lang='grc' dir='ltr'>τὴν</span> <span class='ocrx_word' id='word_1_113' title='bbox 634 1502 858 1578; x_wconf 69' lang='grc' dir='ltr'>δύναμιν</span> <span class='ocrx_word' id='word_1_114' title='bbox 891 1503 1093 1571; x_wconf 72' lang='grc' dir='ltr'>ταύτην</span> <span class='ocrx_word' id='word_1_115' title='bbox 1139 1504 1455 1576; x_wconf 51' lang='grc' dir='ltr'>χεγενῆσθαι</span> <span class='ocrx_word' id='word_1_116' title='bbox 1487 1499 1595 1555; x_wconf 85' lang='grc' dir='ltr'>ἀπὸ</span> <span class='ocrx_word' id='word_1_117' title='bbox 1624 1504 1720 1554; x_wconf 73' lang='grc' dir='ltr'>τοῦ</span> <span class='ocrx_word' id='word_1_118' title='bbox 1785 1496 1993 1570; x_wconf 79' lang='grc' dir='ltr'>Πατρὸς</span> 
     </span>
    </p>
   </div>
   <div class='ocr_carea' id='block_1_17' title="bbox 350 1588 1998 1669">
    <p class='ocr_par' dir='ltr' id='par_1_17' title="bbox 350 1588 1998 1669">
     <span class='ocr_line' id='line_1_17' title="bbox 350 1588 1998 1669; baseline -0.005 -19"><span class='ocrx_word' id='word_1_119' title='bbox 350 1593 572 1669; x_wconf 79' lang='grc' dir='ltr'>δυνάμει</span> <span class='ocrx_word' id='word_1_120' title='bbox 600 1594 689 1649; x_wconf 83' lang='grc' dir='ltr'>καὶ</span> <span class='ocrx_word' id='word_1_121' title='bbox 739 1592 915 1669; x_wconf 82' lang='grc' dir='ltr'>βουλῇ</span> <span class='ocrx_word' id='word_1_122' title='bbox 977 1593 1161 1646; x_wconf 68' lang='grc' dir='ltr'>αὺτοῦ.</span> <span class='ocrx_word' id='word_1_123' title='bbox 1223 1593 1591 1647; x_wconf 85' lang='lat' dir='ltr'>Clementem</span> <span class='ocrx_word' id='word_1_124' title='bbox 1650 1588 1998 1644; x_wconf 77' lang='lat' dir='ltr'>Alexandri—</span> 
     </span>
    </p>
   </div>
   <div class='ocr_carea' id='block_1_18' title="bbox 349 1676 1995 1754">
    <p class='ocr_par' dir='ltr' id='par_1_18' title="bbox 349 1676 1995 1754">
     <span class='ocr_line' id='line_1_18' title="bbox 349 1676 1995 1754; baseline -0.008 -12"><span class='ocrx_word' id='word_1_125' title='bbox 349 1705 492 1742; x_wconf 91' lang='lat' dir='ltr'>num</span> <span class='ocrx_word' id='word_1_126' title='bbox 524 1687 769 1741; x_wconf 86' lang='lat' dir='ltr'>ferimus</span> <span class='ocrx_word' id='word_1_127' title='bbox 803 1685 903 1754; x_wconf 89' lang='lat' dir='ltr'>qui</span> <span class='ocrx_word' id='word_1_128' title='bbox 941 1683 1190 1738; x_wconf 87' lang='lat' dir='ltr'>Verbum</span> <span class='ocrx_word' id='word_1_129' title='bbox 1225 1683 1450 1737; x_wconf 89' lang='lat' dir='ltr'>vocavit</span> <span class='ocrx_word' id='word_1_130' title='bbox 1513 1680 1576 1734; x_wconf 87' lang='grc' dir='ltr'>τὸ</span> <span class='ocrx_word' id='word_1_131' title='bbox 1631 1676 1849 1750; x_wconf 70' lang='grc' dir='ltr'>θέλημα</span> <span class='ocrx_word' id='word_1_132' title='bbox 1899 1679 1995 1730; x_wconf 79' lang='grc' dir='ltr'>τοῦ</span> 
     </span>
    </p>
   </div>
   <div class='ocr_carea' id='block_1_19' title="bbox 351 1767 1995 1843">
    <p class='ocr_par' dir='ltr' id='par_1_19' title="bbox 351 1767 1995 1843">
     <span class='ocr_line' id='line_1_19' title="bbox 351 1767 1995 1843; baseline -0.004 -17"><span class='ocrx_word' id='word_1_133' title='bbox 351 1773 582 1843; x_wconf 72' lang='grc' dir='ltr'>Πατρός.</span> <span class='ocrx_word' id='word_1_134' title='bbox 617 1775 680 1826; x_wconf 93' lang='lat' dir='ltr'>In</span> <span class='ocrx_word' id='word_1_135' title='bbox 715 1772 1080 1827; x_wconf 90' lang='lat' dir='ltr'>Tertulliano</span> <span class='ocrx_word' id='word_1_136' title='bbox 1114 1771 1225 1826; x_wconf 89' lang='lat' dir='ltr'>ista</span> <span class='ocrx_word' id='word_1_137' title='bbox 1257 1769 1504 1825; x_wconf 91' lang='lat' dir='ltr'>ferimus</span> <span class='ocrx_word' id='word_1_138' title='bbox 1539 1785 1551 1822; x_wconf 94' lang='lat'>:</span> <span class='ocrx_word' id='word_1_139' title='bbox 1607 1791 1634 1818; x_wconf 82' lang='lat'><strong>«</strong></span> <span class='ocrx_word' id='word_1_140' title='bbox 1669 1768 1808 1833; x_wconf 88' lang='lat' dir='ltr'>Quis</span> <span class='ocrx_word' id='word_1_141' title='bbox 1842 1767 1995 1822; x_wconf 90' lang='lat' dir='ltr'>Deus</span> 
     </span>
    </p>
   </div>
   <div class='ocr_carea' id='block_1_20' title="bbox 346 1856 1995 1932">
    <p class='ocr_par' dir='ltr' id='par_1_20' title="bbox 346 1856 1995 1932">
     <span class='ocr_line' id='line_1_20' title="bbox 346 1856 1995 1932; baseline -0.005 -14"><span class='ocrx_word' id='word_1_142' title='bbox 346 1864 407 1918; x_wconf 91' lang='lat' dir='ltr'>in</span> <span class='ocrx_word' id='word_1_143' title='bbox 436 1879 504 1918; x_wconf 90' lang='lat' dir='ltr'>ea</span> <span class='ocrx_word' id='word_1_144' title='bbox 535 1862 742 1917; x_wconf 83' lang='lat' dir='ltr'>natus?</span> <span class='ocrx_word' id='word_1_145' title='bbox 755 1863 958 1916; x_wconf 90' lang='lat' dir='ltr'>Sermo</span> <span class='ocrx_word' id='word_1_146' title='bbox 982 1867 1040 1914; x_wconf 91' lang='lat' dir='ltr'>et</span> <span class='ocrx_word' id='word_1_147' title='bbox 1061 1859 1438 1932; x_wconf 91' lang='lat' dir='ltr'>Spiritus,qui</span> <span class='ocrx_word' id='word_1_148' title='bbox 1461 1876 1594 1913; x_wconf 92' lang='lat' dir='ltr'>cum</span> <span class='ocrx_word' id='word_1_149' title='bbox 1619 1859 1899 1912; x_wconf 89' lang='lat' dir='ltr'>Sermone</span> <span class='ocrx_word' id='word_1_150' title='bbox 1924 1856 1995 1910; x_wconf 91' lang='lat' dir='ltr'>de</span> 
     </span>
    </p>
   </div>
   <div class='ocr_carea' id='block_1_21' title="bbox 347 1947 1992 2017">
    <p class='ocr_par' dir='ltr' id='par_1_21' title="bbox 347 1947 1992 2017">
     <span class='ocr_line' id='line_1_21' title="bbox 347 1947 1992 2017; baseline -0.004 -10"><span class='ocrx_word' id='word_1_151' title='bbox 347 1952 535 2008; x_wconf 85' lang='lat' dir='ltr'>Patris</span> <span class='ocrx_word' id='word_1_152' title='bbox 585 1951 885 2006; x_wconf 84' lang='lat' dir='ltr'>voluntate</span> <span class='ocrx_word' id='word_1_153' title='bbox 918 1955 1093 2005; x_wconf 90' lang='lat' dir='ltr'>natus</span> <span class='ocrx_word' id='word_1_154' title='bbox 1115 1955 1221 2003; x_wconf 90' lang='lat' dir='ltr'>est.</span> <span class='ocrx_word' id='word_1_155' title='bbox 1257 1971 1284 1999; x_wconf 86' lang='grc'>››</span> <span class='ocrx_word' id='word_1_156' title='bbox 1329 1947 1594 2003; x_wconf 91' lang='lat' dir='ltr'>Ferimus</span> <span class='ocrx_word' id='word_1_157' title='bbox 1616 1948 1677 2001; x_wconf 92' lang='lat' dir='ltr'>in</span> <span class='ocrx_word' id='word_1_158' title='bbox 1702 1947 1945 2017; x_wconf 89' lang='lat' dir='ltr'>Synesio</span> <span class='ocrx_word' id='word_1_159' title='bbox 1979 1963 1992 2000; x_wconf 90' lang='lat'><strong>:</strong></span> 
     </span>
    </p>
   </div>
   <div class='ocr_carea' id='block_1_22' title="bbox 352 2031 1993 2112">
    <p class='ocr_par' dir='ltr' id='par_1_22' title="bbox 352 2031 1993 2112">
     <span class='ocr_line' id='line_1_22' title="bbox 352 2031 1993 2112; baseline -0.004 -19"><span class='ocrx_word' id='word_1_160' title='bbox 352 2036 532 2093; x_wconf 83' lang='grc' dir='ltr'>Ὠδῖνα</span> <span class='ocrx_word' id='word_1_161' title='bbox 556 2037 1021 2111; x_wconf 83' lang='grc' dir='ltr'>Ιιατρὸς,γόνιμον</span> <span class='ocrx_word' id='word_1_162' title='bbox 1057 2035 1288 2110; x_wconf 72' lang='grc' dir='ltr'>βουλήν,</span> <span class='ocrx_word' id='word_1_163' title='bbox 1323 2043 1400 2098; x_wconf 87' lang='lat' dir='ltr'>et,</span> <span class='ocrx_word' id='word_1_164' title='bbox 1431 2033 1556 2089; x_wconf 80' lang='grc' dir='ltr'>Ἐπὶ</span> <span class='ocrx_word' id='word_1_165' title='bbox 1592 2031 1746 2088; x_wconf 86' lang='grc' dir='ltr'><strong>παιδὶ</strong></span> <span class='ocrx_word' id='word_1_166' title='bbox 1781 2033 1993 2112; x_wconf 79' lang='grc' dir='ltr'>χυθεὶς,</span> 
     </span>
    </p>
   </div>
   <div class='ocr_carea' id='block_1_23' title="bbox 344 2124 1994 2206">
    <p class='ocr_par' dir='ltr' id='par_1_23' title="bbox 344 2124 1994 2206">
     <span class='ocr_line' id='line_1_23' title="bbox 344 2124 1994 2206; baseline -0.004 -24"><span class='ocrx_word' id='word_1_167' title='bbox 344 2128 540 2183; x_wconf 83' lang='grc' dir='ltr'>’ἰότατι</span> <span class='ocrx_word' id='word_1_168' title='bbox 572 2128 804 2206; x_wconf 68' lang='grc' dir='ltr'>σοφᾷ,ίά</span> <span class='ocrx_word' id='word_1_169' title='bbox 835 2132 1014 2192; x_wconf 90' lang='lat' dir='ltr'>est,ut</span> <span class='ocrx_word' id='word_1_170' title='bbox 1031 2126 1354 2197; x_wconf 86' lang='lat' dir='ltr'>Hesychius</span> <span class='ocrx_word' id='word_1_171' title='bbox 1376 2126 1821 2196; x_wconf 87' lang='lat' dir='ltr'>interpretatur,</span> <span class='ocrx_word' id='word_1_172' title='bbox 1858 2124 1994 2197; x_wconf 81' lang='grc' dir='ltr'>βου-</span> 
     </span>
    </p>
   </div>
   <div class='ocr_carea' id='block_1_24' title="bbox 347 2213 1990 2288">
    <p class='ocr_par' dir='ltr' id='par_1_24' title="bbox 347 2213 1990 2288">
     <span class='ocr_line' id='line_1_24' title="bbox 347 2213 1990 2288; baseline -0.002 -16"><span class='ocrx_word' id='word_1_173' title='bbox 347 2216 528 2286; x_wconf 77' lang='grc' dir='ltr'>λήσει,</span> <span class='ocrx_word' id='word_1_174' title='bbox 556 2215 796 2286; x_wconf 69' lang='grc' dir='ltr'>θελήσει.</span> <span class='ocrx_word' id='word_1_175' title='bbox 859 2217 1073 2282; x_wconf 90' lang='lat' dir='ltr'>Quidni</span> <span class='ocrx_word' id='word_1_176' title='bbox 1110 2217 1288 2288; x_wconf 83' lang='lat' dir='ltr'>igitur</span> <span class='ocrx_word' id='word_1_177' title='bbox 1317 2215 1377 2269; x_wconf 91' lang='lat' dir='ltr'>in</span> <span class='ocrx_word' id='word_1_178' title='bbox 1399 2215 1628 2286; x_wconf 87' lang='lat' dir='ltr'>Ignatio</span> <span class='ocrx_word' id='word_1_179' title='bbox 1680 2213 1990 2269; x_wconf 88' lang='lat' dir='ltr'>ferendum</span> 
     </span>
    </p>
   </div>
   <div class='ocr_carea' id='block_1_25' title="bbox 344 2304 1991 2376">
    <p class='ocr_par' dir='ltr' id='par_1_25' title="bbox 344 2304 1991 2376">
     <span class='ocr_line' id='line_1_25' title="bbox 344 2304 1991 2376; baseline 0 -18"><span class='ocrx_word' id='word_1_180' title='bbox 344 2306 466 2359; x_wconf 78' lang='grc' dir='ltr'>Υἱὸν</span> <span class='ocrx_word' id='word_1_181' title='bbox 488 2307 624 2360; x_wconf 69' lang='grc' dir='ltr'>κατὰ</span> <span class='ocrx_word' id='word_1_182' title='bbox 656 2305 787 2374; x_wconf 80' lang='grc' dir='ltr'>Θελη</span> <span class='ocrx_word' id='word_1_183' title='bbox 800 2326 872 2376; x_wconf 80' lang='grc' dir='ltr'>μα</span> <span class='ocrx_word' id='word_1_184' title='bbox 891 2307 918 2361; x_wconf 74' lang='lat'>‘2</span> <span class='ocrx_word' id='word_1_185' title='bbox 941 2307 987 2360; x_wconf 89' lang='lat' dir='ltr'>si</span> <span class='ocrx_word' id='word_1_186' title='bbox 1008 2306 1322 2361; x_wconf 89' lang='lat' dir='ltr'>lectionem</span> <span class='ocrx_word' id='word_1_187' title='bbox 1355 2304 1704 2360; x_wconf 87' lang='lat' dir='ltr'>Theodoreti</span> <span class='ocrx_word' id='word_1_188' title='bbox 1728 2304 1991 2374; x_wconf 88' lang='lat' dir='ltr'>recipere</span> 
     </span>
    </p>
   </div>
   <div class='ocr_carea' id='block_1_26' title="bbox 351 2395 1990 2465">
    <p class='ocr_par' dir='ltr' id='par_1_26' title="bbox 351 2395 1990 2465">
     <span class='ocr_line' id='line_1_26' title="bbox 351 2395 1990 2465; baseline -0.001 -15"><span class='ocrx_word' id='word_1_189' title='bbox 351 2397 630 2461; x_wconf 87' lang='lat' dir='ltr'>nolimus,</span> <span class='ocrx_word' id='word_1_190' title='bbox 664 2413 774 2451; x_wconf 88' lang='lat' dir='ltr'>nec</span> <span class='ocrx_word' id='word_1_191' title='bbox 800 2397 871 2451; x_wconf 93' lang='lat' dir='ltr'>de</span> <span class='ocrx_word' id='word_1_192' title='bbox 902 2397 1312 2452; x_wconf 84' lang='lat' dir='ltr'>incarnatione</span> <span class='ocrx_word' id='word_1_193' title='bbox 1344 2412 1480 2450; x_wconf 90' lang='lat' dir='ltr'>eum</span> <span class='ocrx_word' id='word_1_194' title='bbox 1504 2395 1665 2465; x_wconf 88' lang='lat' dir='ltr'>loqui</span> <span class='ocrx_word' id='word_1_195' title='bbox 1700 2395 1990 2462; x_wconf 87' lang='lat' dir='ltr'>sinamus,</span> 
     </span>
    </p>
   </div>
   <div class='ocr_carea' id='block_1_27' title="bbox 347 2484 1833 2556">
    <p class='ocr_par' dir='ltr' id='par_1_27' title="bbox 347 2484 1833 2556">
     <span class='ocr_line' id='line_1_27' title="bbox 347 2484 1833 2556; baseline -0.002 -16"><span class='ocrx_word' id='word_1_196' title='bbox 347 2503 601 2556; x_wconf 90' lang='lat' dir='ltr'>quorum</span> <span class='ocrx_word' id='word_1_197' title='bbox 634 2488 920 2541; x_wconf 76' lang='lat' dir='ltr'>utrumvis</span> <span class='ocrx_word' id='word_1_198' title='bbox 952 2502 1188 2540; x_wconf 85' lang='lat' dir='ltr'>omnem</span> <span class='ocrx_word' id='word_1_199' title='bbox 1221 2485 1631 2540; x_wconf 81' lang='lat' dir='ltr'>difﬁcultatem</span> <span class='ocrx_word' id='word_1_200' title='bbox 1663 2484 1833 2539; x_wconf 91' lang='lat' dir='ltr'>tollit.</span> 
     </span>
    </p>
   </div>
   <div class='ocr_carea' id='block_1_28' title="bbox 417 2591 1989 2664">
    <p class='ocr_par' dir='ltr' id='par_1_28' title="bbox 417 2591 1989 2664">
     <span class='ocr_line' id='line_1_28' title="bbox 417 2591 1989 2664; baseline -0.002 -17"><span class='ocrx_word' id='word_1_201' title='bbox 417 2594 617 2664; x_wconf 86' lang='lat' dir='ltr'>Capite</span> <span class='ocrx_word' id='word_1_202' title='bbox 643 2593 706 2646; x_wconf 85' lang='grc'>17</span> <span class='ocrx_word' id='word_1_203' title='bbox 739 2591 1038 2646; x_wconf 89' lang='lat' dir='ltr'>desiderat</span> <span class='ocrx_word' id='word_1_204' title='bbox 1075 2593 1162 2646; x_wconf 89' lang='lat' dir='ltr'>vir</span> <span class='ocrx_word' id='word_1_205' title='bbox 1210 2591 1591 2646; x_wconf 88' lang='lat' dir='ltr'>doctissimus</span> <span class='ocrx_word' id='word_1_206' title='bbox 1637 2591 1698 2644; x_wconf 89' lang='lat' dir='ltr'>in</span> <span class='ocrx_word' id='word_1_207' title='bbox 1750 2595 1989 2645; x_wconf 86' lang='lat' dir='ltr'>auctore</span> 
     </span>
    </p>
   </div>
   <div class='ocr_carea' id='block_1_29' title="bbox 345 2681 1989 2754">
    <p class='ocr_par' dir='ltr' id='par_1_29' title="bbox 345 2681 1989 2754">
     <span class='ocr_line' id='line_1_29' title="bbox 345 2681 1989 2754; baseline -0.001 -16"><span class='ocrx_word' id='word_1_208' title='bbox 345 2683 729 2754; x_wconf 88' lang='lat' dir='ltr'>epistolarum</span> <span class='ocrx_word' id='word_1_209' title='bbox 764 2699 889 2737; x_wconf 90' lang='lat' dir='ltr'>eam</span> <span class='ocrx_word' id='word_1_210' title='bbox 928 2683 1316 2737; x_wconf 85' lang='lat' dir='ltr'>reverentiam</span> <span class='ocrx_word' id='word_1_211' title='bbox 1371 2699 1502 2752; x_wconf 82' lang='lat' dir='ltr'>qua</span> <span class='ocrx_word' id='word_1_212' title='bbox 1560 2681 1774 2735; x_wconf 89' lang='lat' dir='ltr'>divinis</span> <span class='ocrx_word' id='word_1_213' title='bbox 1821 2681 1989 2736; x_wconf 88' lang='lat' dir='ltr'>libris</span> 
     </span>
    </p>
   </div>
   <div class='ocr_carea' id='block_1_30' title="bbox 339 2771 1989 2842">
    <p class='ocr_par' dir='ltr' id='par_1_30' title="bbox 339 2771 1989 2842">
     <span class='ocr_line' id='line_1_30' title="bbox 339 2771 1989 2842; baseline -0.001 -15"><span class='ocrx_word' id='word_1_214' title='bbox 339 2772 618 2837; x_wconf 83' lang='lat' dir='ltr'>debetur;</span> <span class='ocrx_word' id='word_1_215' title='bbox 646 2789 763 2826; x_wconf 90' lang='lat' dir='ltr'>non</span> <span class='ocrx_word' id='word_1_216' title='bbox 788 2771 946 2842; x_wconf 89' lang='lat' dir='ltr'>quod</span> <span class='ocrx_word' id='word_1_217' title='bbox 972 2772 1153 2827; x_wconf 91' lang='lat' dir='ltr'>ullam</span> <span class='ocrx_word' id='word_1_218' title='bbox 1182 2772 1234 2826; x_wconf 88' lang='lat' dir='ltr'>S.</span> <span class='ocrx_word' id='word_1_219' title='bbox 1261 2771 1576 2842; x_wconf 89' lang='lat' dir='ltr'>Scriptura</span> <span class='ocrx_word' id='word_1_220' title='bbox 1599 2776 1825 2842; x_wconf 88' lang='lat' dir='ltr'>partem</span> <span class='ocrx_word' id='word_1_221' title='bbox 1848 2771 1989 2825; x_wconf 91' lang='lat' dir='ltr'>irre-</span> 
     </span>
    </p>
   </div>
   <div class='ocr_carea' id='block_1_31' title="bbox 337 2862 1986 2932">
    <p class='ocr_par' dir='ltr' id='par_1_31' title="bbox 337 2862 1986 2932">
     <span class='ocr_line' id='line_1_31' title="bbox 337 2862 1986 2932; baseline 0.001 -17"><span class='ocrx_word' id='word_1_222' title='bbox 337 2868 609 2917; x_wconf 87' lang='lat' dir='ltr'>verenter</span> <span class='ocrx_word' id='word_1_223' title='bbox 635 2863 975 2927; x_wconf 90' lang='lat' dir='ltr'>tractet,sed</span> <span class='ocrx_word' id='word_1_224' title='bbox 995 2863 1151 2932; x_wconf 90' lang='lat' dir='ltr'>quod</span> <span class='ocrx_word' id='word_1_225' title='bbox 1184 2884 1208 2909; x_wconf 85' lang='grc'>‹‹</span> <span class='ocrx_word' id='word_1_226' title='bbox 1245 2878 1312 2915; x_wconf 86' lang='lat' dir='ltr'>ex</span> <span class='ocrx_word' id='word_1_227' title='bbox 1339 2862 1692 2932; x_wconf 86' lang='lat' dir='ltr'>apocryphis</span> <span class='ocrx_word' id='word_1_228' title='bbox 1715 2862 1986 2931; x_wconf 82' lang='lat' dir='ltr'>quadam</span> 
     </span>
    </p>
   </div>
   <div class='ocr_carea' id='block_1_32' title="bbox 339 2950 1984 3022">
    <p class='ocr_par' dir='ltr' id='par_1_32' title="bbox 339 2950 1984 3022">
     <span class='ocr_line' id='line_1_32' title="bbox 339 2950 1984 3022; baseline -0.006 -14"><span class='ocrx_word' id='word_1_229' title='bbox 339 2954 590 3020; x_wconf 89' lang='lat' dir='ltr'>furetur,</span> <span class='ocrx_word' id='word_1_230' title='bbox 622 2968 810 3022; x_wconf 89' lang='lat' dir='ltr'>eaque</span> <span class='ocrx_word' id='word_1_231' title='bbox 842 2969 948 3022; x_wconf 91' lang='lat' dir='ltr'>pro</span> <span class='ocrx_word' id='word_1_232' title='bbox 1002 2952 1152 3005; x_wconf 89' lang='lat' dir='ltr'>veris</span> <span class='ocrx_word' id='word_1_233' title='bbox 1209 2955 1265 3005; x_wconf 89' lang='lat' dir='ltr'>et</span> <span class='ocrx_word' id='word_1_234' title='bbox 1325 2950 1674 3004; x_wconf 88' lang='lat' dir='ltr'>indubitatis</span> <span class='ocrx_word' id='word_1_235' title='bbox 1726 2956 1984 3021; x_wconf 76' lang='lat' dir='ltr'>ponat.»</span> 
     </span>
    </p>
   </div>
   <div class='ocr_carea' id='block_1_33' title="bbox 339 3039 1987 3110">
    <p class='ocr_par' dir='ltr' id='par_1_33' title="bbox 339 3039 1987 3110">
     <span class='ocr_line' id='line_1_33' title="bbox 339 3039 1987 3110; baseline -0.002 -14"><span class='ocrx_word' id='word_1_236' title='bbox 339 3041 745 3096; x_wconf 84' lang='lat' dir='ltr'>Irreverentia</span> <span class='ocrx_word' id='word_1_237' title='bbox 778 3040 1038 3110; x_wconf 86' lang='lat' dir='ltr'>exempla</span> <span class='ocrx_word' id='word_1_238' title='bbox 1071 3040 1186 3094; x_wconf 90' lang='lat' dir='ltr'>duo</span> <span class='ocrx_word' id='word_1_239' title='bbox 1239 3055 1310 3094; x_wconf 88' lang='lat' dir='ltr'>ex</span> <span class='ocrx_word' id='word_1_240' title='bbox 1371 3039 1610 3109; x_wconf 89' lang='lat' dir='ltr'>spuriis,</span> <span class='ocrx_word' id='word_1_241' title='bbox 1671 3055 1856 3092; x_wconf 91' lang='lat' dir='ltr'>unum</span> <span class='ocrx_word' id='word_1_242' title='bbox 1917 3055 1987 3093; x_wconf 88' lang='lat' dir='ltr'>ex</span> 
     </span>
    </p>
   </div>
   <div class='ocr_carea' id='block_1_34' title="bbox 339 3127 1988 3200">
    <p class='ocr_par' dir='ltr' id='par_1_34' title="bbox 339 3127 1988 3200">
     <span class='ocr_line' id='line_1_34' title="bbox 339 3127 1988 3200; baseline -0.003 -14"><span class='ocrx_word' id='word_1_243' title='bbox 339 3137 541 3186; x_wconf 89' lang='lat' dir='ltr'>nostro</span> <span class='ocrx_word' id='word_1_244' title='bbox 574 3129 852 3200; x_wconf 88' lang='lat' dir='ltr'>proponit</span> <span class='ocrx_word' id='word_1_245' title='bbox 895 3145 962 3182; x_wconf 88' lang='lat' dir='ltr'>ex</span> <span class='ocrx_word' id='word_1_246' title='bbox 1024 3128 1274 3198; x_wconf 90' lang='lat' dir='ltr'>epistola</span> <span class='ocrx_word' id='word_1_247' title='bbox 1321 3127 1393 3181; x_wconf 91' lang='lat' dir='ltr'>ad</span> <span class='ocrx_word' id='word_1_248' title='bbox 1452 3130 1820 3199; x_wconf 87' lang='lat' dir='ltr'>Smyrnaos:</span> <span class='ocrx_word' id='word_1_249' title='bbox 1862 3151 1880 3176; x_wconf 71' lang='grc' dir='ltr'><strong>α</strong></span> <span class='ocrx_word' id='word_1_250' title='bbox 1919 3131 1988 3181; x_wconf 90' lang='lat' dir='ltr'>Et</span> 
     </span>
    </p>
   </div>
   <div class='ocr_carea' id='block_1_35' title="bbox 2118 523 3772 594">
    <p class='ocr_par' dir='ltr' id='par_1_35' title="bbox 2118 523 3772 594">
     <span class='ocr_line' id='line_1_35' title="bbox 2118 523 3772 594; baseline 0.004 -18"><span class='ocrx_word' id='word_1_251' title='bbox 2118 523 2404 589; x_wconf 89' lang='lat' dir='ltr'>videatur,</span> <span class='ocrx_word' id='word_1_252' title='bbox 2435 523 2829 594; x_wconf 85' lang='lat' dir='ltr'>sapientiores</span> <span class='ocrx_word' id='word_1_253' title='bbox 2857 529 3034 578; x_wconf 83' lang='lat' dir='ltr'>sunto</span> <span class='ocrx_word' id='word_1_254' title='bbox 3060 541 3074 590; x_wconf 89' lang='lat'>;</span> <span class='ocrx_word' id='word_1_255' title='bbox 3107 530 3265 579; x_wconf 90' lang='lat' dir='ltr'>certe</span> <span class='ocrx_word' id='word_1_256' title='bbox 3291 525 3527 581; x_wconf 85' lang='lat' dir='ltr'>Isaacus</span> <span class='ocrx_word' id='word_1_257' title='bbox 3557 526 3772 582; x_wconf 89' lang='lat' dir='ltr'>Casau-</span> 
     </span>
    </p>
   </div>
   <div class='ocr_carea' id='block_1_36' title="bbox 2115 613 3772 688">
    <p class='ocr_par' dir='ltr' id='par_1_36' title="bbox 2115 613 3772 688">
     <span class='ocr_line' id='line_1_36' title="bbox 2115 613 3772 688; baseline 0.002 -20"><span class='ocrx_word' id='word_1_258' title='bbox 2115 613 2328 680; x_wconf 92' lang='lat' dir='ltr'>bonus,</span> <span class='ocrx_word' id='word_1_259' title='bbox 2381 619 2435 666; x_wconf 87' lang='lat' dir='ltr'>et</span> <span class='ocrx_word' id='word_1_260' title='bbox 2492 619 2712 668; x_wconf 82' lang='lat' dir='ltr'>nostra</span> <span class='ocrx_word' id='word_1_261' title='bbox 2761 613 3170 684; x_wconf 88' lang='lat' dir='ltr'>professionis,</span> <span class='ocrx_word' id='word_1_262' title='bbox 3222 621 3280 670; x_wconf 89' lang='lat' dir='ltr'>et</span> <span class='ocrx_word' id='word_1_263' title='bbox 3336 616 3552 670; x_wconf 89' lang='lat' dir='ltr'>summi</span> <span class='ocrx_word' id='word_1_264' title='bbox 3613 617 3772 688; x_wconf 91' lang='lat' dir='ltr'>apud</span> 
     </span>
    </p>
   </div>
   <div class='ocr_carea' id='block_1_37' title="bbox 2117 699 3772 772">
    <p class='ocr_par' dir='ltr' id='par_1_37' title="bbox 2117 699 3772 772">
     <span class='ocr_line' id='line_1_37' title="bbox 2117 699 3772 772; baseline 0.003 -15"><span class='ocrx_word' id='word_1_265' title='bbox 2117 719 2324 758; x_wconf 85' lang='lat' dir='ltr'>omnes</span> <span class='ocrx_word' id='word_1_266' title='bbox 2356 703 2622 758; x_wconf 88' lang='lat' dir='ltr'>eruditos</span> <span class='ocrx_word' id='word_1_267' title='bbox 2649 703 2913 758; x_wconf 86' lang='lat' dir='ltr'>nominis</span> <span class='ocrx_word' id='word_1_268' title='bbox 2944 704 3205 772; x_wconf 85' lang='lat' dir='ltr'>criticus,</span> <span class='ocrx_word' id='word_1_269' title='bbox 3231 722 3364 760; x_wconf 90' lang='lat' dir='ltr'>cum</span> <span class='ocrx_word' id='word_1_270' title='bbox 3413 705 3540 761; x_wconf 85' lang='lat' dir='ltr'>hac</span> <span class='ocrx_word' id='word_1_271' title='bbox 3571 699 3772 763; x_wconf 87' lang='lat' dir='ltr'>omnia</span> 
     </span>
    </p>
   </div>
   <div class='ocr_carea' id='block_1_38' title="bbox 2115 792 3766 865">
    <p class='ocr_par' dir='ltr' id='par_1_38' title="bbox 2115 792 3766 865">
     <span class='ocr_line' id='line_1_38' title="bbox 2115 792 3766 865; baseline 0.002 -18"><span class='ocrx_word' id='word_1_272' title='bbox 2115 793 2335 864; x_wconf 87' lang='lat' dir='ltr'>optime</span> <span class='ocrx_word' id='word_1_273' title='bbox 2367 792 2652 859; x_wconf 85' lang='lat' dir='ltr'>novisset,</span> <span class='ocrx_word' id='word_1_274' title='bbox 2704 793 2788 847; x_wconf 90' lang='lat' dir='ltr'>sic</span> <span class='ocrx_word' id='word_1_275' title='bbox 2839 797 3041 848; x_wconf 89' lang='lat' dir='ltr'>tamen</span> <span class='ocrx_word' id='word_1_276' title='bbox 3096 795 3387 865; x_wconf 85' lang='lat' dir='ltr'>Ignatium</span> <span class='ocrx_word' id='word_1_277' title='bbox 3447 795 3766 852; x_wconf 87' lang='lat' dir='ltr'>defendit:</span> 
     </span>
    </p>
   </div>
   <div class='ocr_carea' id='block_1_39' title="bbox 2112 882 3769 956">
    <p class='ocr_par' dir='ltr' id='par_1_39' title="bbox 2112 882 3769 956">
     <span class='ocr_line' id='line_1_39' title="bbox 2112 882 3769 956; baseline 0.006 -25"><span class='ocrx_word' id='word_1_278' title='bbox 2112 904 2139 932; x_wconf 78' lang='grc' dir='ltr'>α</span> <span class='ocrx_word' id='word_1_279' title='bbox 2169 883 2284 937; x_wconf 90' lang='lat' dir='ltr'>Nec</span> <span class='ocrx_word' id='word_1_280' title='bbox 2318 883 2532 937; x_wconf 90' lang='lat' dir='ltr'>mirum</span> <span class='ocrx_word' id='word_1_281' title='bbox 2563 887 2653 937; x_wconf 90' lang='lat' dir='ltr'>est</span> <span class='ocrx_word' id='word_1_282' title='bbox 2683 882 2874 937; x_wconf 90' lang='lat' dir='ltr'>virum</span> <span class='ocrx_word' id='word_1_283' title='bbox 2908 883 3005 937; x_wconf 90' lang='lat' dir='ltr'>Dei</span> <span class='ocrx_word' id='word_1_284' title='bbox 3041 885 3334 956; x_wconf 82' lang='lat' dir='ltr'>Ignatium</span> <span class='ocrx_word' id='word_1_285' title='bbox 3366 885 3547 941; x_wconf 90' lang='lat' dir='ltr'>citare</span> <span class='ocrx_word' id='word_1_286' title='bbox 3575 885 3769 941; x_wconf 90' lang='lat' dir='ltr'>obiter</span> 
     </span>
    </p>
   </div>
   <div class='ocr_carea' id='block_1_40' title="bbox 2111 972 3768 1046">
    <p class='ocr_par' dir='ltr' id='par_1_40' title="bbox 2111 972 3768 1046">
     <span class='ocr_line' id='line_1_40' title="bbox 2111 972 3768 1046; baseline 0.004 -20"><span class='ocrx_word' id='word_1_287' title='bbox 2111 972 2398 1043; x_wconf 89' lang='lat' dir='ltr'>scriptum</span> <span class='ocrx_word' id='word_1_288' title='bbox 2459 972 2892 1043; x_wconf 87' lang='lat' dir='ltr'>apocryphum,</span> <span class='ocrx_word' id='word_1_289' title='bbox 2950 973 3268 1044; x_wconf 89' lang='lat' dir='ltr'>rejiculum</span> <span class='ocrx_word' id='word_1_290' title='bbox 3309 979 3367 1028; x_wconf 93' lang='lat' dir='ltr'>et</span> <span class='ocrx_word' id='word_1_291' title='bbox 3423 975 3768 1046; x_wconf 90' lang='lat' dir='ltr'>reprobum.</span> 
     </span>
    </p>
   </div>
   <div class='ocr_carea' id='block_1_41' title="bbox 2112 1061 3769 1132">
    <p class='ocr_par' dir='ltr' id='par_1_41' title="bbox 2112 1061 3769 1132">
     <span class='ocr_line' id='line_1_41' title="bbox 2112 1061 3769 1132; baseline 0.002 -17"><span class='ocrx_word' id='word_1_292' title='bbox 2112 1063 2254 1116; x_wconf 88' lang='lat' dir='ltr'>Nam</span> <span class='ocrx_word' id='word_1_293' title='bbox 2291 1067 2434 1131; x_wconf 90' lang='lat' dir='ltr'>quot</span> <span class='ocrx_word' id='word_1_294' title='bbox 2459 1061 2644 1116; x_wconf 91' lang='lat' dir='ltr'>libros</span> <span class='ocrx_word' id='word_1_295' title='bbox 2677 1061 2948 1132; x_wconf 87' lang='lat' dir='ltr'>ejusdem</span> <span class='ocrx_word' id='word_1_296' title='bbox 2978 1062 3186 1118; x_wconf 87' lang='lat' dir='ltr'>farina</span> <span class='ocrx_word' id='word_1_297' title='bbox 3238 1063 3443 1119; x_wconf 86' lang='lat' dir='ltr'>laudat</span> <span class='ocrx_word' id='word_1_298' title='bbox 3492 1064 3769 1120; x_wconf 87' lang='lat' dir='ltr'>Clemens</span> 
     </span>
    </p>
   </div>
   <div class='ocr_carea' id='block_1_42' title="bbox 2112 1150 3768 1226">
    <p class='ocr_par' dir='ltr' id='par_1_42' title="bbox 2112 1150 3768 1226">
     <span class='ocr_line' id='line_1_42' title="bbox 2112 1150 3768 1226; baseline 0.002 -21"><span class='ocrx_word' id='word_1_299' title='bbox 2112 1150 2550 1205; x_wconf 83' lang='lat' dir='ltr'>Alexandrinus</span> <span class='ocrx_word' id='word_1_300' title='bbox 2581 1150 2608 1204; x_wconf 82' lang='lat'><strong>?</strong></span> <span class='ocrx_word' id='word_1_301' title='bbox 2641 1151 3025 1207; x_wconf 90' lang='lat' dir='ltr'>Verissimum</span> <span class='ocrx_word' id='word_1_302' title='bbox 3092 1169 3307 1224; x_wconf 88' lang='lat' dir='ltr'>nempe</span> <span class='ocrx_word' id='word_1_303' title='bbox 3353 1160 3442 1208; x_wconf 90' lang='lat' dir='ltr'>est</span> <span class='ocrx_word' id='word_1_304' title='bbox 3496 1158 3768 1226; x_wconf 88' lang='lat' dir='ltr'>tempore</span> 
     </span>
    </p>
   </div>
   <div class='ocr_carea' id='block_1_43' title="bbox 2109 1239 3778 1313">
    <p class='ocr_par' dir='ltr' id='par_1_43' title="bbox 2109 1239 3778 1313">
     <span class='ocr_line' id='line_1_43' title="bbox 2109 1239 3778 1313; baseline 0.002 -19"><span class='ocrx_word' id='word_1_305' title='bbox 2109 1256 2259 1310; x_wconf 90' lang='lat' dir='ltr'>opus</span> <span class='ocrx_word' id='word_1_306' title='bbox 2289 1239 2492 1306; x_wconf 84' lang='lat' dir='ltr'>fuisse,</span> <span class='ocrx_word' id='word_1_307' title='bbox 2529 1244 2594 1292; x_wconf 92' lang='lat' dir='ltr'>ut</span> <span class='ocrx_word' id='word_1_308' title='bbox 2643 1239 2920 1295; x_wconf 87' lang='lat' dir='ltr'>Ecclesia</span> <span class='ocrx_word' id='word_1_309' title='bbox 2964 1242 3321 1296; x_wconf 88' lang='lat' dir='ltr'>auctoritate</span> <span class='ocrx_word' id='word_1_310' title='bbox 3381 1242 3778 1313; x_wconf 89' lang='lat' dir='ltr'>rejicerentur</span> 
     </span>
    </p>
   </div>
   <div class='ocr_carea' id='block_1_44' title="bbox 2108 1329 3768 1401">
    <p class='ocr_par' dir='ltr' id='par_1_44' title="bbox 2108 1329 3768 1401">
     <span class='ocr_line' id='line_1_44' title="bbox 2108 1329 3768 1401; baseline 0.002 -17"><span class='ocrx_word' id='word_1_311' title='bbox 2108 1329 2276 1384; x_wconf 91' lang='lat' dir='ltr'>multi</span> <span class='ocrx_word' id='word_1_312' title='bbox 2309 1329 2472 1395; x_wconf 91' lang='lat' dir='ltr'>libri,</span> <span class='ocrx_word' id='word_1_313' title='bbox 2508 1330 2606 1400; x_wconf 90' lang='lat' dir='ltr'>qui</span> <span class='ocrx_word' id='word_1_314' title='bbox 2639 1330 2849 1401; x_wconf 90' lang='lat' dir='ltr'>primis</span> <span class='ocrx_word' id='word_1_315' title='bbox 2879 1331 3114 1386; x_wconf 86' lang='lat' dir='ltr'>saculis</span> <span class='ocrx_word' id='word_1_316' title='bbox 3146 1331 3520 1387; x_wconf 80' lang='lat' dir='ltr'>auctoritatis</span> <span class='ocrx_word' id='word_1_317' title='bbox 3547 1333 3768 1388; x_wconf 90' lang='lat' dir='ltr'>saltem</span> 
     </span>
    </p>
   </div>
   <div class='ocr_carea' id='block_1_45' title="bbox 2107 1418 3773 1491">
    <p class='ocr_par' dir='ltr' id='par_1_45' title="bbox 2107 1418 3773 1491">
     <span class='ocr_line' id='line_1_45' title="bbox 2107 1418 3773 1491; baseline 0.002 -17"><span class='ocrx_word' id='word_1_318' title='bbox 2107 1419 2435 1489; x_wconf 87' lang='lat' dir='ltr'>anticipitis</span> <span class='ocrx_word' id='word_1_319' title='bbox 2467 1418 2723 1473; x_wconf 86' lang='lat' dir='ltr'>fuerant.</span> <span class='ocrx_word' id='word_1_320' title='bbox 2760 1441 2788 1468; x_wconf 89' lang='grc'>››</span> <span class='ocrx_word' id='word_1_321' title='bbox 2813 1419 3095 1475; x_wconf 88' lang='lat' dir='ltr'>Observat</span> <span class='ocrx_word' id='word_1_322' title='bbox 3115 1419 3245 1491; x_wconf 91' lang='lat' dir='ltr'>ipse</span> <span class='ocrx_word' id='word_1_323' title='bbox 3275 1420 3615 1476; x_wconf 91' lang='lat' dir='ltr'>Blondellus</span> <span class='ocrx_word' id='word_1_324' title='bbox 3645 1438 3773 1477; x_wconf 86' lang='lat' dir='ltr'>non</span> 
     </span>
    </p>
   </div>
   <div class='ocr_carea' id='block_1_46' title="bbox 2107 1511 3774 1582">
    <p class='ocr_par' dir='ltr' id='par_1_46' title="bbox 2107 1511 3774 1582">
     <span class='ocr_line' id='line_1_46' title="bbox 2107 1511 3774 1582; baseline 0.002 -19"><span class='ocrx_word' id='word_1_325' title='bbox 2107 1514 2250 1564; x_wconf 86' lang='lat' dir='ltr'>tunc</span> <span class='ocrx_word' id='word_1_326' title='bbox 2281 1514 2584 1578; x_wconf 86' lang='lat' dir='ltr'>repertum</span> <span class='ocrx_word' id='word_1_327' title='bbox 2613 1525 2743 1564; x_wconf 90' lang='lat' dir='ltr'>esse</span> <span class='ocrx_word' id='word_1_328' title='bbox 2775 1511 3268 1582; x_wconf 90' lang='lat' dir='ltr'>quemquam,qui</span> <span class='ocrx_word' id='word_1_329' title='bbox 3287 1512 3545 1566; x_wconf 87' lang='lat' dir='ltr'>cavenda</span> <span class='ocrx_word' id='word_1_330' title='bbox 3564 1512 3774 1568; x_wconf 88' lang='lat' dir='ltr'>omnia</span> 
     </span>
    </p>
   </div>
   <div class='ocr_carea' id='block_1_47' title="bbox 2105 1598 3772 1670">
    <p class='ocr_par' dir='ltr' id='par_1_47' title="bbox 2105 1598 3772 1670">
     <span class='ocr_line' id='line_1_47' title="bbox 2105 1598 3772 1670; baseline 0.001 -16"><span class='ocrx_word' id='word_1_331' title='bbox 2105 1598 2466 1670; x_wconf 85' lang='lat' dir='ltr'>apocrypha,</span> <span class='ocrx_word' id='word_1_332' title='bbox 2499 1603 2557 1652; x_wconf 94' lang='lat' dir='ltr'>et</span> <span class='ocrx_word' id='word_1_333' title='bbox 2576 1598 2816 1669; x_wconf 79' lang='lat' dir='ltr'>grandis</span> <span class='ocrx_word' id='word_1_334' title='bbox 2851 1614 2977 1653; x_wconf 88' lang='lat' dir='ltr'>esse</span> <span class='ocrx_word' id='word_1_335' title='bbox 3010 1599 3344 1670; x_wconf 86' lang='lat' dir='ltr'>prudentia</span> <span class='ocrx_word' id='word_1_336' title='bbox 3369 1601 3772 1670; x_wconf 87' lang='lat' dir='ltr'>meminisset,</span> 
     </span>
    </p>
   </div>
   <div class='ocr_carea' id='block_1_48' title="bbox 2106 1686 3778 1759">
    <p class='ocr_par' dir='ltr' id='par_1_48' title="bbox 2106 1686 3778 1759">
     <span class='ocr_line' id='line_1_48' title="bbox 2106 1686 3778 1759; baseline 0.002 -16"><span class='ocrx_word' id='word_1_337' title='bbox 2106 1703 2314 1743; x_wconf 88' lang='lat' dir='ltr'>aurum</span> <span class='ocrx_word' id='word_1_338' title='bbox 2349 1687 2410 1740; x_wconf 93' lang='lat' dir='ltr'>in</span> <span class='ocrx_word' id='word_1_339' title='bbox 2445 1686 2568 1741; x_wconf 90' lang='lat' dir='ltr'>luto</span> <span class='ocrx_word' id='word_1_340' title='bbox 2602 1703 2868 1757; x_wconf 85' lang='lat' dir='ltr'>quaerere</span> <span class='ocrx_word' id='word_1_341' title='bbox 2902 1703 2916 1742; x_wconf 92' lang='lat'><strong>:</strong></span> <span class='ocrx_word' id='word_1_342' title='bbox 2951 1687 3109 1759; x_wconf 91' lang='lat' dir='ltr'>quod</span> <span class='ocrx_word' id='word_1_343' title='bbox 3140 1694 3346 1759; x_wconf 90' lang='lat' dir='ltr'>postea</span> <span class='ocrx_word' id='word_1_344' title='bbox 3374 1689 3514 1745; x_wconf 89' lang='lat' dir='ltr'>fecit</span> <span class='ocrx_word' id='word_1_345' title='bbox 3559 1689 3778 1746; x_wconf 89' lang='lat' dir='ltr'>Hiero-</span> 
     </span>
    </p>
   </div>
   <div class='ocr_carea' id='block_1_49' title="bbox 2106 1775 3774 1848">
    <p class='ocr_par' dir='ltr' id='par_1_49' title="bbox 2106 1775 3774 1848">
     <span class='ocr_line' id='line_1_49' title="bbox 2106 1775 3774 1848; baseline 0.002 -16"><span class='ocrx_word' id='word_1_346' title='bbox 2106 1792 2341 1848; x_wconf 90' lang='lat' dir='ltr'>nymus.</span> <span class='ocrx_word' id='word_1_347' title='bbox 2378 1775 2490 1831; x_wconf 92' lang='lat' dir='ltr'>Sed</span> <span class='ocrx_word' id='word_1_348' title='bbox 2523 1781 2580 1830; x_wconf 92' lang='lat' dir='ltr'>et</span> <span class='ocrx_word' id='word_1_349' title='bbox 2611 1776 2712 1830; x_wconf 83' lang='lat' dir='ltr'>diu</span> <span class='ocrx_word' id='word_1_350' title='bbox 2735 1782 2870 1831; x_wconf 90' lang='lat' dir='ltr'>ante</span> <span class='ocrx_word' id='word_1_351' title='bbox 2897 1776 3260 1833; x_wconf 89' lang='lat' dir='ltr'>Clementem</span> <span class='ocrx_word' id='word_1_352' title='bbox 3291 1778 3774 1835; x_wconf 84' lang='lat' dir='ltr'>Alexandrinum</span> 
     </span>
    </p>
   </div>
   <div class='ocr_carea' id='block_1_50' title="bbox 2106 1867 3779 1941">
    <p class='ocr_par' dir='ltr' id='par_1_50' title="bbox 2106 1867 3779 1941">
     <span class='ocr_line' id='line_1_50' title="bbox 2106 1867 3779 1941; baseline 0.001 -17"><span class='ocrx_word' id='word_1_353' title='bbox 2106 1868 2207 1924; x_wconf 85' lang='lat' dir='ltr'>alii</span> <span class='ocrx_word' id='word_1_354' title='bbox 2242 1869 2299 1923; x_wconf 92' lang='lat' dir='ltr'>id</span> <span class='ocrx_word' id='word_1_355' title='bbox 2330 1867 2616 1923; x_wconf 90' lang='lat' dir='ltr'>fecerunt.</span> <span class='ocrx_word' id='word_1_356' title='bbox 2647 1868 2855 1922; x_wconf 87' lang='lat' dir='ltr'>Narrat</span> <span class='ocrx_word' id='word_1_357' title='bbox 2878 1869 3038 1923; x_wconf 90' lang='lat' dir='ltr'>enim</span> <span class='ocrx_word' id='word_1_358' title='bbox 3085 1869 3373 1925; x_wconf 90' lang='lat' dir='ltr'>Eusebius</span> <span class='ocrx_word' id='word_1_359' title='bbox 3406 1870 3716 1941; x_wconf 89' lang='lat' dir='ltr'>Papiam,u</span> <span class='ocrx_word' id='word_1_360' title='bbox 3731 1873 3779 1926; x_wconf 85' lang='lat' dir='ltr'>ti</span> 
     </span>
    </p>
   </div>
   <div class='ocr_carea' id='block_1_51' title="bbox 2105 1956 3784 2030">
    <p class='ocr_par' dir='ltr' id='par_1_51' title="bbox 2105 1956 3784 2030">
     <span class='ocr_line' id='line_1_51' title="bbox 2105 1956 3784 2030; baseline 0.002 -18"><span class='ocrx_word' id='word_1_361' title='bbox 2105 1958 2234 2030; x_wconf 89' lang='lat' dir='ltr'>ejus</span> <span class='ocrx_word' id='word_1_362' title='bbox 2266 1957 2611 2012; x_wconf 90' lang='lat' dir='ltr'>testimonia</span> <span class='ocrx_word' id='word_1_363' title='bbox 2628 1974 2734 2027; x_wconf 92' lang='lat' dir='ltr'>pro</span> <span class='ocrx_word' id='word_1_364' title='bbox 2767 1956 3011 2011; x_wconf 88' lang='lat' dir='ltr'>diversis</span> <span class='ocrx_word' id='word_1_365' title='bbox 3043 1959 3099 2014; x_wconf 92' lang='lat' dir='ltr'>S.</span> <span class='ocrx_word' id='word_1_366' title='bbox 3137 1958 3454 2030; x_wconf 90' lang='lat' dir='ltr'>Scriptura</span> <span class='ocrx_word' id='word_1_367' title='bbox 3485 1959 3677 2026; x_wconf 88' lang='lat' dir='ltr'>libris,</span> <span class='ocrx_word' id='word_1_368' title='bbox 3701 1966 3784 2016; x_wconf 90' lang='lat' dir='ltr'>ut</span> 
     </span>
    </p>
   </div>
   <div class='ocr_carea' id='block_1_52' title="bbox 2106 2045 3777 2119">
    <p class='ocr_par' dir='ltr' id='par_1_52' title="bbox 2106 2045 3777 2119">
     <span class='ocr_line' id='line_1_52' title="bbox 2106 2045 3777 2119; baseline 0.004 -18"><span class='ocrx_word' id='word_1_369' title='bbox 2106 2046 2279 2113; x_wconf 91' lang='lat' dir='ltr'>solet,</span> <span class='ocrx_word' id='word_1_370' title='bbox 2312 2045 2757 2112; x_wconf 88' lang='lat' dir='ltr'>adducit,aliam</span> <span class='ocrx_word' id='word_1_371' title='bbox 2788 2063 3025 2116; x_wconf 88' lang='lat' dir='ltr'>quoque</span> <span class='ocrx_word' id='word_1_372' title='bbox 3059 2049 3405 2119; x_wconf 84' lang='lat' dir='ltr'>exposuisse</span> <span class='ocrx_word' id='word_1_373' title='bbox 3459 2047 3777 2107; x_wconf 81' lang='lat' dir='ltr'>historiam</span> 
     </span>
    </p>
   </div>
   <div class='ocr_carea' id='block_1_53' title="bbox 2103 2137 3778 2208">
    <p class='ocr_par' dir='ltr' id='par_1_53' title="bbox 2103 2137 3778 2208">
     <span class='ocr_line' id='line_1_53' title="bbox 2103 2137 3778 2208; baseline 0.002 -16"><span class='ocrx_word' id='word_1_374' title='bbox 2103 2137 2175 2192; x_wconf 90' lang='lat' dir='ltr'>de</span> <span class='ocrx_word' id='word_1_375' title='bbox 2207 2138 2480 2204; x_wconf 91' lang='lat' dir='ltr'>muliere,</span> <span class='ocrx_word' id='word_1_376' title='bbox 2515 2154 2647 2208; x_wconf 85' lang='lat' dir='ltr'>qua</span> <span class='ocrx_word' id='word_1_377' title='bbox 2679 2137 3004 2192; x_wconf 89' lang='lat' dir='ltr'>multorum</span> <span class='ocrx_word' id='word_1_378' title='bbox 3037 2138 3353 2193; x_wconf 89' lang='lat' dir='ltr'>criminum</span> <span class='ocrx_word' id='word_1_379' title='bbox 3389 2155 3588 2193; x_wconf 89' lang='lat' dir='ltr'>coram</span> <span class='ocrx_word' id='word_1_380' title='bbox 3644 2142 3778 2195; x_wconf 81' lang='lat' dir='ltr'>Do-</span> 
     </span>
    </p>
   </div>
   <div class='ocr_carea' id='block_1_54' title="bbox 2104 2222 3779 2301">
    <p class='ocr_par' dir='ltr' id='par_1_54' title="bbox 2104 2222 3779 2301">
     <span class='ocr_line' id='line_1_54' title="bbox 2104 2222 3779 2301; baseline 0.002 -21"><span class='ocrx_word' id='word_1_381' title='bbox 2104 2226 2264 2281; x_wconf 89' lang='lat' dir='ltr'>mino</span> <span class='ocrx_word' id='word_1_382' title='bbox 2299 2231 2579 2282; x_wconf 86' lang='lat' dir='ltr'>accusata</span> <span class='ocrx_word' id='word_1_383' title='bbox 2606 2231 2713 2292; x_wconf 91' lang='lat' dir='ltr'>est,</span> <span class='ocrx_word' id='word_1_384' title='bbox 2759 2223 2824 2292; x_wconf 70' lang='grc' dir='ltr'>ἣν</span> <span class='ocrx_word' id='word_1_385' title='bbox 2869 2224 2930 2277; x_wconf 80' lang='grc' dir='ltr'>τὸ</span> <span class='ocrx_word' id='word_1_386' title='bbox 2987 2226 3108 2287; x_wconf 82' lang='grc' dir='ltr'>καθ’</span> <span class='ocrx_word' id='word_1_387' title='bbox 3164 2222 3458 2298; x_wconf 74' lang='grc' dir='ltr'>Ἐϐραίους</span> <span class='ocrx_word' id='word_1_388' title='bbox 3529 2225 3779 2301; x_wconf 72' lang='grc' dir='ltr'>Εὐαγγέ-</span> 
     </span>
    </p>
   </div>
   <div class='ocr_carea' id='block_1_55' title="bbox 2105 2313 3774 2390">
    <p class='ocr_par' dir='ltr' id='par_1_55' title="bbox 2105 2313 3774 2390">
     <span class='ocr_line' id='line_1_55' title="bbox 2105 2313 3774 2390; baseline 0.005 -21"><span class='ocrx_word' id='word_1_389' title='bbox 2105 2313 2225 2370; x_wconf 79' lang='grc' dir='ltr'>λιον</span> <span class='ocrx_word' id='word_1_390' title='bbox 2241 2314 2542 2390; x_wconf 83' lang='grc' dir='ltr'>περιέχει,‹‹</span> <span class='ocrx_word' id='word_1_391' title='bbox 2559 2333 2670 2386; x_wconf 84' lang='lat' dir='ltr'>qua</span> <span class='ocrx_word' id='word_1_392' title='bbox 2683 2333 2733 2369; x_wconf 91' lang='lat' dir='ltr'>m</span> <span class='ocrx_word' id='word_1_393' title='bbox 2749 2316 3130 2387; x_wconf 87' lang='lat' dir='ltr'>Evangelium</span> <span class='ocrx_word' id='word_1_394' title='bbox 3145 2318 3462 2372; x_wconf 88' lang='lat' dir='ltr'>secundum</span> <span class='ocrx_word' id='word_1_395' title='bbox 3485 2319 3774 2377; x_wconf 67' lang='lat' dir='ltr'>Hebraeos</span> 
     </span>
    </p>
   </div>
   <div class='ocr_carea' id='block_1_56' title="bbox 2105 2404 3770 2477">
    <p class='ocr_par' dir='ltr' id='par_1_56' title="bbox 2105 2404 3770 2477">
     <span class='ocr_line' id='line_1_56' title="bbox 2105 2404 3770 2477; baseline 0.003 -17"><span class='ocrx_word' id='word_1_396' title='bbox 2105 2406 2393 2460; x_wconf 87' lang='lat' dir='ltr'>continet.</span> <span class='ocrx_word' id='word_1_397' title='bbox 2433 2427 2459 2454; x_wconf 83' lang='grc'>››</span> <span class='ocrx_word' id='word_1_398' title='bbox 2492 2405 2721 2475; x_wconf 85' lang='lat' dir='ltr'>Excipit</span> <span class='ocrx_word' id='word_1_399' title='bbox 2761 2404 3032 2466; x_wconf 76' lang='lat' dir='ltr'>Dallaeus,</span> <span class='ocrx_word' id='word_1_400' title='bbox 3068 2405 3311 2477; x_wconf 89' lang='lat' dir='ltr'>Papiam</span> <span class='ocrx_word' id='word_1_401' title='bbox 3357 2408 3547 2463; x_wconf 87' lang='lat' dir='ltr'>virum</span> <span class='ocrx_word' id='word_1_402' title='bbox 3579 2409 3770 2465; x_wconf 90' lang='lat' dir='ltr'>fuisse</span> 
     </span>
    </p>
   </div>
   <div class='ocr_carea' id='block_1_57' title="bbox 2106 2493 3765 2566">
    <p class='ocr_par' dir='ltr' id='par_1_57' title="bbox 2106 2493 3765 2566">
     <span class='ocr_line' id='line_1_57' title="bbox 2106 2493 3765 2566; baseline 0.004 -18"><span class='ocrx_word' id='word_1_403' title='bbox 2106 2494 2391 2549; x_wconf 89' lang='lat' dir='ltr'>mediocri</span> <span class='ocrx_word' id='word_1_404' title='bbox 2423 2493 2680 2562; x_wconf 76' lang='lat' dir='ltr'>ingenio,</span> <span class='ocrx_word' id='word_1_405' title='bbox 2714 2493 3215 2564; x_wconf 82' lang='lat' dir='ltr'>Eusebiijudicio.</span> <span class='ocrx_word' id='word_1_406' title='bbox 3254 2496 3309 2550; x_wconf 94' lang='lat' dir='ltr'>Si</span> <span class='ocrx_word' id='word_1_407' title='bbox 3367 2496 3509 2566; x_wconf 91' lang='lat' dir='ltr'>quid</span> <span class='ocrx_word' id='word_1_408' title='bbox 3558 2504 3765 2555; x_wconf 91' lang='lat' dir='ltr'>autem</span> 
     </span>
    </p>
   </div>
   <div class='ocr_carea' id='block_1_58' title="bbox 2098 2582 3760 2657">
    <p class='ocr_par' dir='ltr' id='par_1_58' title="bbox 2098 2582 3760 2657">
     <span class='ocr_line' id='line_1_58' title="bbox 2098 2582 3760 2657; baseline 0.004 -20"><span class='ocrx_word' id='word_1_409' title='bbox 2098 2583 2335 2638; x_wconf 89' lang='lat' dir='ltr'>Eusebii</span> <span class='ocrx_word' id='word_1_410' title='bbox 2383 2582 2680 2653; x_wconf 84' lang='lat' dir='ltr'>judicium</span> <span class='ocrx_word' id='word_1_411' title='bbox 2750 2583 3032 2638; x_wconf 87' lang='lat' dir='ltr'>adversus</span> <span class='ocrx_word' id='word_1_412' title='bbox 3088 2585 3332 2656; x_wconf 89' lang='lat' dir='ltr'>Papiam</span> <span class='ocrx_word' id='word_1_413' title='bbox 3363 2586 3536 2647; x_wconf 85' lang='lat' dir='ltr'>valet.</span> <span class='ocrx_word' id='word_1_414' title='bbox 3571 2603 3760 2657; x_wconf 87' lang='lat' dir='ltr'>quare</span> 
     </span>
    </p>
   </div>
   <div class='ocr_carea' id='block_1_59' title="bbox 2098 2671 3760 2747">
    <p class='ocr_par' dir='ltr' id='par_1_59' title="bbox 2098 2671 3760 2747">
     <span class='ocr_line' id='line_1_59' title="bbox 2098 2671 3760 2747; baseline 0.003 -20"><span class='ocrx_word' id='word_1_415' title='bbox 2098 2690 2204 2745; x_wconf 93' lang='lat' dir='ltr'>pro</span> <span class='ocrx_word' id='word_1_416' title='bbox 2256 2673 2478 2744; x_wconf 83' lang='lat' dir='ltr'>Ignatio</span> <span class='ocrx_word' id='word_1_417' title='bbox 2530 2672 2678 2726; x_wconf 91' lang='lat' dir='ltr'>nihil</span> <span class='ocrx_word' id='word_1_418' title='bbox 2727 2671 2992 2728; x_wconf 82' lang='lat' dir='ltr'>valeret?</span> <span class='ocrx_word' id='word_1_419' title='bbox 3024 2690 3156 2728; x_wconf 91' lang='lat' dir='ltr'>cum</span> <span class='ocrx_word' id='word_1_420' title='bbox 3189 2673 3260 2728; x_wconf 92' lang='lat' dir='ltr'>de</span> <span class='ocrx_word' id='word_1_421' title='bbox 3292 2675 3486 2746; x_wconf 85' lang='lat' dir='ltr'>Papiae</span> <span class='ocrx_word' id='word_1_422' title='bbox 3522 2677 3760 2747; x_wconf 87' lang='lat' dir='ltr'>scriptis</span> 
     </span>
    </p>
   </div>
   <div class='ocr_carea' id='block_1_60' title="bbox 2091 2761 3760 2836">
    <p class='ocr_par' dir='ltr' id='par_1_60' title="bbox 2091 2761 3760 2836">
     <span class='ocr_line' id='line_1_60' title="bbox 2091 2761 3760 2836; baseline 0.003 -20"><span class='ocrx_word' id='word_1_423' title='bbox 2091 2762 2325 2834; x_wconf 90' lang='lat' dir='ltr'>judicat</span> <span class='ocrx_word' id='word_1_424' title='bbox 2354 2761 2662 2828; x_wconf 88' lang='lat' dir='ltr'>Eusebius,</span> <span class='ocrx_word' id='word_1_425' title='bbox 2698 2761 2827 2832; x_wconf 87' lang='lat' dir='ltr'>ejus</span> <span class='ocrx_word' id='word_1_426' title='bbox 2877 2763 3238 2818; x_wconf 87' lang='lat' dir='ltr'>sententiam</span> <span class='ocrx_word' id='word_1_427' title='bbox 3274 2764 3652 2836; x_wconf 87' lang='lat' dir='ltr'>amplectitur</span> <span class='ocrx_word' id='word_1_428' title='bbox 3670 2767 3760 2823; x_wconf 88' lang='lat' dir='ltr'>vir</span> 
     </span>
    </p>
   </div>
   <div class='ocr_carea' id='block_1_61' title="bbox 2099 2850 3752 2924">
    <p class='ocr_par' dir='ltr' id='par_1_61' title="bbox 2099 2850 3752 2924">
     <span class='ocr_line' id='line_1_61' title="bbox 2099 2850 3752 2924; baseline 0.003 -18"><span class='ocrx_word' id='word_1_429' title='bbox 2099 2851 2508 2917; x_wconf 89' lang='lat' dir='ltr'>doctissimus;</span> <span class='ocrx_word' id='word_1_430' title='bbox 2535 2867 2666 2905; x_wconf 87' lang='lat' dir='ltr'>cum</span> <span class='ocrx_word' id='word_1_431' title='bbox 2700 2850 2771 2905; x_wconf 92' lang='lat' dir='ltr'>de</span> <span class='ocrx_word' id='word_1_432' title='bbox 2805 2851 3073 2921; x_wconf 86' lang='lat' dir='ltr'>epistolis</span> <span class='ocrx_word' id='word_1_433' title='bbox 3105 2853 3752 2924; x_wconf 84' lang='lat' dir='ltr'>S.Ignatiisententiam</span> 
     </span>
    </p>
   </div>
   <div class='ocr_carea' id='block_1_62' title="bbox 2099 2941 3748 3017">
    <p class='ocr_par' dir='ltr' id='par_1_62' title="bbox 2099 2941 3748 3017">
     <span class='ocr_line' id='line_1_62' title="bbox 2099 2941 3748 3017; baseline 0.003 -21"><span class='ocrx_word' id='word_1_434' title='bbox 2099 2943 2232 3010; x_wconf 88' lang='lat' dir='ltr'>fert,</span> <span class='ocrx_word' id='word_1_435' title='bbox 2260 2958 2478 3006; x_wconf 89' lang='lat' dir='ltr'>errare,</span> <span class='ocrx_word' id='word_1_436' title='bbox 2518 2941 2658 3007; x_wconf 89' lang='lat' dir='ltr'>labi,</span> <span class='ocrx_word' id='word_1_437' title='bbox 2691 2941 2883 3012; x_wconf 91' lang='lat' dir='ltr'>decipi</span> <span class='ocrx_word' id='word_1_438' title='bbox 2945 2959 3081 2996; x_wconf 90' lang='lat' dir='ltr'>eum</span> <span class='ocrx_word' id='word_1_439' title='bbox 3141 2944 3327 3000; x_wconf 85' lang='lat' dir='ltr'>libere</span> <span class='ocrx_word' id='word_1_440' title='bbox 3383 2947 3748 3017; x_wconf 88' lang='lat' dir='ltr'>pronuntiat.</span> 
     </span>
    </p>
   </div>
   <div class='ocr_carea' id='block_1_63' title="bbox 2099 3030 3745 3107">
    <p class='ocr_par' dir='ltr' id='par_1_63' title="bbox 2099 3030 3745 3107">
     <span class='ocr_line' id='line_1_63' title="bbox 2099 3030 3745 3107; baseline 0.003 -21"><span class='ocrx_word' id='word_1_441' title='bbox 2099 3033 2378 3095; x_wconf 86' lang='lat' dir='ltr'>Quanam</span> <span class='ocrx_word' id='word_1_442' title='bbox 2405 3030 2518 3085; x_wconf 88' lang='lat' dir='ltr'>erit</span> <span class='ocrx_word' id='word_1_443' title='bbox 2558 3031 2877 3085; x_wconf 89' lang='lat' dir='ltr'>auctoritas</span> <span class='ocrx_word' id='word_1_444' title='bbox 2919 3031 3134 3102; x_wconf 91' lang='lat' dir='ltr'>judicii</span> <span class='ocrx_word' id='word_1_445' title='bbox 3177 3035 3308 3107; x_wconf 90' lang='lat' dir='ltr'>ejus</span> <span class='ocrx_word' id='word_1_446' title='bbox 3360 3036 3420 3090; x_wconf 92' lang='lat' dir='ltr'>in</span> <span class='ocrx_word' id='word_1_447' title='bbox 3483 3036 3745 3106; x_wconf 81' lang='lat' dir='ltr'>Papiam,</span> 
     </span>
    </p>
   </div>
   <div class='ocr_carea' id='block_1_64' title="bbox 2098 3119 3748 3195">
    <p class='ocr_par' dir='ltr' id='par_1_64' title="bbox 2098 3119 3748 3195">
     <span class='ocr_line' id='line_1_64' title="bbox 2098 3119 3748 3195; baseline 0.005 -22"><span class='ocrx_word' id='word_1_448' title='bbox 2098 3120 2198 3190; x_wconf 91' lang='lat' dir='ltr'>qui</span> <span class='ocrx_word' id='word_1_449' title='bbox 2233 3126 2349 3174; x_wconf 89' lang='lat' dir='ltr'>tam</span> <span class='ocrx_word' id='word_1_450' title='bbox 2382 3119 2633 3190; x_wconf 89' lang='lat' dir='ltr'>turpiter</span> <span class='ocrx_word' id='word_1_451' title='bbox 2661 3119 2882 3190; x_wconf 89' lang='lat' dir='ltr'>lapsus,</span> <span class='ocrx_word' id='word_1_452' title='bbox 2917 3127 3037 3176; x_wconf 91' lang='lat' dir='ltr'>tam</span> <span class='ocrx_word' id='word_1_453' title='bbox 3070 3123 3352 3195; x_wconf 89' lang='lat' dir='ltr'>deceptus</span> <span class='ocrx_word' id='word_1_454' title='bbox 3374 3143 3500 3181; x_wconf 90' lang='lat' dir='ltr'>esse</span> <span class='ocrx_word' id='word_1_455' title='bbox 3530 3126 3748 3183; x_wconf 87' lang='lat' dir='ltr'>dicitur</span> 
     </span>
    </p>
   </div>
   <div class='ocr_carea' id='block_1_65' title="bbox 339 3186 3746 3292">
    <p class='ocr_par' dir='ltr' id='par_1_65' title="bbox 339 3186 3746 3292">
     <span class='ocr_line' id='line_1_65' title="bbox 339 3186 3746 3292; baseline -0.001 -18"><span class='ocrx_word' id='word_1_456' title='bbox 339 3220 578 3292; x_wconf 90' lang='lat' dir='ltr'>quando</span> <span class='ocrx_word' id='word_1_457' title='bbox 610 3219 684 3273; x_wconf 91' lang='lat' dir='ltr'>ad</span> <span class='ocrx_word' id='word_1_458' title='bbox 706 3235 806 3272; x_wconf 88' lang='lat' dir='ltr'>eos</span> <span class='ocrx_word' id='word_1_459' title='bbox 837 3218 937 3288; x_wconf 91' lang='lat' dir='ltr'>qui</span> <span class='ocrx_word' id='word_1_460' title='bbox 970 3218 1126 3274; x_wconf 90' lang='lat' dir='ltr'>circa</span> <span class='ocrx_word' id='word_1_461' title='bbox 1156 3221 1393 3272; x_wconf 87' lang='lat' dir='ltr'>Petrum</span> <span class='ocrx_word' id='word_1_462' title='bbox 1424 3218 1600 3278; x_wconf 84' lang='lat' dir='ltr'>venit,</span> <span class='ocrx_word' id='word_1_463' title='bbox 1653 3219 1734 3272; x_wconf 87' lang='lat' dir='ltr'>ait</span> <span class='ocrx_word' id='word_1_464' title='bbox 1795 3218 1936 3289; x_wconf 82' lang='lat' dir='ltr'>ipsis</span> <span class='ocrx_word' id='word_1_465' title='bbox 1973 3235 1984 3272; x_wconf 94' lang='lat'>:</span> <span class='ocrx_word' id='word_1_466' title='bbox 2016 3186 2067 3251; x_wconf 69' lang='grc' dir='ltr'><strong>Ο</strong></span> <span class='ocrx_word' id='word_1_467' title='bbox 2097 3210 2156 3264; x_wconf 78' lang='lat' dir='ltr'>in</span> <span class='ocrx_word' id='word_1_468' title='bbox 2190 3209 2458 3280; x_wconf 67' lang='lat' dir='ltr'>lgnalio?</span> <span class='ocrx_word' id='word_1_469' title='bbox 2482 3209 2791 3280; x_wconf 70' lang='lat' dir='ltr'>Utcunque</span> <span class='ocrx_word' id='word_1_470' title='bbox 2825 3210 2921 3278; x_wconf 73' lang='lat' dir='ltr'>sit,</span> <span class='ocrx_word' id='word_1_471' title='bbox 2949 3228 3070 3266; x_wconf 90' lang='lat' dir='ltr'>non</span> <span class='ocrx_word' id='word_1_472' title='bbox 3125 3213 3256 3270; x_wconf 88' lang='lat' dir='ltr'>ideo</span> <span class='ocrx_word' id='word_1_473' title='bbox 3289 3215 3603 3272; x_wconf 90' lang='lat' dir='ltr'>mediocris</span> <span class='ocrx_word' id='word_1_474' title='bbox 3645 3218 3746 3273; x_wconf 88' lang='lat' dir='ltr'>in-</span> 
     </span>
    </p>
   </div>
   <div class='ocr_carea' id='block_1_66' title="bbox 340 3301 1986 3379">
    <p class='ocr_par' dir='ltr' id='par_1_66' title="bbox 340 3301 1986 3379">
     <span class='ocr_line' id='line_1_66' title="bbox 340 3301 1986 3379; baseline -0.004 -15"><span class='ocrx_word' id='word_1_475' title='bbox 340 3306 1048 3379; x_wconf 69' lang='lat' dir='ltr'>Apprehenditepalpate</span> <span class='ocrx_word' id='word_1_476' title='bbox 1075 3324 1188 3370; x_wconf 88' lang='lat' dir='ltr'>me,</span> <span class='ocrx_word' id='word_1_477' title='bbox 1226 3314 1281 3361; x_wconf 90' lang='lat' dir='ltr'>et</span> <span class='ocrx_word' id='word_1_478' title='bbox 1311 3306 1524 3370; x_wconf 82' lang='lat' dir='ltr'>videte,</span> <span class='ocrx_word' id='word_1_479' title='bbox 1578 3304 1659 3358; x_wconf 81' lang='grc' dir='ltr'>ὅτι</span> <span class='ocrx_word' id='word_1_480' title='bbox 1714 3301 1814 3358; x_wconf 72' lang='grc' dir='ltr'>οῧκ</span> <span class='ocrx_word' id='word_1_481' title='bbox 1873 3304 1986 3376; x_wconf 83' lang='grc' dir='ltr'>εἶμι</span> 
     </span>
    </p>
   </div>
   <div class='ocr_carea' id='block_1_67' title="bbox 336 3394 1989 3467">
    <p class='ocr_par' dir='ltr' id='par_1_67' title="bbox 336 3394 1989 3467">
     <span class='ocr_line' id='line_1_67' title="bbox 336 3394 1989 3467; baseline 0.001 -18"><span class='ocrx_word' id='word_1_482' title='bbox 336 3394 618 3467; x_wconf 75' lang='grc' dir='ltr'>δαιμόνιον</span> <span class='ocrx_word' id='word_1_483' title='bbox 680 3395 988 3465; x_wconf 81' lang='grc' dir='ltr'>ἀσώματον.</span> <span class='ocrx_word' id='word_1_484' title='bbox 1053 3417 1081 3445; x_wconf 89' lang='grc'><strong>››</strong></span> <span class='ocrx_word' id='word_1_485' title='bbox 1159 3395 1540 3450; x_wconf 89' lang='lat' dir='ltr'>Protulerunt</span> <span class='ocrx_word' id='word_1_486' title='bbox 1614 3395 1738 3450; x_wconf 82' lang='lat' dir='ltr'>hac</span> <span class='ocrx_word' id='word_1_487' title='bbox 1812 3396 1989 3451; x_wconf 90' lang='lat' dir='ltr'>verba</span> 
     </span>
    </p>
   </div>
   <div class='ocr_carea' id='block_1_68' title="bbox 332 3483 1986 3559">
    <p class='ocr_par' dir='ltr' id='par_1_68' title="bbox 332 3483 1986 3559">
     <span class='ocr_line' id='line_1_68' title="bbox 332 3483 1986 3559; baseline -0.001 -18"><span class='ocrx_word' id='word_1_488' title='bbox 332 3486 540 3559; x_wconf 84' lang='lat' dir='ltr'>Ignatii</span> <span class='ocrx_word' id='word_1_489' title='bbox 571 3485 876 3554; x_wconf 86' lang='lat' dir='ltr'>Eusebius,</span> <span class='ocrx_word' id='word_1_490' title='bbox 911 3486 1324 3556; x_wconf 85' lang='lat' dir='ltr'>Hieronymus,</span> <span class='ocrx_word' id='word_1_491' title='bbox 1366 3483 1769 3539; x_wconf 87' lang='lat' dir='ltr'>Theodoretus</span> <span class='ocrx_word' id='word_1_492' title='bbox 1805 3503 1818 3551; x_wconf 90' lang='lat'><strong>;</strong></span> <span class='ocrx_word' id='word_1_493' title='bbox 1853 3485 1986 3540; x_wconf 83' lang='lat' dir='ltr'>nul-</span> 
     </span>
    </p>
   </div>
   <div class='ocr_carea' id='block_1_69' title="bbox 328 3573 1984 3647">
    <p class='ocr_par' dir='ltr' id='par_1_69' title="bbox 328 3573 1984 3647">
     <span class='ocr_line' id='line_1_69' title="bbox 328 3573 1984 3647; baseline -0.001 -15"><span class='ocrx_word' id='word_1_494' title='bbox 328 3577 444 3632; x_wconf 88' lang='lat' dir='ltr'>lam</span> <span class='ocrx_word' id='word_1_495' title='bbox 477 3581 676 3630; x_wconf 87' lang='lat' dir='ltr'>tamen</span> <span class='ocrx_word' id='word_1_496' title='bbox 706 3575 766 3630; x_wconf 91' lang='lat' dir='ltr'>in</span> <span class='ocrx_word' id='word_1_497' title='bbox 798 3575 921 3630; x_wconf 93' lang='lat' dir='ltr'>ullo</span> <span class='ocrx_word' id='word_1_498' title='bbox 955 3591 1092 3647; x_wconf 87' lang='lat' dir='ltr'>erga</span> <span class='ocrx_word' id='word_1_499' title='bbox 1138 3575 1194 3628; x_wconf 91' lang='lat' dir='ltr'>S.</span> <span class='ocrx_word' id='word_1_500' title='bbox 1256 3573 1483 3628; x_wconf 87' lang='lat' dir='ltr'>litteras</span> <span class='ocrx_word' id='word_1_501' title='bbox 1539 3574 1984 3630; x_wconf 87' lang='lat' dir='ltr'>irreverentiam</span> 
     </span>
    </p>
   </div>
   <div class='ocr_carea' id='block_1_70' title="bbox 331 3663 1985 3736">
    <p class='ocr_par' dir='ltr' id='par_1_70' title="bbox 331 3663 1985 3736">
     <span class='ocr_line' id='line_1_70' title="bbox 331 3663 1985 3736; baseline -0.001 -14"><span class='ocrx_word' id='word_1_502' title='bbox 331 3665 791 3735; x_wconf 88' lang='lat' dir='ltr'>notarunt,nihil</span> <span class='ocrx_word' id='word_1_503' title='bbox 824 3665 882 3719; x_wconf 93' lang='lat' dir='ltr'>in</span> <span class='ocrx_word' id='word_1_504' title='bbox 924 3665 995 3720; x_wconf 91' lang='lat' dir='ltr'>iis</span> <span class='ocrx_word' id='word_1_505' title='bbox 1041 3665 1231 3719; x_wconf 90' lang='lat' dir='ltr'>verbis</span> <span class='ocrx_word' id='word_1_506' title='bbox 1291 3663 1666 3719; x_wconf 90' lang='lat' dir='ltr'>sanctissimo</span> <span class='ocrx_word' id='word_1_507' title='bbox 1725 3671 1985 3736; x_wconf 86' lang='lat' dir='ltr'>martyre</span> 
     </span>
    </p>
   </div>
   <div class='ocr_carea' id='block_1_71' title="bbox 332 3754 1982 3829">
    <p class='ocr_par' dir='ltr' id='par_1_71' title="bbox 332 3754 1982 3829">
     <span class='ocr_line' id='line_1_71' title="bbox 332 3754 1982 3829; baseline -0.001 -17"><span class='ocrx_word' id='word_1_508' title='bbox 332 3757 641 3829; x_wconf 83' lang='lat' dir='ltr'>indignum</span> <span class='ocrx_word' id='word_1_509' title='bbox 677 3754 955 3825; x_wconf 89' lang='lat' dir='ltr'>suspicati</span> <span class='ocrx_word' id='word_1_510' title='bbox 991 3760 1162 3821; x_wconf 89' lang='lat' dir='ltr'>sunt;</span> <span class='ocrx_word' id='word_1_511' title='bbox 1199 3770 1306 3808; x_wconf 92' lang='lat' dir='ltr'>nos</span> <span class='ocrx_word' id='word_1_512' title='bbox 1338 3771 1540 3809; x_wconf 91' lang='lat' dir='ltr'>eorum</span> <span class='ocrx_word' id='word_1_513' title='bbox 1565 3754 1858 3825; x_wconf 89' lang='lat' dir='ltr'>judicium</span> <span class='ocrx_word' id='word_1_514' title='bbox 1893 3772 1982 3810; x_wconf 86' lang='lat' dir='ltr'>se-</span> 
     </span>
    </p>
   </div>
   <div class='ocr_carea' id='block_1_72' title="bbox 333 3843 1980 3917">
    <p class='ocr_par' dir='ltr' id='par_1_72' title="bbox 333 3843 1980 3917">
     <span class='ocr_line' id='line_1_72' title="bbox 333 3843 1980 3917; baseline -0.001 -16"><span class='ocrx_word' id='word_1_515' title='bbox 333 3846 724 3917; x_wconf 90' lang='lat' dir='ltr'>quimur.lmo</span> <span class='ocrx_word' id='word_1_516' title='bbox 754 3845 919 3899; x_wconf 90' lang='lat' dir='ltr'>locus</span> <span class='ocrx_word' id='word_1_517' title='bbox 951 3843 1356 3913; x_wconf 89' lang='lat' dir='ltr'>S.Hieronymi</span> <span class='ocrx_word' id='word_1_518' title='bbox 1380 3844 1639 3898; x_wconf 82' lang='lat' dir='ltr'>maxime</span> <span class='ocrx_word' id='word_1_519' title='bbox 1659 3845 1980 3910; x_wconf 89' lang='lat' dir='ltr'>notandus,</span> 
     </span>
    </p>
   </div>
   <div class='ocr_carea' id='block_1_73' title="bbox 327 3932 1982 4006">
    <p class='ocr_par' dir='ltr' id='par_1_73' title="bbox 327 3932 1982 4006">
     <span class='ocr_line' id='line_1_73' title="bbox 327 3932 1982 4006; baseline 0.001 -17"><span class='ocrx_word' id='word_1_520' title='bbox 327 3935 427 4005; x_wconf 91' lang='lat' dir='ltr'>qui</span> <span class='ocrx_word' id='word_1_521' title='bbox 456 3933 833 4006; x_wconf 85' lang='lat' dir='ltr'>Evangelium</span> <span class='ocrx_word' id='word_1_522' title='bbox 867 3933 977 3987; x_wconf 90' lang='lat' dir='ltr'>hoc</span> <span class='ocrx_word' id='word_1_523' title='bbox 1018 3938 1075 3986; x_wconf 87' lang='lat' dir='ltr'>et</span> <span class='ocrx_word' id='word_1_524' title='bbox 1107 3933 1163 3987; x_wconf 92' lang='lat' dir='ltr'>S.</span> <span class='ocrx_word' id='word_1_525' title='bbox 1226 3932 1540 4004; x_wconf 87' lang='lat' dir='ltr'>Ignatium,</span> <span class='ocrx_word' id='word_1_526' title='bbox 1574 3933 1750 3988; x_wconf 89' lang='lat' dir='ltr'>simul</span> <span class='ocrx_word' id='word_1_527' title='bbox 1813 3935 1982 4005; x_wconf 82' lang='lat' dir='ltr'>quasi</span> 
     </span>
    </p>
   </div>
   <div class='ocr_carea' id='block_1_74' title="bbox 323 4020 1980 4091">
    <p class='ocr_par' dir='ltr' id='par_1_74' title="bbox 323 4020 1980 4091">
     <span class='ocr_line' id='line_1_74' title="bbox 323 4020 1980 4091; baseline -0.001 -13"><span class='ocrx_word' id='word_1_528' title='bbox 323 4029 499 4078; x_wconf 88' lang='lat' dir='ltr'>testes</span> <span class='ocrx_word' id='word_1_529' title='bbox 539 4021 741 4078; x_wconf 88' lang='lat' dir='ltr'>laudat</span> <span class='ocrx_word' id='word_1_530' title='bbox 796 4021 898 4076; x_wconf 81' lang='lat' dir='ltr'>lib.</span> <span class='ocrx_word' id='word_1_531' title='bbox 963 4037 1046 4088; x_wconf 81' lang='grc' dir='ltr'>ιιι,</span> <span class='ocrx_word' id='word_1_532' title='bbox 1115 4020 1361 4074; x_wconf 76' lang='lat' dir='ltr'>advercis</span> <span class='ocrx_word' id='word_1_533' title='bbox 1429 4021 1796 4091; x_wconf 75' lang='lat' dir='ltr'>Pelagianos:</span> <span class='ocrx_word' id='word_1_534' title='bbox 1855 4024 1980 4078; x_wconf 87' lang='lat' dir='ltr'>«In</span> 
     </span>
    </p>
   </div>
   <div class='ocr_carea' id='block_1_75' title="bbox 322 4108 1980 4183">
    <p class='ocr_par' dir='ltr' id='par_1_75' title="bbox 322 4108 1980 4183">
     <span class='ocr_line' id='line_1_75' title="bbox 322 4108 1980 4183; baseline -0.001 -16"><span class='ocrx_word' id='word_1_535' title='bbox 322 4111 638 4183; x_wconf 88' lang='lat' dir='ltr'>Evangelio</span> <span class='ocrx_word' id='word_1_536' title='bbox 665 4112 840 4182; x_wconf 83' lang='lat' dir='ltr'>juxta</span> <span class='ocrx_word' id='word_1_537' title='bbox 873 4109 1169 4173; x_wconf 88' lang='lat' dir='ltr'>Hebraos,</span> <span class='ocrx_word' id='word_1_538' title='bbox 1208 4108 1365 4179; x_wconf 88' lang='lat' dir='ltr'>quod</span> <span class='ocrx_word' id='word_1_539' title='bbox 1395 4109 1707 4165; x_wconf 89' lang='lat' dir='ltr'>Chaldaico</span> <span class='ocrx_word' id='word_1_540' title='bbox 1740 4111 1980 4181; x_wconf 90' lang='lat' dir='ltr'>quidem</span> 
     </span>
    </p>
   </div>
   <div class='ocr_carea' id='block_1_76' title="bbox 325 4198 1977 4272">
    <p class='ocr_par' dir='ltr' id='par_1_76' title="bbox 325 4198 1977 4272">
     <span class='ocr_line' id='line_1_76' title="bbox 325 4198 1977 4272; baseline 0 -16"><span class='ocrx_word' id='word_1_541' title='bbox 325 4203 588 4272; x_wconf 88' lang='lat' dir='ltr'>Syroque</span> <span class='ocrx_word' id='word_1_542' title='bbox 620 4199 1028 4266; x_wconf 88' lang='lat' dir='ltr'>sermone,sed</span> <span class='ocrx_word' id='word_1_543' title='bbox 1060 4198 1364 4254; x_wconf 84' lang='lat' dir='ltr'>Hebraicis</span> <span class='ocrx_word' id='word_1_544' title='bbox 1425 4198 1638 4255; x_wconf 88' lang='lat' dir='ltr'>litteris</span> <span class='ocrx_word' id='word_1_545' title='bbox 1699 4201 1977 4272; x_wconf 86' lang='lat' dir='ltr'>scriptum</span> 
     </span>
    </p>
   </div>
   <div class='ocr_carea' id='block_1_77' title="bbox 326 4288 1978 4360">
    <p class='ocr_par' dir='ltr' id='par_1_77' title="bbox 326 4288 1978 4360">
     <span class='ocr_line' id='line_1_77' title="bbox 326 4288 1978 4360; baseline 0.001 -16"><span class='ocrx_word' id='word_1_546' title='bbox 326 4296 558 4360; x_wconf 87' lang='lat' dir='ltr'>est,quo</span> <span class='ocrx_word' id='word_1_547' title='bbox 583 4294 832 4344; x_wconf 91' lang='lat' dir='ltr'>utuntur</span> <span class='ocrx_word' id='word_1_548' title='bbox 862 4305 1050 4358; x_wconf 92' lang='lat' dir='ltr'>usque</span> <span class='ocrx_word' id='word_1_549' title='bbox 1083 4288 1258 4343; x_wconf 91' lang='lat' dir='ltr'>hodie</span> <span class='ocrx_word' id='word_1_550' title='bbox 1312 4289 1614 4354; x_wconf 75' lang='lat' dir='ltr'>Nazareni,</span> <span class='ocrx_word' id='word_1_551' title='bbox 1650 4290 1978 4346; x_wconf 89' lang='lat' dir='ltr'>secundum</span> 
     </span>
    </p>
   </div>
   <div class='ocr_carea' id='block_1_78' title="bbox 331 4377 1978 4450">
    <p class='ocr_par' dir='ltr' id='par_1_78' title="bbox 331 4377 1978 4450">
     <span class='ocr_line' id='line_1_78' title="bbox 331 4377 1978 4450; baseline 0.001 -17"><span class='ocrx_word' id='word_1_552' title='bbox 331 4377 651 4449; x_wconf 88' lang='lat' dir='ltr'>apostolos,</span> <span class='ocrx_word' id='word_1_553' title='bbox 681 4377 799 4432; x_wconf 91' lang='lat' dir='ltr'>sive</span> <span class='ocrx_word' id='word_1_554' title='bbox 838 4384 904 4433; x_wconf 90' lang='lat' dir='ltr'>ut</span> <span class='ocrx_word' id='word_1_555' title='bbox 961 4377 1231 4450; x_wconf 89' lang='lat' dir='ltr'>plerique</span> <span class='ocrx_word' id='word_1_556' title='bbox 1285 4383 1615 4446; x_wconf 86' lang='lat' dir='ltr'>autumant,</span> <span class='ocrx_word' id='word_1_557' title='bbox 1640 4379 1812 4450; x_wconf 86' lang='lat' dir='ltr'>juxta</span> <span class='ocrx_word' id='word_1_558' title='bbox 1842 4381 1978 4435; x_wconf 88' lang='lat' dir='ltr'>Mat-</span> 
     </span>
    </p>
   </div>
   <div class='ocr_carea' id='block_1_79' title="bbox 332 4466 1973 4538">
    <p class='ocr_par' dir='ltr' id='par_1_79' title="bbox 332 4466 1973 4538">
     <span class='ocr_line' id='line_1_79' title="bbox 332 4466 1973 4538; baseline 0.002 -16"><span class='ocrx_word' id='word_1_559' title='bbox 332 4466 739 4538; x_wconf 82' lang='lat' dir='ltr'>thaum,quod</span> <span class='ocrx_word' id='word_1_560' title='bbox 768 4471 824 4522; x_wconf 90' lang='lat' dir='ltr'>et</span> <span class='ocrx_word' id='word_1_561' title='bbox 847 4467 907 4522; x_wconf 90' lang='lat' dir='ltr'>in</span> <span class='ocrx_word' id='word_1_562' title='bbox 939 4467 1285 4522; x_wconf 75' lang='lat' dir='ltr'>Caesariensi</span> <span class='ocrx_word' id='word_1_563' title='bbox 1317 4467 1569 4523; x_wconf 89' lang='lat' dir='ltr'>habetur</span> <span class='ocrx_word' id='word_1_564' title='bbox 1590 4467 1973 4537; x_wconf 88' lang='lat' dir='ltr'>Bibliotheca,</span> 
     </span>
    </p>
   </div>
   <div class='ocr_carea' id='block_1_80' title="bbox 328 4556 890 4627">
    <p class='ocr_par' dir='ltr' id='par_1_80' title="bbox 328 4556 890 4627">
     <span class='ocr_line' id='line_1_80' title="bbox 328 4556 890 4627; baseline 0.002 -16"><span class='ocrx_word' id='word_1_565' title='bbox 328 4561 533 4612; x_wconf 89' lang='lat' dir='ltr'>narrat</span> <span class='ocrx_word' id='word_1_566' title='bbox 562 4556 832 4627; x_wconf 89' lang='lat' dir='ltr'>historia,</span> <span class='ocrx_word' id='word_1_567' title='bbox 869 4579 890 4605; x_wconf 78' lang='grc' dir='ltr'><strong>ι</strong></span> 
     </span>
    </p>
   </div>
   <div class='ocr_carea' id='block_1_81' title="bbox 329 4646 1977 4721">
    <p class='ocr_par' dir='ltr' id='par_1_81' title="bbox 329 4646 1977 4721">
     <span class='ocr_line' id='line_1_81' title="bbox 329 4646 1977 4721; baseline 0.001 -18"><span class='ocrx_word' id='word_1_568' title='bbox 329 4646 787 4718; x_wconf 87' lang='lat' dir='ltr'>martyr,scribit</span> <span class='ocrx_word' id='word_1_569' title='bbox 813 4646 1096 4703; x_wconf 89' lang='lat' dir='ltr'>audacter</span> <span class='ocrx_word' id='word_1_570' title='bbox 1129 4663 1141 4701; x_wconf 89' lang='lat'><strong><em>:</em></strong></span> <span class='ocrx_word' id='word_1_571' title='bbox 1171 4669 1197 4696; x_wconf 90' lang='grc'>‹‹</span> <span class='ocrx_word' id='word_1_572' title='bbox 1224 4647 1413 4718; x_wconf 78' lang='lat' dir='ltr'>Elegit</span> <span class='ocrx_word' id='word_1_573' title='bbox 1445 4647 1730 4704; x_wconf 91' lang='lat' dir='ltr'>Dominus</span> <span class='ocrx_word' id='word_1_574' title='bbox 1749 4655 1977 4721; x_wconf 89' lang='lat' dir='ltr'>aposto-</span> 
     </span>
    </p>
   </div>
   <div class='ocr_carea' id='block_1_82' title="bbox 327 4736 1976 4809">
    <p class='ocr_par' dir='ltr' id='par_1_82' title="bbox 327 4736 1976 4809">
     <span class='ocr_line' id='line_1_82' title="bbox 327 4736 1976 4809; baseline -0.002 -17"><span class='ocrx_word' id='word_1_575' title='bbox 327 4737 419 4792; x_wconf 92' lang='lat' dir='ltr'>los</span> <span class='ocrx_word' id='word_1_576' title='bbox 449 4737 548 4808; x_wconf 92' lang='lat' dir='ltr'>qui</span> <span class='ocrx_word' id='word_1_577' title='bbox 600 4754 780 4809; x_wconf 84' lang='lat' dir='ltr'>super</span> <span class='ocrx_word' id='word_1_578' title='bbox 810 4753 1017 4792; x_wconf 90' lang='lat' dir='ltr'>omnes</span> <span class='ocrx_word' id='word_1_579' title='bbox 1050 4736 1324 4792; x_wconf 86' lang='lat' dir='ltr'>homines</span> <span class='ocrx_word' id='word_1_580' title='bbox 1346 4743 1688 4809; x_wconf 86' lang='lat' dir='ltr'>peccatores</span> <span class='ocrx_word' id='word_1_581' title='bbox 1723 4745 1911 4796; x_wconf 91' lang='lat' dir='ltr'>erant.</span> <span class='ocrx_word' id='word_1_582' title='bbox 1949 4762 1976 4789; x_wconf 84' lang='grc'><strong>››</strong></span> 
     </span>
    </p>
   </div>
   <div class='ocr_carea' id='block_1_83' title="bbox 329 4826 1974 4899">
    <p class='ocr_par' dir='ltr' id='par_1_83' title="bbox 329 4826 1974 4899">
     <span class='ocr_line' id='line_1_83' title="bbox 329 4826 1974 4899; baseline 0.003 -17"><span class='ocrx_word' id='word_1_583' title='bbox 329 4827 552 4894; x_wconf 88' lang='lat' dir='ltr'>Quibus</span> <span class='ocrx_word' id='word_1_584' title='bbox 586 4826 943 4882; x_wconf 90' lang='lat' dir='ltr'>testimoniis</span> <span class='ocrx_word' id='word_1_585' title='bbox 975 4826 1023 4882; x_wconf 92' lang='lat' dir='ltr'>si</span> <span class='ocrx_word' id='word_1_586' title='bbox 1054 4844 1171 4882; x_wconf 91' lang='lat' dir='ltr'>non</span> <span class='ocrx_word' id='word_1_587' title='bbox 1194 4827 1378 4882; x_wconf 89' lang='lat' dir='ltr'>uteris</span> <span class='ocrx_word' id='word_1_588' title='bbox 1419 4827 1491 4883; x_wconf 89' lang='lat' dir='ltr'>ad</span> <span class='ocrx_word' id='word_1_589' title='bbox 1539 4830 1974 4899; x_wconf 79' lang='lat' dir='ltr'>auctoritatem,</span> 
     </span>
    </p>
   </div>
   <div class='ocr_carea' id='block_1_84' title="bbox 329 4917 1978 4989">
    <p class='ocr_par' dir='ltr' id='par_1_84' title="bbox 329 4917 1978 4989">
     <span class='ocr_line' id='line_1_84' title="bbox 329 4917 1978 4989; baseline 0.002 -15"><span class='ocrx_word' id='word_1_590' title='bbox 329 4924 496 4974; x_wconf 90' lang='lat' dir='ltr'>utere</span> <span class='ocrx_word' id='word_1_591' title='bbox 530 4917 741 4973; x_wconf 89' lang='lat' dir='ltr'>saltem</span> <span class='ocrx_word' id='word_1_592' title='bbox 773 4917 846 4973; x_wconf 90' lang='lat' dir='ltr'>ad</span> <span class='ocrx_word' id='word_1_593' title='bbox 878 4918 1317 4989; x_wconf 87' lang='lat' dir='ltr'>antiquitatem,</span> <span class='ocrx_word' id='word_1_594' title='bbox 1361 4917 1503 4989; x_wconf 90' lang='lat' dir='ltr'>quid</span> <span class='ocrx_word' id='word_1_595' title='bbox 1536 4935 1742 4974; x_wconf 90' lang='lat' dir='ltr'>omnes</span> <span class='ocrx_word' id='word_1_596' title='bbox 1797 4921 1978 4977; x_wconf 91' lang='lat' dir='ltr'>eccle-</span> 
     </span>
    </p>
   </div>
   <div class='ocr_carea' id='block_1_85' title="bbox 331 5007 1980 5067">
    <p class='ocr_par' dir='ltr' id='par_1_85' title="bbox 331 5007 1980 5067">
     <span class='ocr_line' id='line_1_85' title="bbox 331 5007 1980 5067; baseline 0.002 -3"><span class='ocrx_word' id='word_1_597' title='bbox 331 5007 550 5066; x_wconf 85' lang='lat' dir='ltr'>siastici</span> <span class='ocrx_word' id='word_1_598' title='bbox 583 5009 688 5062; x_wconf 89' lang='lat' dir='ltr'>viri</span> <span class='ocrx_word' id='word_1_599' title='bbox 736 5009 1054 5064; x_wconf 88' lang='lat' dir='ltr'>senserint.</span> <span class='ocrx_word' id='word_1_600' title='bbox 1093 5030 1118 5055; x_wconf 76' lang='grc'><strong>››</strong></span> <span class='ocrx_word' id='word_1_601' title='bbox 1151 5007 1262 5062; x_wconf 89' lang='lat' dir='ltr'>Sed</span> <span class='ocrx_word' id='word_1_602' title='bbox 1306 5007 1422 5062; x_wconf 86' lang='lat' dir='ltr'>illis</span> <span class='ocrx_word' id='word_1_603' title='bbox 1453 5008 1636 5063; x_wconf 93' lang='lat' dir='ltr'>multo</span> <span class='ocrx_word' id='word_1_604' title='bbox 1690 5011 1980 5067; x_wconf 90' lang='lat' dir='ltr'>oculatior</span> 
     </span>
    </p>
   </div>
   <div class='ocr_carea' id='block_1_86' title="bbox 332 5096 1974 5173">
    <p class='ocr_par' dir='ltr' id='par_1_86' title="bbox 332 5096 1974 5173">
     <span class='ocr_line' id='line_1_86' title="bbox 332 5096 1974 5173; baseline 0.001 -19"><span class='ocrx_word' id='word_1_605' title='bbox 332 5102 421 5154; x_wconf 91' lang='lat' dir='ltr'>est</span> <span class='ocrx_word' id='word_1_606' title='bbox 451 5096 724 5154; x_wconf 82' lang='lat' dir='ltr'>Dallaus.</span> <span class='ocrx_word' id='word_1_607' title='bbox 750 5097 964 5153; x_wconf 87' lang='lat' dir='ltr'>Habuit</span> <span class='ocrx_word' id='word_1_608' title='bbox 994 5098 1152 5153; x_wconf 90' lang='lat' dir='ltr'>enim</span> <span class='ocrx_word' id='word_1_609' title='bbox 1177 5097 1301 5152; x_wconf 84' lang='lat' dir='ltr'>hac</span> <span class='ocrx_word' id='word_1_610' title='bbox 1333 5097 1510 5152; x_wconf 85' lang='lat' dir='ltr'>verba</span> <span class='ocrx_word' id='word_1_611' title='bbox 1539 5113 1607 5152; x_wconf 89' lang='lat' dir='ltr'>ex</span> <span class='ocrx_word' id='word_1_612' title='bbox 1666 5101 1974 5173; x_wconf 85' lang='lat' dir='ltr'>Evangelio</span> 
     </span>
    </p>
   </div>
   <div class='ocr_carea' id='block_1_87' title="bbox 332 5188 1974 5260">
    <p class='ocr_par' dir='ltr' id='par_1_87' title="bbox 332 5188 1974 5260">
     <span class='ocr_line' id='line_1_87' title="bbox 332 5188 1974 5260; baseline 0.001 -15"><span class='ocrx_word' id='word_1_613' title='bbox 332 5188 598 5255; x_wconf 80' lang='lat' dir='ltr'>Hebrao,</span> <span class='ocrx_word' id='word_1_614' title='bbox 634 5188 792 5260; x_wconf 87' lang='lat' dir='ltr'>quod</span> <span class='ocrx_word' id='word_1_615' title='bbox 810 5189 1216 5260; x_wconf 88' lang='lat' dir='ltr'>apocryphum</span> <span class='ocrx_word' id='word_1_616' title='bbox 1251 5193 1359 5242; x_wconf 87' lang='lat' dir='ltr'>est.</span> <span class='ocrx_word' id='word_1_617' title='bbox 1396 5188 1702 5256; x_wconf 86' lang='lat' dir='ltr'>Fortasse;</span> <span class='ocrx_word' id='word_1_618' title='bbox 1729 5190 1831 5245; x_wconf 90' lang='lat' dir='ltr'>sed</span> <span class='ocrx_word' id='word_1_619' title='bbox 1866 5192 1974 5248; x_wconf 87' lang='lat' dir='ltr'>hoc</span> 
     </span>
    </p>
   </div>
   <div class='ocr_carea' id='block_1_88' title="bbox 329 5276 1974 5351">
    <p class='ocr_par' dir='ltr' id='par_1_88' title="bbox 329 5276 1974 5351">
     <span class='ocr_line' id='line_1_88' title="bbox 329 5276 1974 5351; baseline 0.005 -21"><span class='ocrx_word' id='word_1_620' title='bbox 329 5277 522 5348; x_wconf 89' lang='lat' dir='ltr'>ipsum</span> <span class='ocrx_word' id='word_1_621' title='bbox 562 5277 741 5334; x_wconf 87' lang='lat' dir='ltr'>habet</span> <span class='ocrx_word' id='word_1_622' title='bbox 793 5277 1044 5334; x_wconf 85' lang='lat' dir='ltr'>Dallaus</span> <span class='ocrx_word' id='word_1_623' title='bbox 1102 5295 1135 5333; x_wconf 90' lang='lat' dir='ltr'>a</span> <span class='ocrx_word' id='word_1_624' title='bbox 1193 5277 1246 5332; x_wconf 92' lang='lat' dir='ltr'>S.</span> <span class='ocrx_word' id='word_1_625' title='bbox 1301 5276 1676 5349; x_wconf 80' lang='lat' dir='ltr'>Hieronymo,</span> <span class='ocrx_word' id='word_1_626' title='bbox 1714 5286 1770 5336; x_wconf 88' lang='lat' dir='ltr'>et</span> <span class='ocrx_word' id='word_1_627' title='bbox 1819 5281 1974 5351; x_wconf 89' lang='lat' dir='ltr'>quod</span> 
     </span>
    </p>
   </div>
   <div class='ocr_carea' id='block_1_89' title="bbox 323 5369 1976 5444">
    <p class='ocr_par' dir='ltr' id='par_1_89' title="bbox 323 5369 1976 5444">
     <span class='ocr_line' id='line_1_89' title="bbox 323 5369 1976 5444; baseline 0.005 -23"><span class='ocrx_word' id='word_1_628' title='bbox 323 5370 584 5442; x_wconf 79' lang='lat' dir='ltr'>lgnatius</span> <span class='ocrx_word' id='word_1_629' title='bbox 613 5371 726 5428; x_wconf 90' lang='lat' dir='ltr'>ista</span> <span class='ocrx_word' id='word_1_630' title='bbox 775 5389 846 5426; x_wconf 80' lang='lat' dir='ltr'>ex</span> <span class='ocrx_word' id='word_1_631' title='bbox 904 5370 1219 5444; x_wconf 84' lang='lat' dir='ltr'>Evangelio</span> <span class='ocrx_word' id='word_1_632' title='bbox 1275 5369 1517 5425; x_wconf 86' lang='lat' dir='ltr'>Hebrao</span> <span class='ocrx_word' id='word_1_633' title='bbox 1583 5373 1868 5438; x_wconf 87' lang='lat' dir='ltr'>hauserit,</span> <span class='ocrx_word' id='word_1_634' title='bbox 1919 5379 1976 5430; x_wconf 90' lang='lat' dir='ltr'>et</span> 
     </span>
    </p>
   </div>
   <div class='ocr_carea' id='block_1_90' title="bbox 325 5456 1974 5532">
    <p class='ocr_par' dir='ltr' id='par_1_90' title="bbox 325 5456 1974 5532">
     <span class='ocr_line' id='line_1_90' title="bbox 325 5456 1974 5532; baseline 0.004 -22"><span class='ocrx_word' id='word_1_635' title='bbox 325 5456 481 5527; x_wconf 92' lang='lat' dir='ltr'>quod</span> <span class='ocrx_word' id='word_1_636' title='bbox 507 5456 653 5512; x_wconf 91' lang='lat' dir='ltr'>illud</span> <span class='ocrx_word' id='word_1_637' title='bbox 679 5459 1055 5532; x_wconf 87' lang='lat' dir='ltr'>Evangelium</span> <span class='ocrx_word' id='word_1_638' title='bbox 1079 5458 1155 5513; x_wconf 90' lang='lat' dir='ltr'>sit</span> <span class='ocrx_word' id='word_1_639' title='bbox 1181 5458 1583 5530; x_wconf 89' lang='lat' dir='ltr'>apocryphum</span> <span class='ocrx_word' id='word_1_640' title='bbox 1613 5476 1626 5526; x_wconf 87' lang='lat'><strong>;</strong></span> <span class='ocrx_word' id='word_1_641' title='bbox 1651 5460 1750 5530; x_wconf 87' lang='lat' dir='ltr'>qui</span> <span class='ocrx_word' id='word_1_642' title='bbox 1779 5466 1974 5516; x_wconf 89' lang='lat' dir='ltr'>tamen</span> 
     </span>
    </p>
   </div>
   <div class='ocr_carea' id='block_1_91' title="bbox 324 5547 1972 5620">
    <p class='ocr_par' dir='ltr' id='par_1_91' title="bbox 324 5547 1972 5620">
     <span class='ocr_line' id='line_1_91' title="bbox 324 5547 1972 5620; baseline 0.004 -21"><span class='ocrx_word' id='word_1_643' title='bbox 324 5562 459 5600; x_wconf 91' lang='lat' dir='ltr'>cum</span> <span class='ocrx_word' id='word_1_644' title='bbox 487 5551 806 5620; x_wconf 85' lang='lat' dir='ltr'>utrumque</span> <span class='ocrx_word' id='word_1_645' title='bbox 838 5566 1040 5604; x_wconf 88' lang='lat' dir='ltr'>verum</span> <span class='ocrx_word' id='word_1_646' title='bbox 1075 5553 1326 5620; x_wconf 89' lang='lat' dir='ltr'>putaret,</span> <span class='ocrx_word' id='word_1_647' title='bbox 1361 5547 1537 5603; x_wconf 92' lang='lat' dir='ltr'>simul</span> <span class='ocrx_word' id='word_1_648' title='bbox 1588 5549 1766 5604; x_wconf 89' lang='lat' dir='ltr'>etiam</span> <span class='ocrx_word' id='word_1_649' title='bbox 1817 5550 1972 5606; x_wconf 86' lang='lat' dir='ltr'>hanc</span> 
     </span>
    </p>
   </div>
   <div class='ocr_carea' id='block_1_92' title="bbox 319 5635 1970 5710">
    <p class='ocr_par' dir='ltr' id='par_1_92' title="bbox 319 5635 1970 5710">
     <span class='ocr_line' id='line_1_92' title="bbox 319 5635 1970 5710; baseline 0.004 -21"><span class='ocrx_word' id='word_1_650' title='bbox 319 5635 642 5707; x_wconf 86' lang='lat' dir='ltr'>epistolam</span> <span class='ocrx_word' id='word_1_651' title='bbox 697 5638 805 5710; x_wconf 88' lang='lat' dir='ltr'>ipsi</span> <span class='ocrx_word' id='word_1_652' title='bbox 868 5640 1093 5710; x_wconf 82' lang='lat' dir='ltr'>lgnatio</span> <span class='ocrx_word' id='word_1_653' title='bbox 1141 5639 1400 5694; x_wconf 81' lang='lat' dir='ltr'>tribuere</span> <span class='ocrx_word' id='word_1_654' title='bbox 1462 5655 1580 5694; x_wconf 89' lang='lat' dir='ltr'>non</span> <span class='ocrx_word' id='word_1_655' title='bbox 1639 5639 1970 5695; x_wconf 84' lang='lat' dir='ltr'>verebatur.</span> 
     </span>
    </p>
   </div>
   <div class='ocr_carea' id='block_1_93' title="bbox 2093 3301 3752 3380">
    <p class='ocr_par' dir='ltr' id='par_1_93' title="bbox 2093 3301 3752 3380">
     <span class='ocr_line' id='line_1_93' title="bbox 2093 3301 3752 3380; baseline 0.007 -26"><span class='ocrx_word' id='word_1_656' title='bbox 2093 3301 2248 3372; x_wconf 90' lang='lat' dir='ltr'>genii</span> <span class='ocrx_word' id='word_1_657' title='bbox 2266 3307 2367 3356; x_wconf 89' lang='lat' dir='ltr'>aut</span> <span class='ocrx_word' id='word_1_658' title='bbox 2387 3301 2756 3372; x_wconf 89' lang='lat' dir='ltr'>Papiam,aut</span> <span class='ocrx_word' id='word_1_659' title='bbox 2775 3305 3041 3372; x_wconf 87' lang='lat' dir='ltr'>quemvis</span> <span class='ocrx_word' id='word_1_660' title='bbox 3058 3305 3240 3361; x_wconf 90' lang='lat' dir='ltr'>alium</span> <span class='ocrx_word' id='word_1_661' title='bbox 3265 3308 3414 3363; x_wconf 89' lang='lat' dir='ltr'>dixit</span> <span class='ocrx_word' id='word_1_662' title='bbox 3435 3309 3722 3365; x_wconf 89' lang='lat' dir='ltr'>Eusebius</span> <span class='ocrx_word' id='word_1_663' title='bbox 3737 3355 3752 3380; x_wconf 93' lang='lat'>,</span> 
     </span>
    </p>
   </div>
   <div class='ocr_carea' id='block_1_94' title="bbox 2094 3392 3746 3469">
    <p class='ocr_par' dir='ltr' id='par_1_94' title="bbox 2094 3392 3746 3469">
     <span class='ocr_line' id='line_1_94' title="bbox 2094 3392 3746 3469; baseline 0.006 -22"><span class='ocrx_word' id='word_1_664' title='bbox 2094 3392 2250 3464; x_wconf 92' lang='lat' dir='ltr'>quod</span> <span class='ocrx_word' id='word_1_665' title='bbox 2267 3392 2621 3446; x_wconf 90' lang='lat' dir='ltr'>testimoniis</span> <span class='ocrx_word' id='word_1_666' title='bbox 2645 3392 2933 3449; x_wconf 87' lang='lat' dir='ltr'>librorum</span> <span class='ocrx_word' id='word_1_667' title='bbox 2959 3400 3433 3469; x_wconf 87' lang='lat' dir='ltr'>apocryphorum</span> <span class='ocrx_word' id='word_1_668' title='bbox 3454 3406 3746 3458; x_wconf 88' lang='lat' dir='ltr'>uteretur:</span> 
     </span>
    </p>
   </div>
   <div class='ocr_carea' id='block_1_95' title="bbox 2093 3480 3740 3560">
    <p class='ocr_par' dir='ltr' id='par_1_95' title="bbox 2093 3480 3740 3560">
     <span class='ocr_line' id='line_1_95' title="bbox 2093 3480 3740 3560; baseline 0.006 -24"><span class='ocrx_word' id='word_1_669' title='bbox 2093 3480 2594 3553; x_wconf 88' lang='lat' dir='ltr'>quemadmodum</span> <span class='ocrx_word' id='word_1_670' title='bbox 2637 3498 2745 3537; x_wconf 88' lang='lat' dir='ltr'>nec</span> <span class='ocrx_word' id='word_1_671' title='bbox 2803 3483 2862 3538; x_wconf 91' lang='lat' dir='ltr'>S.</span> <span class='ocrx_word' id='word_1_672' title='bbox 2914 3486 3204 3556; x_wconf 86' lang='lat' dir='ltr'>Ignatium</span> <span class='ocrx_word' id='word_1_673' title='bbox 3265 3489 3515 3544; x_wconf 91' lang='lat' dir='ltr'>minoris</span> <span class='ocrx_word' id='word_1_674' title='bbox 3573 3491 3740 3560; x_wconf 91' lang='lat' dir='ltr'>fecit,</span> 
     </span>
    </p>
   </div>
   <div class='ocr_carea' id='block_1_96' title="bbox 2091 3570 3742 3648">
    <p class='ocr_par' dir='ltr' id='par_1_96' title="bbox 2091 3570 3742 3648">
     <span class='ocr_line' id='line_1_96' title="bbox 2091 3570 3742 3648; baseline 0.005 -23"><span class='ocrx_word' id='word_1_675' title='bbox 2091 3570 2247 3641; x_wconf 89' lang='lat' dir='ltr'>quod</span> <span class='ocrx_word' id='word_1_676' title='bbox 2278 3571 2455 3625; x_wconf 90' lang='lat' dir='ltr'>verba</span> <span class='ocrx_word' id='word_1_677' title='bbox 2485 3571 2611 3626; x_wconf 83' lang='lat' dir='ltr'>hac</span> <span class='ocrx_word' id='word_1_678' title='bbox 2643 3572 2812 3642; x_wconf 88' lang='lat' dir='ltr'>quasi</span> <span class='ocrx_word' id='word_1_679' title='bbox 2844 3590 2878 3628; x_wconf 91' lang='lat' dir='ltr'>a</span> <span class='ocrx_word' id='word_1_680' title='bbox 2907 3575 3154 3628; x_wconf 90' lang='lat' dir='ltr'>Domino</span> <span class='ocrx_word' id='word_1_681' title='bbox 3197 3575 3350 3630; x_wconf 90' lang='lat' dir='ltr'>dicta</span> <span class='ocrx_word' id='word_1_682' title='bbox 3401 3578 3742 3648; x_wconf 87' lang='lat' dir='ltr'>protulerit,</span> 
     </span>
    </p>
   </div>
   <div class='ocr_carea' id='block_1_97' title="bbox 2090 3659 3741 3736">
    <p class='ocr_par' dir='ltr' id='par_1_97' title="bbox 2090 3659 3741 3736">
     <span class='ocr_line' id='line_1_97' title="bbox 2090 3659 3741 3736; baseline 0.007 -23"><span class='ocrx_word' id='word_1_683' title='bbox 2090 3677 2222 3715; x_wconf 92' lang='lat' dir='ltr'>cum</span> <span class='ocrx_word' id='word_1_684' title='bbox 2256 3661 2380 3731; x_wconf 89' lang='lat' dir='ltr'>ipse</span> <span class='ocrx_word' id='word_1_685' title='bbox 2411 3659 2570 3715; x_wconf 91' lang='lat' dir='ltr'>unde</span> <span class='ocrx_word' id='word_1_686' title='bbox 2602 3666 2839 3732; x_wconf 89' lang='lat' dir='ltr'>sumpta</span> <span class='ocrx_word' id='word_1_687' title='bbox 2870 3668 3067 3717; x_wconf 90' lang='lat' dir='ltr'>essent</span> <span class='ocrx_word' id='word_1_688' title='bbox 3123 3663 3291 3733; x_wconf 88' lang='lat' dir='ltr'>plane</span> <span class='ocrx_word' id='word_1_689' title='bbox 3352 3664 3741 3736; x_wconf 86' lang='lat' dir='ltr'>ignoraverit.</span> 
     </span>
    </p>
   </div>
   <div class='ocr_carea' id='block_1_98' title="bbox 2089 3749 3747 3821">
    <p class='ocr_par' dir='ltr' id='par_1_98' title="bbox 2089 3749 3747 3821">
     <span class='ocr_line' id='line_1_98' title="bbox 2089 3749 3747 3821; baseline 0.007 -18"><span class='ocrx_word' id='word_1_690' title='bbox 2089 3750 2318 3820; x_wconf 84' lang='lat' dir='ltr'>Excipit</span> <span class='ocrx_word' id='word_1_691' title='bbox 2345 3749 2605 3805; x_wconf 90' lang='lat' dir='ltr'>secundo</span> <span class='ocrx_word' id='word_1_692' title='bbox 2637 3751 2775 3806; x_wconf 91' lang='lat' dir='ltr'>sciri</span> <span class='ocrx_word' id='word_1_693' title='bbox 2807 3767 2928 3806; x_wconf 91' lang='lat' dir='ltr'>non</span> <span class='ocrx_word' id='word_1_694' title='bbox 2952 3767 3226 3821; x_wconf 89' lang='lat' dir='ltr'>posse,an</span> <span class='ocrx_word' id='word_1_695' title='bbox 3249 3752 3458 3808; x_wconf 91' lang='lat' dir='ltr'>eadem</span> <span class='ocrx_word' id='word_1_696' title='bbox 3489 3754 3747 3815; x_wconf 89' lang='lat' dir='ltr'>historia</span> 
     </span>
    </p>
   </div>
   <div class='ocr_carea' id='block_1_99' title="bbox 2089 3839 3744 3912">
    <p class='ocr_par' dir='ltr' id='par_1_99' title="bbox 2089 3839 3744 3912">
     <span class='ocr_line' id='line_1_99' title="bbox 2089 3839 3744 3912; baseline 0.005 -18"><span class='ocrx_word' id='word_1_697' title='bbox 2089 3839 2246 3894; x_wconf 90' lang='lat' dir='ltr'>auud</span> <span class='ocrx_word' id='word_1_698' title='bbox 2295 3843 2530 3894; x_wconf 88' lang='lat' dir='ltr'>nostros</span> <span class='ocrx_word' id='word_1_699' title='bbox 2589 3839 2975 3912; x_wconf 85' lang='lat' dir='ltr'>evangelistas</span> <span class='ocrx_word' id='word_1_700' title='bbox 3025 3844 3235 3898; x_wconf 85' lang='lat' dir='ltr'>exstet.</span> <span class='ocrx_word' id='word_1_701' title='bbox 3291 3843 3578 3900; x_wconf 70' lang='lat' dir='ltr'>Praeclara</span> <span class='ocrx_word' id='word_1_702' title='bbox 3603 3863 3744 3904; x_wconf 89' lang='lat' dir='ltr'>vero</span> 
     </span>
    </p>
   </div>
   <div class='ocr_carea' id='block_1_100' title="bbox 2087 3927 3743 3999">
    <p class='ocr_par' dir='ltr' id='par_1_100' title="bbox 2087 3927 3743 3999">
     <span class='ocr_line' id='line_1_100' title="bbox 2087 3927 3743 3999; baseline 0.004 -15"><span class='ocrx_word' id='word_1_703' title='bbox 2087 3928 2423 3984; x_wconf 88' lang='lat' dir='ltr'>observatio</span> <span class='ocrx_word' id='word_1_704' title='bbox 2455 3928 2712 3994; x_wconf 89' lang='lat' dir='ltr'>Eusebii,</span> <span class='ocrx_word' id='word_1_705' title='bbox 2738 3927 2786 3981; x_wconf 89' lang='lat' dir='ltr'>si</span> <span class='ocrx_word' id='word_1_706' title='bbox 2817 3927 3073 3982; x_wconf 90' lang='lat' dir='ltr'>dubitari</span> <span class='ocrx_word' id='word_1_707' title='bbox 3106 3936 3325 3999; x_wconf 88' lang='lat' dir='ltr'>posset,</span> <span class='ocrx_word' id='word_1_708' title='bbox 3346 3948 3422 3986; x_wconf 91' lang='lat' dir='ltr'>an</span> <span class='ocrx_word' id='word_1_709' title='bbox 3457 3950 3526 3989; x_wconf 93' lang='lat' dir='ltr'>ea</span> <span class='ocrx_word' id='word_1_710' title='bbox 3557 3936 3743 3992; x_wconf 87' lang='lat' dir='ltr'>histo-</span> 
     </span>
    </p>
   </div>
   <div class='ocr_carea' id='block_1_101' title="bbox 2086 4017 3733 4098">
    <p class='ocr_par' dir='ltr' id='par_1_101' title="bbox 2086 4017 3733 4098">
     <span class='ocr_line' id='line_1_101' title="bbox 2086 4017 3733 4098; baseline 0.005 -26"><span class='ocrx_word' id='word_1_711' title='bbox 2086 4019 2194 4085; x_wconf 86' lang='lat' dir='ltr'>ria,</span> <span class='ocrx_word' id='word_1_712' title='bbox 2230 4035 2408 4090; x_wconf 89' lang='lat' dir='ltr'>quam</span> <span class='ocrx_word' id='word_1_713' title='bbox 2459 4017 2645 4089; x_wconf 85' lang='lat' dir='ltr'>tetigit</span> <span class='ocrx_word' id='word_1_714' title='bbox 2691 4018 2925 4087; x_wconf 90' lang='lat' dir='ltr'>Papias,</span> <span class='ocrx_word' id='word_1_715' title='bbox 2988 4018 3048 4073; x_wconf 93' lang='lat' dir='ltr'>in</span> <span class='ocrx_word' id='word_1_716' title='bbox 3080 4021 3302 4075; x_wconf 90' lang='lat' dir='ltr'>nostris</span> <span class='ocrx_word' id='word_1_717' title='bbox 3351 4025 3733 4098; x_wconf 81' lang='lat' dir='ltr'>evangelistis</span> 
     </span>
    </p>
   </div>
   <div class='ocr_carea' id='block_1_102' title="bbox 2087 4108 3740 4185">
    <p class='ocr_par' dir='ltr' id='par_1_102' title="bbox 2087 4108 3740 4185">
     <span class='ocr_line' id='line_1_102' title="bbox 2087 4108 3740 4185; baseline 0.004 -22"><span class='ocrx_word' id='word_1_718' title='bbox 2087 4109 2376 4164; x_wconf 81' lang='lat' dir='ltr'>exstiterit</span> <span class='ocrx_word' id='word_1_719' title='bbox 2401 4108 2758 4172; x_wconf 83' lang='lat' dir='ltr'>?Quorsum,</span> <span class='ocrx_word' id='word_1_720' title='bbox 2787 4124 3010 4178; x_wconf 88' lang='lat' dir='ltr'>quaso,</span> <span class='ocrx_word' id='word_1_721' title='bbox 3052 4109 3114 4164; x_wconf 90' lang='lat' dir='ltr'>in</span> <span class='ocrx_word' id='word_1_722' title='bbox 3156 4111 3468 4185; x_wconf 78' lang='lat' dir='ltr'>Evangelia</span> <span class='ocrx_word' id='word_1_723' title='bbox 3520 4132 3740 4170; x_wconf 86' lang='lat' dir='ltr'>secun-</span> 
     </span>
    </p>
   </div>
   <div class='ocr_carea' id='block_1_103' title="bbox 2083 4195 3736 4273">
    <p class='ocr_par' dir='ltr' id='par_1_103' title="bbox 2083 4195 3736 4273">
     <span class='ocr_line' id='line_1_103' title="bbox 2083 4195 3736 4273; baseline 0.004 -21"><span class='ocrx_word' id='word_1_724' title='bbox 2083 4197 2224 4252; x_wconf 91' lang='lat' dir='ltr'>dum</span> <span class='ocrx_word' id='word_1_725' title='bbox 2257 4197 2529 4253; x_wconf 86' lang='lat' dir='ltr'>Hebraos</span> <span class='ocrx_word' id='word_1_726' title='bbox 2550 4195 2804 4250; x_wconf 87' lang='lat' dir='ltr'>inveniri</span> <span class='ocrx_word' id='word_1_727' title='bbox 2832 4197 3078 4266; x_wconf 89' lang='lat' dir='ltr'>diceret,</span> <span class='ocrx_word' id='word_1_728' title='bbox 3118 4199 3166 4253; x_wconf 92' lang='lat' dir='ltr'>si</span> <span class='ocrx_word' id='word_1_729' title='bbox 3199 4200 3261 4254; x_wconf 90' lang='lat' dir='ltr'>in</span> <span class='ocrx_word' id='word_1_730' title='bbox 3292 4203 3509 4256; x_wconf 90' lang='lat' dir='ltr'>nostris</span> <span class='ocrx_word' id='word_1_731' title='bbox 3557 4220 3736 4273; x_wconf 88' lang='lat' dir='ltr'>appa-</span> 
     </span>
    </p>
   </div>
   <div class='ocr_carea' id='block_1_104' title="bbox 2083 4286 3734 4364">
    <p class='ocr_par' dir='ltr' id='par_1_104' title="bbox 2083 4286 3734 4364">
     <span class='ocr_line' id='line_1_104' title="bbox 2083 4286 3734 4364; baseline 0.004 -22"><span class='ocrx_word' id='word_1_732' title='bbox 2083 4288 2304 4343; x_wconf 90' lang='lat' dir='ltr'>ruisset</span> <span class='ocrx_word' id='word_1_733' title='bbox 2332 4287 2696 4358; x_wconf 76' lang='lat' dir='ltr'>‘Iprasertim</span> <span class='ocrx_word' id='word_1_734' title='bbox 2734 4303 2802 4342; x_wconf 91' lang='lat' dir='ltr'>eo</span> <span class='ocrx_word' id='word_1_735' title='bbox 2834 4286 2984 4355; x_wconf 92' lang='lat' dir='ltr'>loco,</span> <span class='ocrx_word' id='word_1_736' title='bbox 3019 4306 3136 4359; x_wconf 88' lang='lat' dir='ltr'>quo</span> <span class='ocrx_word' id='word_1_737' title='bbox 3171 4293 3506 4348; x_wconf 89' lang='lat' dir='ltr'>testimonia</span> <span class='ocrx_word' id='word_1_738' title='bbox 3535 4293 3734 4364; x_wconf 87' lang='lat' dir='ltr'>Papia</span> 
     </span>
    </p>
   </div>
   <div class='ocr_carea' id='block_1_105' title="bbox 2081 4375 3738 4448">
    <p class='ocr_par' dir='ltr' id='par_1_105' title="bbox 2081 4375 3738 4448">
     <span class='ocr_line' id='line_1_105' title="bbox 2081 4375 3738 4448; baseline 0.004 -18"><span class='ocrx_word' id='word_1_739' title='bbox 2081 4394 2186 4448; x_wconf 92' lang='lat' dir='ltr'>pro</span> <span class='ocrx_word' id='word_1_740' title='bbox 2219 4376 2438 4431; x_wconf 90' lang='lat' dir='ltr'>nostris</span> <span class='ocrx_word' id='word_1_741' title='bbox 2462 4375 2630 4430; x_wconf 88' lang='lat' dir='ltr'>libris</span> <span class='ocrx_word' id='word_1_742' title='bbox 2679 4376 2965 4433; x_wconf 83' lang='lat' dir='ltr'>adducit?</span> <span class='ocrx_word' id='word_1_743' title='bbox 3018 4379 3156 4444; x_wconf 90' lang='lat' dir='ltr'>Quis</span> <span class='ocrx_word' id='word_1_744' title='bbox 3201 4382 3389 4436; x_wconf 91' lang='lat' dir='ltr'>nescit</span> <span class='ocrx_word' id='word_1_745' title='bbox 3447 4382 3508 4436; x_wconf 92' lang='lat' dir='ltr'>in</span> <span class='ocrx_word' id='word_1_746' title='bbox 3567 4397 3738 4438; x_wconf 90' lang='lat' dir='ltr'>more</span> 
     </span>
    </p>
   </div>
   <div class='ocr_carea' id='block_1_106' title="bbox 2081 4465 3740 4543">
    <p class='ocr_par' dir='ltr' id='par_1_106' title="bbox 2081 4465 3740 4543">
     <span class='ocr_line' id='line_1_106' title="bbox 2081 4465 3740 4543; baseline 0.003 -21"><span class='ocrx_word' id='word_1_747' title='bbox 2081 4467 2340 4538; x_wconf 90' lang='lat' dir='ltr'>positum</span> <span class='ocrx_word' id='word_1_748' title='bbox 2373 4481 2502 4521; x_wconf 90' lang='lat' dir='ltr'>esse</span> <span class='ocrx_word' id='word_1_749' title='bbox 2531 4465 2805 4532; x_wconf 88' lang='lat' dir='ltr'>Eusebio,</span> <span class='ocrx_word' id='word_1_750' title='bbox 2839 4465 2938 4520; x_wconf 91' lang='lat' dir='ltr'>ubi</span> <span class='ocrx_word' id='word_1_751' title='bbox 2972 4467 3043 4521; x_wconf 91' lang='lat' dir='ltr'>de</span> <span class='ocrx_word' id='word_1_752' title='bbox 3075 4470 3376 4525; x_wconf 90' lang='lat' dir='ltr'>veteribus</span> <span class='ocrx_word' id='word_1_753' title='bbox 3427 4472 3740 4543; x_wconf 85' lang='lat' dir='ltr'>scriptori-</span> 
     </span>
    </p>
   </div>
   <div class='ocr_carea' id='block_1_107' title="bbox 933 4550 3738 4635">
    <p class='ocr_par' dir='ltr' id='par_1_107' title="bbox 933 4550 3738 4635">
     <span class='ocr_line' id='line_1_107' title="bbox 933 4550 3738 4635; baseline 0.003 -24"><span class='ocrx_word' id='word_1_754' title='bbox 933 4560 1042 4611; x_wconf 90' lang='lat' dir='ltr'>etc.</span> <span class='ocrx_word' id='word_1_755' title='bbox 1079 4557 1362 4630; x_wconf 86' lang='lat' dir='ltr'>lgnatius,</span> <span class='ocrx_word' id='word_1_756' title='bbox 1396 4557 1484 4611; x_wconf 92' lang='lat' dir='ltr'>vir</span> <span class='ocrx_word' id='word_1_757' title='bbox 1505 4558 1867 4630; x_wconf 91' lang='lat' dir='ltr'>apostolicus</span> <span class='ocrx_word' id='word_1_758' title='bbox 1919 4565 1975 4615; x_wconf 90' lang='lat' dir='ltr'>et</span> <span class='ocrx_word' id='word_1_759' title='bbox 2005 4550 2050 4614; x_wconf 91' lang='lat' dir='ltr'><strong>D</strong></span> <span class='ocrx_word' id='word_1_760' title='bbox 2081 4557 2193 4614; x_wconf 88' lang='lat' dir='ltr'>bus</span> <span class='ocrx_word' id='word_1_761' title='bbox 2224 4559 2364 4631; x_wconf 71' lang='lat' dir='ltr'>agit,</span> <span class='ocrx_word' id='word_1_762' title='bbox 2399 4574 2545 4629; x_wconf 87' lang='lat' dir='ltr'>quos</span> <span class='ocrx_word' id='word_1_763' title='bbox 2568 4557 2755 4612; x_wconf 90' lang='lat' dir='ltr'>libros</span> <span class='ocrx_word' id='word_1_764' title='bbox 2782 4559 3099 4613; x_wconf 88' lang='lat' dir='ltr'>canonicos</span> <span class='ocrx_word' id='word_1_765' title='bbox 3141 4561 3348 4630; x_wconf 86' lang='lat' dir='ltr'>citant,</span> <span class='ocrx_word' id='word_1_766' title='bbox 3381 4580 3530 4635; x_wconf 89' lang='lat' dir='ltr'>quos</span> <span class='ocrx_word' id='word_1_767' title='bbox 3557 4589 3564 4596; x_wconf 89' lang='lat'><strong><em>-</em></strong></span> <span class='ocrx_word' id='word_1_768' title='bbox 3590 4565 3738 4620; x_wconf 89' lang='lat' dir='ltr'>item</span> 
     </span>
    </p>
   </div>
   <div class='ocr_carea' id='block_1_108' title="bbox 2087 4646 3743 4722">
    <p class='ocr_par' dir='ltr' id='par_1_108' title="bbox 2087 4646 3743 4722">
     <span class='ocr_line' id='line_1_108' title="bbox 2087 4646 3743 4722; baseline 0.003 -19"><span class='ocrx_word' id='word_1_769' title='bbox 2087 4647 2476 4720; x_wconf 84' lang='lat' dir='ltr'>apocryphos,</span> <span class='ocrx_word' id='word_1_770' title='bbox 2508 4646 2758 4700; x_wconf 88' lang='lat' dir='ltr'>recitare</span> <span class='ocrx_word' id='word_1_771' title='bbox 2779 4647 2806 4701; x_wconf 80' lang='lat'><strong>?</strong></span> <span class='ocrx_word' id='word_1_772' title='bbox 2833 4647 3053 4717; x_wconf 87' lang='lat' dir='ltr'>Neque,</span> <span class='ocrx_word' id='word_1_773' title='bbox 3082 4648 3314 4720; x_wconf 89' lang='lat' dir='ltr'>opinor,</span> <span class='ocrx_word' id='word_1_774' title='bbox 3360 4669 3622 4722; x_wconf 88' lang='lat' dir='ltr'>unquam</span> <span class='ocrx_word' id='word_1_775' title='bbox 3648 4653 3743 4708; x_wconf 91' lang='lat' dir='ltr'>illi</span> 
     </span>
    </p>
   </div>
   <div class='ocr_carea' id='block_1_109' title="bbox 2089 4735 3739 4812">
    <p class='ocr_par' dir='ltr' id='par_1_109' title="bbox 2089 4735 3739 4812">
     <span class='ocr_line' id='line_1_109' title="bbox 2089 4735 3739 4812; baseline 0.003 -19"><span class='ocrx_word' id='word_1_776' title='bbox 2089 4739 2149 4793; x_wconf 92' lang='lat' dir='ltr'>in</span> <span class='ocrx_word' id='word_1_777' title='bbox 2181 4742 2443 4792; x_wconf 90' lang='lat' dir='ltr'>mentem</span> <span class='ocrx_word' id='word_1_778' title='bbox 2474 4735 2653 4802; x_wconf 89' lang='lat' dir='ltr'>venit,</span> <span class='ocrx_word' id='word_1_779' title='bbox 2673 4741 2740 4789; x_wconf 93' lang='lat' dir='ltr'>ut</span> <span class='ocrx_word' id='word_1_780' title='bbox 2771 4753 2838 4790; x_wconf 89' lang='lat' dir='ltr'>ea</span> <span class='ocrx_word' id='word_1_781' title='bbox 2860 4737 2992 4792; x_wconf 88' lang='lat' dir='ltr'>loca</span> <span class='ocrx_word' id='word_1_782' title='bbox 3015 4745 3395 4809; x_wconf 89' lang='lat' dir='ltr'>memoraret,</span> <span class='ocrx_word' id='word_1_783' title='bbox 3429 4758 3560 4812; x_wconf 83' lang='lat' dir='ltr'>qua</span> <span class='ocrx_word' id='word_1_784' title='bbox 3606 4747 3739 4798; x_wconf 88' lang='lat' dir='ltr'>tum</span> 
     </span>
    </p>
   </div>
   <div class='ocr_carea' id='block_1_110' title="bbox 2088 4824 3742 4900">
    <p class='ocr_par' dir='ltr' id='par_1_110' title="bbox 2088 4824 3742 4900">
     <span class='ocr_line' id='line_1_110' title="bbox 2088 4824 3742 4900; baseline 0.002 -18"><span class='ocrx_word' id='word_1_785' title='bbox 2088 4827 2149 4882; x_wconf 92' lang='lat' dir='ltr'>in</span> <span class='ocrx_word' id='word_1_786' title='bbox 2179 4824 2636 4890; x_wconf 89' lang='lat' dir='ltr'>canonicis,tum</span> <span class='ocrx_word' id='word_1_787' title='bbox 2667 4824 2728 4878; x_wconf 91' lang='lat' dir='ltr'>in</span> <span class='ocrx_word' id='word_1_788' title='bbox 2761 4826 3114 4897; x_wconf 85' lang='lat' dir='ltr'>apocryphis</span> <span class='ocrx_word' id='word_1_789' title='bbox 3138 4827 3494 4900; x_wconf 81' lang='lat' dir='ltr'>legerentur.</span> <span class='ocrx_word' id='word_1_790' title='bbox 3530 4832 3594 4884; x_wconf 84' lang='lat' dir='ltr'>In</span> <span class='ocrx_word' id='word_1_791' title='bbox 3623 4848 3742 4886; x_wconf 92' lang='lat' dir='ltr'>no-</span> 
     </span>
    </p>
   </div>
   <div class='ocr_carea' id='block_1_111' title="bbox 2089 4913 3741 4985">
    <p class='ocr_par' dir='ltr' id='par_1_111' title="bbox 2089 4913 3741 4985">
     <span class='ocr_line' id='line_1_111' title="bbox 2089 4913 3741 4985; baseline 0.002 -14"><span class='ocrx_word' id='word_1_792' title='bbox 2089 4916 2225 4972; x_wconf 88' lang='lat' dir='ltr'>stris</span> <span class='ocrx_word' id='word_1_793' title='bbox 2248 4913 2489 4985; x_wconf 90' lang='lat' dir='ltr'>quidem</span> <span class='ocrx_word' id='word_1_794' title='bbox 2513 4929 2671 4968; x_wconf 92' lang='lat' dir='ltr'>nunc</span> <span class='ocrx_word' id='word_1_795' title='bbox 2721 4913 2974 4971; x_wconf 88' lang='lat' dir='ltr'>habetur</span> <span class='ocrx_word' id='word_1_796' title='bbox 3003 4916 3220 4972; x_wconf 90' lang='lat' dir='ltr'>mulier</span> <span class='ocrx_word' id='word_1_797' title='bbox 3271 4924 3546 4975; x_wconf 85' lang='lat' dir='ltr'>accusata</span> <span class='ocrx_word' id='word_1_798' title='bbox 3573 4920 3741 4975; x_wconf 89' lang='lat' dir='ltr'>adul-</span> 
     </span>
    </p>
   </div>
   <div class='ocr_carea' id='block_1_112' title="bbox 2088 5001 3738 5078">
    <p class='ocr_par' dir='ltr' id='par_1_112' title="bbox 2088 5001 3738 5078">
     <span class='ocr_line' id='line_1_112' title="bbox 2088 5001 3738 5078; baseline 0.002 -19"><span class='ocrx_word' id='word_1_799' title='bbox 2088 5005 2250 5069; x_wconf 90' lang='lat' dir='ltr'>terii;</span> <span class='ocrx_word' id='word_1_800' title='bbox 2284 5003 2387 5058; x_wconf 90' lang='lat' dir='ltr'>sed</span> <span class='ocrx_word' id='word_1_801' title='bbox 2419 5001 2521 5056; x_wconf 89' lang='lat' dir='ltr'>illa</span> <span class='ocrx_word' id='word_1_802' title='bbox 2551 5002 2624 5057; x_wconf 93' lang='lat' dir='ltr'>de</span> <span class='ocrx_word' id='word_1_803' title='bbox 2653 5019 2767 5074; x_wconf 88' lang='lat' dir='ltr'>qua</span> <span class='ocrx_word' id='word_1_804' title='bbox 2789 5005 3028 5076; x_wconf 88' lang='lat' dir='ltr'>scripsit</span> <span class='ocrx_word' id='word_1_805' title='bbox 3054 5007 3282 5078; x_wconf 86' lang='lat' dir='ltr'>Papias,</span> <span class='ocrx_word' id='word_1_806' title='bbox 3317 5014 3443 5063; x_wconf 88' lang='lat' dir='ltr'>erat</span> <span class='ocrx_word' id='word_1_807' title='bbox 3471 5005 3556 5061; x_wconf 74' lang='grc' dir='ltr'>ἐπὶ</span> <span class='ocrx_word' id='word_1_808' title='bbox 3591 5005 3738 5063; x_wconf 85' lang='grc' dir='ltr'>πολ-</span> 
     </span>
    </p>
   </div>
   <div class='ocr_carea' id='block_1_113' title="bbox 2087 5085 3736 5166">
    <p class='ocr_par' dir='ltr' id='par_1_113' title="bbox 2087 5085 3736 5166">
     <span class='ocr_line' id='line_1_113' title="bbox 2087 5085 3736 5166; baseline 0.004 -18"><span class='ocrx_word' id='word_1_809' title='bbox 2087 5091 2208 5154; x_wconf 65' lang='lat' dir='ltr'>hic</span> <span class='ocrx_word' id='word_1_810' title='bbox 2243 5090 2532 5166; x_wconf 75' lang='grc' dir='ltr'>ἁμαρτίαις</span> <span class='ocrx_word' id='word_1_811' title='bbox 2565 5085 2921 5162; x_wconf 79' lang='grc' dir='ltr'>διαϐληθεῖςα</span> <span class='ocrx_word' id='word_1_812' title='bbox 2963 5116 2992 5146; x_wconf 71' lang='lat' dir='ltr'><strong>cc</strong></span> <span class='ocrx_word' id='word_1_813' title='bbox 3037 5096 3361 5152; x_wconf 89' lang='lat' dir='ltr'>multorum</span> <span class='ocrx_word' id='word_1_814' title='bbox 3411 5097 3736 5155; x_wconf 88' lang='lat' dir='ltr'>criminum</span> 
     </span>
    </p>
   </div>
   <div class='ocr_carea' id='block_1_114' title="bbox 2087 5183 3748 5254">
    <p class='ocr_par' dir='ltr' id='par_1_114' title="bbox 2087 5183 3748 5254">
     <span class='ocr_line' id='line_1_114' title="bbox 2087 5183 3748 5254; baseline 0.002 -14"><span class='ocrx_word' id='word_1_815' title='bbox 2087 5187 2384 5252; x_wconf 87' lang='lat' dir='ltr'>accusata,</span> <span class='ocrx_word' id='word_1_816' title='bbox 2416 5203 2437 5233; x_wconf 77' lang='grc' dir='ltr'><strong>ι</strong></span> <span class='ocrx_word' id='word_1_817' title='bbox 2473 5187 2534 5238; x_wconf 90' lang='lat' dir='ltr'>et</span> <span class='ocrx_word' id='word_1_818' title='bbox 2562 5183 2704 5254; x_wconf 90' lang='lat' dir='ltr'>quid</span> <span class='ocrx_word' id='word_1_819' title='bbox 2735 5189 3025 5254; x_wconf 80' lang='lat' dir='ltr'>praterea</span> <span class='ocrx_word' id='word_1_820' title='bbox 3075 5185 3144 5240; x_wconf 91' lang='lat' dir='ltr'>de</span> <span class='ocrx_word' id='word_1_821' title='bbox 3205 5202 3276 5242; x_wconf 90' lang='lat' dir='ltr'>ea</span> <span class='ocrx_word' id='word_1_822' title='bbox 3327 5187 3576 5242; x_wconf 90' lang='lat' dir='ltr'>muliere</span> <span class='ocrx_word' id='word_1_823' title='bbox 3634 5194 3748 5244; x_wconf 87' lang='lat' dir='ltr'>aut</span> 
     </span>
    </p>
   </div>
   <div class='ocr_carea' id='block_1_115' title="bbox 2086 5274 3746 5347">
    <p class='ocr_par' dir='ltr' id='par_1_115' title="bbox 2086 5274 3746 5347">
     <span class='ocr_line' id='line_1_115' title="bbox 2086 5274 3746 5347; baseline 0.001 -15"><span class='ocrx_word' id='word_1_824' title='bbox 2086 5294 2119 5332; x_wconf 90' lang='lat' dir='ltr'>a</span> <span class='ocrx_word' id='word_1_825' title='bbox 2150 5274 2350 5347; x_wconf 88' lang='lat' dir='ltr'>Papia,</span> <span class='ocrx_word' id='word_1_826' title='bbox 2379 5278 2482 5330; x_wconf 89' lang='lat' dir='ltr'>aut</span> <span class='ocrx_word' id='word_1_827' title='bbox 2511 5274 2571 5328; x_wconf 90' lang='lat' dir='ltr'>in</span> <span class='ocrx_word' id='word_1_828' title='bbox 2603 5275 2914 5346; x_wconf 81' lang='lat' dir='ltr'>Evangelia</span> <span class='ocrx_word' id='word_1_829' title='bbox 2938 5275 3266 5331; x_wconf 81' lang='lat' dir='ltr'>secundum</span> <span class='ocrx_word' id='word_1_830' title='bbox 3294 5276 3566 5332; x_wconf 77' lang='lat' dir='ltr'>Hebraeos</span> <span class='ocrx_word' id='word_1_831' title='bbox 3596 5279 3746 5334; x_wconf 90' lang='lat' dir='ltr'>scri-</span> 
     </span>
    </p>
   </div>
   <div class='ocr_carea' id='block_1_116' title="bbox 2087 5363 3746 5440">
    <p class='ocr_par' dir='ltr' id='par_1_116' title="bbox 2087 5363 3746 5440">
     <span class='ocr_line' id='line_1_116' title="bbox 2087 5363 3746 5440; baseline 0.001 -18"><span class='ocrx_word' id='word_1_832' title='bbox 2087 5371 2252 5440; x_wconf 87' lang='lat' dir='ltr'>ptum</span> <span class='ocrx_word' id='word_1_833' title='bbox 2284 5367 2391 5432; x_wconf 88' lang='lat' dir='ltr'>est,</span> <span class='ocrx_word' id='word_1_834' title='bbox 2426 5381 2668 5436; x_wconf 90' lang='lat' dir='ltr'>prorsus</span> <span class='ocrx_word' id='word_1_835' title='bbox 2699 5363 3022 5437; x_wconf 85' lang='lat' dir='ltr'>ignoratur.</span> <span class='ocrx_word' id='word_1_836' title='bbox 3075 5366 3310 5422; x_wconf 89' lang='lat' dir='ltr'>Grotius</span> <span class='ocrx_word' id='word_1_837' title='bbox 3349 5366 3588 5437; x_wconf 88' lang='lat' dir='ltr'>quidem</span> <span class='ocrx_word' id='word_1_838' title='bbox 3636 5368 3746 5424; x_wconf 87' lang='lat' dir='ltr'>Hi-</span> 
     </span>
    </p>
   </div>
   <div class='ocr_carea' id='block_1_117' title="bbox 2087 5453 3739 5526">
    <p class='ocr_par' dir='ltr' id='par_1_117' title="bbox 2087 5453 3739 5526">
     <span class='ocr_line' id='line_1_117' title="bbox 2087 5453 3739 5526; baseline 0.002 -15"><span class='ocrx_word' id='word_1_839' title='bbox 2087 5455 2330 5511; x_wconf 85' lang='lat' dir='ltr'>storiam</span> <span class='ocrx_word' id='word_1_840' title='bbox 2361 5453 2423 5508; x_wconf 91' lang='lat' dir='ltr'>in</span> <span class='ocrx_word' id='word_1_841' title='bbox 2483 5453 2538 5506; x_wconf 94' lang='lat' dir='ltr'>S.</span> <span class='ocrx_word' id='word_1_842' title='bbox 2599 5455 2823 5508; x_wconf 83' lang='lat' dir='ltr'>Joanne</span> <span class='ocrx_word' id='word_1_843' title='bbox 2870 5458 3166 5526; x_wconf 86' lang='lat' dir='ltr'>repertam</span> <span class='ocrx_word' id='word_1_844' title='bbox 3227 5455 3285 5510; x_wconf 91' lang='lat' dir='ltr'>in</span> <span class='ocrx_word' id='word_1_845' title='bbox 3327 5458 3739 5514; x_wconf 82' lang='lat' dir='ltr'>Nazaraorum</span> 
     </span>
    </p>
   </div>
   <div class='ocr_carea' id='block_1_118' title="bbox 2086 5543 3742 5617">
    <p class='ocr_par' dir='ltr' id='par_1_118' title="bbox 2086 5543 3742 5617">
     <span class='ocr_line' id='line_1_118' title="bbox 2086 5543 3742 5617; baseline 0 -14"><span class='ocrx_word' id='word_1_846' title='bbox 2086 5547 2328 5603; x_wconf 82' lang='lat' dir='ltr'>Hebrao</span> <span class='ocrx_word' id='word_1_847' title='bbox 2353 5543 2556 5610; x_wconf 85' lang='lat' dir='ltr'>fuisse,</span> <span class='ocrx_word' id='word_1_848' title='bbox 2590 5544 2732 5600; x_wconf 86' lang='lat' dir='ltr'>satis</span> <span class='ocrx_word' id='word_1_849' title='bbox 2765 5561 2834 5600; x_wconf 85' lang='lat' dir='ltr'>ex</span> <span class='ocrx_word' id='word_1_850' title='bbox 2866 5545 3225 5617; x_wconf 84' lang='lat' dir='ltr'>Hieronymo</span> <span class='ocrx_word' id='word_1_851' title='bbox 3272 5552 3544 5602; x_wconf 89' lang='lat' dir='ltr'>constare</span> <span class='ocrx_word' id='word_1_852' title='bbox 3576 5563 3742 5603; x_wconf 89' lang='lat' dir='ltr'>asse-</span> 
     </span>
    </p>
   </div>
   <div class='ocr_carea' id='block_1_119' title="bbox 2087 5631 3738 5709">
    <p class='ocr_par' dir='ltr' id='par_1_119' title="bbox 2087 5631 3738 5709">
     <span class='ocr_line' id='line_1_119' title="bbox 2087 5631 3738 5709; baseline 0.001 -18"><span class='ocrx_word' id='word_1_853' title='bbox 2087 5637 2196 5704; x_wconf 91' lang='lat' dir='ltr'>rit,</span> <span class='ocrx_word' id='word_1_854' title='bbox 2228 5632 2332 5690; x_wconf 89' lang='lat' dir='ltr'>sed</span> <span class='ocrx_word' id='word_1_855' title='bbox 2353 5649 2425 5689; x_wconf 83' lang='lat' dir='ltr'>ex</span> <span class='ocrx_word' id='word_1_856' title='bbox 2459 5649 2574 5704; x_wconf 89' lang='lat' dir='ltr'>quo</span> <span class='ocrx_word' id='word_1_857' title='bbox 2608 5633 2945 5703; x_wconf 87' lang='lat' dir='ltr'>Hieronymi</span> <span class='ocrx_word' id='word_1_858' title='bbox 2981 5631 3127 5689; x_wconf 91' lang='lat' dir='ltr'>libro</span> <span class='ocrx_word' id='word_1_859' title='bbox 3161 5633 3271 5690; x_wconf 88' lang='lat' dir='ltr'>ista</span> <span class='ocrx_word' id='word_1_860' title='bbox 3312 5635 3594 5705; x_wconf 86' lang='lat' dir='ltr'>hauserit,</span> <span class='ocrx_word' id='word_1_861' title='bbox 3626 5651 3738 5709; x_wconf 84' lang='lat' dir='ltr'>ego</span> 
     </span>
    </p>
   </div>
  </div>
