4064 6134
254 301 355 361 361

975 300 1032 364 J.
1079 297 1497 363 PEARSONII
1539 295 1916 361 VINDIGIE

2036 295 2467 360 ΝΑΤΙΑΝᾹΞ.
2514 334 2587 346 ι·-
2631 299 2832 362 PARS
2879 299 2957 362 ΙΙ.

3567 305 3686 367 362

253 433 519 490 nondum
554 433 756 490 didici.
789 435 990 505 Neque
1026 449 1163 490 vero
1219 431 1608 504 quaarendum
1659 436 1748 488 est
1795 447 1912 502 quo

2036 447 2211 506 agens
2241 431 2365 487 ait:
2401 429 2553 498 Ηλήν
2604 431 2687 486 ὃτι
2740 429 2880 507 ῥητά
2934 452 3055 486 τινα
3107 432 3184 495 ὡς
3225 433 3331 488 ἀπὸ
3387 440 3488 504 τῆς
3537 437 3686 500 θείας

260 525 434 580 modo
475 541 626 580 usus
659 531 749 580 est
775 525 1007 596 Papias,
1042 528 1356 595 postquam
1387 523 1446 578 id
1475 522 1611 578 sciri
1656 539 1777 578 non
1806 538 1916 593 po-

263 620 418 678 test;
481 613 842 686 simpliciter
897 613 1170 668 observat
1219 611 1528 679 Eusebius,
1583 611 1753 666 illum
1808 611 1920 666 hoc

261 704 577 776 Evangelio
611 705 800 759 semel
831 720 1002 759 usum
1027 719 1178 767 esse,
1202 708 1268 757 ut
1289 703 1678 775 Hegesippum
1703 701 1918 773 saepius

265 794 463 863 aliqua
521 791 839 863 protulisse
897 787 958 844 ἐκ
1009 793 1105 845 τοῦ
1163 789 1281 842 καθ’
1337 782 1618 860 Ἐϐραίους
1678 787 1921 862 Εὐαγγε-

266 880 406 946 Αίου,
450 881 556 936 lib.
590 897 666 948 iv,
699 898 748 936 c.
783 881 870 934 22.
922 880 1036 935 Sed
1083 880 1131 933 si
1181 879 1390 950 Papias
1441 879 1664 951 lgnatio
1710 878 1921 951 junior

267 973 340 1026 sit
369 977 430 1025 et
458 971 685 1044 ingenii
716 969 1143 1036 imbecillioris,
1193 969 1466 1024 Clemens
1508 971 1807 1024 Romanus
1860 973 1919 1022 et

267 1061 490 1134 Ignatio
513 1059 817 1130 antiquior
845 1065 904 1115 et
930 1059 1126 1131 magni
1145 1074 1380 1130 semper
1405 1058 1663 1125 habitus,
1682 1073 1800 1112 non
1824 1073 1919 1112 se-

269 1150 380 1205 mel
413 1148 730 1220 peregrina
760 1145 1024 1214 advocat,
1053 1161 1182 1216 quae
1204 1145 1360 1200 unde
1384 1149 1621 1216 sumpta
1644 1148 1783 1199 sunt
1811 1160 1917 1197 nos

266 1256 383 1294 non
399 1239 599 1293 minus
613 1237 1105 1306 nescimus,quam
1119 1234 1408 1290 Eusebius
1419 1233 1579 1290 unde
1592 1232 1743 1288 illud
1756 1233 1917 1306 Igna-

266 1336 494 1384 tianum
527 1326 856 1383 manaverit
913 1326 1224 1397 ignoravit.
1271 1326 1416 1379 Nam
1458 1323 1638 1393 unde,
1695 1338 1916 1393 quaaso,

265 1419 367 1473 illa
395 1417 580 1472 verba
620 1416 835 1488 Moysis
866 1419 1101 1487 sumpta
1140 1419 1315 1470 sunt:
1351 1412 1499 1490 Ἐγὼ
1532 1408 1590 1466 δὶ
1612 1411 1726 1484 εἰμὶ
1757 1410 1920 1483 ἀτμὶς

263 1507 366 1561 ἀπὸ
395 1506 603 1576 κύθρας
630 1505 722 1576 (ut
752 1522 886 1572 ms.,
919 1521 1038 1560 non
1070 1502 1316 1578 χύτρας).
1351 1505 1434 1558 Ex
1484 1502 1770 1558 Hebraico
1819 1518 1922 1557 co-

266 1599 392 1654 dice
424 1599 555 1652 haac
596 1596 811 1652 alicubi
836 1596 961 1650 erui
993 1612 1188 1666 posse,
1246 1595 1416 1651 docte
1464 1594 1674 1666 probat
1727 1593 1922 1650 Fellus

269 1693 510 1752 noster;
546 1685 652 1742 sed
682 1687 920 1756 Moysen
952 1702 1023 1741 ea
1042 1685 1221 1742 verba
1244 1701 1562 1756 usurpasse
1593 1685 1656 1739 in
1691 1684 1747 1739 S.
1773 1683 1922 1740 Scri-

2029 525 2246 599 Γραφῆς
2303 520 2578 589 ξενίζοντα
2635 521 2979 596 παρεισάγει⁶
3047 522 3124 576 ὧν
3186 520 3299 578 οὐδ’
3363 526 3396 593 ἠ
3457 525 3688 603 πρετέρα

2028 607 2334 682 ἐξήλλακτο
2363 607 2661 671 παντελῶς.
2689 633 2718 662 ‹‹
2737 612 2856 667 Etsi
2876 612 3034 668 dicta
3055 613 3328 683 quaedam
3351 619 3681 689 peregrina,

2027 701 2188 757 velut
2200 718 2230 756 e
2247 706 2453 756 sancta
2467 701 2770 773 Scriptura
2790 701 3132 758 subinducit
3148 719 3161 769 ;
3177 704 3391 774 quibus
3408 722 3482 761 ne
3497 708 3686 778 prima

2029 790 2271 861 quidem
2295 791 2541 862 epistola
2566 791 2808 862 penitus
2827 797 3012 846 vacat.
3047 814 3067 842 ι
3097 794 3334 850 Photius
3358 794 3556 868 itaque
3584 799 3684 854 ob-

2029 882 2302 937 servabat
2331 881 2620 936 nonnulla
2647 881 2980 953 peregrina,
3033 883 3150 938 sive
3182 886 3537 957 apocrypha,
3572 889 3680 944 sub

2027 987 2329 1027 sacrarum
2342 970 2662 1026 litterarum
2679 971 2917 1027 nomine
2930 971 2992 1027 in
3006 989 3075 1028 ea
3085 972 3397 1030 Clementis
3409 976 3680 1047 epistola,

2029 1077 2204 1130 quam
2229 1059 2354 1131 ipse
2368 1059 2510 1115 alibi
2531 1055 2822 1134 ἀξιόλογον
2843 1061 3571 1135 appellaverat,etpublice
3594 1067 3678 1122 1e-

2029 1155 2181 1204 ctam
2209 1152 2546 1218 agnoverat,
2577 1150 2890 1203 contineri.
2921 1157 3000 1204 Ac
3024 1152 3406 1207 temerarium
3424 1153 3601 1226 plane
3627 1161 3685 1212 et

2028 1237 2433 1310 periculosum
2465 1253 2597 1292 esse
2619 1237 2690 1293 de
2724 1238 3077 1309 antiquitate
3099 1244 3201 1295 aut
3221 1241 3465 1297 veritate
3479 1244 3682 1316 scripti

2030 1328 2284 1398 alicujus
2308 1345 2379 1382 ex
2395 1328 2871 1398 apocryphorum
2887 1328 3166 1384 citatione
3181 1329 3683 1400 dubitare,osten—

2030 1416 2181 1472 dunt
2201 1415 2306 1471 illa
2324 1415 2664 1488 Hieronymi
2689 1416 2749 1471 in
2771 1416 3082 1490 Catalogo:
3112 1437 3134 1465 α
3157 1419 3354 1486 Judas,
3387 1420 3570 1477 frater
3593 1423 3684 1477 Ja-

2030 1506 2429 1578 cobi,parvam
2454 1505 2716 1576 quidem,
2751 1522 2881 1577 quae
2904 1507 2975 1562 de
2995 1512 3222 1579 septem
3243 1510 3549 1567 catholicis
3571 1517 3682 1581 est,

2033 1595 2346 1668 epistolam
2369 1593 2861 1666 reliquit.thuia
2874 1596 2946 1651 de
2960 1596 3111 1652 libro
3130 1598 3390 1666 Henoch,
3416 1600 3516 1671 qui
3538 1617 3649 1672 apo
3665 1629 3684 1642 -

2031 1685 2287 1757 cryphus
2306 1690 2416 1753 est,
2440 1685 2504 1739 in
2523 1700 2592 1740 ea
2612 1686 2862 1740 assumit
2883 1687 3311 1756 testimonium,
3327 1704 3362 1744 a
3382 1689 3685 1760 plerisque

267 1786 444 1850 ptura
489 1794 611 1833 non
668 1776 903 1849 legitur.
962 1776 1122 1832 Unde
1183 1776 1362 1832 etiam
1417 1776 1560 1831 illa:
1619 1772 1920 1850 Γέγραπται
1956 1802 2002 1867 Β
2031 1774 2322 1846 rejicitur.
2348 1776 2567 1829 Tamen
2584 1775 2999 1829 auctoritatem
3029 1780 3318 1832 vetustate
3342 1777 3471 1849 jam
3496 1782 3553 1832 et
3572 1795 3687 1835 usu

268 1868 399 1943 σαφ’
444 1865 734 1929 Κολλᾶσθε
765 1870 882 1926 τοῖς
913 1865 1114 1940 ἁγίοις,
1148 1865 1231 1919 ὃτι
1265 1864 1317 1918 οἱ
1346 1862 1693 1938 κολλώμενοι
1741 1861 1922 1924 αὐτοῖς

2036 1862 2272 1930 meruit,
2303 1866 2364 1918 et
2392 1862 2552 1917 inter
2579 1867 2817 1918 sanctas
2839 1863 3171 1935 Scripturas
3226 1871 3620 1938 computatur.
3656 1889 3685 1918 »

271 1957 716 2028 ὴιασθήσονται.
787 1977 814 2004 ‹‹
867 1955 1160 2026 Scriptum
1211 1959 1300 2010 est
1349 1954 1557 2009 enim:
1610 1953 1923 2010 Adhaarete

268 2047 516 2110 sanctis,
551 2045 691 2115 quia
715 2044 814 2114 qui
838 2044 959 2099 illis
980 2044 1288 2100 adhaerent
1307 2043 1876 2100 sanctiﬁcabuntur‘?
1897 2065 1924 2092 »

270 2139 414 2191 Nam
451 2152 587 2206 quae
632 2139 1005 2204 sequuntur:
1067 2132 1165 2186 Καὶ
1220 2131 1388 2187 πάλιν
1442 2131 1493 2186 ὲν
1551 2131 1716 2204 ἑτέρῳ
1769 2129 1927 2203 τόπῳ

271 2222 476 2298 λέγειε
541 2222 690 2279 Μετὰ
747 2219 940 2296 ἀνδρὸς
997 2221 1178 2276 ἀθώου
1244 2221 1425 2285 ἀθῶος
1483 2215 1577 2296 ἔσῃ
1637 2221 1750 2294 (καὶ
1810 2221 1926 2294 μετ’

267 2312 535 2368 ἐκλεκτοῦ
560 2311 814 2372 ἐκλεκτὸς
845 2305 955 2384 ἔσῃ,
988 2319 1054 2368 ut
1087 2313 1263 2369 habet
1288 2313 1471 2368 codex
1495 2313 1651 2384 ms.),
1674 2310 1763 2365 καὶ
1795 2309 1928 2382 μετὰ

270 2396 542 2474 στρεϐλοῦ
603 2398 959 2474 διαστρέψεις.
1020 2423 1049 2450 ‹‹
1107 2403 1178 2456 Ει
1233 2418 1438 2456 rursus
1505 2400 1567 2456 in
1626 2401 1737 2456 alio
1798 2401 1926 2456 loco

273 2493 393 2546 ait:
429 2491 564 2546 Cum
595 2491 717 2546 viro
749 2494 1040 2547 innocente
1069 2493 1328 2546 innocens
1358 2493 1486 2556 eris,
1517 2497 1568 2545 et
1609 2507 1729 2546 cum
1759 2492 1926 2545 electo

270 2584 473 2638 electus
513 2581 645 2649 eris,
676 2589 728 2636 et
760 2598 882 2636 cum
905 2598 1164 2652 perverso
1215 2583 1565 2651 perverteris,
1602 2603 1630 2631 »
1682 2580 1928 2636 totidem

274 2671 469 2726 verbis
501 2671 561 2725 in
594 2669 826 2742 psalmo
859 2687 970 2726 xm
1003 2671 1298 2742 leguntur.
1338 2670 1500 2726 Unde
1529 2686 1664 2724 vero
1699 2674 1756 2724 et
1786 2669 1925 2724 illa:

276 2758 474 2834 Ποῤῥω
516 2757 754 2835 γενέσθω
785 2758 878 2832 ἀφ’
904 2760 1062 2830 ἡμῶν
1094 2760 1128 2827 ἡ
1161 2759 1346 2837 Γραφή
1381 2757 1515 2828 αὕτη
1567 2756 1704 2812 ὅπου
1756 2755 1928 2830 λέγει’

283 2846 637 2922 Ἰαλαὶπωροί
665 2847 798 2902 εἰσιν
821 2848 872 2902 οἱ
895 2845 1125 2921 δίψυχοι
1151 2848 1203 2901 οἱ
1235 2845 1569 2916 διστάζοντες
1596 2848 1696 2915 τήν
1723 2848 1931 2921 ψυχήν,

289 2937 338 2990 οἱ
397 2936 667 3011 λέγοντες,
756 2937 945 2994 Ταῦτα
1016 2935 1326 3010 ἠκούσαμεν
1406 2937 1512 2992 ἀπὸ
1593 2939 1746 3009 (ms.
1805 2935 1933 3009 ἐπὶ)

279 3031 386 3080 τῶν
443 3026 693 3099 πατέρων
767 3028 953 3098 ἡμῶν,
1009 3025 1099 3079 καὶ
1184 3023 1302 3080 ίδοὺ
1378 3026 1785 3100 γεγηράκαμεν,
1843 3024 1934 3079 καὶ

273 3112 430 3170 οὐδὲν
477 3117 616 3188 ἡμῖν
675 3114 884 3170 τούτων
945 3110 1312 3186 συμϐέϐηκεν.
1364 3118 1621 3188 «Longe
1671 3131 1706 3171 a
1758 3115 1931 3171 nobis

271 3206 427 3261 absit
456 3206 763 3278 Scriptura
802 3205 924 3272 illa,
977 3205 1078 3261 ubi
1134 3205 1323 3262 dicit:
1379 3206 1573 3260 Miseri
1633 3209 1773 3260 sunt
1831 3206 1930 3276 qui

267 3295 471 3350 animo
511 3295 739 3366 duplici
793 3300 931 3350 sunt
979 3300 1036 3349 et
1085 3295 1474 3363 inconstanti,
1525 3295 1626 3366 qui
1677 3294 1923 3350 dicunt:

263 3389 398 3442 Haac
432 3393 604 3442 aetate
638 3391 875 3457 patrum
908 3390 1248 3440 nostrorum
1291 3386 1645 3453 audivimus,
1699 3391 1758 3441 et
1789 3401 1926 3441 ecce

268 3475 724 3544 consenuimus,
759 3481 817 3530 et
846 3475 1000 3529 nihil
1029 3475 1244 3530 horum
1292 3475 1464 3530 nobis
1509 3475 1773 3531 accidit?
1804 3497 1829 3524 ››
1863 3477 1930 3529 In

268 3564 538 3621 secunda
592 3564 916 3619 Clementis
976 3565 1230 3636 epistola
1287 3566 1412 3620 haec
1461 3564 1536 3620 ad
1590 3561 1931 3640 προφητικὸν

269 3652 438 3727 λόγον
473 3654 834 3722 referuntur,
868 3661 927 3709 et
957 3671 1026 3709 ex
1057 3656 1366 3710 occasione
1397 3654 1556 3709 vocis
1591 3651 1930 3727 ταλαίπωροι

271 3743 672 3818 praecedentis
694 3744 1092 3813 adducuntur,
1107 3750 1172 3799 ut
1188 3745 1248 3799 in
1272 3745 1452 3816 priori
1467 3761 1537 3799 ex
1559 3744 1930 3816 praecedente

277 3834 534 3904 monito,
570 3833 646 3905 μή
681 3829 1024 3906 διψυχῶμεν.
1059 3835 1128 3888 Et
1159 3834 1208 3889 si
1237 3834 1493 3906 primam
1515 3833 1828 3906 epistolam
1860 3850 1931 3888 ex

276 3923 544 3979 secunda
573 3923 952 3994 interpretari
983 3923 1179 3992 liceat,
1211 3924 1390 3979 etiam
1416 3924 1593 3979 verba
1622 3922 1934 3994 sequentia

273 4012 605 4067 Clementis
638 4029 759 4066 non
791 4017 984 4081 erunt,
1017 4012 1119 4067 sed
1162 4029 1231 4068 ex
1285 4013 1493 4068 eodem
1537 4019 1778 4068 auctore
1827 4012 1930 4066 de—

275 4107 537 4172 sumpta.
571 4100 633 4152 Ὠ
665 4098 910 4169 ἀνόητοι.
957 4093 1305 4171 συμϐάλλετε
1349 4098 1574 4162 ἑαυτοὺς
1628 4099 1796 4172 ξύλῳ,
1831 4098 1930 4154 λά·

274 4183 398 4242 ὗετε
427 4186 702 4260 ἄμπελον·
732 4191 948 4262 πρῶτον
987 4188 1080 4260 μὶν
1120 4187 1478 4266 φυλλοῤῥοεῖ,
1530 4189 1643 4244 εἶτα
1693 4187 1930 4264 βλαστὸς

270 4277 505 4351 γίνεται,
555 4278 670 4331 εἶτα
723 4275 959 4353 φύλλον,
1019 4278 1139 4332 εἶτα
1193 4275 1373 4348 ἄνθος,
1430 4277 1519 4334 καὶ
1582 4279 1714 4352 μετᾶ
1762 4281 1933 4334 ταῦτα

272 4365 479 4440 ὄμφαξ,
513 4368 631 4421 εἶτα
682 4363 929 4442 σταφυλὴ
980 4371 1371 4442 παρεστῃκυῖα.
1407 4391 1435 4419 ‹‹
1468 4371 1511 4426 Ο
1542 4370 1709 4441 fatui,
1771 4386 1932 4425 com-

272 4462 480 4528 parate
513 4473 616 4511 vos
647 4457 868 4525 arbori,
901 4457 1063 4512 vitim
1097 4458 1310 4513 sumite
1341 4476 1353 4526 ;
1388 4459 1647 4530 primum
1692 4458 1933 4530 quidem

2101 1955 2400 2009 Praaterea
2431 1953 2646 2007 iterum
2677 1951 3111 2008 observandum
3143 1959 3253 2023 est,
3289 1955 3447 2026 quod
3475 1956 3544 2012 de
3575 1958 3688 2013 hac

2026 2059 2092 2098 re
2124 2042 2363 2113 scripsit
2391 2042 2630 2097 Isaacus
2661 2041 3083 2098 Casaubonus:
3122 2065 3141 2090 α
3178 2043 3515 2108 Quinetiam
3565 2047 3687 2101 for-

2028 2137 2187 2186 tasse
2218 2130 2438 2200 verius,
2469 2147 2590 2185 non
2622 2147 2690 2185 ex
2722 2131 3033 2202 Evangelio
3067 2131 3350 2186 Hebraico
3390 2134 3684 2204 Ignatium

2027 2220 2132 2274 illa
2153 2219 2330 2274 verba
2351 2218 2965 2290 descripsisse,verum
2995 2219 3376 2275 traditionem
3399 2221 3684 2294 allegasse

2031 2326 2153 2364 non
2187 2309 2487 2380 ssriptam,
2524 2325 2656 2379 quas
2688 2313 2895 2379 postea
2927 2309 2988 2363 in
3011 2308 3240 2364 litteras
3270 2310 3451 2366 fuerit
3473 2311 3682 2378 relata,

2033 2404 2092 2456 et
2123 2399 2407 2454 Hebraico
2443 2399 2778 2472 Evangelia,
2813 2398 2973 2470 quod
3021 2400 3290 2455 Matthaao
3321 2401 3682 2472 tribuebant,

2033 2488 2278 2544 inserta.
2316 2510 2346 2539 »
2375 2490 2445 2543 Et
2474 2489 2586 2543 hoc
2617 2487 2858 2559 quidem
2888 2488 3076 2542 multo
3108 2489 3255 2544 mihi
3301 2491 3684 2548 verisimilius

2031 2575 2280 2632 videtur.
2315 2579 2458 2631 Nam
2490 2576 2632 2631 lieet
2663 2577 3057 2648 Hieronymus
3089 2578 3492 2636 testimonium
3535 2581 3685 2637 illud

2035 2683 2106 2722 ex
2135 2683 2206 2722 eo
2227 2665 2542 2738 Evangelio
2573 2666 2824 2737 petitum
2853 2682 2981 2721 esse
3014 2666 3248 2734 dixerit,
3283 2674 3484 2724 tamen
3509 2672 3686 2726 Euse—

2032 2755 2168 2810 bius
2198 2754 2356 2810 unde
2389 2753 2540 2809 illud
2570 2753 2848 2809 habuerit
2876 2756 3108 2810 nescire
3148 2772 3209 2810 se
3241 2757 3544 2828 professus
3575 2765 3686 2830 est,

2035 2863 2170 2901 cum
2206 2850 2405 2900 tamen
2437 2845 2564 2916 ipse
2608 2844 2989 2916 Evangelium
3038 2845 3363 2901 secundum
3415 2847 3689 2905 Hebraeos

2037 2935 2259 3006 optime
2291 2934 2573 2989 novisset.
2607 2935 2677 2988 Et
2707 2933 2950 3004 quidem
2981 2940 3159 2990 recte.
3194 2937 3340 2990 Nam
3372 2935 3472 2992 illa
3512 2939 3692 2995 verba

2038 3040 2160 3079 non
2191 3024 2254 3078 in
2286 3039 2353 3078 eo
2387 3027 2618 3077 tantum
2650 3022 2965 3094 Evangelio
2992 3024 3462 3094 reperiebantur,
3498 3027 3600 3082 sed
3633 3033 3690 3082 et

2038 3114 2101 3168 in
2133 3112 2266 3169 aliis
2295 3111 2486 3177 libris,
2514 3117 2583 3166 ut
2612 3112 2673 3166 in
2704 3111 2825 3177 illo,
2859 3113 2958 3182 qui
3019 3115 3282 3168 Doctrina
3326 3115 3480 3170 Petri
3530 3116 3688 3173 dice-

2038 3204 2231 3259 batur.
2264 3202 2544 3273 Origenes
2574 3199 2704 3272 Περὶ
2731 3199 2922 3278 ἀρχῶν
2962 3201 3059 3256 lib.
3096 3220 3110 3256 ι
3141 3221 3153 3257 :
3205 3225 3232 3254 ‹‹
3265 3205 3323 3260 Si
3372 3222 3507 3261 vero
3557 3208 3687 3278 quis

2043 3293 2180 3350 velit
2199 3293 2371 3348 nobis
2402 3293 2666 3364 proferre
2692 3309 2759 3347 ex
2780 3292 2882 3348 illo
2904 3292 3108 3348 libello
3132 3294 3231 3364 qui
3258 3297 3410 3350 Petri
3433 3297 3690 3352 Doctrina

2036 3383 2388 3454 appellatur,
2421 3381 2522 3437 ubi
2556 3381 2820 3437 Salvator
2850 3382 3082 3437 videtur
3112 3383 3186 3438 ad
3235 3382 3557 3455 discipulos
3607 3387 3690 3441 di-

2036 3489 2190 3541 cere,
2227 3471 2386 3544 quod
2417 3488 2538 3526 non
2562 3472 2640 3526 sit
2662 3471 3024 3526 daamonium
3047 3473 3687 3546 incorporeum,primo

2035 3561 2519 3634 respondendum
2540 3565 2630 3616 est
2647 3561 3012 3632 ei,quoniam
3035 3560 3133 3616 ille
3148 3562 3299 3617 liber
3321 3563 3481 3618 inter
3502 3564 3687 3620 libros

2035 3651 2471 3708 ecclesiasticos
2500 3667 2622 3705 non
2653 3650 2925 3706 habetur.
2961 3672 2989 3700 »
3040 3652 3219 3706 Multa
3268 3668 3410 3707 sane
3467 3653 3688 3709 Christi

2036 3741 2193 3796 dicta
2225 3739 2286 3794 in
2321 3756 2421 3794 ore
2467 3739 3005 3794 vetustissimorum
3051 3740 3522 3796 Christianorum
3571 3743 3693 3798 fue-

2035 3835 2195 3896 runt,
2229 3845 2360 3898 qum
2392 3829 2454 3882 in
2485 3827 2812 3899 Evangeliis
2853 3828 3071 3883 nostris
3116 3845 3238 3884 non
3286 3831 3690 3902 reperiuntur,

2037 3936 2231 3990 neque
2264 3919 2325 3973 in
2356 3918 2489 3973 aliis
2520 3918 2656 3974 ullis
2687 3919 2938 3974 fortasse
2968 3935 3234 3990 unquam
3276 3920 3496 3992 scripta
3526 3927 3682 3978 sunt.

2037 4008 2216 4075 Quale
2249 4012 2381 4063 erut
2409 4006 2592 4062 illud:
2627 4005 2842 4068 Γίνεσθε
2872 4003 3095 4078 δόκιμοι
3142 4008 3474 4082 τραπεξίται,
3530 4013 3689 4082 quod

2038 4115 2074 4154 a
2101 4096 2307 4153 multis
2339 4101 2603 4151 veterum
2635 4101 2918 4166 tanquam
2970 4096 3187 4152 Christi
3239 4097 3606 4164 mandatum,
3637 4105 3697 4155 et

2039 4187 2283 4258 quidem
2311 4202 2346 4240 a
2375 4186 2432 4242 S.
2465 4185 2634 4240 Pauli
2675 4185 3079 4242 admonitione
3134 4186 3503 4254 distinctum,
3537 4206 3694 4260 szepe

2039 4278 2323 4334 recitatur
2354 4298 2368 4344 ;
2403 4293 2472 4332 ex
2496 4277 2660 4332 nullo
2691 4283 2892 4333 tamen
2924 4279 3261 4350 apocrypho
3294 4280 3512 4352 scripto
3544 4281 3694 4337 cita-

2039 4373 2156 4434 tur,
2188 4383 2297 4422 nec
2329 4372 2529 4422 tamen
2562 4367 2623 4422 in
2657 4368 2875 4422 nostris
2908 4368 3214 4424 codicibus
3236 4369 3548 4441 reperitur,
3583 4387 3694 4426 nec

2041 4474 2074 4513 a
2101 4457 2376 4512 Patribus
2407 4473 2478 4512 ex
2512 4456 2809 4528 parabolis
2836 4457 3052 4512 Christi
3083 4458 3399 4514 collectum
3431 4465 3691 4528 est,cum

276 4546 702 4613 defrondescit,
737 4562 980 4618 germen
1024 4552 1230 4618 postea
1277 4547 1530 4619 pullulat
1574 4548 1785 4604 folium
1830 4547 1930 4604 de-
1960 4531 2008 4596 Ι)
2041 4546 2219 4602 etiam
2250 4545 2516 4602 haaretici
2548 4545 2698 4602 illud
2727 4553 3107 4618 usurparent,
3157 4553 3213 4603 et
3259 4548 3502 4619 quidem
3556 4555 3692 4605 ante

275 4636 437 4701 inde,
476 4641 603 4690 tum
633 4635 765 4703 ﬂos,
799 4641 860 4691 et
899 4640 1033 4707 post
1079 4637 1205 4692 haac
1252 4653 1362 4693 uva
1413 4638 1645 4706 acerba,
1689 4637 1930 4693 demum

274 4742 386 4780 uva
416 4729 676 4779 matura.
711 4746 739 4773 ››
771 4725 917 4779 Nam
949 4725 1010 4778 in
1041 4725 1292 4798 epistola
1321 4727 1584 4782 secunda
1639 4727 1764 4782 haec
1813 4727 1932 4782 illis

275 4812 657 4869 subduntur:
729 4809 892 4868 Οὕτω
949 4813 1040 4866 καὶ
1079 4813 1106 4866 ὁ
1164 4810 1296 4874 λαός
1358 4834 1462 4886 μου
1537 4813 1930 4877 ἀκαταστασίας

270 4900 361 4954 καὶ
415 4899 636 4974 θλίψεις
695 4895 879 4978 ἔσχεν,
948 4895 1132 4956 ἔπειτα
1215 4901 1562 4976 ἀπολήψεται
1620 4903 1687 4958 τὰ
1739 4902 1926 4978 ἂγαθα.

274 5014 301 5042 α
335 4995 422 5048 Ita
446 4994 630 5049 etiam
663 4992 918 5064 populus
954 5010 1120 5049 meus
1152 4994 1473 5050 seditiones
1496 5001 1555 5050 et
1575 4995 1932 5052 aftlictiones

267 5083 503 5150 habuit,
538 5086 751 5154 postea
780 5083 1031 5154 recipiet
1061 5100 1131 5139 ea
1167 5101 1296 5154 quas
1329 5084 1488 5140 bona
1516 5089 1674 5140 sunt.
1711 5106 1738 5133 »
1793 5086 1932 5150 Quae

264 5189 407 5229 cum
442 5177 730 5242 tanquam
769 5189 838 5227 ex
870 5173 1160 5244 propheta
1186 5173 1550 5243 adduxisset,
1573 5191 1712 5229 suos
1733 5175 1932 5230 statim

263 5264 470 5318 verbis
502 5263 630 5318 suis
663 5261 1028 5333 alloquitur:
1059 5269 1238 5328 Ὥστε,
1290 5261 1521 5341 ἀδελφοί
1574 5283 1700 5338 μου,
1741 5264 1816 5336 μή
1851 5261 1934 5318 δι-

263 5355 562 5424 ψυχῶπεν.
620 5374 648 5400 ‹‹
681 5352 890 5422 Quare,
924 5353 1136 5409 fratres
1168 5354 1306 5422 mei,
1339 5371 1412 5410 ne
1445 5355 1630 5410 animi
1679 5354 1934 5426 duplicis

264 5444 482 5509 simus,
530 5464 559 5491 »
596 5442 906 5513 Utcunque
938 5461 1000 5498 se
1033 5461 1127 5499 res
1149 5444 1383 5510 habeat,
1425 5462 1546 5500 non
1596 5462 1704 5501 nos
1756 5445 1931 5516 primi

263 5529 396 5584 haec
426 5527 805 5594 notavimus;
853 5529 1101 5586 Phottus
1155 5531 1280 5602 ipse
1339 5531 1541 5602 aliqua
1589 5531 1932 5604 hujusmodi

269 5619 611 5674 observavit
639 5618 842 5673 codice
881 5620 1000 5688 126,
1054 5619 1124 5674 de
1174 5621 1434 5677 secunda
1478 5620 1638 5677 enim
1689 5620 1938 5692 epistola

599 5739 867 5796 PATROL.
915 5737 1025 5798 Gn.
1079 5738 1148 5798 V.

2040 4635 2384 4704 catholicos,
2407 4640 2475 4691 ut
2504 4641 2737 4692 constat
2765 4653 2835 4691 ex
2855 4637 3060 4707 Apelle
3082 4637 3239 4708 apud
3268 4639 3689 4710 Epiphanium.

2041 4726 2212 4797 Apud
2242 4725 2572 4781 Barnabam
2603 4727 2728 4782 haac
2754 4726 3069 4798 leguntur:
3112 4751 3138 4778 ‹‹
3171 4730 3329 4784 Nihil
3361 4732 3521 4786 enim
3552 4749 3688 4802 pro-

2041 4814 2197 4870 derit
2226 4815 2399 4870 nobis
2427 4832 2602 4871 omne
2636 4821 2865 4887 tempus
2897 4817 3028 4872 vitae
3060 4823 3277 4874 nostras
3325 4825 3384 4874 et
3436 4819 3597 4883 ﬁdei,
3643 4821 3692 4875 si

2043 4921 2161 4960 non
2185 4905 2360 4959 modo
2386 4905 2524 4976 [lege
2548 4905 2708 4976 odio]
2739 4905 3012 4975 iniquum
3045 4912 3103 4962 et
3133 4907 3362 4963 futuras
3406 4909 3691 4963 tentatio-

2041 5009 2147 5048 nes
2170 4991 2516 5048 habeamus.
2544 4992 2707 5048 Sicut
2735 4993 2876 5048 dicit
2900 4993 3084 5048 Filius
3117 4995 3218 5049 Dei
3244 5011 3256 5049 :
3283 5017 3309 5044 «
3331 4995 3693 5051 Resistamus

2042 5081 2204 5137 omni
2226 5080 2614 5152 iniquitati,et
2632 5082 2767 5137 odio
2781 5081 3108 5138 habeamns
3131 5100 3281 5139 eam.
3303 5106 3331 5134 »
3349 5086 3481 5139 Haec
3496 5089 3694 5140 autem

2042 5190 2076 5228 a
2107 5171 2336 5228 Christo
2368 5171 2527 5226 dicta
2556 5171 2700 5226 alibi
2731 5189 2854 5227 non
2883 5173 3154 5244 legimus.
3189 5174 3351 5230 Idem
3374 5174 3501 5230 haec
3522 5175 3693 5246 quasi

2044 5281 2079 5320 a
2108 5262 2358 5319 Domino
2391 5261 2550 5318 dicta
2573 5261 2835 5332 profert:
2887 5259 3068 5330 Οὕτω,
3121 5263 3306 5340 φησὶν,
3354 5263 3405 5316 οἱ
3452 5261 3697 5324 Θὲλοντές

2046 5372 2113 5425 με
2142 5347 2276 5405 ἰδεῖν
2316 5349 2407 5403 καὶ
2459 5345 2690 5422 ἅψασθαι
2757 5369 2862 5421 μου
2914 5356 3015 5418 τῆς
3056 5347 3362 5424 βασιλείας,
3411 5350 3693 5430 ὀφείλουσι

2044 5435 2318 5506 θλιϐἑντες
2347 5437 2436 5493 καὶ
2462 5438 2725 5499 παθόντες
2755 5432 2942 5493 λαϐεῖν
2981 5460 3063 5512 με.
3100 5463 3128 5492 «
3164 5441 3276 5508 Sic,
3328 5442 3545 5515 inquit,
3591 5445 3692 5514 qui

2043 5531 2354 5586 voluntme
2370 5530 2656 5599 videre,et
2671 5529 2962 5602 attingere
2979 5548 3227 5604 regnum
3241 5548 3462 5601 meum,
3477 5533 3697 5590 debent

2045 5620 2367 5692 compressi
2399 5625 2458 5676 et
2481 5620 2670 5676 multa
2699 5621 2858 5692 passi
2889 5621 3180 5694 accipere.
3213 5644 3242 5674 »
3275 5623 3510 5679 Grotius
3541 5624 3695 5680 hanc

3303 5739 3375 5800 12
