4064 6134
347 273 464 339 363

1414 273 1477 335 S.
1524 272 1926 334 IGNATIUS.
1974 305 2049 317 —
2091 270 2709 337 PBOLEGOMENA.

3645 271 3762 333 364

345 412 535 485 ipsam
566 410 860 468 rationem
893 408 1064 465 affert
1091 425 1198 480 pro
1221 407 1542 462 Clementis
1557 405 1820 479 epistolas
1843 405 2001 460 anti-
2033 413 2078 479 Α
2112 408 2319 478 periali
2351 409 2647 466 sententia
2685 410 3169 474 condemnatum,
3203 408 3265 464 in
3306 408 3582 465 manibus
3633 425 3759 465 car-

344 503 570 573 quitate
599 506 775 570 atque
801 499 1069 564 veritate,
1093 497 1254 567 quod
1279 497 1435 552 dicta
1457 496 1728 567 quaedam
1749 500 1996 566 usurpat

342 609 464 647 non
496 590 735 660 scripta,
769 587 872 644 sed
903 592 968 641 ut
1019 586 1310 642 memoria
1355 586 1580 640 recenti
1628 601 1735 656 per
1782 601 1995 639 manus

341 679 578 736 tradita.
611 678 703 732 Bis
741 676 982 747 quidem
1031 675 1368 730 Corinthios
1417 673 1490 728 ad
1544 674 1728 745 ipsius
1778 672 1994 728 Christi

341 769 520 824 verba
551 772 806 835 revocat,
831 781 1019 836 eaque
1049 765 1263 819 recitat
1287 781 1300 831 ;
1334 763 1436 818 sed
1468 764 1551 818 ita
1579 768 1646 818 ut
1675 779 1745 817 ex
1775 763 1994 833 scripto

343 859 538 929 aliquo
571 856 773 912 codice
807 870 877 910 ea
907 854 1175 909 hausisse
1209 854 1455 908 minime
1503 852 1789 908 videatur.
1840 849 1996 904 Οὕτω

339 946 441 1020 γὰρ
473 944 638 1013 εἶπεν,
696 964 723 992 ‹‹
759 943 850 997 Sic
910 942 1069 996 enim
1129 941 1299 1009 dixit,
1344 963 1364 989 ι
1431 940 1662 995 scilicet
1711 939 1996 995 Dominus

340 1036 516 1091 Jesus
565 1051 576 1087 :
640 1030 880 1088 Ἐλεεῖτε
929 1028 1025 1083 ἵνα
1086 1027 1374 1100 ἐλεηθῆτε,
1442 1028 1626 1104 ἀφίετε
1677 1025 1772 1081 ’ίνα
1823 1026 1994 1106 ἀφεθῇ

343 1123 496 1195 ὑμῖν,
531 1122 605 1182 ὡς
632 1125 841 1174 ποιεῖτε
889 1119 1032 1173 οὕτω
1076 1119 1437 1188 ποιηθήσεται
1487 1118 1637 1190 ὑμῖν,
1694 1117 1767 1179 ὡς
1818 1112 1996 1170 δίδοτε

342 1212 492 1265 οὕτω
523 1207 814 1279 δοθήσεται
871 1209 1024 1280 ὑμῖν,
1073 1208 1148 1268 ὡς
1200 1205 1406 1282 κρίνετε
1465 1205 1609 1260 οὕτω
1675 1207 1991 1279 κριθήσεται

343 1304 494 1375 ὑμῖν,
547 1302 623 1362 ὡς
682 1300 1050 1374 χρηστεύεσθε
1106 1299 1255 1352 οὕτω
1316 1299 1782 1372 χρηστευθήσεται
1845 1296 1993 1367 ὑμῖν,

344 1393 389 1464 ᾦ
427 1388 608 1464 μέτρῳ
638 1394 884 1464 μετρεῖτε
942 1387 995 1443 ἐν
1044 1387 1190 1459 αὐτῷ
1238 1387 1635 1461 μετρηθήσεται
1688 1387 1840 1458 ὑμῖν.
1894 1386 1994 1440 His

342 1483 542 1554 aliqua
571 1499 690 1537 non
744 1481 1060 1537 dissimilia
1109 1480 1405 1534 habentur
1451 1477 1608 1550 apud
1666 1479 1720 1533 S.
1779 1479 1994 1532 Lucam

341 1573 533 1644 capite
566 1589 635 1626 vr
671 1571 782 1626 Sed
813 1570 1177 1625 Clementem
1209 1570 1375 1623 Lucas
1415 1566 1892 1638 condiscipulum
1923 1583 1994 1620 ex

343 1663 472 1734 ejus
497 1660 800 1731 Evaagelio
825 1660 950 1713 haec
971 1657 1380 1728 descripsisse,
1413 1657 1559 1711 mihi
1589 1657 1651 1710 in
1675 1661 1839 1710 tanto
1864 1672 1994 1709 ver-

343 1751 556 1806 borum
580 1748 922 1804 discrimine
937 1746 1254 1801 verisimile
1278 1763 1397 1800 non
1421 1752 1541 1811 est;
1567 1761 1760 1816 neque
1787 1745 1991 1800 dubito
2024 1787 2072 1852 Β

345 1839 491 1909 quin
504 1839 776 1893 Clemens
790 1836 1126 1908 cognoverit
1139 1851 1619 1904 unamquamque
1632 1851 1704 1889 ex
1721 1834 1840 1888 illis
1861 1851 1996 1888 sen-

348 1927 548 1982 tentiis
601 1943 632 1981 a
665 1927 896 1980 Christo
955 1925 1135 1978 fuisse
1194 1924 1524 1994 prolatam;
1584 1923 1741 1978 unde
1799 1923 1996 1978 statim

348 2017 556 2072 addit:
619 2014 802 2086 Ταύτῃ
861 2016 930 2086 τῇ
987 2010 1186 2081 ἐντολῇ
1241 2009 1331 2064 καί
1411 2015 1526 2071 τοῖς
1580 2009 1995 2085 παραγγέλμασι

339 2109 566 2166 τούτοις
600 2105 704 2176 (ita
734 2106 870 2165 ms.)
900 2101 1240 2176 στηρίξωμεν
1270 2099 1516 2161 ἑαυτούς.
1551 2123 1579 2151 ‹‹
1613 2103 1730 2156 Hoc
1778 2117 1996 2172 praece-

340 2201 442 2267 pto
497 2201 555 2249 et
601 2193 898 2248 mandatis
948 2193 1110 2246 hisce
1172 2191 1538 2246 stabiliamus
1590 2207 1700 2245 nos
1751 2191 1994 2262 ipsos.»

345 2287 416 2340 Et
445 2301 690 2338 rursus:
727 2283 1018 2350 Μνήσθητε
1045 2283 1154 2332 τῶν
1189 2279 1367 2353 λόγων
1419 2280 1601 2348 Ἰησοῦ
1646 2282 1743 2333 τοῦ
1795 2277 1996 2352 Κυρίου

343 2375 376 2440 ἡ
389 2375 529 2444 μῶν,
547 2371 662 2424 εἶπε
674 2370 799 2444 γάρ·
821 2393 848 2420 ιι
867 2369 1282 2425 Recordamini
1301 2369 1615 2424 verborum
1629 2369 1865 2424 Domini
1888 2386 1998 2423 no-

344 2462 449 2516 stri
471 2463 629 2530 Jesu,
655 2460 805 2515 dixit
826 2460 986 2514 enim
1008 2476 1020 2514 :
1047 2481 1074 2508 ‹‹
1098 2456 1234 2513 Οὐαὶ
1266 2461 1346 2528 τῷ
1374 2457 1645 2531 ἀνθρώπῳ
1667 2455 1872 2527 ἐκείνῳ’
1899 2477 1998 2510 κα-

344 2548 440 2602 λὸν
473 2548 539 2615 ἦν
569 2546 716 2618 αὖτῷ
747 2547 793 2601 εἰ
826 2545 926 2600 οὒκ
958 2545 1218 2619 ἐγεννήθη
1253 2547 1287 2613 ἤ
1319 2542 1412 2600 ἕνα
1442 2550 1548 2599 τῶν
1584 2544 1854 2600 ἐκλεκτῶν
1892 2566 1996 2618 μου

347 2635 718 2694 σκανδαλίσω·
790 2641 1030 2708 κρεῖττον
1091 2638 1156 2704 ἦν
1210 2635 1357 2706 αὐτῷ
1414 2637 1764 2708 περιτεθῆναι
1825 2633 1998 2707 μόλον

343 2727 433 2781 καὶ
492 2727 984 2793 καταποντισθῆναι
1046 2724 1120 2785 εἰς
1176 2725 1274 2793 τήν
1334 2722 1628 2794 Θάλασσαν,
1671 2724 1704 2792 ἢ
1745 2723 1837 2778 ’ὲνα
1889 2728 1998 2778 τῶν

347 2821 557 2891 μικρῶν
620 2837 724 2888 μου
787 2812 1162 2871 σκανδαλίσαι.
1223 2816 1326 2870 Hic
1391 2816 1592 2886 aliqua
1670 2817 1866 2870 Graece
1922 2817 1998 2870 ad

343 2908 673 2980 marginem
704 2906 977 2977 ponenda
995 2912 1054 2959 et
1075 2906 1291 2959 Latinas
1316 2905 1789 2975 interpretationi
1809 2907 1993 2959 inter-

348 2997 600 3052 serenda
630 2996 864 3051 censuit
904 2995 1194 3049 Patricius
1241 2994 1472 3060 Junius,
1522 2999 1588 3048 ut
1637 2995 1762 3048 haec
1812 2995 1997 3065 magis

349 3087 512 3140 Luca:
547 3085 672 3139 loco
707 3084 1086 3154 quadrarent.
1143 3084 1287 3136 Cum
1338 3083 1566 3137 veritati
1618 3083 1805 3154 magis
1850 3084 1994 3136 mihi

354 3190 682 3228 consonum
715 3171 1004 3237 videatur,
1040 3170 1111 3224 ab
1143 3171 1432 3241 apostolis
1465 3172 1630 3241 ipsis,
1665 3176 1766 3225 aut
1795 3188 1999 3226 eorum
2033 3150 2075 3215 (ἶ

347 3260 656 3331 discipulis
677 3261 802 3313 haec
827 3259 1123 3328 accepisse
1148 3259 1756 3322 Clementem.Quidni
1780 3262 2002 3330 pariter

350 3358 408 3406 et
439 3353 490 3406 S.
527 3351 810 3422 Ignatius,
844 3349 944 3418 qui
977 3365 1111 3402 cum
1145 3349 1429 3418 apostolis
1459 3354 1518 3403 et
1566 3365 1771 3403 eorum
1823 3349 2000 3405 disci—

349 3442 508 3513 pulis
531 3447 795 3496 versatus
819 3439 1263 3510 est,praasertim
1287 3455 1356 3493 eo
1385 3444 1648 3509 tempore
1681 3457 1796 3508 quo
1857 3442 1997 3495 scri-

348 3533 466 3603 ptis
498 3530 825 3602 Evangeliis
855 3529 939 3582 uti
971 3529 1122 3582 forte
1155 3528 1206 3581 ei
1230 3528 1355 3598 jam
1388 3528 1580 3582 vincto
1613 3545 1733 3582 non
1762 3529 1995 3595 licebat,

351 3621 620 3675 eamdem
655 3619 984 3685 historiam,
1018 3633 1196 3687 quam
1246 3621 1449 3670 narrat
1506 3617 1560 3670 S.
1613 3618 1815 3684 Lucas,
1866 3619 1999 3674 aliis

350 3710 542 3765 verbis
574 3708 939 3780 explicaret?

421 3801 621 3870 Capite
648 3801 710 3853 18
740 3799 951 3854 transit
981 3814 1014 3852 a
1035 3797 1366 3851 reverentia
1389 3796 1602 3852 divinis
1621 3797 1783 3852 libris
1802 3799 1999 3855 debita

347 3887 422 3943 ad
454 3888 736 3959 pietatem
785 3893 844 3942 et
903 3886 1273 3949 modestiam,
1328 3902 1474 3955 quas
1524 3887 1583 3940 in
1629 3888 1878 3958 epistola
1923 3889 1998 3943 ad

346 3981 642 4033 Romanos
683 3976 925 4031 violatas
984 3991 1114 4028 esse
1174 3980 1388 4044 putat;
1437 3976 1499 4028 in
1547 3976 1667 4038 illa,
1727 3977 1995 4047 inquam,

345 4067 614 4138 epistola,
649 4081 824 4136 quam
860 4070 943 4117 tot
974 4063 1078 4116 viri
1120 4063 1180 4116 in
1213 4064 1392 4118 veteri
1447 4063 1705 4120 Ecclesia
1743 4067 1997 4121 celeber-

343 4155 478 4208 rimi
511 4160 595 4208 tot
650 4153 950 4221 tantisque
1004 4152 1316 4222 prasconiis
1377 4152 1757 4219 extulerunt;
1816 4171 1997 4225 aqua

346 4245 603 4298 lrenaaus
636 4258 813 4296 unam
847 4241 1139 4312 insignem
1166 4242 1525 4296 sententiam
1556 4246 1860 4298 mutuatus
1885 4250 1992 4309 est,

341 4332 521 4388 aliam
549 4331 873 4397 Origenes;
908 4347 978 4384 ex
1019 4346 1136 4399 qua
1183 4330 1492 4398 Eusebius,
1553 4332 1994 4388 curiosissimus

345 4419 902 4492 martyrologiorum
939 4417 1263 4485 indagator,
1300 4426 1575 4490 excerpta
1625 4421 1775 4475 bene
1819 4421 1996 4494 longa

2108 497 2350 553 nificum
2382 500 2713 555 arctissime
2745 500 3127 565 custoditum,
3157 498 3231 554 ad
3261 498 3456 554 locum
3478 499 3758 554 destinati

2105 588 2541 661 certissimique
2575 591 2851 662 supplicii
2876 589 3127 661 jamjam
3186 590 3625 656 deducendum,
3677 589 3759 644 di-

2105 692 2288 748 gnum
2320 680 2458 748 Deo,
2492 685 2550 734 et
2581 679 2807 751 angelis
2856 685 2914 734 et
2957 679 3299 734 hominibus
3349 679 3758 751 spectaculum

2105 765 2358 822 factum:
2383 770 2824 824 sanctissimum
2838 769 3028 824 virum
3042 785 3111 824 ea
3122 769 3460 824 conditione
3473 769 3757 840 positum,

2106 857 2256 911 totai
2267 857 2346 912 lla
2357 857 2430 913 ad
2445 861 2738 915 Romanos
2753 859 3002 930 epistola
3013 859 3163 913 nihil
3179 858 3655 913 consummatissi
3667 874 3760 912 mo

2107 945 2324 1001 Christi
2357 947 2648 1020 discipulo
2680 949 2988 1021 indignum
3024 949 3335 1019 scripsisse
3367 947 3685 1003 contendo.

2179 1058 2208 1086 «
2241 1037 2352 1092 Sed
2383 1038 2530 1094 adeo
2561 1055 2848 1110 praaceps,
2881 1039 3100 1110 inquit,
3132 1039 3319 1093 fertur
3348 1045 3412 1094 ut
3459 1041 3762 1094 Romanos

2105 1131 2259 1182 vetet
2288 1128 2411 1182 suis
2441 1127 2530 1183 vel
2561 1128 2718 1199 apud
2752 1130 2936 1184 Deum
2967 1128 3264 1199 precibus,
3288 1128 3375 1183 vel
3397 1127 3553 1199 apud
3577 1128 3764 1182 homi-

2104 1231 2211 1268 nes
2243 1215 2454 1271 officiis
2487 1216 2879 1283 intercedere,
2924 1233 3040 1287 quo
3091 1233 3161 1272 ea
3210 1233 3403 1288 paena,
3458 1216 3531 1272 ad
3581 1232 3766 1287 quam

2106 1309 2232 1359 erat
2260 1305 2601 1373 damnatus,
2635 1306 2938 1361 liberetur.
2971 1326 2995 1356 ν
3039 1306 3190 1372 Quid
3238 1312 3459 1375 autem,
3494 1322 3571 1361 an
3617 1306 3768 1362 velis

2102 1393 2466 1450 fortisimum
2526 1396 2948 1463 Christianum,
3003 1396 3122 1450 imo
3174 1403 3231 1450 et
3280 1396 3670 1467 ducem,jam
3731 1413 3770 1451 ξι

2103 1483 2378 1553 gentibus
2408 1490 2648 1556 captum
2679 1485 3262 1555 condemnatumque
3295 1490 3353 1540 et
3397 1486 3460 1539 in
3512 1501 3767 1540 arenam

2103 1577 2378 1638 tractum,
2410 1573 2674 1644 reliquos
2705 1574 3071 1629 Christianos
3103 1589 3294 1640 orare,
3329 1581 3395 1628 ut
3451 1591 3586 1629 cum
3639 1577 3768 1629 Deo

2103 1661 2193 1716 vel
2222 1661 2563 1717 hominibus
2593 1662 2986 1730 intercedant,
3049 1680 3166 1733 quo
3218 1663 3416 1719 minus
3467 1663 3769 1734 supplicio

2102 1748 2442 1805 afﬁciatur?
2471 1753 2560 1804 An
2591 1751 2781 1806 virum
2813 1767 2999 1806 unum
3026 1751 3362 1806 Christiana
3391 1752 3610 1823 pietate
3642 1752 3727 1807 im
3747 1783 3768 1793 -

2105 1837 2312 1892 butum
2332 1839 2393 1892 in
2417 1844 2501 1894 tot
2521 1841 2732 1895 veteris
2755 1839 3030 1894 Ecclesia
3055 1841 3570 1911 persecutionibus
3593 1841 3674 1895 ita
3698 1857 3773 1896 se

2104 1926 2378 1996 gessisse,
2411 1933 2514 1983 aut
2543 1929 2590 1982 si
2625 1928 2685 1983 id
2715 1928 2946 1992 fecertt,
2975 1928 3046 1983 ab
3080 1929 3342 1984 Ecclesia
3391 1929 3772 1985 celebratum

2105 2017 2311 2071 nosti?
2342 2039 2369 2067 ‹‹
2395 2019 2513 2073 Hoc
2541 2023 2672 2073 orat
2699 2036 2806 2073 vox
2828 2023 3158 2089 martyrum
3183 2034 3196 2073 :
3221 2021 3267 2073 A
3293 2019 3504 2073 timore
3527 2019 3771 2074 inimici

2106 2117 2245 2158 erue
2278 2105 2539 2160 animam
2567 2122 2761 2162 meam
2789 2123 2801 2172 ;
2836 2123 2955 2160 non
2987 2111 3050 2160 ut
3082 2122 3176 2160 me
3205 2122 3326 2160 non
3361 2106 3592 2161 occidat
3638 2107 3771 2160 ini-

2105 2195 2316 2260 micus,
2351 2194 2454 2249 sed
2485 2201 2551 2250 ut
2579 2212 2700 2250 non
2733 2195 2975 2250 timeam
2997 2195 3364 2250 occidentem
3388 2195 3701 2250 inimicum
3729 2218 3767 2247 ››

2104 2288 2170 2337 ut
2197 2282 2466 2337 observat
2499 2285 2555 2338 S.
2590 2285 2947 2356 Auguttinus
2978 2284 3052 2339 ad
3082 2284 3376 2355 psalmum
3421 2301 3576 2344 Lxm,
3628 2287 3768 2340 Non

2105 2371 2247 2426 illud
2287 2373 2488 2441 voluit,
2545 2373 2777 2444 opinor,
2836 2374 2922 2427 vir
2970 2373 3395 2440 doctissimus;
3454 2391 3574 2428 non
3624 2390 3766 2429 eam

2105 2462 2386 2533 pietatem
2417 2469 2520 2517 aut
2549 2463 2900 2519 modestiam
2932 2464 3214 2535 postulat,
3267 2464 3369 2519 sed
3413 2481 3487 2519 ne
3535 2470 3770 2519 vetaret

2105 2551 2231 2605 haec
2261 2551 2627 2607 Christianos
2673 2553 2888 2607 facere.
2951 2555 3160 2607 Verum
3202 2552 3502 2608 enimvero
3548 2554 3764 2623 quidni

2107 2639 2208 2694 ille
2238 2643 2413 2707 vetet,
2449 2640 2605 2710 quod
2638 2657 2812 2695 nemo
2859 2642 3128 2713 expetit?
3175 2646 3278 2696 aut
3316 2657 3497 2712 quare
3547 2641 3646 2696 alii
3700 2643 3761 2696 id

2106 2745 2414 2800 nunquam
2445 2729 2817 2800 expetebant,
2851 2731 2964 2784 nisi
2997 2731 3154 2800 quod
3186 2731 3345 2802 ipsos
3377 2731 3621 2786 minime
3654 2731 3759 2787 de-

2107 2834 2239 2873 cere
2269 2817 2602 2889 putabant?
2634 2823 2692 2872 et
2722 2818 2927 2888 quidni
2959 2819 3102 2873 alios
3145 2819 3203 2872 id
3251 2824 3451 2890 petere
3499 2819 3656 2874 nolle
3693 2838 3757 2875 se

2106 2907 2531 2977 significarent,
2565 2907 2722 2978 quod
2755 2908 2867 2978 ipsi
2900 2909 3027 2962 sine
3060 2907 3362 2979 religionis
3393 2925 3512 2963 suae
3543 2925 3758 2979 oppro-

2103 2996 2232 3050 brio
2266 3003 2467 3067 petere
2494 3013 2612 3052 non
2644 2997 2928 3068 possent?
2946 3001 2991 3051 A
3010 2998 3290 3052 Romanis
3311 2998 3750 3069 petitlgnatius,

2107 3090 2171 3138 ut
2201 3086 2402 3139 sinant
2432 3102 2566 3140 eum
2602 3087 2885 3157 martyrio
2910 3087 3036 3157 jam
3070 3092 3272 3158 parato
3304 3087 3441 3148 frui,
3469 3091 3536 3140 ut
3566 3087 3752 3140 Deum

2104 3178 2275 3228 orent
2305 3191 2420 3244 quo
2444 3180 2726 3244 tanquam
2751 3181 2915 3246 grata
2939 3176 2988 3229 ei
3005 3176 3197 3230 hostia
3227 3176 3529 3242 offeratur,
3553 3179 3618 3228 ut
3638 3175 3757 3244 ipsi

2105 3267 2388 3316 mternam
2421 3263 2758 3317 mercedem
2789 3280 2906 3318 non
2939 3263 3244 3318 invideant
3273 3280 3382 3318 nec
3426 3263 3762 3334 impediant

2106 3368 2242 3405 eum
2275 3368 2392 3422 quo
2425 3352 2622 3406 minus
2655 3353 3163 3408 immortalitatem
3199 3353 3762 3422 statim-consequa-

2105 3445 2219 3494 tur.
2253 3441 2372 3494 Hoc
2402 3440 2691 3510 impedire
2723 3441 2944 3496 diaboli
2977 3457 3123 3511 opus
3156 3457 3284 3494 esse
3318 3441 3510 3503 docet,
3545 3447 3604 3494 et
3636 3441 3762 3494 odii

2103 3528 2238 3599 plus
2262 3529 2481 3583 habere
2504 3547 2681 3600 quam
2704 3530 3008 3584 charitatis
3041 3529 3560 3582 Christiani-13.11am
3592 3546 3761 3584 sum-

2103 3635 2201 3673 ma
2231 3636 2437 3673 eorum
2471 3636 2602 3688 qua)
2633 3635 2667 3673 a
2699 3619 2820 3673 suis
2852 3618 2998 3689 petit
3028 3617 3101 3672 ad
3139 3617 3356 3670 bestias
3410 3617 3763 3687 damnatus,

2104 3708 2354 3763 vinculis
2384 3708 2658 3778 illigatus,
2717 3706 2792 3760 ad
2846 3706 3202 3776 supplicium
3263 3711 3490 3775 raptus,
3539 3708 3762 3763 merito

2102 3796 2564 3867 gloriosissimus
2597 3802 2840 3865 martyr.
2873 3797 3009 3859 Qure
3043 3794 3242 3848 omnia
3273 3794 3418 3848 adeo
3442 3811 3474 3849 a
3499 3795 3760 3865 juvenili

2101 3885 2334 3939 levitate
2366 3884 2685 3952 animoque
2708 3883 3010 3954 praecipite
3029 3883 3370 3951 abhorrent,
3393 3889 3460 3937 ut
3489 3885 3670 3940 subac
3682 3893 3758 3941 ιω

2102 3979 2159 4028 et
2183 3973 2331 4027 bene
2358 3971 2619 4026 fundatae
2651 3973 3018 4037 constantiaa,
3050 3972 3292 4042 spiritus
3337 3971 3459 4026 zelo
3501 3974 3600 4028 Dei
3633 3975 3757 4030 fer-

2103 4063 2310 4129 ventis,
2343 4061 2526 4116 animi
2558 4061 2631 4116 ad
2662 4061 2860 4116 futura
2890 4061 3103 4133 gaudia
3132 4061 3494 4124 anhelantis,
3527 4079 3593 4117 ac
3630 4064 3760 4133 ple-

2100 4152 2378 4222 rophoria
2408 4151 2544 4205 fidei
2579 4150 2651 4205 de
2682 4151 2925 4221 praemio
2958 4156 3179 4205 aeterno
3211 4151 3525 4205 certissimi
3557 4153 3756 4206 mani-

2098 4243 2421 4298 festissima
2453 4241 2672 4296 indicia
2706 4240 2909 4295 haberi
2941 4245 2999 4295 et
3032 4241 3258 4312 possint
3289 4247 3346 4294 et
3386 4239 3657 4293 debeant.
3690 4241 3752 4294 Si

2099 4333 2153 4387 S.
2188 4333 2408 4388 Paulus
2439 4347 2572 4386 cum
2603 4329 2838 4384 vincula
2881 4335 3108 4384 tantum
3143 4327 3507 4399 praevideret,
3543 4333 3599 4380 et
3641 4328 3756 4382 ad-

2100 4423 2209 4476 huc
2237 4420 2392 4491 apud
2413 4436 2552 4474 suos
2583 4423 2759 4484 esset,
2792 4417 3115 4487 discipulos
3147 4434 3281 4471 eum
3309 4417 3379 4471 ab
3403 4417 3612 4471 itinere
3649 4415 3757 4471 de-

338 4509 671 4579 descripsit,
692 4514 758 4562 ut
802 4508 873 4562 iis
904 4507 1218 4561 Historiam
1253 4508 1713 4564 ecclesiasticam
1747 4510 1989 4566 adorna—
2019 4510 2066 4573 D
2100 4515 2390 4565 terrentes
2421 4506 2770 4578 objurgavit,
2803 4507 3006 4560 dicens
3033 4523 3044 4559 :
3079 4507 3226 4570 Quid
3263 4508 3450 4574 facitis
3479 4508 3667 4573 ﬂentes
3700 4514 3760 4560 et

336 4604 447 4665 ret,
479 4615 610 4668 qua)
642 4598 691 4651 S.
733 4598 1126 4666 Hieronymus
1158 4597 1334 4652 etiam
1367 4598 1778 4665 exscribenda,
1803 4601 1984 4655 etCa—

335 4689 529 4762 talogo
562 4689 822 4742 virorum
880 4684 1200 4739 illustrium
1263 4685 1600 4754 inserenda,
1653 4687 1860 4754 duxit;
1913 4705 1984 4744 ex

335 4797 453 4854 qua
483 4783 538 4835 S.
573 4781 1027 4851 Cbrysostomus
1060 4783 1144 4831 tot
1192 4777 1467 4833 flosculos
1524 4778 1774 4851 collegit,
1837 4798 1984 4850 quos

333 4879 468 4928 ante
494 4870 778 4941 reliquias
809 4866 1088 4938 martyris
1118 4872 1420 4937 spargeret
1449 4883 1461 4932 ;
1498 4884 1567 4921 ex
1613 4885 1728 4938 qua
1779 4870 1983 4925 eadem

331 4960 704 5031 transcripsit
759 4957 955 5013 Gildas
1015 4955 1366 5022 Badonicus,
1423 4961 1489 5009 ut
1556 4957 1646 5010 sui
1705 4959 1983 5030 temporis

331 5049 736 5108 sacerdotibus
753 5044 1039 5116 pudorem
1057 5043 1722 5099 suffunderetllaaccine
1736 5046 1984 5116 epistola

327 5150 638 5215 tantopere
671 5141 981 5195 decantata
1010 5153 1043 5192 a
1066 5136 1284 5208 pietate
1303 5141 1360 5191 et
1385 5136 1675 5192 modestia
1705 5139 1981 5210 martyris

325 5239 521 5308 potest
549 5247 679 5287 esse
709 5226 955 5284 aliena?
991 5227 1057 5282 Ut
1088 5225 1364 5281 omnibus
1389 5226 1517 5297 ejus
1546 5226 1981 5299 objectionibus

325 5320 724 5389 occurram,in
751 5317 967 5390 quibus
993 5316 1359 5387 triumphare
1377 5316 1779 5382 videtur,illud
1798 5334 1981 5372 unum

323 5414 592 5479 observo,
624 5408 916 5483 Ignatium
945 5411 1082 5461 tunc
1107 5421 1239 5460 cum
1272 5405 1396 5460 Ιιερο
1415 5406 1720 5476 scripsisse
1741 5405 1980 5476 dicitur,

323 5519 448 5559 non
482 5501 573 5558 sui
597 5499 753 5572 juris
786 5498 991 5564 fuisse,
1014 5494 1117 5549 sed
1149 5495 1222 5550 ad
1253 5495 1846 5567 bestiasjampridem
1879 5497 1984 5552 im-

392 5591 441 5626 3‘
471 5594 597 5648 Act.
640 5605 758 5654 xxi,
796 5591 878 5642 13.

2094 4602 2401 4668 affligentes
2432 4613 2526 4652 cor
2554 4599 2774 4650 meum?
2805 4596 2852 4650 si
2885 4595 2984 4650 ille
3017 4597 3311 4650 rationem
3343 4596 3523 4666 hujus
3545 4594 3756 4667 objur-

2093 4688 2344 4760 gationis
2376 4688 2530 4741 hanc
2561 4685 2760 4740 statim
2789 4684 3086 4740 reddidit:
3125 4687 3233 4754 Ego
3263 4687 3406 4739 enim
3441 4701 3548 4738 non
3574 4684 3756 4738 solum

2093 4779 2340 4847 alligari,
2397 4776 2492 4830 sed
2546 4781 2596 4829 et
2655 4776 2793 4827 mori
2858 4777 2917 4827 in
2963 4775 3266 4828 Jerusalem
3317 4781 3554 4842 paratus
3603 4790 3752 4838 sum,

2085 4873 2320 4939 propter
2349 4881 2545 4919 nomen
2571 4864 2785 4917 Domini
2814 4865 2980 4917 Iesu:
3014 4864 3060 4916 si
3093 4862 3367 4933 discipuli
3403 4862 3540 4916 huic
3588 4862 3752 4916 dicto

2093 4952 2809 5026 acquieverunt,dicentes
2831 4969 2842 5005 :
2867 4951 3084 5006 Domini
3104 4951 3358 5005 voluntas
3371 4954 3467 5019 ﬁat
3484 4949 3754 5015 3‘,fiden-

2094 5053 2200 5113 tes,
2226 5041 2786 5114 scilicet,passiones
2813 5040 2887 5095 ad
2908 5040 3269 5096 voluntatem
3291 5040 3390 5094 Dei
3409 5041 3708 5110 pertinere
3733 5056 3748 5093 :

2092 5153 2211 5192 non
2260 5133 2420 5188 enim
2471 5131 2904 5186 dehortationis
2949 5130 3218 5195 consilio,
3255 5128 3356 5183 sed
3408 5127 3751 5183 dilectionis

2093 5225 2349 5280 retinere
2407 5224 2796 5286 tentaverant,
2830 5224 2895 5272 ut
2942 5217 3277 5289 apostolum
3309 5215 3750 5284 desiderantes,

2091 5333 2211 5371 non
2237 5318 2304 5368 ut
2333 5310 2683 5381 martyrium
2735 5308 3150 5363 dissuadentes
3178 5324 3190 5372 ;
3226 5304 3435 5376 quidni
3469 5307 3524 5360 S.
3576 5306 3751 5374 Igna-

2093 5406 2210 5460 tius
2240 5402 2312 5459 ab
2336 5403 2463 5473 ipso
2488 5400 2845 5470 imperatore
2870 5395 3229 5468 jampridem
3256 5394 3633 5456 damnatus,a
3653 5393 3752 5448 fe-

2094 5491 2450 5550 rocientium
2483 5488 2740 5544 militum
2773 5501 2954 5541 manu
2980 5483 3054 5539 ad
3102 5482 3460 5554 supplicium
3495 5487 3744 5554 tractus,
