4064 6134
313 360 429 422 365

1039 359 1098 422 3.
1146 357 1566 421 PEARSONII
1606 355 1980 420 VINDICIIE
2021 354 2503 418 IGNATIANE.
2549 389 2630 404 -—
2670 358 2876 423 PARS
2920 359 3000 422 ΙῙ.

3634 369 3750 431 366

313 494 588 550 omnium
621 495 827 550 Romae
857 491 1326 548 Christianorum
1361 492 1814 548 miserationem
1845 509 1972 548 cer-
2009 492 2055 559 Α
2084 494 2284 562 tyrum
2315 490 2464 547 forte
2488 493 3062 570 epistolas,adeoque
3080 499 3258 557 verba
3279 517 3400 560 non
3423 504 3750 577 habemus;

314 585 547 640 tissime
587 586 1019 649 commoturus,
1069 588 1126 636 et
1173 587 1505 653 conspectu
1536 581 1847 637 sordidato
1892 585 1969 636 te-

318 676 616 731 nerrimos
653 691 862 730 eorum
911 675 1154 730 affectus
1188 675 1568 742 excitaturus,
1609 674 1669 729 in
1703 679 1974 728 anteces-

319 781 448 820 sum
481 782 584 819 eos
611 768 904 826 moneret,
922 780 996 818 ne
1018 764 1204 834 ipsius
1227 780 1329 818 cor
1351 763 1788 835 at‘fligéreut,ne
1815 779 1976 817 mor-

321 859 437 908 tem
491 853 607 907 sibi
664 851 1174 923 exoptatissimam
1208 857 1450 924 propter
1490 868 1711 906 nomen
1741 851 1975 906 Domini

315 945 451 998 Jesu
483 942 696 1012 quovis
727 941 903 996 modo
935 940 1316 1012 impedirent,
1350 941 1453 996 sed
1502 941 1699 1012 potius
1730 941 1976 995 affectus

321 1048 458 1086 suos
508 1034 960 1101 componerent,
993 1031 1286 1101 patienter
1310 1030 1788 1100 acquiescerent,
1823 1030 1978 1084 dice-

317 1126 593 1190 rentque,
628 1119 848 1174 Domini
889 1118 1144 1174 voluntas
1171 1123 1306 1187 fiat?
1348 1120 1404 1174 Si
1437 1119 1720 1174 Christus
1745 1118 1870 1189 ipse
1901 1117 1975 1173 ad

314 1214 568 1264 mortem
602 1207 795 1263 crucis
817 1207 1127 1275 festinans,
1150 1209 1322 1262 Petro
1350 1206 1570 1261 dicenti
1599 1223 1612 1261 :
1642 1203 1833 1266 Ἵλεώς
1864 1224 1970 1274 σοι,

313 1296 497 1371 Κὺριε,
534 1297 686 1352 dixit
721 1297 874 1352 Vade
892 1303 1042 1367 post,
1075 1313 1160 1351 me
1178 1298 1413 1352 Satanas
1438 1295 1486 1331 ³⁵
1519 1296 1769 1367 ;quidni
1793 1295 1972 1350 etiam

312 1390 609 1443 Romanos
640 1391 916 1440 moneret
946 1386 1228 1456 Ignatius,
1261 1385 1552 1456 impedire
1585 1390 1839 1440 mortem
1864 1401 1969 1456 pro

311 1478 525 1532 Christi
587 1477 834 1532 nomine
893 1481 1230 1548 susceptam
1285 1475 1508 1531 diaboli
1550 1475 1746 1547 potius
1791 1492 1969 1545 quam

310 1566 630 1622 Christiani
660 1566 921 1621 hominis
952 1583 1101 1636 opus
1133 1582 1262 1621 esse
1286 1565 1314 1620 ?
1342 1568 1422 1620 Ea
1451 1571 1610 1620 certe
1642 1581 1810 1620 mens
1843 1569 1971 1619 erat

308 1655 720 1728 Origenis,viri
753 1657 928 1710 toties
960 1655 1228 1727 martyrii
1261 1654 1760 1725 candidati,cujus
1790 1653 1968 1708 verba

309 1746 372 1799 in
402 1747 671 1800 Numeros
701 1743 946 1798 homilia
977 1742 1208 1798 decima
1238 1743 1363 1798 huic
1397 1748 1569 1798 sunt:
1613 1761 1634 1791 ι
1667 1743 1804 1799 Ideo
1836 1741 1964 1796 dia-

310 1834 480 1888 bolus
513 1833 714 1888 sciens
746 1848 850 1903 per
879 1833 1219 1904 passionem
1247 1832 1514 1903 martyrii
1549 1832 1963 1887 remissionem

310 1923 434 1977 ﬁeri
469 1928 1003 1994 peccatorum,non
1033 1920 1154 1977 vult
1170 1920 1340 1975 nobis
1357 1921 1626 1992 publicas
1646 1919 1957 1992 gentilium

308 2013 759 2084 persecutiones
791 2028 1047 2067 movere.
1083 2011 1201 2067 Scit
1233 2011 1392 2065 enim
1425 2011 1566 2081 quia
1597 2011 1643 2065 si
1675 2010 1749 2065 ad
1788 2026 1958 2082 reges

307 2109 365 2158 et
395 2101 683 2175 praesides
711 2101 1078 2158 adducamur
1103 2107 1344 2173 propter
1371 2118 1593 2157 nomen
1623 2101 1860 2166 Christi,
1886 2099 1960 2154 ad

304 2193 723 2248 testimonium
775 2191 991 2247 Iudaeis
1031 2196 1089 2246 et
1127 2191 1423 2264 gentibus,
1457 2191 1738 2264 gaudium
1787 2189 1958 2245 nobis

302 2288 362 2338 et
387 2281 709 2338 exsultatio
742 2281 826 2347 ﬁt,
848 2281 988 2352 quia
1013 2297 1242 2336 merces
1267 2285 1471 2336 nostra
1496 2281 1686 2336 multa
1708 2281 1769 2334 in
1794 2279 1957 2335 ccelis

302 2377 412 2427 est.
476 2373 613 2426 Haec
667 2387 789 2425 non
841 2369 983 2424 facit
1064 2370 1364 2438 inimicus,
1420 2369 1510 2424 vel
1566 2370 1708 2441 quia
1754 2368 1956 2441 glorias

302 2466 522 2517 nostra:
583 2459 827 2528 invidet,
857 2459 948 2513 vel
999 2459 1268 2514 fortassis
1300 2459 1440 2530 quia
1468 2459 1568 2513 ille
1625 2458 1724 2528 qui
1755 2458 1959 2513 omnia

302 2548 612 2622 praavidet,
659 2553 716 2603 et
744 2548 1065 2620 praanoscit
1111 2564 1219 2603 nos
1269 2565 1390 2602 non
1423 2564 1550 2602 esse
1599 2547 1845 2602 idoneos
1885 2545 1959 2600 ad

302 2638 659 2708 martyrium
709 2636 1105 2691 tolerandum.
1141 2658 1170 2686 ››
1224 2637 1417 2693 Aliam
1449 2637 1626 2691 etiam
1659 2636 1961 2690 rationem

309 2727 411 2782 lib.
474 2742 571 2781 vm
629 2733 824 2781 contra
856 2726 1067 2781 Celsum
1111 2727 1301 2793 affert,
1332 2742 1514 2797 quare
1546 2725 1815 2780 diabolus
1847 2740 1959 2795 pu-

307 2815 493 2870 blicas
509 2814 823 2887 gentilium
840 2815 1284 2886 persecutiones
1298 2815 1648 2869 Christianis
1688 2812 1961 2883 aliquan-

324 2904 396 2958 do
428 2920 653 2959 movere
676 2903 950 2969 nollet,et
980 2903 1342 2959 sententiam
1367 2919 1535 2958 suam
1558 2904 1620 2957 in
1644 2902 1804 2957 hunc
1827 2917 1958 2956 mo-

316 2991 452 3047 dum
475 2992 772 3065 depromit
799 3011 810 3048 :
843 2991 988 3068 Ἑγὼ
1023 2989 1070 3045 δ’
1102 2993 1260 3064 οἶμαι
1289 2991 1375 3045 ’ὁτι
1407 2990 1720 3063 αἰσθόμενοι
1751 2989 1804 3042 oi
1841 2985 1960 3042 δαί-

306 3101 488 3154 μονες,
523 3079 607 3135 ὅτι
639 3081 691 3134 οἱ
746 3080 840 3152 μὲν
895 3083 1149 3142 νικῶντες
1205 3081 1298 3134 καὶ
1357 3077 1428 3134 δι’
1495 3073 1766 3134 εὐσέϐειαν
1822 3078 1958 3131 ἀπο-

301 3171 626 3239 θνήσκοντες
681 3167 1030 3242 καθαιροῦσιν
1113 3171 1291 3224 αὐτῶν
1347 3169 1448 3236 τήν
1509 3165 1840 3222 δυναστείαν·
1905 3166 1958 3220 οἱ

2091 581 2245 636 Deus
2276 581 2376 636 det
2404 587 2470 636 ut
2495 583 2690 639 indies
2720 586 2892 657 plura
2922 589 3051 659 ejus
3082 592 3316 661 generis
3360 594 3534 651 nobis
3556 597 3733 653 inno-

2091 674 2356 732 tescant:
2391 689 2517 728 rem
2548 674 2738 745 ipsam
2769 682 2965 732 tamen
2997 684 3294 751 tenemus,
3319 685 3476 754 quod
3508 693 3730 760 marty-

2087 775 2186 814 res
2239 761 2351 831 ipsi
2383 762 2604 818 fervide
2662 765 2846 820 Deum
2878 768 3130 823 orabant
3157 775 3224 825 ut
3271 775 3558 845 martyrio
3589 777 3747 832 frue-

2087 855 2312 914 rentur,
2347 851 2629 922 petebant
2677 854 2893 910 obnixe
2942 873 2976 911 a
3030 857 3303 915 fidelibus
3336 869 3399 917 ut
3433 865 3614 919 etiam
3649 865 3740 920 illi

2087 953 2121 992 a
2152 939 2269 993 Deo
2300 939 2458 994 idem
2508 941 2828 1013 impetrare
2877 954 3278 1015 conarentur;
3315 952 3363 1005 si
3397 969 3546 1021 quos
3578 954 3741 1009 vide-

2084 1032 2220 1081 rent
2250 1034 2457 1084 contra
2485 1031 2784 1099 postulare
2815 1039 2872 1088 et
2904 1051 3119 1106 cupere
3150 1044 3217 1092 ut
3246 1042 3597 1111 martyrium
3632 1061 3743 1114 po-

2085 1115 2202 1170 tius
2257 1117 2566 1187 evitarent,
2600 1119 2659 1174 id
2718 1124 3198 1180 constantissime
3258 1130 3635 1197 recusabant,
3671 1139 3729 1187 et

2084 1205 2355 1260 omnium
2387 1211 2520 1263 vota
2549 1225 2875 1281 precesque
2913 1216 3396 1274 contemnebant.
3427 1219 3732 1277 Celerinus

2082 1294 2386 1350 confessor
2403 1296 2474 1350 ad
2499 1297 2822 1354 Lucianum
2849 1303 3251 1360 confessorem
3275 1306 3432 1362 inter
3452 1310 3731 1380 epistolas

2082 1383 2136 1438 8.
2172 1385 2449 1455 Cypriani
2482 1389 2541 1440 21
2574 1406 2586 1453 ;
2623 1411 2648 1438 ‹‹
2679 1391 2819 1446 Pete
2854 1397 2918 1447 ut
2940 1393 3052 1448 sim
3076 1395 3288 1466 dignus
3324 1403 3382 1452 et
3412 1415 3517 1470 ego
3559 1417 3727 1456 coro-

2078 1473 2207 1526 nari
2241 1489 2375 1529 cum
2408 1492 2657 1531 numero
2690 1486 2904 1537 vestro.
2941 1503 2968 1530 ››
3001 1484 3071 1537 Et
3100 1500 3343 1540 rursus:
3380 1509 3407 1537 «
3443 1488 3486 1542 Ο
3517 1492 3572 1544 te
3603 1489 3729 1545 feli-

2078 1577 2227 1629 cem,
2261 1564 2493 1634 suscipe
2529 1571 2627 1620 tua
2655 1573 2947 1640 vota,quae
2981 1587 3216 1642 semper
3245 1575 3713 1643 desiderasti,vel

2076 1649 2138 1704 in
2194 1655 2349 1706 terra
2396 1652 2737 1710 dormiens:
2802 1660 3017 1728 optasti
3076 1678 3181 1731 pro
3250 1665 3496 1719 nomine
3555 1666 3722 1723 illius

2075 1737 2137 1793 in
2191 1756 2488 1796 carcerem
2547 1743 2724 1814 mitti,
2787 1747 2946 1816 quod
3002 1765 3160 1803 nunc
3227 1751 3330 1806 tibi
3402 1755 3712 1826 contingit,

2074 1827 2224 1882 sicut
2277 1831 2566 1900 scriptum
2615 1837 2706 1887 est
2735 1850 2747 1886 :
2796 1838 2902 1889 Det
2933 1836 3037 1891 tibi
3069 1839 3226 1894 Deus
3256 1842 3580 1898 secundum
3612 1861 3714 1899 cor

2071 1919 2260 1971 tuum.
2293 1939 2322 1968 ››
2355 1920 2520 1984 Quod
2552 1921 2600 1975 si
2633 1921 2879 1980 dixisset
2929 1926 2982 1980 S.
3037 1928 3296 1999 Ignatius
3323 1946 3335 1984 :
3371 1951 3396 1982 ι
3431 1937 3539 1986 Det
3569 1934 3716 1989 mihi

2068 2006 2222 2060 Deus
2271 2009 2597 2064 secundum
2641 2027 2743 2066 cor
2772 2029 2993 2081 meum,
3031 2037 3060 2065 »
3093 2023 3344 2086 quantas
3383 2020 3478 2075 hic
3511 2021 3711 2079 turbas

2071 2095 2383 2151 excitasset
2408 2099 2655 2154 Dallaaus
2683 2100 2695 2154 l
2745 2103 2905 2157 Fecit
2933 2104 3035 2158 ille
3068 2105 3358 2162 Lucianus
3389 2110 3714 2165 confessio-

2069 2199 2207 2238 nem
2239 2185 2534 2252 ﬂoridam,
2568 2205 2720 2259 quaa,
2754 2192 2802 2245 si
2855 2209 3012 2247 nunc
3043 2200 3320 2264 exstaret,
3351 2213 3472 2252 non
3504 2198 3708 2255 dubito

2069 2274 2213 2344 quin
2244 2273 2456 2348 iisdem
2513 2279 2958 2348 exceptionibus
2991 2283 3245 2339 obnoxia
3298 2291 3490 2352 esset;
3523 2290 3710 2360 magis

2069 2363 2230 2418 enim
2261 2363 2431 2419 decet
2458 2372 2841 2437 martyres,ut
2861 2370 3080 2436 volunt,
3114 2373 3550 2431 confessionem
3574 2394 3704 2432 mo.

2070 2451 2320 2519 destam,
2355 2470 2534 2524 quam
2563 2455 2839 2512 ﬂoridam
2871 2459 3086 2514 facere.
3122 2462 3200 2516 De
3224 2462 3278 2517 S.
3310 2464 3607 2520 Felicitate
3630 2468 3712 2522 le-

2071 2541 2266 2611 gimus
2297 2558 2427 2596 eam
2459 2550 2865 2616 praegnantem
2897 2547 3077 2603 fuisse
3108 2551 3717 2627 apprehensam;quid

2078 2628 2278 2701 igitur,
2310 2647 2385 2685 an
2419 2636 2549 2686 orat
2577 2638 2644 2686 ut
2676 2632 2884 2699 sibi,ut
2911 2634 3215 2692 innocenti
3242 2640 3551 2712 embryoni
3581 2661 3713 2714 par-

2073 2723 2241 2772 catur
2260 2719 2288 2773 ‘I
2317 2719 2615 2785 Minime;«
2642 2737 2777 2776 cum
2810 2730 2940 2778 octo
2969 2741 3205 2781 menses
3246 2745 3417 2784 suum
3448 2735 3718 2788 ventrem

2071 2805 2336 2873 haberet,
2362 2807 2622 2863 instante
2655 2811 2976 2880 spectaculi
3005 2813 3099 2868 die
3132 2815 3193 2868 in
3224 2832 3437 2889 magno
3469 2824 3596 2875 erat
3625 2820 3717 2875 luo

2070 2900 2188 2963 ctu,
2222 2912 2296 2951 ne
2327 2901 2570 2967 propter
2597 2904 2862 2954 ventrem
2887 2900 3393 2975 diﬂerretur,quia
3423 2924 3542 2963 non
3568 2909 3711 2965 licet

2069 2989 2446 3056 praegnantes
2476 3003 2666 3056 poenas
2696 2992 3132 3059 repraesentari;
3157 2995 3320 3065 cupit
3347 2997 3513 3066 prius
3535 3000 3710 3066 mori,

2071 3090 2249 3146 quam
2280 3091 2386 3146 per
2415 3075 2544 3147 ipsa
2591 3077 2903 3149 gentilium
2926 3080 3155 3152 judicia
3197 3083 3440 3154 liceret;
3474 3087 3546 3142 de
3577 3105 3711 3159 pas-

2073 3163 2238 3218 sione
2265 3163 2598 3234 laatatur,de
2614 3165 2899 3223 dilatione
2921 3171 3304 3239 queritur.An
3328 3175 3543 3247 reliqui
3567 3177 3711 3232 {lde-

299 3257 357 3313 δὶ
398 3256 490 3313 διὰ
547 3259 674 3319 τοὺς
731 3259 931 3318 πόνους
989 3258 1298 3331 ἡττώμενοι
1349 3257 1439 3312 καὶ
1490 3258 1590 3326 τὴν
1651 3251 1953 3311 Θεοσέϐειαν

2070 3251 2150 3307 les
2168 3252 2392 3308 luctum
2408 3233 2566 3309 hunc
2588 3259 2874 3327 tanquam
2892 3233 3432 3330 importunuum,et
3453 3233 3521 3320 ex
3534 3271 3717 3323 teme-

295 3346 628 3422 ἀρνούμενοι
691 3345 1005 3424 ὑποχείριοι
1091 3345 1318 3407 ἐκείνοις
1377 3345 1643 3420 γίνονται,
1702 3340 1808 3398 ἔσθ’
1867 3343 1958 3400 ὅτε

295 3435 821 3512 προσῳιλονεικοῦσι
880 3441 996 3496 τοῖς
1053 3432 1510 3507 παραδιδομένας
1595 3435 1956 3506 Χριστιανοῖς.

303 3550 332 3577 α
373 3527 668 3597 Equidem
702 3527 914 3597 opinor
969 3525 1292 3592 daemonas,
1325 3531 1390 3581 ut
1417 3527 1520 3596 qui
1552 3524 1817 3580 sentiunt
1848 3542 1958 3580 no-

297 3618 460 3671 xiam
495 3632 626 3670 esse
649 3615 930 3686 potentias
954 3632 1074 3671 sua;
1095 3617 1330 3687 piorum
1352 3615 1958 3683 victoriam,succum-

301 3707 514 3762 bentes
527 3712 728 3760 autem
743 3706 804 3760 in
818 3706 927 3761 hoc
945 3707 1270 3761 certamine
1285 3706 1580 3776 ﬁdemque
1599 3706 1958 3778 abnegantes

300 3797 448 3867 ipsis
508 3794 640 3849 ﬁeri
699 3793 1008 3864 obnoxios,
1046 3794 1345 3850 interdum
1385 3794 1579 3850 favere
1625 3801 1683 3850 et
1723 3794 1957 3850 adlabo-

299 3901 431 3940 rare
462 3883 819 3939 Christianis
850 3884 910 3937 in
954 3883 1202 3956 judicio.
1241 3904 1264 3935 ιο
1312 3883 1531 3939 Eadem
1563 3885 1617 3940 8.
1653 3883 1957 3955 Augustini

294 3990 469 4029 mens
522 3973 661 4038 fuit,
697 3972 800 4043 qui
832 3972 959 4028 haec
1004 3972 1076 4027 de
1122 3989 1335 4045 magno
1385 3977 1650 4044 martyre
1679 3973 1956 4028 Africano

294 4062 536 4134 scripsit
569 4078 582 4115 :
620 4082 649 4110 «
682 4062 937 4116 Noverat
975 4061 1306 4133 Cyprianus
1357 4078 1490 4116 cum
1523 4078 1557 4116 a
1599 4061 1957 4133 proconsule

293 4151 533 4206 audiret
565 4166 579 4204 :
635 4173 662 4198 ‹‹
699 4149 953 4204 Consule
985 4151 1114 4218 tibi,
1151 4172 1178 4198 »
1229 4149 1388 4222 quod
1436 4166 1572 4206 caro
1606 4155 1665 4205 et
1715 4151 1954 4222 sanguis

295 4240 536 4296 dicebat
557 4238 914 4306 stolide,hoc
945 4239 1248 4295 diabolum
1271 4239 1468 4295 dicere
1499 4238 1953 4311 subdolezatque

294 4329 649 4385 intuebatur
679 4328 742 4382 in
772 4344 890 4383 uno
921 4345 1168 4400 corpore
1202 4329 1371 4399 duos,
1406 4329 1584 4384 istum
1616 4328 1827 4394 oculis,
1877 4327 1954 4382 il-

293 4419 424 4474 lum
463 4417 601 4472 ﬁde.
624 4416 870 4472 Nolebat
893 4433 1027 4472 eum
1059 4418 1168 4472 iste
1201 4417 1624 4487 mori,nolebat
1652 4417 1754 4472 ille
1783 4433 1951 4472 coro-

293 4505 718 4562 nari.Proinde
740 4506 898 4562 circa
927 4507 1104 4562 istum
1137 4507 1426 4578 placidus,
1459 4508 1615 4562 circa
1644 4523 1779 4563 eum
1811 4524 1948 4563 cau-

2066 3341 2242 3396 ritate
2273 3346 2377 3396 aut
2419 3344 2756 3416 arrogantia
2802 3346 3134 3417 profectum
3183 3351 3661 3410 condemnabant
3688 3356 3716 3410 εἴ

2068 3430 2308 3485 Minime
2334 3447 2347 3484 :
2381 3452 2409 3479 «
2443 3431 2547 3486 sed
2578 3437 2636 3488 et
2665 3440 3092 3507 commartyres
3118 3439 3376 3510 graviter
3405 3443 3718 3498 contrista-

2067 3517 2306 3588 bantur,
2337 3535 2412 3574 ne
2445 3524 2564 3576 tam
2595 3521 2811 3578 bonam
2863 3525 3082 3580 sociam
3110 3528 3278 3597 quasi
3310 3530 3590 3585 comitem
3619 3547 3718 3586 so-

2066 3607 2185 3663 lam
2218 3610 2280 3664 in
2312 3609 2403 3665 via
2451 3610 2721 3682 ejusdem
2755 3615 2880 3684 spei
2921 3614 3347 3686 relinquerent.
3384 3619 3714 3689 Conjuncto

2065 3696 2264 3768 itaque
2297 3699 2464 3753 unito
2491 3700 2714 3769 gemitu
2730 3701 2804 3756 ad
2835 3703 3152 3759 Dominum
3184 3707 3517 3762 orationem
3543 3707 3716 3763 fude-

2065 3789 2206 3840 runt
2233 3791 2369 3841 ante
2398 3788 2642 3843 tertium
2673 3788 2830 3844 diem
2864 3792 3150 3846 muneris.
3177 3794 3386 3848 Statim
3418 3799 3552 3866 post
3580 3811 3716 3851 ora-

2067 3873 2290 3929 tionem
2322 3874 2559 3930 dolores
2590 3877 3146 3936 invaseruntmEcce
3178 3883 3386 3952 quales
3408 3884 3711 3940 orationes

2063 3961 2394 4018 fundebant
2424 3969 2565 4019 tunc
2592 3967 2880 4038 temporis
2901 3968 3292 4039 confessores,
3309 3972 3516 4043 quales
3539 3989 3573 4028 a
3593 3975 3713 4029 Deo

2064 4053 2355 4108 exaudita:
2369 4053 3170 4128 suntltales,scilicet,quales
3183 4061 3539 4131 Ignatius,ut
3559 4062 3714 4117 nihil

2063 4143 2412 4213 martyrium
2428 4143 2806 4215 impediat,ut
2824 4146 2972 4200 nihil
2995 4147 3304 4205 festinanti
3324 4151 3396 4206 ad
3410 4151 3714 4222 praemium

2062 4248 2244 4287 morai
2265 4233 2454 4288 sit.lta
2467 4233 2702 4289 nobiles
2723 4233 2808 4289 illi
2822 4236 3194 4293 confessores
3221 4240 3377 4311 apud
3390 4241 3712 4296 Eusebium

2061 4322 2166 4378 lib.
2201 4327 2426 4394 v,cap.2
2447 4341 2458 4377 :
2479 4322 2629 4378 Μετᾶ
2652 4319 2897 4399 δακρύων
2922 4327 3265 4400 παρεκάλουν
3290 4331 3418 4390 τοὺς
3441 4327 3712 4407 ἀδελφοὺς

2062 4407 2310 4484 δεόμενοι
2328 4407 2420 4465 ’ίνα
2440 4409 2671 4474 ἐκτενεῖς
2697 4412 2855 4488 εὐχαὶ
2885 4413 3146 4490 γίνωνται
3167 4418 3304 4492 πρὸς
3324 4417 3389 4472 τὸ
3419 4417 3718 4488 τελειωθῆ-

2060 4520 2145 4553 ναι
2175 4499 2391 4562 αὐτούς·
2417 4525 2444 4552 ‹‹
2468 4503 2731 4559 Profusis
2753 4503 3033 4577 lacrymis
3059 4508 3450 4566 obsecrabant
3473 4511 3710 4580 fratres,

289 4605 389 4653 tus
420 4615 432 4652 :
467 4597 609 4652 huic
642 4601 846 4668 aperte
875 4597 1290 4669 respondebat,
1325 4602 1382 4653 et
1410 4598 1577 4653 illum
1607 4603 1806 4670 aperte
1828 4599 1952 4654 vin-
1982 4601 2030 4664 Β
2061 4591 2433 4648 utcontinuaa
2452 4592 2526 4648 ad
2543 4594 2725 4648 Deum
2742 4611 2948 4666 preces
2969 4596 3324 4670 fierent,quo
3340 4601 3581 4656 tandem
3599 4601 3712 4672 ipsi

285 4687 483 4743 cebat.
511 4707 539 4734 ιο
575 4685 734 4741 Nihil
786 4686 966 4758 igitur
994 4687 1256 4758 Ignatius
1289 4687 1666 4742 sanctissimo
1692 4692 1951 4759 martyre

283 4775 632 4846 indignum,
666 4773 818 4829 nihil
878 4773 1222 4831 indecorum
1257 4793 1290 4830 a
1321 4777 1603 4831 Romanis
1635 4776 1835 4848 exigit,
1885 4775 1947 4830 οὺ

282 4858 734 4938 προσδεξάμενος
793 4863 896 4932 τήν
961 4862 1368 4938 άπολὺτρωσιν,
1422 4887 1448 4915 ι(
1483 4881 1602 4920 non
1649 4870 1954 4938 acceptata

285 4953 674 5010 liberatione.
708 4974 736 5003 »

367 5043 482 5098 Sed
515 5041 728 5098 talium
757 5043 1074 5099 verborum
1099 5045 1331 5101 nullum
1354 5045 1416 5099 in
1439 5045 1600 5100 omni
1623 5050 1952 5117 martyrum

285 5132 774 5188 Christianorum
806 5134 978 5204 copia
1022 5134 1356 5205 exemplum
1406 5139 1636 5190 exstare
1678 5135 1952 5191 meminit

284 5223 576 5280 Dallaaus.
611 5223 905 5280 Fortasse.
941 5225 1148 5280 Melius
1179 5225 1481 5280 enimvero
1512 5225 1683 5280 nobis
1713 5225 1954 5280 consul—

282 5319 419 5368 tum
483 5317 598 5378 est,
631 5328 810 5382 quam
869 5318 934 5369 ut
990 5314 1545 5384 antiquissimorum
1600 5319 1950 5383 martyrum,

277 5417 549 5474 quorum
585 5403 859 5474 sanguini
913 5408 1148 5458 tantum
1180 5420 1416 5474 semper
1458 5402 1662 5458 debuit
1688 5402 1954 5458 Ecclesia

277 5490 528 5556 Christi,
564 5497 956 5547 monumenta
1008 5509 1078 5548 ex
1112 5493 1289 5548 unius
1342 5492 1604 5548 hominis
1662 5492 1953 5547 memoria

277 5578 758 5652 penderent,aut
787 5581 1023 5652 spiritui
1048 5581 1776 5652 subjicerentur.Aliorum
1799 5597 1950 5636 mar-

359 5685 409 5720 ³⁸
438 5685 648 5741 Matth.
682 5703 793 5756 xvx,
826 5689 914 5743 23.

2059 4681 2546 4751 perficerentur.»
2579 4683 2658 4737 De
2681 4684 2738 4738 S.
2772 4683 3062 4756 Cypriano
3094 4688 3342 4743 Pontius
3365 4690 3492 4760 ejus
3511 4690 3709 4745 diaco-

2060 4785 2174 4826 nus
2201 4787 2212 4823 :
2244 4791 2272 4820 ‹‹
2305 4770 2748 4827 Conveniebant
2779 4772 3014 4828 interim
3040 4775 3241 4846 plures
3264 4778 3478 4849 egregii
3513 4783 3571 4832 et
3592 4777 3714 4831 cla-

2061 4857 2282 4912 rissimi
2314 4857 2562 4926 ordinis,
2595 4858 2697 4914 sed
2731 4864 2790 4913 et
2819 4861 3020 4916 saeculi
3053 4862 3363 4919 nobilitate
3414 4864 3707 4936 generosi,

2063 4946 2164 5016 qui
2185 4953 2425 5018 propter
2435 4948 2761 5004 amicitiam
2781 4966 3080 5006 secessum
3097 4953 3348 5008 subinde
3365 4955 3707 5024 suaderent;

2063 5038 2122 5090 et
2150 5050 2225 5089 ne
2256 5050 2464 5105 parum
2496 5041 2652 5091 esset
2672 5037 2834 5092 nuda
2855 5039 3299 5102 suadela,etiam
3331 5041 3460 5097 loca
3490 5043 3551 5097 in
3578 5061 3714 5115 quae

2062 5121 2385 5190 seCederet,
2417 5124 2763 5179 offerebant.
2799 5146 2828 5174 »
2878 5129 3004 5182 Non
3036 5145 3176 5183 curo
3215 5129 3357 5199 quid
3384 5131 3705 5190 adversarii

2061 5211 2250 5267 nostri
2283 5211 2592 5280 dixissent,
2622 5212 2669 5266 si
2703 5228 2772 5267 eo
2806 5219 3071 5284 tempore
3105 5216 3438 5274 adfuissent
3468 5236 3480 5274 :
3507 5238 3711 5291 quaero

2062 5299 2203 5370 quid
2231 5298 2436 5355 fecerit
2467 5299 2522 5353 8.
2551 5299 2901 5369 Cyprianus.
2937 5326 2964 5352 «
2991 5304 3095 5358 Ille
3117 5321 3256 5360 vero
3275 5307 3402 5378 jam
3424 5309 3719 5365 mundum

2061 5404 2349 5460 suspensa
2378 5387 2452 5442 ad
2483 5387 2689 5442 coelum
2719 5394 2919 5445 mente
2950 5393 3420 5464 neglexerat,nec
3453 5399 3711 5455 suadelis

2060 5476 2505 5534 blandientibus
2562 5476 2883 5535 annuebat.
2933 5481 3194 5538 Fecisset
3249 5486 3498 5543 fortasse
3567 5493 3718 5545 tunc

2062 5568 2263 5635 etiam,
2297 5566 2456 5639 quod
2487 5582 2522 5622 a
2553 5566 2822 5639 pluribus
2853 5574 2911 5626 et
2942 5570 3216 5629 ﬁdelibus
3240 5577 3704 5647 petebatur;siet
