4064 6134
357 320 474 382 367

1421 324 1485 384 S.
1533 323 1930 385 IGNATIUS.
1979 356 2060 366 υ-
2100 321 2722 386 PROLEGOMENA.

3668 330 3789 390 368

362 457 560 513 divino
593 457 843 529 imperio
867 457 1201 528 juberetur.
1243 479 1270 507 ››
1330 459 1474 512 Nam
1505 461 1570 512 ut
1599 457 1726 528 ipse
1757 456 2010 511 Pontius
2041 457 2092 524 Α
2125 456 2321 510 clesiee
2351 456 2754 512 vetustissima
2773 457 3022 529 epistola
3040 475 3341 531 reprwsen
3356 463 3516 515 tatur
3540 461 3790 517 Germa-

361 547 533 603 docet
564 547 621 600 in
657 547 847 618 priore
880 562 1119 602 secessu
1147 563 1157 599 :
1212 568 1239 594 ‹‹
1276 546 1518 600 Domino
1552 545 1841 600 latebram
1868 551 2009 599 tunc

350 637 589 708 jubenti
626 635 1149 707 paruit.»Populus
1180 642 1378 690 autem
1409 635 1603 691 ﬁdelis
1631 636 1686 690 S.
1718 634 2010 705 Cypriano

358 725 432 780 ad
485 725 844 796 supplicium
905 724 1084 779 ducto
1135 730 1367 779 tantum
1400 724 1649 780 aberant
1679 723 1751 777 ab
1784 723 2010 777 orando

356 815 544 871 Deum
578 820 639 870 ut
670 815 753 870 illi
787 819 1151 884 parceretur,
1188 820 1289 869 aut
1319 813 1523 884 quovis
1581 812 1756 867 modo
1789 817 2010 882 marty-

354 905 511 960 rium
559 904 962 975 impediendo,
998 908 1064 958 ut
1102 904 1279 958 simui
1333 920 1464 957 cum
1500 903 1601 957 illo
1635 903 1830 974 potius
1863 901 2011 956 mori

354 999 658 1065 cuperent.
696 1015 722 1041 ››
782 992 1060 1058 Quamvis
1091 993 1250 1047 enim
1295 1009 1414 1046 non
1466 993 1726 1063 potuerit
1775 990 2010 1045 evenire

355 1083 513 1154 quod
545 1082 834 1154 optabant
856 1089 988 1136 vola
1019 1083 1382 1148 communia,
1415 1088 1478 1136 ut
1517 1081 1818 1135 consortio
1851 1079 2010 1151 paris

355 1172 554 1245 gloria)
589 1172 769 1226 simul
800 1171 968 1251 plebs
1004 1177 1124 1226 tota
1154 1177 1494 1242 pateretur;
1529 1171 1869 1241 quicunque
1903 1169 2010 1223 sub

352 1271 567 1326 Christi
599 1271 924 1342 spectantis
955 1271 1143 1325 oculis
1180 1276 1238 1325 et
1271 1269 1378 1324 sub
1411 1269 1653 1324 auribus
1685 1268 2010 1323 sacerdotis

357 1377 427 1415 ex
461 1361 662 1416 animo
695 1361 817 1432 pati
849 1359 1050 1426 voluit,
1086 1376 1192 1430 per
1215 1359 1498 1413 idoneum
1534 1359 1648 1412 voti
1683 1357 1771 1411 sui
1795 1362 2008 1412 testem

357 1451 670 1522 legationis
702 1448 1145 1520 quodammodo
1179 1448 1407 1502 litteras
1440 1447 1511 1501 ad
1545 1448 1726 1502 Deum
1763 1446 1942 1500 misit.
1977 1467 2004 1495 »

354 1541 408 1594 S.
441 1541 836 1610 Hieronymus
869 1539 940 1594 de
981 1539 1110 1592 Vita
1140 1538 1310 1593 Pauli
1346 1538 1619 1592 Eremitm
1646 1578 1659 1605 ,
1701 1560 1718 1584 -
1757 1535 1873 1590 Sub
1906 1536 2010 1590 De-

352 1630 442 1685 cio
466 1635 525 1682 et
559 1629 868 1684 Valeriano
903 1626 1405 1698 persecutoribus,
1431 1642 1546 1695 quo
1582 1631 1848 1695 tempore
1870 1625 2007 1680 Cor-

352 1719 544 1774 nelius
577 1721 861 1785 Romaa,et
891 1717 1218 1788 Cyprianns
1245 1715 1592 1784 Carthagine
1617 1714 1774 1768 felici
1798 1730 2006 1768 cruore

2125 544 2319 611 nicus,
2353 545 2522 615 quasi
2555 545 2705 600 alter
2734 547 3018 620 Ignatius,
3053 544 3343 619 ἐπισήμως
3392 550 3782 624 θηριομαχῶν,

2126 657 2152 684 ιι
2187 634 2436 708 insignis
2459 641 2517 688 et
2547 635 2762 690 nobilis
2783 636 3308 704 bestiarius-nQuid
3332 646 3528 695 autem
3546 641 3780 711 judicio

2125 723 2557 794 antiquissimm
2580 724 2857 779 Ecclesia:
2888 721 3422 799 Eatcnpovjnsigne
3443 735 3542 783 aut
3578 730 3778 785 nobile

2127 812 2185 867 in
2219 813 2346 885 ejus
2380 814 2662 884 martyrio
2694 814 2952 869 breviter
2986 815 3281 888 descripto
3317 819 3658 873 invenitur?
3688 822 3779 874 An

2124 902 2362 974 placida
2394 907 2450 958 et
2476 903 2720 957 humilis
2743 910 2800 958 et
2826 903 3092 959 modesta
3110 905 3240 977 ejus
3265 907 3466 960 anima
3490 907 3782 962 describi-

2121 997 2422 1062 tur,quam
2449 992 2631 1047 solam
2656 993 2984 1047 admiratur
3006 994 3064 1046 in
3091 1011 3196 1048 suo
3222 1001 3477 1067 martyre
3498 995 3778 1051 Dallzeus‘?

2121 1081 2292 1136 Nullo
2325 1082 2635 1136 modo:sed
2669 1083 2812 1137 illud
2828 1083 3209 1154 potius,quod
3225 1090 3290 1138 ut
3319 1087 3772 1156 przeceps,quod

2120 1175 2187 1224 ut
2209 1171 2663 1242 juvenile,quod
2686 1181 2742 1226 ut
2768 1173 2889 1226 leve
2917 1174 2979 1226 in
3001 1174 3225 1245 Ignatio
3254 1173 3352 1229 ille
3387 1174 3768 1230 condemnat.

2120 1256 2474 1330 Βουλὸμὲνου
2532 1261 2635 1333 γὰρ
2689 1265 2785 1313 τοῦ
2835 1260 3142 1323 ἀνθυπάτου
3202 1262 3403 1317 πείθειν
3459 1263 3617 1316 αὐτὸν
3677 1263 3770 1317 καὶ

2121 1343 2316 1420 λέγειν,
2347 1349 2436 1402 vel
2472 1346 2748 1420 λέγοντος,
2781 1349 2882 1416 τὴν
2915 1348 3137 1417 ἡλικίαν
3168 1351 3336 1404 αὐτοῦ
3379 1358 3771 1427 κατοικτεῖραι,

2120 1435 2292 1506 ἑαυτῷ
2323 1433 2659 1491 ἐπεσπάσατο
2709 1437 2772 1490 τὸ
2817 1437 3021 1512 θηρίων
3053 1434 3551 1512 προσϐιασάμενος,
3602 1449 3678 1510 et,
3709 1449 3776 1498 ut

2121 1534 2299 1590 habet
2326 1536 2632 1602 Eusebius,
2663 1535 2986 1608 mpoE-Svac.
3022 1560 3049 1586 ‹‹
3083 1539 3225 1592 Cum
3257 1539 3416 1593 enim
3442 1541 3767 1610 proconsul

2119 1624 2359 1680 flectere
2392 1642 2524 1680 eum
2551 1625 3093 1696 vellet,diceretque
3123 1645 3182 1682 se
3217 1629 3405 1683 aetatis
3438 1631 3567 1699 ejus
3589 1631 3769 1684 mise-

2118 1713 2255 1768 reri.
2290 1716 2529 1768 attraxit
2584 1715 2695 1768 sibi
2728 1715 2977 1770 bestiam
3012 1715 3061 1768 vi
3096 1734 3226 1771 eam
3257 1718 3520 1789 adigens,
3555 1726 3614 1773 et
3654 1721 3760 1773 sti-

355 1809 620 1864 damnati
653 1813 811 1866 sunt,
842 1806 1057 1860 multas
1089 1805 1244 1875 apud
1281 1806 1591 1875 Egyptum
1626 1809 1683 1858 et
1712 1801 2007 1857 Thebaida
2039 1835 2084 1899 Β
2117 1803 2375 1858 mulans.
2401 1825 2426 1852 η
2455 1807 2569 1858 lloc
2601 1805 2761 1858 enim
2787 1805 2994 1859 fecisse
3022 1812 3388 1871 narratur,ut
3413 1809 3766 1878 martyrium

356 1899 648 1954 Ecclesias
683 1903 1004 1968 tempestas
1055 1912 1205 1950 saeva
1237 1894 1520 1966 populata
1562 1898 1669 1947 est.
1705 1892 1832 1946 Voti
1865 1898 2005 1946 tunc

356 1988 706 2043 Christianis
737 1992 994 2057 erat.pro
1018 1984 1233 2039 Christi
1270 1984 1510 2037 nomine
1533 1981 1726 2054 gladio
1751 1982 2002 2051 percuti.

351 2079 567 2132 Verum
606 2075 793 2130 hostis
824 2073 1097 2136 callidus,
1124 2071 1292 2126 tarda
1321 2071 1394 2126 ad
1428 2077 1674 2125 mortem
1713 2069 2003 2140 supplicia

356 2166 737 2236 conquirens,
771 2163 998 2218 animas
1029 2160 1619 2233 cupiebatjugulare,
1643 2175 1763 2213 non
1797 2175 1999 2230 corpo-

353 2272 420 2309 ra
455 2260 564 2321 ;et.
600 2259 665 2308 ut
695 2254 820 2323 ipse
852 2252 950 2322 qui
980 2251 1051 2304 ab
1087 2267 1154 2304 eo
1181 2266 1392 2321 passus
1425 2255 1516 2303 est
1533 2248 1861 2319 Cyprianus
1892 2247 1994 2301 ait:

348 2343 697 2398 Volentibus
721 2342 868 2396 mori
904 2357 1022 2394 non
1045 2338 1501 2411 permittebatur
1530 2337 1989 2392 occidi.»Notum

342 2437 432 2486 est
462 2437 518 2485 et
540 2431 686 2486 illud
718 2432 771 2485 S.
807 2429 1108 2501 Polycarpi
1137 2429 1416 2500 martyris
1447 2427 1520 2482 ad
1550 2426 1992 2498 proconsulem,

341 2544 502 2584 nunc
533 2529 775 2595 bestias,
801 2545 959 2584 nunc
992 2527 1262 2582 flammas
1295 2526 1380 2580 illi
1417 2525 1815 2592 minitantem,
1846 2520 1993 2577 ἀλλὰ

343 2615 395 2669 τί
458 2613 755 2689 βραδύνεις,
789 2613 914 2691 φέρε
964 2614 993 2667 ὅ
1055 2612 1266 2687 βούλει,
1326 2636 1353 2664 ‹‹
1385 2615 1534 2678 Quid
1563 2620 1761 2669 autem
1793 2630 1990 2668 moras

346 2707 580 2763 trahis?
609 2708 756 2762 affer
786 2705 943 2778 quod
974 2705 1140 2772 velis,
1189 2727 1217 2753 ››
1249 2707 1416 2758 ταῦτα
1447 2702 1536 2756 καὶ
1588 2699 1734 2756 ἃλλα
1763 2701 1990 2756 πλείονι

341 2791 520 2870 λέγων
579 2793 806 2868 adpetens
855 2793 944 2848 καὶ
1002 2796 1176 2867 χαρᾶς
1229 2790 1639 2864 ἀνεπίμπλητο,
1699 2793 1887 2847 «haec
1930 2799 1988 2847 et

338 2885 512 2957 plura
541 2884 658 2940 alia
689 2902 821 2940 cum
855 2885 1098 2951 diceret,
1137 2883 1354 2937 ﬁducia
1385 2889 1441 2937 et
1471 2882 1677 2936 laititia
1709 2881 1985 2952 impletus

335 2980 442 3041 est,
475 2998 493 3023 -
522 2979 587 3029 ut
608 2974 1007 3029 vetustissima
1029 2973 1158 3044 ejus
1175 2975 1316 3027 Acta
1340 2977 1650 3027 testantur.
1681 2971 1857 3027 Plura
1885 2987 1987 3026 au-

337 3069 457 3119 tem
480 3064 582 3119 illa
605 3081 736 3134 quae
759 3063 1102 3118 fortitudine
1123 3067 1182 3116 et
1201 3061 1597 3117 exsultatione
1620 3061 1834 3132 plenus
1853 3078 1984 3130 pro-

331 3154 646 3219 nuntiavit,
683 3152 900 3223 qualia,
934 3151 1166 3218 amabo,
1198 3152 1387 3221 fuere,
1433 3153 1480 3206 si
1516 3169 1636 3207 non
1659 3152 1982 3223 lgnatianis

2116 1893 2644 1949 acceleraret.lnde
2669 1900 2865 1949 autem
2898 1895 3115 1951 factum
3138 1901 3318 1961 est,ut
3349 1913 3555 1951 omnes
3585 1900 3766 1954 etiam

2116 1983 2339 2037 ethnici
2373 1983 2549 2038 etiam
2575 1989 2985 2055 persecutores
3005 1985 3104 2050 τήν
3133 2004 3490 2057 γενναιοτητα
3511 1989 3607 2039 τοῦ
3640 1998 3766 2049 θεο-

2113 2068 2306 2147 φιλοῦς
2338 2071 2423 2125 καὶ
2480 2066 2764 2133 θεοσεϐοῦς
2811 2071 3003 2148 γένους
3035 2077 3140 2126 τῶν
3190 2075 3542 2145 Χριστοανῶν
3575 2077 3765 2132 admi-

2110 2163 2517 2218 rarentur.llle
2552 2163 2729 2234 igitur
2751 2163 3340 2233 Germanicus,quem
3369 2172 3431 2222 ut
3465 2166 3764 2239 insignem

2110 2255 2168 2304 et
2197 2250 2459 2308 nobilem
2491 2251 2552 2305 in
2582 2251 2792 2322 primis
2823 2258 3142 2322 martyrem
3174 2254 3481 2324 proposuit
3511 2256 3760 2326 antiqua

2108 2345 2166 2394 et
2195 2339 2444 2395 celebris
2492 2340 2755 2396 Ecclesia
2787 2341 3182 2411 Smyrnensis,
3219 2341 3388 2413 cujus
3421 2344 3492 2397 ob
3525 2345 3757 2416 insigne

2105 2431 2335 2486 facinus
2385 2431 2607 2487 ethnici
2641 2432 2752 2503 ipsi
2799 2431 3170 2486 nobilitatem
3207 2439 3264 2487 et
3294 2435 3755 2503 generositatem

2102 2520 2451 2575 Christianas
2499 2522 2690 2592 gentis
2724 2521 2997 2576 admirati
3033 2522 3344 2585 suntnihil
3377 2523 3540 2578 aliud
3595 2525 3760 2596 fecit,

2102 2609 2215 2663 nisi
2248 2609 2405 2680 quod
2436 2611 2695 2679 lgnatius
2717 2627 2778 2664 se
2809 2610 3107 2664 facturum
3141 2610 3332 2678 dixit;
3365 2612 3484 2666 imo
3518 2613 3627 2668 hoc
3680 2615 3760 2669 fe-

2101 2698 2249 2753 cisse
2283 2699 2414 2753 ideo
2445 2699 2696 2768 videtur,
2729 2699 2887 2769 quod
2920 2701 3180 2770 lgnatius
3232 2701 3500 2767 dixerat;
3548 2703 3755 2758 eadem

2101 2789 2262 2842 enim
2294 2805 2432 2843 voce
2463 2789 2652 2842 utitur
2689 2789 2952 2843 Ecclesia
2981 2790 3373 2859 Smyrnensis,
3408 2791 3564 2845 unde
3600 2793 3755 2846 hanc

2098 2878 2414 2949 epistolam
2448 2879 2520 2934 ad
2555 2881 2848 2934 Romanos
2873 2878 3118 2933 dederat
3148 2880 3429 2950 Ignatius,
3454 2881 3524 2935 ad
3557 2882 3754 2952 expri-

2095 2967 2378 3022 mendum
2412 2968 2744 3024 Germanici
2776 2968 3020 3035 factum,
3053 2985 3170 3039 qua
3213 2969 3472 3040 Ignatius
3513 2969 3584 3023 ad
3614 2971 3747 3023 ani-

2093 3057 2173 3110 mi
2208 3056 2297 3110 sui
2330 3056 2603 3111 ardorem
2628 3056 3015 3111 indicandum
3043 3074 3185 3112 usus
3218 3055 3537 3129 Γυθιηειῑςέγὼ
3569 3076 3740 3130 προσ-

2092 3137 2378 3215 ϐιάσομαι,
2439 3144 2636 3216 inquit
2694 3145 2817 3212 ille,
2890 3147 2987 3200 hic
3062 3145 3402 3199 ἀπεσπάσατο
3461 3141 3733 3218 προσϐια-

333 3241 600 3296 similia‘?
629 3241 676 3296 si
704 3257 826 3295 non
849 3240 1081 3294 illivoci
1115 3257 1398 3307 consona,
1432 3258 1610 3311 quam
1643 3259 1672 3295 e
1707 3241 1852 3297 caalo
1873 3258 1978 3297 au-
2013 3217 2054 3284 θ
2095 3232 2344 3303 σάμενος.
2385 3233 2546 3290 Unde
2581 3235 2758 3290 etiam
2788 3240 2925 3290 ante
2958 3237 3319 3303 monuimuS,
3343 3235 3588 3290 dubium
3611 3253 3736 3291 non

337 3329 502 3397 divit,
555 3329 741 3402 Ἳσχυε
796 3328 888 3381 καὶ
936 3323 1216 3400 ἀνδρίζου,
1278 3325 1624 3399 Πολῦκαρπε.
1657 3345 1824 3383 non:
1861 3332 1978 3384 Mo-

326 3418 530 3474 destus
563 3424 710 3485 esto,
745 3418 884 3474 sed:
922 3440 950 3468 «ι
983 3417 1238 3473 Fortiter
1262 3423 1319 3472 et
1361 3417 1612 3472 viriliter
1651 3434 1776 3486 age,
1808 3419 1977 3490 Poly-

321 3524 517 3579 carpe.
539 3528 566 3557 η
584 3509 902 3564 Notissima
924 3512 1013 3562 est
1036 3507 1215 3562 etiam
1240 3507 1343 3561 illa
1367 3506 1614 3562 Romani
1637 3507 1974 3563 Czesareen-

323 3597 404 3652 sis
436 3597 669 3653 diaconi
703 3615 811 3653 vox
845 3597 1171 3652 Antiochia)
1207 3597 1430 3664 audita,
1463 3598 1569 3649 ποῦ
1604 3614 1700 3667 μοι
1731 3596 1794 3650 τὸ
1843 3601 1974 3672 πῦρ,

323 3708 351 3735 ‹‹
384 3686 630 3742 ubinam
661 3687 806 3742 mihi
840 3687 994 3760 ignis
1015 3687 1042 3741 ?
1069 3708 1096 3737 »

399 3793 670 3849 Secunda
684 3795 950 3866 exceptio
967 3792 1038 3849 ab
1059 3793 1130 3847 iis
1146 3792 1528 3864 petitur,quae
1547 3792 1619 3848 de
1641 3809 1702 3847 se
1727 3793 1975 3865 sponde-

320 3899 384 3938 re
412 3882 1154 3956 diciturlgnatius;scilicet
1169 3882 1323 3953 quod
1347 3899 1406 3936 se
1437 3882 1655 3938 bestias
1668 3883 1742 3937 ad
1765 3900 1972 3939 necem

327 3988 495 4026 suam
544 3972 990 4029 accelerandam
1021 3976 1478 4044 provocaturum
1503 3971 1743 4040 scribat,
1771 3979 1830 4026 et
1859 3973 1971 4028 hoc

320 4063 492 4119 etiam
524 4063 651 4118 sine
685 4063 972 4134 exemplo.
999 4061 1124 4117 Duo
1157 4061 1332 4116 verba
1364 4067 1504 4116 sunt
1533 4078 1664 4132 quae
1687 4062 1774 4116 illi
1820 4063 1971 4118 mira

314 4152 607 4219 videntur,
659 4149 978 4205 κολακεΰσω
1037 4157 1095 4206 et
1145 4144 1578 4224 προσϐεάσομαι,
1637 4172 1664 4200 ‹‹
1697 4150 1970 4208 blandiar

309 4241 474 4307 feris,
509 4241 627 4295 imo
660 4258 884 4312 cogam.
921 4263 947 4290 ››
977 4263 1002 4289 ‹‹
1031 4241 1073 4296 Ο
1097 4241 1568 4310 diras,inquit,et
1599 4240 1966 4297 truculentas

321 4331 507 4384 vocesl
539 4330 659 4384 imo
683 4346 814 4385 vere
843 4335 1100 4397 sanctas,
1122 4336 1178 4384 et
1210 4329 1412 4394 fortes,
1447 4335 1506 4384 et
1527 4331 1690 4386 omni
1723 4347 1966 4387 venera-

312 4418 472 4472 tione
501 4419 875 4488 accipiendas
903 4419 913 4472 !
939 4436 1058 4474 non
1091 4420 1204 4475 alia
1235 4420 1435 4474 anima
1459 4419 1663 4492 dignas
1697 4437 1874 4491 quam
1898 4438 1966 4477 ea

309 4524 441 4578 qua;
472 4507 604 4561 vitae
638 4524 758 4562 suae
782 4513 1051 4580 pertaesa,
1086 4509 1418 4580 lucemque,
1453 4508 1610 4579 quod
1658 4515 1834 4580 poeta
1861 4511 1961 4579 ait,

2090 3323 2391 3394 essn,quin
2422 3323 2579 3378 hunc
2612 3323 2808 3395 ipsum
2832 3324 3033 3379 locum
3067 3324 3334 3395 epistola)
3349 3324 3422 3379 ad
3443 3327 3740 3380 Romanos

2087 3421 2459 3492 respexerint
2476 3422 3029 3493 Smyrnenses,cum
3057 3422 3170 3477 ista
3188 3423 3611 3478 scriberent.Et
3632 3423 3704 3477 ob
3725 3455 3740 3464 -

2087 3509 2373 3565 servanda
2397 3516 2536 3565 sunt
2565 3509 2744 3567 verba
2774 3510 3170 3582 Martyrologii
3202 3512 3468 3566 Romani:
3490 3535 3515 3560 «
3536 3513 3738 3582 Smyr-

2084 3615 2176 3653 nw
2209 3599 2432 3655 Natalis
2463 3601 2522 3655 Β.
2593 3600 2925 3655 Germanici
2961 3601 3256 3670 martyris,
3291 3601 3392 3670 qui
3439 3617 3573 3655 cum
3621 3602 3738 3672 pri-

2084 3704 2284 3743 maevus
2332 3689 2523 3744 astatis
2555 3693 2861 3744 venustate
2897 3688 3156 3755 floreret,
3184 3688 3292 3743 sub
3324 3691 3516 3745 Marco
3549 3692 3735 3745 Anto-

2082 3776 2225 3830 nino
2261 3781 2318 3831 et
2339 3777 2515 3832 Lucio
2537 3776 2776 3832 Aurelio
2799 3794 2904 3849 per
2933 3780 3182 3850 gratiam
3212 3778 3444 3833 virtutis
3478 3779 3577 3833 Dei
3607 3795 3732 3834 me-

2082 3871 2208 3920 tum
2241 3883 2540 3938 corporeae
2557 3867 2894 3938 fragilitatis
2917 3867 3237 3922 excludens
3264 3873 3471 3939 sponte
3504 3886 3734 3940 pra‘pa-

2079 3961 2267 4010 ratam
2301 3956 2408 4011 sibi
2441 3956 2691 4012 bestiam
2721 3957 3034 4013 damnatus
3065 3957 3318 4028 ajudice
3370 3961 3728 4029 provocavit,

2078 4047 2248 4116 cujus
2281 4045 2556 4100 dentibus
2579 4047 2981 4102 comminutus
3003 4063 3135 4100 vero
3159 4048 3294 4117 pani
3323 4048 3572 4103 Domino
3591 4050 3733 4105 Jesu

2077 4135 2306 4190 Christo
2376 4153 2480 4207 pro
2526 4136 2651 4207 ipso
2685 4137 2944 4191 moriens
2994 4136 3211 4190 meruit
3251 4137 3659 4208 incorporari:
3701 4160 3728 4187 ››

2075 4232 2140 4281 ut
2172 4226 2308 4280 hinc
2332 4227 2507 4281 etiam
2533 4227 2756 4298 Ignatio
2780 4225 3120 4281 simillimus
3150 4231 3374 4296 martyr
3395 4244 3726 4297 reprmsen-

2076 4321 2250 4375 tetur.
2286 4316 2464 4370 Miror
2493 4316 2690 4387 itaque
2746 4315 3033 4371 Dallazum
3065 4315 3324 4370 scribere
3357 4316 3635 4387 potuisse,
3661 4316 3725 4371 in

2076 4407 2526 4477 Smyrne‘nsium
2549 4411 2875 4476 martyrum
2896 4406 3054 4460 Actis
3085 4405 3230 4460 nihil
3261 4405 3551 4477 epistolici
3571 4405 3725 4458 scri-

2072 4496 2256 4568 ptoris
2286 4496 2547 4550 sermoni
2581 4495 2771 4551 simile
2820 4494 3108 4566 reperiri:
3171 4495 3339 4566 quasi
3388 4494 3727 4550 Germanici

308 4610 524 4666 perosa
554 4593 615 4647 in
647 4601 900 4650 mortem
932 4613 1195 4666 ριιωοθρε
1244 4596 1364 4650 ruit
1392 4596 1603 4667 (instar
1634 4597 1962 4667 mancipio-
1994 4584 2038 4648 D
2071 4586 2304 4655 insigne
2334 4585 2555 4640 factum
2587 4589 2689 4639 aut
2711 4583 2862 4638 nihil
2885 4583 3091 4650 sit,aut
3112 4599 3231 4638 non
3264 4585 3570 4655 Ignatiano
3598 4599 3724 4638 ser-

307 4698 429 4737 rum
444 4683 642 4738 seaculi
659 4683 1243 4754 desperandorum,ut
1258 4684 1522 4754 loquitur
1535 4684 1957 4755 Blondellus),»

310 4774 430 4828 imo
481 4789 549 4828 ea
575 4774 773 4828 anima
819 4775 1218 4846 dignissimas,
1251 4791 1382 4844 qum
1414 4775 1723 4844 praesentis
1754 4775 1954 4830 saeculi

307 4865 508 4918 omnia
531 4865 1018 4933 contemnit,quae
1047 4864 1287 4918 dissolvi
1319 4869 1376 4917 et
1406 4880 1543 4918 cum
1575 4863 1803 4918 Christo
1826 4881 1955 4920 esse

301 4955 488 5025 cupit,
518 4971 645 5024 quae
678 4953 751 5007 ad
775 4955 1021 5025 praemia
1067 4954 1348 5024 martyrio
1383 4954 1675 5025 promissa
1712 4955 1954 5026 aspirat,

296 5060 430 5114 qua!
464 5043 818 5098 Christianae
852 5043 1157 5114 religionis
1198 5043 1683 5114 propagationem
1717 5043 1954 5099 deside-

299 5139 550 5203 rat,quaa
583 5133 700 5186 vim
735 5138 791 5186 et
829 5133 1087 5205 vigorem
1138 5132 1391 5203 Spiritus
1422 5131 1580 5186 intus
1632 5133 1954 5188 habitantis

291 5223 630 5294 exprimere
666 5229 1074 5292 conatur,quae
1097 5223 1346 5294 gentiles
1367 5227 1425 5275 et
1457 5221 1802 5278 idololatras
1829 5240 1952 5277 om-

295 5330 402 5368 nes
430 5315 658 5385 pudore
693 5314 1055 5378 suffundere,
1078 5313 1137 5366 in
1161 5312 1617 5366 admirationem
1653 5311 1950 5382 abripere,

291 5401 365 5456 ad
402 5403 882 5474 desperationem
915 5418 1145 5474 cogere,
1204 5409 1268 5457 ut
1299 5402 1371 5457 ad
1429 5401 1605 5457 fidem
1666 5401 1950 5456 Christia.

291 5506 431 5544 nam
455 5492 928 5562 amplectendam
945 5507 1287 5562 permovere
1299 5490 1635 5547 contendit!
1659 5494 1740 5542 An
1762 5507 1951 5545 exem-

290 5577 455 5649 plum
483 5577 660 5648 hujus
692 5579 774 5631 rei
800 5579 1102 5648 quaeritur,
1125 5585 1350 5635 cumtot
1370 5595 1520 5650 pene
1540 5582 1777 5630 exstent
1807 5583 1951 5648 quot

294 5668 442 5722 Acta
474 5665 564 5721 vel
598 5668 899 5722 memorias
931 5676 1256 5741 martyrum
1289 5669 1315 5722 ?
1345 5670 1410 5722 In
1429 5665 1808 5736 Smyrnensis
1839 5667 1946 5721 Ec-

2072 4675 2233 4730 moni
2283 4674 2499 4738 simile,
2550 4690 2682 4728 cum
2737 4672 2945 4729 eodem
2989 4671 3271 4727 vocabulo
3337 4673 3723 4743 exprimatur.

2070 4767 2268 4835 Neque
2301 4769 2531 4818 tantum
2562 4761 2902 4830 bestiis,sed
2926 4762 3114 4833 etipsi
3141 4761 3330 4831 judici
3354 4762 3469 4815 vim
3502 4761 3719 4816 intule-

2069 4859 2210 4909 runt
2241 4858 2549 4924 martyres,
2583 4859 2647 4907 ut
2671 4855 2969 4908 Romanus
3001 4850 3098 4905 ille
3133 4868 3200 4904 ex
3233 4849 3554 4905 Palaestina
3585 4849 3715 4905 dia-

2068 4960 2273 5010 conus,
2308 4941 2411 4996 sed
2467 4941 2818 5005 Antiochia),
2852 4941 3009 4994 unde
3063 4938 3317 5011 lgnatius
3353 4943 3573 4993 tractus
3607 4944 3719 5006 est,

2067 5035 2217 5089 forte
2276 5031 2655 5095 constitutus,
2689 5054 2714 5080 α
2753 5046 2886 5086 cum
2918 5029 3139 5085 multos
3179 5027 3400 5082 milites
3431 5027 3722 5082 cecidisse

2066 5129 2346 5185 Ecclesim
2397 5128 2745 5196 invenisset,
2779 5145 2897 5183 non
2927 5133 3016 5183 est
3063 5142 3276 5198 passus
3306 5125 3446 5179 dare
3479 5123 3720 5180 diabolo

2065 5226 2129 5273 ut
2160 5218 2502 5285 exsultaret,
2527 5217 2629 5273 sed
2661 5218 3055 5272 exsultantem
3081 5215 3348 5286 judicem
3381 5214 3451 5267 de
3486 5213 3578 5267 his
3616 5215 3720 5284 qui

2064 5309 2301 5364 fuerant
2334 5307 2592 5379 superati
2614 5307 2952 5378 aggreditur
2977 5306 3091 5360 vim
3114 5305 3360 5367 faciens,
3377 5317 3559 5372 regno
3580 5319 3719 5357 vero

2063 5404 2250 5470 rapto,
2304 5404 2360 5452 et
2416 5397 2602 5452 dicit:
2657 5398 2785 5451 Non
2817 5395 3057 5452 recedes
3100 5393 3308 5455 laetus;
3346 5391 3523 5444 habet
3555 5391 3720 5447 enim

2063 5489 2217 5542 Deus
2250 5487 2472 5541 milites
2505 5486 2604 5556 qui
2637 5485 2906 5557 superari
2938 5499 3057 5537 non
3089 5484 3358 5552 possunt,
3390 5499 3412 5528 ι)
3439 5484 3505 5533 ut
3536 5479 3720 5534 tradit

2062 5577 2368 5646 Eusebius,
2431 5579 2500 5632 De
2555 5580 2954 5632 resurrectione
3012 5572 3112 5627 lib.
3147 5587 3203 5624 ιι.
3239 5575 3429 5640 Atque
3459 5569 3541 5622 ita
3570 5585 3713 5640 pro-

2063 5665 2150 5721 dit
2196 5662 2614 5718 αὐτοκέλευστον
2648 5664 2868 5738 ἱερεῖον,
2931 5682 2957 5715 ι
3008 5660 3243 5716 victima
3291 5662 3644 5730 spontanea,
3678 5678 3706 5706 »
