4064 6134
326 389 436 448 369

1044 385 1100 448 J.
1146 385 1579 450 PEARSONII
1619 387 1993 452 VINDICIE
2037 391 2517 456 IGNATIANIE.
2566 432 2642 442 ——
2685 399 2886 460 PARS
2933 397 3014 457 II.

3620 392 3742 454 370

323 528 386 579 ut
413 522 682 593 loquitur
713 525 925 579 auctor
954 522 1240 579 orationis
1263 523 1538 580 secunda:
1559 524 1980 597 Chrysostomo
2011 531 2063 599 Α
2093 535 2291 588 autem
2317 533 2443 591 haec
2470 553 2591 591 non
2623 539 2854 590 tantum
2881 550 3020 588 vera
3048 547 3176 587 esse
3205 530 3432 599 dicunt,
3467 529 3569 586 sed
3600 535 3734 586 tan-

331 612 742 682 ascriptaa.Sed
772 613 1005 684 reliqua
1034 612 1306 685 exempla
1335 630 1818 686 percenseamus,
1853 617 1988 687 qui-

336 703 441 757 bus
469 719 710 774 semper
741 704 806 757 in
837 703 1101 758 Ecclesia
1155 702 1256 759 illa
1314 709 1642 776 martyrum
1702 704 1984 762 fortitudo

337 793 646 848 decantata
679 798 918 863 est,qua
947 793 1344 848 instrumenta
1365 793 1528 849 necis
1561 794 1636 849 ad
1666 812 1835 851 suam
1860 813 1985 868 pas-

332 899 560 937 sronem
583 882 1038 938 accelerandam
1069 881 1378 954 urgebant.
1437 885 1505 939 In
1565 885 1982 956 antiquissima

328 974 632 1042 Perpetua:
665 972 942 1044 passione
975 973 1100 1027 haec
1128 971 1380 1044 legimus
1414 990 1426 1028 :
1463 995 1490 1023 ι(
1525 975 1819 1046 Perpetua
1871 993 1980 1032 au-

327 1069 441 1117 tem
471 1068 537 1118 ut
585 1063 816 1133 aliquid
856 1063 1076 1118 doloris
1131 1067 1415 1134 gustaret,
1446 1063 1604 1119 inter
1647 1081 1782 1120 ossa
1813 1083 1974 1121 com-

321 1161 540 1227 puncta
563 1154 907 1221 exululavit,
941 1159 1000 1209 et
1025 1159 1322 1209 errantem
1369 1153 1631 1227 gladium
1693 1155 1975 1212 tirunculi

324 1245 670 1317 gladiatoris
699 1242 1198 1315 ipsainjugulum
1231 1261 1404 1298 suum
1439 1244 1761 1299 transtulit.
1796 1245 1971 1300 »Βίο-

324 1335 530 1405 nysius
552 1332 928 1387 Alexandrina
950 1332 1263 1403 episcopus
1286 1331 1661 1404 Apolloniam
1686 1333 1973 1405 virginem

328 1439 688 1494 magnopere
719 1421 1105 1492 laudat,quod
1128 1438 1262 1476 cum
1293 1421 1405 1492 ipsi
1427 1421 1752 1478 verberatis
1773 1423 1974 1478 maxil-

323 1513 393 1567 lis
443 1511 643 1567 cuncti
703 1511 912 1566 dentes
966 1512 1220 1581 excussi,
1281 1508 1660 1582 ifamméeque
1717 1511 1972 1568 admotae

319 1607 538 1671 essent,
569 1598 847 1662 συντόνως
875 1596 1215 1669 ἐπεπήδησεν
1249 1597 1327 1662 εἷς
1381 1599 1444 1653 τὸ
1494 1602 1602 1673 πῦρ
1656 1599 1746 1653 καὶ
1804 1619 1973 1654 κατα-

312 1689 636 1763 πέφλεκται,
669 1713 697 1740 ‹‹
732 1689 1005 1745 celeriter
1027 1689 1089 1744 in
1110 1689 1307 1761 ignem
1330 1690 1547 1744 insiliit
1568 1695 1624 1744 et
1647 1689 1972 1762 conﬂagra-

312 1782 472 1836 vit.»
506 1781 562 1836 S.
625 1779 885 1835 llilarius
943 1779 1322 1834 enarratione
1381 1779 1445 1834 in
1493 1779 1789 1850 psalmum
1821 1797 1967 1834 va:

2089 639 2266 692 quam
2294 641 2595 680 summum
2625 623 2931 697 religionis
2960 621 3304 677 Christiana:
3342 620 3528 676 decus
3585 637 3738 693 pra;-

2088 710 2308 769 dicant.
2355 716 2618 770 Justinus
2671 719 2898 784 martyr
2944 714 3163 768 fatetur
3224 711 3623 766 Christianum
3677 727 3738 764 se

2084 801 2306 859 factum
2338 822 2489 874 esse,
2523 805 2681 877 quod
2712 806 2765 860 ei
2799 821 2974 860 nemo
2996 807 3210 873 ,matus
3239 801 3540 858 videretur
3585 799 3741 854 Θάνα-

2083 911 2179 944 τον
2211 891 2563 963 ἀσπάζεσθαι,
2598 894 2711 968 οὐχ
2763 891 2845 947 ὅτι
2903 891 3093 947 ἐαυτὸν
3155 887 3496 965 κατήγγελλε
3544 910 3740 968 φονευ-

2085 981 2679 1051 θησόμενον,‹ιῐιθ‹1ιιω
2698 990 2762 1038 ut
2776 983 3090 1054 quisquam
3109 981 3372 1054 seipsum
3393 981 3730 1037 necandum

2081 1070 2235 1126 ultro
2264 1073 2546 1142 proderet
2573 1089 2640 1128 ac
2672 1072 2950 1141 deferret,
2984 1091 3010 1123 ι
3049 1071 3208 1143 quod
3237 1070 3556 1126 Christiani
3583 1075 3727 1125 tunc

2082 1163 2370 1232 temporis
2401 1161 2687 1217 fecerunt.
2721 1162 2997 1216 Clemens
3029 1160 3270 1232 quidem
3292 1159 3730 1216 Alexandrinus

2080 1255 2287 1306 contra
2313 1251 2756 1307 Valentinianos
2779 1250 3095 1322 disputans
3126 1250 3506 1320 reliquosque
3540 1251 3731 1304 Gnos-

2080 1339 2248 1409 ticos,
2282 1342 2382 1410 qui
2415 1358 2654 1396 omnem
2696 1358 2802 1412 pro
2852 1341 3096 1395 veritate
3155 1340 3493 1410 passionem
3552 1353 3731 1410 nega-

2080 1429 2244 1497 bant,
2273 1431 2618 1486 Gnosticum
2652 1448 2826 1487 suum
2858 1432 2941 1486 ita
2971 1430 3252 1498 instituit,
3313 1435 3380 1483 ut
3433 1445 3555 1483 non
3604 1429 3722 1482 nisi

2080 1525 2319 1576 coactus
2337 1521 2686 1591 martyrium
2713 1520 3167 1589 subeat,fatetur
3189 1523 3386 1574 tamen
3409 1517 3556 1572 alios
3579 1533 3731 1572 mar-

2083 1616 2237 1682 tyres
2263 1610 2437 1666 aliter
2468 1612 2763 1666 animatos
2789 1611 2991 1679 fuisse,
3025 1611 3456 1680 Gnosticusque
3505 1610 3578 1664 ab
3627 1609 3727 1664 illo

2081 1701 2426 1755 eﬂ'ormatus
2483 1700 2742 1755 dicitur:
2804 1699 2988 1773 Ταύτῃ
3045 1703 3154 1753 τῶν
3186 1696 3372 1753 ἃλλων
3406 1695 3723 1771 λεγομὲνων

2083 1786 2371 1862 μαρτύρων
2405 1786 2806 1862 χωριζόμενος,
2915 1789 2963 1842 οἱ
2999 1787 3093 1860 μὲν
3144 1786 3396 1863 ἀφορμὰς
3452 1787 3727 1860 παρέχον-

317 1893 342 1920 ‹‹
378 1870 494 1925 Alii
527 1869 693 1924 enim
726 1870 788 1924 in
819 1869 1066 1924 vinculis
1101 1885 1407 1924 carcerum
1463 1868 1812 1941 gloriantur,
1872 1871 1969 1926 alii

2079 1877 2162 1938 τές
2195 1896 2371 1953 σφισιν
2404 1875 2591 1940 αὐτοῖς
2625 1873 3071 1950 ἐπιῤῥιπτοῦντες
3130 1873 3316 1936 αὐτοῖς
3375 1878 3491 1934 τοῖς
3547 1870 3730 1928 κινδύ-

312 1960 450 2014 οεθδὶ
485 1960 547 2013 in
578 1957 924 2013 verberibus
953 1957 1342 2029 gratulantur,
1376 1957 1475 2012 alii
1499 1960 1806 2029 postestati
1829 1959 1972 2014 irre-

309 2048 664 2120 ligiosorum
703 2046 1037 2102 desecanda
1066 2046 1329 2102 felicium
1362 2047 1622 2117 capitum
1656 2047 1808 2103 colla
1839 2047 1973 2103 sub-

307 2137 558 2191 mittunt
583 2153 596 2203 ;
622 2137 823 2208 plures
845 2136 906 2189 in
929 2141 1258 2191 exstructos
1287 2152 1461 2207 rogos
1489 2141 1821 2204 currunt,et
1851 2143 1972 2192 tre-

307 2227 658 2299 pidantibus
697 2242 883 2296 paenae
936 2225 1228 2280 ministris
1285 2225 1484 2297 ignem
1534 2225 1689 2281 saltu
1747 2227 1970 2282 devota

307 2315 714 2372 festinationis
746 2315 1093 2370 insiliunt.»
1143 2316 1306 2369 Hunc
1358 2315 1421 2368 in
1479 2315 1835 2386 martyribus
1866 2334 1970 2387 pa-

315 2406 506 2462 tiendi
539 2405 816 2460 ardorem
843 2404 1066 2474 optime
1097 2403 1383 2458 describit
1411 2404 1466 2458 S.
1500 2404 1970 2475 ‘Chrysostomus

309 2498 583 2552 oratione
617 2496 678 2550 in
705 2493 1371 2562 Romanum,diabolum
1401 2493 1482 2548 ita
1502 2493 1848 2564 loquentem
1878 2495 1971 2549 in-

314 2587 676 2641 troducens:
728 2583 1031 2654 ’Λνθρακας
1093 2580 1444 2654 ὑπεστόρεσα,
1504 2581 1556 2634 οἱ
1637 2577 1695 2635 δέ
1751 2581 1826 2644 ὡς
1880 2581 1968 2636 ἐπὶ

311 2671 443 2748 ῥόδα
476 2670 726 2746 ἔτρεχον,
753 2695 771 2721 α
801 2687 1022 2743 prunas
1054 2671 1432 2738 substravi,hi
1464 2677 1664 2726 autem
1687 2677 1969 2742 tanquam

315 2765 388 2820 ad
414 2780 584 2818 rosas
616 2760 960 2826 currebant,
997 2783 1023 2809 »
1055 2763 1165 2832 πῦρ
1194 2757 1395 2830 ἀιῆψα,
1430 2759 1482 2811 οἱ
1514 2755 1570 2812 δὲ
1604 2758 1679 2821 ὡς
1727 2757 1802 2820 εἰς
1859 2780 1969 2829 πη-

316 2852 410 2924 γΞῑς
437 2848 644 2904 ὑδάτων
673 2853 905 2922 ψυχρῶν
953 2846 1177 2908 ἑαυτοὺς
1235 2843 1482 2922 ἔρριψαν,
1534 2871 1561 2898 ‹‹
1624 2848 1821 2920 ignem
1873 2866 1968 2905 ac-

320 2940 501 3010 cendi,
533 2941 618 2995 illi
653 2945 853 2995 autem
888 2944 1171 3010 tanquam
1203 2938 1264 2992 in
1295 2937 1490 2993 fontes
1532 2954 1822 3008 aquarum
1871 2939 1970 2994 fri-

309 3032 577 3102 gidarum
611 3030 840 3100 seipsos
875 3027 1288 3099 projiciebant,
1318 3049 1343 3075 ››
1372 3024 1460 3079 καὶ
1495 3023 1676 3100 ὣσπερ
1735 3024 1786 3080 ἐν
1847 3027 1968 3101 ἱερᾷ

306 3125 504 3192 πομπῇ
529 3119 855 3194 χορεύοντες
892 3117 980 3170 καὶ
1021 3116 1070 3169 ἐν
1106 3113 1341 3188 λειμῶνι
1371 3115 1656 3184 παίζοντες
1717 3113 1963 3191 χλοερῷ,

308 3208 450 3262 οὕτω
481 3208 578 3268 τὰς
611 3206 884 3280 τιμωρίας
913 3202 1140 3267 ἕκαστος
1169 3202 1440 3279 ἥρπαζον,
1482 3203 1596 3278 οὐχ
1650 3204 1724 3266 ὡς
1783 3226 1964 3276 τιμω-
1998 3243 2040 3310 C

348 3298 358 3310 ι
470 3295 515 3310 I\
535 3296 554 3310 κ
576 3298 588 3310 ι
636 3296 648 3310 Ι
760 3294 784 3310 Ἰ
821 3306 835 3310 _
945 3292 965 3310 Κ
1066 3289 1095 3310 ρ
1118 3293 1128 3310 1
1376 3292 1390 3310 Ἰ
1531 3293 1543 3310 \
1697 3293 1708 3308 ἢ

308 3298 426 3373 piat;
459 3295 588 3351 ἀλλ’
621 3296 694 3357 ὡς
751 3294 882 3363 ἄνθη
945 3289 1319 3367 λαμϐάνοντες
1373 3292 1576 3367 ἐαρινὰ,
1623 3293 1713 3346 καὶ
1770 3314 1964 3367 στεφα-

307 3387 591 3459 νούμενοι,
624 3385 713 3439 καὶ
764 3389 832 3458 τῇ
889 3387 988 3448 τῆς
1058 3381 1264 3444 οἴκείας
1318 3383 1630 3456 προθυμίας
1682 3377 1962 3457 ὑπερϐολῇ

303 3477 400 3536 τὰς
437 3475 572 3548 ἐμὰς
603 3476 943 3552 προέφθανον
971 3471 1264 3546 τιμωρίας,
1300 3497 1326 3524 ‹‹
1358 3481 1415 3528 et
1449 3479 1732 3544 tanquam
1765 3474 1826 3528 iu
1881 3491 1967 3529 εει-

309 3585 411 3623 cra
433 3583 654 3637 pompa
677 3566 923 3620 choreas
957 3569 1221 3636 agentes,
1255 3568 1313 3617 et
1342 3563 1404 3616 in
1426 3563 1600 3617 viridi
1649 3567 1816 3634 prato
1875 3563 1962 3618 lu-

305 3658 630 3724 dentes,ita
651 3660 950 3710 tormenta
971 3654 1223 3724 quisque
1247 3652 1646 3723 arripuit,non
1678 3658 1961 3724 tanquam

306 3763 538 3818 pmnas,
572 3744 676 3800 sed
707 3743 868 3798 velut
888 3758 1097 3796 vernos
1129 3741 1305 3796 ﬂores
1336 3741 1717 3812 accipientes,
1751 3747 1809 3795 et
1865 3758 1960 3796 co-

304 3836 524 3902 ronati,
553 3841 608 3888 et
624 3833 878 3904 propria:
897 3831 1222 3887 alacritatis
1246 3843 1490 3885 excessu
1511 3834 1809 3884 tormenta
1829 3846 1963 3884 mea

301 3924 752 3996 prazripiebant.
785 3944 814 3971 n

381 4016 582 4085 Neque
604 4013 823 4067 mirum
849 4015 940 4066 est
954 4010 1186 4080 aliquos
1218 4009 1437 4064 bestias
1460 4008 1588 4080 jam
1628 4013 1864 4080 paratas
1887 4008 1962 4064 ad

303 4105 575 4174 ipsorum
607 4118 816 4157 necem
839 4104 1321 4172 provocasse,aut
1352 4098 1961 4154 crudelitatisinstru‘

304 4193 588 4247 mentain
622 4190 934 4262 procinctu
963 4189 1157 4260 posita
1181 4187 1252 4242 ad
1275 4187 1728 4242 accelerandum
1747 4192 1964 4257 marty-

302 4283 467 4337 rium
495 4281 657 4336 ultro
681 4279 1018 4335 adhibuisse
1045 4295 1059 4344 ;
1092 4294 1227 4332 cum
1261 4277 1585 4332 certissime
1618 4281 1868 4342 constet,
1902 4277 1963 4330 id

308 4372 470 4443 quod
501 4370 689 4426 multo
716 4370 907 4439 majus
940 4365 1539 4438 est,quamplurimos
1569 4371 1824 4421 mortem
1853 4383 1958 4436 pro

304 4463 528 4518 Christi
561 4461 808 4516 nomine
834 4459 1210 4531 appetivisse,
1249 4474 1381 4512 cum
1413 4458 1473 4512 in
1507 4457 1768 4512 hostium
1798 4463 1961 4529 pote-

306 4559 462 4610 state
491 4569 616 4607 non
649 4550 1102 4619 essent,seipsos
1123 4547 1777 4617 indicasse,hostesque
1800 4546 1962 4618 ipsos

305 4643 382 4697 ad
416 4640 778 4713 supplicium
801 4636 1188 4708 infligendum
1212 4636 1665 4706 provocasse.De
1686 4635 1966 4690 Christia-

305 4733 404 4787 nis
437 4731 531 4785 sui
567 4729 845 4800 temporis
877 4726 1171 4781 Lucianus
1205 4725 1266 4779 in
1297 4726 1594 4794 Peregrina
1621 4742 1633 4779 :
1670 4723 1964 4777 Πεπεεκασι

303 4820 411 4895 γὰρ
471 4815 670 4878 αὐτοὺς
732 4815 783 4869 οἱ
835 4809 1229 4884 κακοδαίμονες
1283 4812 1344 4866 τὸ
1408 4813 1501 4885 μὲν
1533 4811 1664 4867 ὅλον
1715 4811 1968 4867 ἀθάνατοι

303 4912 525 4970 ἕπεσθαι
564 4903 656 4959 καὶ
723 4902 983 4979 βιώσεθαι
1041 4902 1132 4955 τὸν
1191 4900 1272 4955 ἀεὶ
1333 4900 1553 4975 χρόνον·
1616 4903 1744 4976 παρ’
1797 4900 1827 4955 ὅ
1877 4900 1968 4955 καὶ

307 5000 718 5076 καταφρονοῦσι
749 4997 848 5048 τοῦ
881 4990 1131 5063 θανάτου,
1159 4991 1249 5046 καὶ
1312 4989 1521 5052 ἑκόντες
1589 4991 1784 5053 αὐτούς
1848 4989 1965 5045 tm-

315 5086 564 5144 διδόασιν
598 5087 652 5139 οἱ
676 5081 903 5140 πολλοι.
944 5105 971 5134 «
997 5082 1189 5137 Miseri
1221 5082 1492 5137 homines
1535 5098 1570 5136 a
1598 5082 1810 5154 seipsis
1840 5098 1970 5153 per-

304 5179 629 5248 suasi,fore
652 5193 712 5231 se
737 5176 962 5245 integre
995 5171 1387 5240 immortales,
1417 5188 1770 5243 semperque
1790 5171 1970 5226 victu-

302 5288 432 5338 ros,
466 5274 724 5324 mortem
757 5266 1169 5330 contemnunt,
1203 5260 1495 5331 multique
1528 5261 1684 5316 ultro
1741 5261 1968 5332 seipsos

303 5358 560 5414 dedunt.
589 5353 972 5410 »Tiberianus
993 5349 1325 5405 Palaestinis
1349 5366 1568 5420 praeses
1588 5349 1696 5404 sub
1718 5349 1968 5420 imperio

304 5448 548 5521 Trajani
583 5447 656 5502 de
689 5443 940 5502 Galilmis
961 5441 1080 5496 sive
1103 5441 1458 5496 Christianis
1482 5439 1845 5511 italoquitur
1869 5457 1881 5494 :
1907 5437 1968 5491 οὗ

306 5556 581 5593 παυονται
611 5531 838 5592 ἑαυτούς
875 5528 1173 5602 μηνύοντες
1204 5526 1280 5589 εἷς
1312 5528 1374 5581 τὸ
1406 5527 1761 5602 ἀναιρεὶσθαι,
1795 5550 1822 5578 ‹‹
1846 5543 1969 5582 non

311 5632 557 5686 cessant
587 5624 661 5681 ad
685 5621 909 5678 caedem
933 5635 1062 5675 sese
1094 5618 1448 5690 patefacere.
1485 5640 1514 5669 »
1548 5619 1680 5673 Haec
1704 5616 1775 5672 de
1825 5617 1973 5672 anti-

313 5715 625 5792 quissimis
649 5709 1011 5784 martyribus
1029 5707 1280 5780 gentiles
1305 5711 1626 5764 testantur:
1653 5707 1969 5772 Christiani

2082 1985 2222 2034 νοις,
2249 1965 2349 2019 οὐκ
2378 1963 2484 2019 οἶδ’
2517 1964 2687 2036 ὅπως,
2727 1961 3017 2036 εὒστομεῖν
3048 1962 3148 2039 γὰρ
3181 1962 3412 2030 δίκαιον,
3445 1964 3601 2019 «hac
3630 1980 3729 2018 ra-

2084 2055 2243 2110 tione
2259 2059 2562 2128 separatus
2585 2056 2658 2110 ab
2681 2055 2814 2110 aliis
2832 2057 2931 2125 qui
2953 2056 3234 2110 dicuntur
3253 2052 3731 2125 martyres,quod

2083 2143 2182 2199 alii
2215 2144 2458 2215 quidem
2483 2143 2593 2198 sibi
2617 2144 2761 2215 ipsis
2783 2143 3118 2215 praebentes
3140 2142 3731 2207 occasionem,se,ne-

2083 2233 2204 2288 scio
2226 2232 2614 2304 quomodo,in
2637 2232 2767 2304 ipsa
2793 2231 3056 2302 pericula
3075 2230 3348 2300 injiciant
3367 2229 3541 2302 (bene
3568 2230 3727 2284 enim

2080 2322 2242 2392 loqui
2267 2339 2376 2393 par
2400 2324 2569 2391 est),»
2605 2321 2708 2375 sed
2739 2336 2860 2374 non
2891 2319 2962 2375 ab
2995 2319 3111 2373 illis
3138 2323 3367 2373 tantum
3396 2324 3725 2389 separatur,

2083 2411 2183 2481 qui
2216 2409 2372 2466 ultro
2408 2428 2468 2466 se
2501 2410 3074 2477 obtulerunt,verum
3099 2409 3278 2464 etiam
3303 2407 3374 2463 ab
3408 2409 3608 2479 iis,qui
3639 2408 3728 2463 vel

2082 2500 2155 2555 ob
2187 2505 2413 2555 metum
2445 2503 2764 2571 pmnze,aut
2787 2498 2861 2552 ob
2893 2514 3060 2570 spem
3080 2498 3286 2570 aeterni
3317 2497 3544 2568 praemii
3570 2497 3727 2569 passi

2085 2589 2457 2658 sunt,quales
2479 2589 2692 2659 opinor
2713 2603 2924 2642 omnes
2951 2587 3022 2642 de
3043 2587 3258 2656 quibus
3279 2586 3530 2658 legimus
3577 2602 3726 2640 mar-

2083 2685 2241 2750 tyres
2272 2680 2436 2732 fuere
2462 2695 2475 2744 ;
2500 2682 2657 2732 certe
2685 2678 2766 2732 ita
2797 2693 2858 2732 se
2891 2677 2950 2730 in
2979 2677 3204 2748 judicio
3245 2677 3538 2747 explicare
3573 2677 3730 2730 sole-

2079 2767 2241 2822 bant.
2273 2766 2673 2821 Tertullianus
2697 2766 2771 2820 ad
2799 2765 3095 2835 Scapulam
3123 2765 3308 2836 cap.-l
3353 2781 3364 2818 :
3399 2786 3426 2814 ‹‹
3456 2765 3573 2818 Nos
3595 2764 3727 2834 qui-

2081 2855 2214 2910 dem
2245 2870 2354 2908 nec
2386 2852 2829 2923 expavescimus
2853 2868 2963 2906 nec
2985 2851 3459 2924 pertimescimus
3491 2867 3561 2905 ea
3589 2867 3721 2922 quas

2079 2944 2152 2999 ab
2209 2942 2618 3016 ignorantibus
2671 2943 2966 3012 patimur:
3027 2958 3162 2995 cum
3202 2939 3274 2994 ad
3329 2941 3481 2994 hanc
3503 2945 3725 2995 sectam

2080 3033 2282 3104 utique
2306 3037 2573 3102 suscepta
2601 3031 2939 3085 conditione
2963 3030 3091 3100 ejus
3114 3030 3269 3101 pacti
3296 3028 3727 3093 venerimus,ut

2080 3122 2257 3177 etiam
2282 3122 2505 3176 animas
2523 3125 2758 3175 nostras
2781 3119 3118 3175 auctoritati
3143 3119 3203 3172 in
3227 3121 3329 3173 has
3361 3135 3587 3190 pugnas
3624 3135 3722 3174 ac-

2079 3210 2460 3273 cedamus,ea
2491 3227 2622 3280 quae
2649 3211 2800 3263 Deus
2827 3208 3185 3280 repromittit
3214 3207 3501 3278 consequi
3528 3213 3727 3279 Optan-

2081 3305 2187 3367 tes,
2225 3305 2281 3354 et
2313 3315 2381 3353 ea
2411 3315 2543 3369 quae
2586 3297 2827 3352 diversa;
2886 3298 3016 3352 vitm
3075 3297 3476 3352 comminatur
3504 3297 3625 3368 pati
3659 3297 3725 3350 ti-

2075 3393 2326 3443 mentes.
2362 3387 2625 3458 Denique
2657 3403 2790 3440 cum
2825 3386 2988 3441 omni
3021 3387 3246 3441 saevitia
3264 3392 3456 3441 vestra
3487 3402 3724 3440 concer-

2075 3484 2271 3532 tamus
2303 3478 2479 3532 etiam
2511 3477 2666 3530 ultro
2697 3479 3077 3547 erumpentes
3111 3475 3414 3546 magisque
3455 3475 3718 3529 damnati

2075 3583 2253 3636 quam
2279 3565 2534 3620 absoluti
2566 3563 2910 3637 gaudemus.
2947 3584 2972 3615 ι
3002 3563 3164 3618 Idem
3197 3579 3333 3634 cap.
3368 3566 3436 3616 2:
3477 3584 3502 3613 ιι
3556 3563 3722 3617 Absit

2072 3661 2139 3710 ut
2168 3655 2410 3728 indigne
2436 3657 2694 3710 feramus
2726 3671 2795 3709 ea
2825 3670 2932 3708 nos
2963 3655 3084 3724 pati
3117 3670 3247 3723 quae
3279 3659 3551 3724 Optamus
3575 3652 3622 3704 1»
3659 3655 3725 3705 Et

2073 3761 2202 3815 cap°
2237 3747 2308 3799 4:
2345 3766 2372 3794 «
2405 3744 2547 3798 Vide
2581 3748 2810 3799 tantum
2843 3760 2918 3797 ne
2951 3743 3060 3796 hoc
3092 3743 3218 3812 ipso
3250 3742 3408 3812 quod
3433 3741 3570 3795 talia
3601 3757 3727 3796 sus-

2073 3833 2434 3899 tinemus,ad
2467 3833 2578 3887 hoc
2609 3833 2799 3887 solum
2831 3832 3138 3886 videamur
3169 3836 3581 3902 erumpere,ut
3610 3831 3723 3884 hoc

2073 3925 2270 3994 ipsum
2303 3921 2644 3992 probemus,
2678 3937 2787 3976 nos
2818 3922 2944 3975 haec
2970 3937 3092 3975 non
3123 3920 3355 3988 timere,
3404 3919 3509 3975 sed
3565 3919 3721 3974 ultro

2071 4030 2299 4069 vocare.
2334 4013 2510 4067 Arius
2539 4012 2834 4066 Antonius
2865 4011 2926 4065 in
2949 4011 3086 4066 Asia
3111 4028 3245 4065 cum
3269 4016 3728 4081 persequeretur

2073 4105 2602 4169 instanter,omnes
2634 4101 2794 4155 illius
2827 4100 3082 4155 civitatis
3111 4099 3429 4155 Christiani
3461 4105 3596 4154 ante
3616 4100 3723 4154 tri-

2074 4192 2319 4248 bunalia
2342 4209 2402 4246 se
2427 4207 2610 4246 manu
2641 4190 2794 4244 facta
2825 4188 3169 4243 obtulerunt
3192 4208 3205 4256 ;
3232 4205 3366 4243 cum
3391 4188 3723 4259 ille,paucis

2074 4280 2695 4353 ducijussis,reliquis
2727 4279 2845 4333 ait:
2881 4277 2946 4330 Ὦ
3006 4273 3201 4346 δειλοὶ,
3263 4276 3306 4330 εἰ
3359 4275 3542 4340 θέλετε
3597 4277 3729 4332 ἀπο-

2071 4370 2339 4440 Θνήσκειν,
2369 4367 2650 4442 κρημνοὺς
2683 4367 2717 4436 ἢ
2758 4361 2998 4441 βρόχους
3030 4359 3204 4444 ἔχετε.
3252 4368 3371 4422 Hoc
3402 4368 3449 4422 si
3481 4367 3723 4439 placue-

2073 4459 2151 4514 rit
2181 4464 2239 4514 et
2269 4459 2364 4514 hic
2396 4457 2699 4528 fieri,quid
2731 4457 2912 4511 facies
2944 4456 3016 4511 de
3049 4457 3229 4511 tantis
3249 4457 3512 4512 millibus
3533 4457 3726 4512 homi-

2075 4565 2219 4603 num
2252 4553 2339 4603 tot
2359 4547 2499 4602 viris
2531 4554 2590 4601 et
2613 4545 2877 4612 feminis,
2911 4545 3106 4601 omnis
3136 4546 3344 4616 fsexus,
3401 4545 3725 4619 dignitatis,

2000 4620 2042 4684 D
2075 4636 2465 4692 offerentibus
2499 4652 2560 4690 se
2595 4635 2750 4690 tibi?
2783 4659 2804 4687 ι
2844 4635 2900 4690 S.
2936 4635 3285 4707 Cyprianus,
3320 4653 3455 4691 cum
3503 4643 3726 4707 marty-

2075 4727 2231 4781 rium
2250 4727 2519 4797 impense
2545 4724 2956 4790 1audasset,sic
2979 4725 3388 4794 praefationem
3407 4725 3723 4782 concludit!

2081 4839 2107 4866 ‹‹
2129 4814 2557 4886 Amplectenda
2587 4831 2683 4869 res
2715 4819 2801 4868 est
2832 4819 2891 4868 et
2928 4813 3204 4884 optanda,
3231 4819 3288 4868 et
3317 4813 3592 4868 omnibus
3622 4831 3727 4883 po-

2079 4903 2465 4960 stulationum
2497 4909 2835 4958 nostrarum
2858 4903 3132 4973 precibus
3166 4901 3512 4973 expetenda,
3531 4907 3596 4955 ut
3625 4900 3727 4972 qui

2078 4995 2227 5049 servi
2259 4993 2359 5049 Dei
2384 5010 2604 5061 sumus,
2627 4994 2812 5047 simus
2843 4997 2900 5046 et
2926 4992 3120 5046 amici.
3160 5013 3187 5041 »
3220 4993 3300 5044 Ac
3328 5006 3535 5046 rursus
3561 4991 3633 5046 ad
3664 4992 3731 5046 ﬁ-

2078 5099 2216 5137 nem
2246 5083 2384 5137 libri
2415 5099 2428 5136 :
2462 5097 2489 5130 ἰ
2514 5082 2653 5145 Quis
2694 5081 2874 5152 igitur
2904 5097 3024 5134 non
3059 5078 3335 5134 omnibus
3362 5079 3584 5133 viribus
3615 5078 3728 5134 ela-

2079 5172 2270 5238 borat,
2297 5171 2371 5226 ad
2403 5175 2630 5224 tantam
2662 5169 2990 5223 claritatem
3020 5167 3349 5240 pervenire,
3382 5173 3448 5223 ut
3501 5169 3727 5224 amicus

2079 5261 2183 5316 Dei
2214 5261 2336 5326 fiat,
2362 5266 2428 5314 ut
2458 5275 2592 5313 cum
2623 5259 2853 5312 Christo
2913 5257 3112 5311 statim
3161 5257 3433 5329 gaudeat,
3488 5263 3554 5312 ut
3594 5263 3728 5328 post

2082 5354 2380 5404 tormenta
2409 5354 2467 5402 et
2491 5346 2782 5418 supplicia
2803 5351 3038 5399 terrena
3060 5345 3305 5416 praamia
3326 5345 3526 5402 divina
3543 5348 3732 5418 perci-

2081 5440 2204 5512 piat
2229 5439 2256 5494 ‘?
2283 5462 2308 5489 n
2339 5439 2419 5493 De
2442 5453 2599 5492 nona
2625 5434 3036 5506 persecutione
3060 5434 3354 5506 Sulpicius
3379 5453 3390 5490 :
3421 5437 3733 5493 «Certatim

2081 5527 2336 5602 gloriosa
2357 5528 2420 5582 in
2455 5525 2782 5582 certamina
2802 5521 3122 5591 ruebatur;
3151 5522 3455 5596 multoque
3501 5526 3729 5583 avidius

2082 5623 2209 5674 tum
2234 5617 2514 5690 martyria
2530 5614 2803 5688 gloriosis
2817 5612 3106 5669 mortibus
3120 5613 3735 5687 quaerebantur,quam

2083 5724 2246 5765 nunc
2269 5705 2859 5782 episcopatuspronis
2871 5702 3297 5763 ambitionibus
3314 5712 3726 5778 appetuntur.»
