4064 6134
279 362 389 425 3η

1343 348 1410 430 s,
1454 344 1863 413 IGNATIUS.
1907 379 1986 396 -
2031 344 2640 418 PROLEGOMENA.

3589 349 3706 414 3'12

282 499 453 556 Idem
480 495 660 567 epist.
695 493 755 548 11
792 489 864 546 de
912 491 974 544 Β.
1028 487 1312 544 Martino:
1343 508 1364 535 ι
1401 485 1566 551 Quod
1591 486 1638 541 si
1667 486 1721 540 ei
1762 487 1942 540 Nero-
1973 490 2021 554 Α
2056 493 2184 544 turn
2214 489 2277 544 in
2308 492 2658 563 sanguinem
2692 491 2926 562 piorum
2954 489 3284 556 desmviret,
3336 487 3658 561 objurgant
3693 506 3704 542 :

285 587 490 644 nianis
512 581 907 651 Decianisque
935 577 1299 649 temporibus
1322 575 1500 630 inilla
1521 592 1653 646 quas
1677 581 1817 630 tunc
1841 592 1942 630 ex-

293 677 446 734 stitit
474 673 762 726 dimicare
782 667 1200 741 congressione
1234 665 1522 735 licuisset,
1553 669 1737 719 testor
1758 666 1946 720 Deum

289 765 422 822 οωιί
455 768 633 833 atque
654 762 1063 828 terrm,sponte
1086 755 1406 826 equuleum
1444 753 1830 818 ascendisset,
1860 753 1948 808 ul-

286 858 379 908 tro
405 869 465 907 se
509 850 742 922 ignibus
766 847 1132 902 intulisset...
1163 847 1221 900 Si
1253 860 1386 898 vero
1435 843 1702 914 gentium
1734 843 1949 897 Docto-

287 943 374 997 ris
402 938 672 1010 exemplo
707 935 908 1009 gladio
940 935 1277 1005 deputatus,
1313 933 1470 986 inter
1499 931 1664 998 alias,
1693 937 1758 986 ut
1788 947 1944 1002 saepe

286 1033 578 1106 provenit,
594 1030 865 1084 victimas
889 1028 1226 1094 duceretur,
1249 1026 1477 1097 primus
1499 1025 1789 1090 omnium,
1819 1041 1944 1079 car-

289 1122 469 1178 niﬁce
500 1119 828 1191 compulso,
863 1117 1119 1188 palmam
1165 1115 1468 1187 sanguinis
1518 1119 1885 1184 occupasset.
1916 1134 1943 1163 »

291 1211 641 1267 Valerianus
664 1207 1050 1263 Cemeliensis
1073 1206 1405 1276 episcopus,
1427 1203 1676 1258 homilia
1705 1204 1777 1258 De
1811 1203 1947 1258 bono

297 1300 614 1369 martyrii:
649 1297 845 1362 «Quis
901 1312 1022 1350 non
1076 1294 1312 1365 sapiens
1370 1298 1712 1363 contempta
1770 1291 1948 1363 hujus

289 1388 441 1445 lucis
467 1403 669 1455 usura,
702 1386 750 1440 si
784 1385 866 1438 ita
887 1400 1029 1438 usus
1062 1382 1310 1448 venerit,
1345 1381 1417 1436 ad
1448 1381 1797 1451 martyrium
1828 1395 1951 1435 am-

291 1475 509 1531 bitiose
542 1474 804 1540 festinet,
830 1489 963 1527 cum
991 1470 1186 1526 videat
1214 1470 1288 1526 ad
1328 1470 1561 1525 lucrum
1605 1469 1736 1523 vita:
1767 1467 1948 1540 perti-

292 1581 436 1621 nere
461 1564 674 1620 animaa
699 1567 952 1617 mortem
976 1559 1292 1632 deputasse
1313 1558 1340 1614 ?
1361 1559 1551 1623 Quare
1597 1562 1794 1613 autem
1827 1573 1948 1611 non

290 1655 470 1710 homo
491 1653 565 1710 ad
589 1659 709 1708 tam
736 1651 1064 1723 pretiosum
1091 1665 1240 1720 opus
1264 1648 1508 1702 devotus
1565 1651 1858 1714 occurrat,
1883 1661 1950 1700 ac

290 1764 355 1803 se
379 1747 442 1801 in
477 1745 801 1816 impiorum
825 1759 1038 1797 manus
1061 1741 1342 1796 audacter
1362 1740 1810 1811 objiciat,quem
1840 1755 1950 1794 cm-

2056 594 2204 648 quos
2236 579 2337 634 ille
2369 581 2648 636 continuo
2681 597 2786 651 pro
2805 579 3018 634 Christi
3050 579 3277 634 nomine
3295 577 3501 633 bestiis
3528 577 3710 632 tradi-

2056 666 2142 721 dit
2167 667 2552 724 devorandos.
2587 691 2615 719 »
2648 671 2949 724 Romanus
2970 667 3365 724 Cmsareensis
3395 666 3707 735 diaconus,

2054 756 2263 812 videns
2294 759 2514 813 multos
2547 759 2970 824 sacriﬁcantes,
3009 755 3163 828 ζήλῳ
3194 748 3496 829 θεοσεϐείρς
3533 755 3706 828 πρόσ-

2056 864 2182 914 εισι,
2215 870 2242 897 ‹‹
2277 848 2401 903 zelo
2434 848 2612 903 divini
2646 848 2837 904 cultus
2870 847 3064 919 ipsum
3118 846 3404 902 incitante
3466 845 3710 916 propius

2057 935 2305 1005 accedit,
2340 960 2368 987 ››
2401 942 2459 991 et
2488 942 2770 992 contenta
2789 952 2928 991 voce
2955 935 3288 990 inclamans
3317 950 3416 990 eos
3440 933 3716 1005 objurga-

2056 1025 2156 1093 vit,
2181 1026 2394 1098 judici,
2420 1032 2486 1081 ut
2515 1032 2652 1082 ante
2679 1025 2958 1093 diximus,
2988 1025 3104 1079 vim
3136 1025 3294 1089 fecit,
3330 1028 3387 1078 et
3417 1022 3494 1077 ob
3525 1023 3709 1077 auda-

2059 1116 2209 1170 ciam
2239 1117 2729 1187 comprehensus,
2769 1113 3152 1191 γενναιότατος
3184 1111 3228 1167 εἷ
3259 1112 3350 1166 καὶ
3405 1133 3490 1174 τις
3537 1108 3710 1172 ἄλλος

2056 1200 2434 1259 ἀποδέδεικται
2503 1204 2710 1278 μάρτυς
2746 1205 2845 1271 τὴς
2908 1201 3193 1272 ἂληθείας,
3254 1219 3602 1273 «generoso
3656 1203 3703 1256 si

2060 1294 2194 1363 quis
2225 1293 2378 1348 alius
2410 1294 2695 1365 martyrio
2733 1315 2760 1343 »
2789 1293 3113 1348 doronatus
3141 1297 3252 1348 est.
3285 1290 3496 1346 Euseb.
3524 1291 3562 1346 l.
3623 1307 3704 1359 ix,

2061 1398 2111 1435 c.
2145 1385 2196 1436 2.
2222 1382 2556 1446 Quinetiam
2589 1382 2937 1454 Apphianus
2985 1382 3249 1435 fervente
3298 1380 3711 1451 persecutione

2059 1470 2211 1526 clam
2225 1472 2502 1526 omnibus
2517 1471 2578 1525 in
2595 1472 2800 1526 eadem
2814 1470 2989 1526 domo
3005 1469 3356 1542 degentibus
3379 1475 3436 1524 et
3458 1469 3712 1524 militum

2061 1560 2238 1615 etiam
2253 1560 2516 1628 cohorte,
2549 1559 2766 1615 Urbani
2804 1559 3073 1631 praesidis
3105 1559 3310 1614 dextra
3335 1558 3712 1630 apprehensa

2061 1651 2418 1706 sacriﬁcium
2440 1651 2714 1706 omittere
2745 1651 3022 1722 coegit,et
3050 1649 3411 1722 gravissimis
3442 1653 3714 1704 tormen-

2061 1741 2135 1794 tis
2167 1756 2294 1795 sese
2318 1739 2541 1794 dedens
2562 1756 2771 1812 passus
2805 1745 2911 1794 est.
2944 1739 3008 1793 Id
3031 1744 3228 1794 autem
3282 1737 3600 1803 Eusebius,
3624 1736 3710 1790 illi

292 1835 460 1892 lestis
491 1834 679 1905 gratia
707 1831 1209 1887 remunerationis
1237 1834 1541 1902 exspectat
1567 1828 1594 1883 ‘?
1626 1850 1653 1878 »
1685 1827 1740 1882 S.
1774 1827 1951 1899 Chry-
1980 1847 2026 1913 Β
2062 1827 2398 1897 familiaris,
2419 1845 2554 1884 eum
2578 1829 2788 1883 fecisse
2802 1827 3112 1900 judicavit,-
3147 1827 3247 1893 τὴς
3306 1825 3392 1879 ἐπὶ
3421 1825 3567 1879 τοῦτ’
3616 1824 3713 1878 αὐ-

290 1930 575 1981 sostomus
606 1921 956 1977 observabat
975 1920 1083 1974 sub
1105 1919 1356 1991 imperio
1377 1917 1594 1973 Juliani
1623 1919 1794 1969 πᾶσαν
1818 1913 1946 1982 ἡλι-

289 2013 411 2066 κίαν
473 2010 665 2072 ἁπλῶς
719 2009 808 2063 καὶ
872 2006 1030 2080 φύσιν
1094 2006 1368 2079 ἑκατέραν,
1423 2002 1686 2075 πηδῶσαν
1717 2001 1804 2058 ἐπὶ
1850 2001 1948 2064 τὰς

291 2101 425 2177 ὑπὲρ
473 2108 573 2170 τῆς
630 2093 903 2160 εὐσεϐείας
955 2102 1183 2171 σφαγάς,
1215 2122 1235 2147 ι
1299 2114 1536 2153 omnem
1587 2101 1822 2152 aetatem
1890 2099 1950 2149 et

291 2197 616 2261 utrumque
642 2205 847 2244 sexum
867 2186 942 2242 ad
965 2192 1218 2242 mortem
1237 2203 1343 2257 pro
1358 2203 1494 2241 vera
1514 2185 1797 2257 religione
1820 2182 1950 2238 sub-

295 2281 552 2336 eundam
586 2277 983 2334 exsilientem.
1012 2298 1039 2326 ››
1076 2277 1236 2330 Hanc
1269 2275 1565 2330 rationem
1595 2273 1813 2342 reddit,
1845 2289 1952 2327 cur

293 2370 560 2425 Julianus
583 2371 868 2438 Apostata
892 2369 1160 2436 apertam
1185 2369 1394 2420 contra
1423 2363 1789 2418 Christianos
1814 2378 1952 2434 per-

303 2458 674 2514 secutionem
695 2455 894 2512 moliri
922 2453 1205 2522 noluerit,
1238 2447 1359 2525 ᾔδει
1406 2450 1530 2525 γὰρ,
1592 2446 1710 2524 ᾔδει
1767 2452 1949 2526 σαφῶς

303 2544 390 2598 ὅτι
420 2549 584 2599 τοῦτο
606 2541 992 2616 τολμήσαντος
1047 2540 1238 2610 αὑτοῦ,
1298 2540 1491 2601 πάντες
1551 2535 1612 2593 ἄν
1674 2538 1804 2605 ὑπὲρ
1854 2540 1950 2592 τοῦ

301 2635 542 2708 Χριστοῦ
572 2631 668 2693 τὰς
702 2629 907 2685 ἑαυτῶν
941 2626 1261 2703 προῦδωκαν
1292 2631 1489 2702 ψυχάς,
1527 2629 1737 2684 «Novit
1767 2628 1948 2696 enim,

300 2729 502 2796 aperte
534 2723 716 2790 novit,
752 2721 931 2793 quod,
967 2721 1015 2775 si
1037 2721 1150 2775 hoc
1181 2719 1424 2775 auderet
1473 2719 1589 2786 ille,
1615 2735 1823 2773 omnes
1843 2733 1950 2789 pro

304 2813 538 2869 Christo
570 2812 800 2868 animas
832 2828 970 2866 suas
1027 2808 1450 2881 prodidissent.
1487 2831 1515 2858 »
1577 2807 1775 2868 Πάντες
1825 2806 1950 2881 γὰρ,

300 2899 490 2976 φησίν,
514 2901 612 2970 ὡς,
645 2898 733 2954 ἐπὶ
760 2898 951 2974 κηρίον
986 2896 1233 2970 μέλιτται
1263 2897 1489 2968 ,ἥξουσιν
1523 2896 1597 2957 ὡς
1656 2895 1744 2949 ἐπὶ
1808 2913 1951 2967 μαρ-

299 2989 487 3063 τύριον
517 2989 833 3062 πετόμενοι,
863 3011 889 3042 α
911 2991 1130 3045 Omnes
1163 2987 1343 3056 enim,
1376 2987 1592 3058 inquit,
1623 2991 1690 3041 ut
1733 2985 1805 3041 ad
1860 2985 1947 3040 fa-

292 3098 429 3137 vum
453 3097 616 3152 apes,
650 3078 724 3134 ad
749 3079 1099 3149 martyrium
1131 3076 1546 3132 convolabunt.
1582 3099 1609 3126 ››

370 3171 569 3238 Neque
591 3183 726 3220 vero
752 3172 981 3220 tantum
1002 3165 1180 3219 fortia
1209 3165 1388 3220 locuti
1415 3170 1551 3219 sunt
1569 3164 1828 3234 antiqum
1851 3165 1953 3218 Ec-

293 3215 491 3312 clesi;
514 3253 968 3323 Christiani,sed
1001 3259 1058 3308 et
1088 3253 1280 3308 fecere
1299 3259 1358 3307 et
1381 3254 1538 3325 passi
1589 3215 1744 3307 sunt.
1782 3252 1950 3307 Cele-
1989 3215 2032 3284 ϐ

293 3347 400 3404 bre
432 3343 706 3416 inprimis
728 3343 838 3398 fuit
867 3359 1087 3398 nomen
1117 3343 1325 3397 Phocea
1359 3343 1656 3413 martyris,
1691 3341 1790 3412 qui
1817 3357 1949 3398 cum

294 3436 540 3490 lictores
587 3434 738 3487 forte
789 3433 1045 3504 hospitio
1093 3431 1437 3502 accepisset,
1485 3431 1586 3502 qui
1630 3430 1954 3487 narrabant

301 3525 516 3580 missos
547 3538 609 3577 se
641 3521 713 3576 ad
746 3520 1228 3577 interﬁciendum
1262 3519 1825 3590 Phocam,promisit
1855 3520 1950 3576 die

307 3617 566 3673 crastino
599 3631 659 3670 se
679 3615 935 3668 Pbocam
957 3611 1072 3666 illis
1094 3617 1493 3678 ostensurum,
1515 3615 1572 3664 et
1592 3609 1720 3664 loco
1751 3610 1825 3666 ad
1857 3627 1954 3666 se-

308 3706 610 3778 pulturam
634 3705 799 3776 prius
830 3707 1162 3774 praeparato
1191 3704 1393 3755 astans
1426 3698 1512 3754 eis
1552 3699 1737 3754 dixit:
1777 3721 1805 3755 ιι
1833 3703 1950 3774 Ego

304 3796 408 3850 ille
440 3795 721 3850 Phocas.»
743 3792 831 3847 Illi
864 3809 997 3847 cum
1036 3792 1163 3862 jam
1203 3788 1567 3856 bmsitarent,
1591 3789 1824 3846 animos
1866 3792 1952 3846 eis

302 3891 370 3942 ut
394 3886 588 3955 ipsum
630 3882 1034 3937 interﬁcerent
1063 3877 1469 3934 exhortatione
1502 3878 1774 3947 addebat,
1807 3879 1949 3934 εἶπεν

301 3969 534 4044 ἔπεισεν,
563 3970 774 4040 ἔπαθεν,
807 3970 896 4024 καὶ
928 3969 1029 4036 τήν
1062 3965 1302 4044 κεφαλὴν
1361 3966 1694 4039 ἀποτμηθιές
1753 3969 1948 4042 ἱερεῖον

301 4068 381 4136 τῷ
411 4068 526 4135 Θεῷ
555 4057 954 4139 κεχαρισμένον
985 4057 1306 4130 προσήχθη,
1347 4077 1378 4110 (ι
1435 4057 1605 4125 dixit,
1634 4059 1950 4130 persuasit,

303 4171 514 4226 passus
544 4158 727 4218 est,ac
757 4148 947 4220 capite
981 4153 1287 4202 truncatus
1311 4151 1477 4220 grata
1497 4148 1615 4202 Deo
1637 4147 1830 4202 hostia
1847 4147 1952 4202 ob-

307 4245 462 4300 latus
491 4247 613 4307 est;
650 4262 677 4287 »
708 4245 775 4294 ut
803 4237 1064 4308 loquitur
1093 4237 1361 4293 Asterius
1409 4240 1761 4304 Amasenus,
1816 4237 1952 4308 Epi-

305 4331 525 4402 phanio
552 4326 1067 4399 synchronus.Sub
1092 4326 1386 4381 Valeriani
1409 4327 1820 4398 persecutione
1835 4327 1955 4382 Pri-

306 4435 462 4483 scus,
496 4417 844 4484 Malchus,et
871 4415 1224 4482 Alexander,
1260 4415 1486 4487 seipsos
1509 4415 1768 4471 invicem
1800 4417 1950 4470 insi-

307 4507 619 4564 mulabant
639 4513 924 4576 tanquam
953 4506 1192 4576 ignavos
1224 4509 1282 4559 et
1315 4504 1570 4571 desides,
1591 4504 1750 4575 quod
1782 4521 1954 4560 occa-

308 4597 476 4652 sione
494 4596 691 4652 oblata
722 4595 916 4650 adhuc
949 4600 1304 4660 cessassent,
1349 4593 1428 4666 μὴ
1482 4591 1611 4648 οὐχὶ
1668 4593 1953 4667 προαρπά-

309 4693 489 4761 ζοντες
533 4685 626 4739 τὸν
671 4687 769 4737 τοῦ
831 4680 1129 4756 μαρτυρίου
1187 4683 1466 4756 στέφανον,
1525 4700 1634 4738 nec
1683 4683 1953 4755 martyrii

309 4792 590 4835 coronam
609 4773 1060 4846 praeripuissent
1083 4788 1096 4837 ;
1126 4793 1148 4822 ν
1178 4788 1360 4841 quare
1371 4771 1639 4844 judicem
1661 4772 1953 4837 adorti,ad

309 4868 532 4923 bestias
579 4863 960 4919 condemnati
1019 4859 1146 4930 θείῳ
1203 4861 1685 4932 κατεκοσμήθησαν
1749 4880 1952 4936 μαρτυ-

311 4955 415 5031 ρίῳ
439 4977 462 5007 ι
489 4955 686 5010 divino
711 4951 992 5022 martyrio
1015 4950 1279 5006 coronati
1307 4956 1464 5017 sunt,
1490 4972 1518 4999 ››
1544 4957 1610 5005 ut
1629 4957 1832 5006 narrat
1851 4953 1958 5008 Eu-

312 5046 510 5102 sebius
531 5043 632 5098 lib.
669 5059 764 5108 vn,
803 5058 853 5095 c.
893 5043 976 5094 12.
1013 5039 1173 5094 Unde
1216 5039 1696 5111 Martyrologium
1740 5043 1958 5096 Roma-

311 5153 457 5192 num
479 5134 686 5205 quinto
703 5129 1078 5201 Kal.Aprilis:
1105 5129 1418 5184 «Caesarem
1441 5131 1502 5184 in
1524 5130 1837 5187 Palmstina
1854 5148 1960 5186 na-

313 5225 446 5281 talis
479 5225 572 5278 SS.
607 5226 930 5290 martyrum
983 5219 1189 5285 Prisci,
1221 5219 1450 5285 Malchi,
1506 5225 1563 5274 et
1619 5219 1956 5288 Alexandri,

317 5315 418 5385 qui
448 5314 511 5367 in
543 5310 957 5384 persecutione
994 5307 1308 5371 Valeriani,
1335 5323 1468 5362 cum
1502 5308 1561 5362 in
1621 5308 1959 5364 suburbano

318 5403 509 5474 agello
534 5400 889 5470 supradictae
913 5397 1080 5452 urbis
1113 5396 1655 5468 habitarent.atque
1683 5398 1744 5452 in
1767 5415 1834 5453 ea
1853 5416 1962 5454 caa-

316 5493 496 5548 lesles
528 5489 794 5559 martyrii
829 5493 1301 5558 proponerentur
1320 5502 1553 5541 coronm
1576 5487 1803 5554 ;divino
1823 5486 1960 5542 ﬁdei

322 5580 518 5638 calore
549 5577 839 5644 succensi,
871 5577 1024 5631 ultro
1049 5573 1316 5645 judicem
1365 5575 1670 5645 adeuntes,
1703 5593 1808 5632 cur
1837 5582 1964 5632 tan-

395 5669 438 5706 ³⁸
465 5668 632 5738 Joan,
663 5682 722 5737 x,
757 5666 840 5721 11.
916 5663 963 5699 ³⁷
994 5665 1130 5722 Luc.
1161 5679 1276 5735 xiv,
1309 5665 1398 5722 26.

2058 1918 2150 1972 τὸν
2179 1917 2530 1995 προαγούσης
2563 1917 2746 1973 ἒνθέου
2789 1915 3068 1991 δυνάμεως
3130 1917 3430 1990 μονονουχὶ
3492 1917 3713 1991 βοώσης

2059 2006 2149 2063 διὰ
2185 2015 2281 2065 τοῦ
2305 2009 2654 2084 γιγνομένου,
2678 2034 2703 2060 ‹‹
2745 2011 2943 2066 divina
2999 2011 3209 2064 virtute
3260 2009 3333 2064 ad
3364 2008 3474 2063 hoc
3505 2009 3702 2079 ipsum

2060 2101 2660 2173 impellente,tantum
2681 2117 2798 2156 non
2824 2117 2931 2172 per
2959 2100 3070 2154 hoc
3090 2100 3320 2154 facinus
3352 2097 3702 2165 clamante;»

2059 2193 2161 2262 qui
2190 2198 2248 2248 et
2275 2191 2762 2259 Aidesium,idem
2794 2191 2952 2262 quod
2982 2208 3017 2246 a
3047 2191 3227 2246 fratre
3251 2191 3473 2245 factum
3499 2189 3703 2256 est,fa-

2060 2298 2193 2337 cere
2220 2281 2736 2351 conatum,eodem
2759 2280 2936 2336 modo
2956 2296 3196 2351 passum
3214 2280 3705 2351 narrat.Longum

2060 2375 2216 2425 esset
2245 2386 2452 2425 omnes
2471 2386 2957 2439 recensere,quos
2981 2369 3262 2424 Eusebius
3284 2367 3503 2438 aliique
3536 2384 3597 2422 se
3620 2368 3705 2423 ul-

2060 2466 2150 2515 tro
2166 2465 2223 2515 et
2237 2459 2309 2515 de
2323 2459 2615 2514 industria
2629 2460 2908 2530 martyrio
2923 2459 3201 2514 obtulisse
3215 2463 3703 2513 commemorant.

2132 2549 2242 2604 Sed
2267 2571 2294 2598 «
2321 2547 2534 2603 Christi
2563 2553 2871 2618 martyres,
2892 2547 3189 2618 inquiunt,
3223 2552 3472 2602 mortem
3503 2563 3705 2618 exspe-

2061 2643 2371 2708 ctant,non
2401 2642 2732 2693 accersunt.
2770 2659 2797 2686 »
2830 2638 2980 2692 Eant
3028 2637 3224 2708 igitur,
3259 2641 3313 2691 et
3338 2652 3544 2691 omnes
3602 2635 3704 2706 qui

2061 2744 2121 2782 se
2155 2726 2529 2800 passionibus
2557 2725 2711 2781 ultro
2748 2725 3112 2792 obtulerunt,
3147 2742 3213 2780 ex
3243 2725 3458 2779 Christi
3486 2729 3704 2795 marty-

2059 2831 2191 2870 rum
2223 2831 2473 2870 numero
2526 2819 2885 2886 oxpungant,
2937 2820 2996 2869 et
3047 2820 3266 2885 tropaea
3314 2812 3384 2868 de
3433 2812 3705 2884 gentibus

2061 2911 2257 2961 erecta
2285 2903 2611 2968 diruant,et
2638 2904 2814 2958 unius
2846 2903 3150 2958 modestiae
3182 2908 3704 2974 prmtextupmnes

2059 2996 2328 3051 heroicas
2359 2994 2603 3048 virtutes
2635 2993 2958 3048 obliterent
2992 2994 3003 3047 !
3032 2994 3218 3048 Aliter
3247 2993 3472 3064 antiqui
3502 2994 3702 3046 Patres

2060 3083 2404 3153 loquuntur,
2429 3081 2530 3152 qui
2563 3083 2857 3137 cruciatus
2890 3087 2948 3136 et
2981 3087 3277 3138 tormenta
3308 3081 3397 3138 vel
3427 3081 3537 3153 ipsi
3571 3097 3701 3152 per-

2060 3171 2219 3243 pessi
2253 3176 2410 3236 sunt,
2444 3171 2531 3224 vel
2560 3169 2708 3225 alios
2741 3171 2970 3242 perpeti
2999 3171 3438 3226 viderunt.Non
3467 3169 3552 3224 illi
3583 3185 3706 3224 mo-

2067 3261 2318 3315 destiam
2341 3265 2667 3330 martyrum
2696 3259 2866 3314 nobis
2880 3261 3138 3315 maxime
3162 3260 3357 3315 solent
3376 3275 3710 3332 proponere

2066 3349 2169 3405 sed
2199 3347 2417 3420 ἆρετήν,
2449 3343 2710 3419 ἀνδρείαν,
2739 3347 3112 3422 γενναιότητα,
3166 3347 3331 3417 ζῆλον
3385 3342 3708 3419 θεοσεϐείας,

2065 3433 2441 3512 ἀνδραγαθίαν,
2475 3433 2805 3509 παρρησίαν,
2837 3437 2899 3490 τὸ
2932 3436 3151 3512 θάρσος,
3182 3438 3280 3506 τὴν
3322 3435 3558 3509 τόλμαν,
3613 3437 3707 3504 τὴν

2063 3525 2479 3601 προθυμότητα,
2527 3525 2626 3592 τὴν
2657 3525 2974 3599 προαίρεσιν
3015 3525 3286 3599 γενναίαν,
3319 3525 3385 3579 τὰ
3446 3525 3707 3602 ἐγχειρή-

2068 3635 2233 3690 ματα,
2264 3614 2330 3668 τὰ
2370 3610 2847 3688 ἅνδραγαθήματα,
2905 3613 2973 3667 τὰ
3023 3615 3423 3686 κατορθώματα
3471 3615 3704 3684 aliaque

2063 3705 2406 3777 hujusmodi
2438 3710 2716 3774 tanquam
2749 3704 3078 3759 certissima
3122 3706 3218 3756 τοῦ
3257 3700 3559 3772 πνεύματος
3617 3721 3704 3756 τε·

2063 3795 2278 3867 κμήρια
2307 3794 2629 3859 celebrare,
2664 3793 2879 3863 quibus
2912 3793 3037 3848 hmo
3069 3791 3319 3864 epistola
3349 3791 3567 3846 referta
3597 3796 3710 3846 est.

2066 3886 2198 3940 Haec
2229 3889 2428 3940 autem
2459 3883 2757 3954 praacipue
2789 3881 2850 3936 in
2876 3882 3098 3954 lgnatio
3121 3881 3324 3936 laudat
3361 3881 3710 3951 Chrysosto-

2065 3990 2219 4031 mus.
2270 3974 2383 4028 Τοῦ
2441 3971 2678 4044 Χριστοῦ
2733 3968 3006 4044 λὲγοντος,
3068 3968 3149 4024 ὅτι
3205 3970 3266 4026 Ὀ
3320 3969 3714 4042 ποιμὴνὸκα-

2064 4061 2164 4122 λὸς
2239 4062 2339 4130 τήν
2392 4060 2579 4137 ψυχήν
2641 4057 2804 4114 αὐτοῦ
2862 4059 3075 4129 τίθησιν
3148 4057 3279 4132 ὑπὲρ
3325 4062 3434 4113 τῶν
3511 4052 3714 4132 προϐά-

2064 4172 2192 4223 των,
2251 4150 2388 4220 μετὰ
2439 4149 2615 4218 πάσης
2673 4145 2918 4221 ἀνδρείας
2977 4147 3144 4216 αὐτὴν
3232 4144 3507 4203 ἀπέδωκεν
3577 4146 3709 4221 ὑπὲρ

2063 4244 2169 4294 νῶν
2201 4234 2512 4314 προϐάτων.
2555 4263 2574 4288 ι
2611 4240 2757 4294 Cum
2774 4239 3040 4294 Christus
3075 4238 3334 4295 diceret:
3372 4244 3567 4294 Pastor
3615 4237 3711 4290 bo-

2065 4347 2167 4387 nus
2180 4333 2344 4402 ponit
2366 4333 2609 4384 animam
2637 4345 2789 4384 suam
2814 4345 2922 4399 pro
2943 4330 3131 4384 ovibus
3149 4327 3216 4394 ⁸⁸,
3267 4352 3294 4378 ‹‹
3355 4343 3488 4383 cum
3543 4325 3708 4379 omni

2065 4420 2414 4475 fortitudine
2438 4420 2622 4489 ipsam
2658 4434 2762 4489 pro
2795 4417 2997 4472 ovibus
3021 4417 3281 4472 tradidit.
3318 4420 3550 4471 »Monet
3579 4415 3710 4486 qui-

2069 4509 2205 4564 dem
2229 4509 2286 4564 S.
2309 4509 2635 4579 Cyprianus
2669 4507 2918 4578 epistola
2949 4511 3004 4574 6,
3028 4507 3400 4562 confessores
3431 4505 3710 4574 humiles,

2066 4603 2124 4653 et
2153 4597 2476 4663 modestos,
2502 4600 2560 4650 et
2591 4596 2825 4666 quietos
2859 4612 2986 4650 esse
3022 4595 3263 4662 debere,
3302 4595 3404 4650 sed
3437 4593 3716 4666 intelligit

2063 4688 2417 4742 modestiam
2451 4702 2588 4758 erga
2619 4687 2958 4756 superiores
2990 4686 3050 4741 in
3076 4687 3368 4741 Ecclesia:
3406 4685 3466 4739 in
3498 4686 3714 4754 iis,sci-

2065 4777 2224 4844 licet,
2252 4799 2278 4826 ιι
2306 4792 2436 4846 quas
2469 4774 2801 4829 secundum
2833 4775 3272 4846 Scripturarum
3305 4775 3714 4846 magisterium

2067 4865 2466 4922 ecclesiastica
2487 4863 2803 4934 disciplina
2832 4863 3183 4936 deposcat.»
3198 4865 3470 4930 Quamvis
3488 4880 3598 4919 nec
3620 4864 3715 4918 hic

2067 4955 2284 5011 desunt
2311 4955 2477 5026 signa
2499 4953 2803 5008 modestiae
2830 4952 3337 5020 manifesta,utibi
3355 4953 3437 5008 ait
3461 4970 3473 5006 :
3500 4954 3715 5007 «Nunc

2067 5043 2286 5115 incipio
2319 5043 2648 5114 discipulus
2673 5059 2821 5109 esse,
2848 5064 2876 5091 »
2896 5043 3051 5114 quod
3077 5058 3388 5114 perperam
3421 5042 3715 5096 etincom-

2068 5132 2242 5190 mode
2266 5132 2489 5188 dictum
2504 5131 2850 5204 pronuntiat
2869 5132 3567 5187 censoraccerrimus.An
3583 5146 3716 5183 vero

2071 5222 2171 5294 qui
2196 5221 2376 5293 probe
2408 5221 2570 5276 novit
2597 5220 2894 5275 Christum
2950 5221 3144 5291 ipsum
3204 5219 3441 5286 dixisse,
3493 5217 3556 5273 Si
3595 5220 3718 5288 quis

2070 5314 2220 5368 venit
2249 5311 2322 5365 ad
2352 5327 2434 5366 me
2490 5317 2540 5366 et
2573 5328 2679 5365 ηοη
2737 5311 2857 5365 odit
2908 5312 3154 5364 animam
3181 5325 3358 5374 suam,
3404 5325 3512 5362 non
3535 5314 3718 5378 potest

2070 5418 2218 5457 meus
2243 5415 2352 5455 esse
2371 5399 2678 5470 discipulus
2706 5397 2751 5434 ³⁷
2785 5417 2798 5466 ;
2829 5416 2962 5455 cum
3007 5399 3134 5470 jam
3177 5397 3338 5452 novit
3389 5397 3568 5452 etiam
3626 5413 3716 5451 se-

2071 5491 2266 5562 ipsum
2299 5489 2470 5561 plene
2494 5505 2841 5561 persuasum
2874 5505 3004 5542 esse
3037 5487 3110 5542 ad
3142 5487 3325 5541 vitam
3348 5504 3453 5558 pro
3486 5487 3718 5541 Christo

2074 5579 2488 5654 deponendam
2518 5595 2627 5634 nec
2644 5576 2967 5633 terroribus
2983 5581 3085 5633 aut
3103 5575 3412 5632 blanditiis
3432 5575 3504 5632 ab
3532 5593 3601 5632 ea
3621 5593 3717 5632 vo-
