4064 6134
318 402 429 462 373

1040 404 1096 467 J.
1142 405 1567 468 PEARSONII
1610 396 1992 468 VINDICIE
2035 395 2514 460 IGNATIANE.
2565 433 2640 444 --
2689 399 2887 460 PARS
2935 398 3013 461 II.

3619 401 3738 470 374

317 531 540 588 luntate
571 534 863 591 dimoveri
884 543 1206 608 posse,tum
1231 555 1350 594 non
1365 539 1480 594 nisi
1503 535 1976 612 perperamscri-
2008 542 2058 607 Α
2090 537 2149 587 et
2175 537 2341 588 tanto
2397 533 2518 587 viro
2577 533 2818 605 dignam
2868 535 3177 590 rationem.
3213 537 3296 591 Ne
3353 541 3488 593 cum
3519 540 3741 596 obdor-

319 622 452 678 bere
477 627 712 694 potuit:
749 655 776 676 ιι
811 629 977 684 Nunc
1007 628 1227 700 incipio
1263 629 1592 701 discipulus
1623 646 1753 686 esse
1773 629 1800 683 ‘l
1826 630 1974 682 »Λη-

321 728 437 765 non
465 713 564 782 qui
597 716 714 770 ista
748 716 968 771 Christi
990 718 1164 772 verba
1194 719 1420 786 legerat
1453 737 1466 773 :
1501 722 1606 784 Qui
1623 736 1735 774 non
1758 718 1975 788 bajulat

322 819 530 857 crucem
585 820 745 860 suam
805 813 858 861 et
915 811 1060 862 venit
1104 816 1230 879 post
1285 827 1389 873 me,
1448 826 1560 864 non
1595 815 1776 880 potest
1827 823 1976 863 meus

321 909 424 947 esse
454 894 759 964 discipulus
789 896 855 962 ³⁸,
907 899 1049 952 satis
1109 900 1421 953 commode
1479 899 1676 954 dicere
1735 899 1973 970 potuit:

324 1004 348 1031 «ι
379 984 537 1037 Tunc
570 1000 672 1038 ero
704 984 1039 1056 discipulus
1072 1004 1242 1042 verus
1287 990 1425 1044 Jesu
1474 989 1712 1054 Christi,
1740 987 1976 1058 quando

322 1089 514 1142 neque
545 1090 760 1144 corpus
795 1092 992 1130 meum
1047 1078 1304 1132 mundus
1363 1078 1602 1141 videbit,
1635 1099 1665 1128 »
1725 1079 1834 1131 hoc
1866 1081 1975 1138 est,

323 1161 556 1230 quando
590 1163 848 1218 maxime
880 1166 1015 1219 Jesu
1063 1165 1295 1220 Christo
1354 1167 1677 1222 conformis
1705 1166 1871 1220 fuero
1921 1170 1979 1218 et

322 1252 551 1319 Agnum
583 1253 1029 1323 sequar.Neque
1053 1256 1210 1309 enim
1233 1255 1370 1310 inde
1393 1257 1663 1326 sequitur
1675 1255 1976 1310 neminem

320 1342 532 1396 Christi
566 1343 927 1415 discipulum
955 1348 1282 1418 esse,cujus
1313 1365 1528 1419 corpus
1559 1365 1678 1402 non
1697 1347 1977 1402 fueritvel

319 1430 641 1486 bestiarum
676 1434 766 1487 vel
802 1434 1179 1490 flammarum
1203 1437 1254 1490 vi
1315 1437 1718 1508 absumptum,
1752 1437 1892 1507 quia
1922 1441 1979 1490 et

319 1518 427 1574 hac
485 1521 707 1592 insigni
763 1529 822 1577 et
873 1523 991 1579 alia
1044 1525 1272 1581 ratione
1362 1525 1476 1580 dici
1563 1527 1695 1596 quis
1781 1529 1979 1596 potest

319 1609 534 1664 Christi
567 1610 912 1683 discipulus.
973 1615 1040 1668 Ut
1096 1615 1483 1670 vetustissimi
1516 1616 1884 1669 Viennenses
1918 1617 1978 1667 et

321 1697 741 1769 Lugdunenses
773 1701 1112 1767 Christiani,
1148 1703 1220 1757 de
1277 1703 1466 1757 Vettio
1514 1703 1836 1775 Epagatho,
1870 1701 1972 1772 qui

320 1801 604 1865 tanquam
623 1796 938 1852 advocatus
960 1799 1433 1855 Christianorum
1454 1801 1611 1856 ultro
1627 1817 1838 1871 passus
1858 1805 1947 1855 est
1962 1841 1975 1868 ,

320 1883 687 1954 loquuntur:
723 1886 824 1940 Ἦν
871 1887 976 1960 γὰρ
1025 1888 1116 1941 καὶ
1173 1882 1283 1942 ἔστι
1335 1890 1560 1964 γνήσιος
1593 1889 1826 1962 Χριστοῦ
1870 1909 1976 1959 μα-

317 1972 489 2040 θητὴς
518 1971 841 2037 ἀκολουθῶν
886 1979 966 2046 τῷ
1003 1975 1171 2050 ἀρνίῳ
1212 1976 1350 2031 ὅπου
1407 1976 1470 2031 ἄν
1531 1978 1738 2053 ὑπάγῃ.
1781 1999 1808 2028 ‹‹
1841 1979 1974 2032 Fuit

313 2063 476 2116 enim
510 2068 571 2117 et
600 2068 688 2118 est
715 2080 1036 2136 germanus
1066 2066 1280 2120 Christi
1330 2066 1660 2138 discipulus
1708 2083 1968 2137 sequens

310 2156 544 2223 Agnum
579 2171 932 2226 quocunque
965 2157 1158 2211 ierit.»
1190 2156 1477 2211 Eusebius
1508 2155 1608 2211 lib.
1660 2173 1714 2220 v,
1748 2173 1875 2227 cap.
1913 2157 1964 2214 1.

304 2241 578 2297 Christus
605 2258 704 2298 eos
733 2249 903 2299 vocat
931 2245 1176 2306 amicos,
1210 2246 1310 2316 qui
1352 2246 1718 2301 voluntatem
1753 2245 1854 2300 Dei
1885 2245 1964 2300 fa-

307 2330 494 2397 ciunt,
520 2331 632 2386 hoc
664 2338 753 2386 est
781 2334 880 2402 qui
913 2335 1062 2388 servi
1095 2335 1224 2403 ejus
1249 2341 1424 2400 sunt;
1461 2339 1518 2389 et
1549 2340 1746 2390 tamen
1768 2335 1822 2389 S.
1849 2335 1959 2405 Cy-

307 2419 554 2488 prianus
585 2435 704 2474 non
731 2421 806 2475 ad
835 2427 1185 2493 martyrium
1206 2423 1568 2487 exhortatur,
1598 2427 1665 2477 ut
1687 2422 1788 2492 qui
1811 2422 1960 2476 servi

305 2509 408 2562 Dei
460 2525 688 2578 sumus,
721 2511 908 2564 simus
961 2517 1018 2566 et
1046 2511 1242 2575 amici,
1293 2516 1352 2566 et
1407 2512 1684 2566 omnibus
1737 2510 1962 2565 viribus

307 2597 739 2654 elaborandum
771 2617 900 2655 esse
922 2601 1114 2670 docet,
1148 2606 1214 2655 ut
1269 2601 1404 2670 quis
1435 2617 1503 2656 eo
1536 2600 1712 2655 modo
1735 2601 1962 2655 amicus

307 2686 408 2741 Dei
443 2688 565 2742 ﬁat.
599 2688 740 2752 Quis
772 2694 971 2744 tamen
1005 2689 1143 2745 inde
1192 2689 1429 2761 colligat
1486 2690 1810 2756 neminem,
1844 2689 1960 2742 nisi

312 2783 444 2844 post
477 2782 794 2843 tormenta,
828 2778 1084 2833 amicum
1122 2779 1220 2832 Dei
1278 2795 1408 2833 esse
1465 2794 1634 2849 posse
1667 2777 1694 2831 ?
1725 2778 1962 2832 Veteres

321 2873 407 2927 illi
430 2875 486 2928 in
514 2876 820 2932 Gallicana
865 2877 1130 2933 Ecclesia
1158 2882 1449 2948 martyres
1469 2875 1698 2932 nobiles
1749 2877 1812 2930 in
1841 2877 1961 2947 pri-

319 2963 586 3030 mis,cum
618 2966 691 3020 ab
723 2967 999 3021 omnibus
1029 2967 1310 3022 fratribus
1332 2973 1467 3038 post
1488 2965 1676 3022 multa
1703 2971 1962 3021 tormen-

314 3056 555 3123 taatque
569 3055 867 3110 cruciatus
886 3055 1126 3111 nomine
1148 3061 1476 3128 martyrum
1495 3054 1961 3127 appellarentur,

309 3140 454 3196 illud
487 3144 884 3211 recusahant;
918 3145 1036 3200 imo
1070 3145 1299 3216 eos,qui
1328 3145 1416 3199 vel
1439 3143 1812 3200 sermonevel
1833 3143 1962 3214 epi-

309 3231 475 3286 stolis
506 3233 670 3303 ipsos
698 3250 764 3288 eo
795 3233 964 3288 titulo
996 3233 1387 3300 honorabant,
1415 3233 1808 3304 objurgabant
1828 3249 1954 3303 gra-

305 3320 452 3375 viter
484 3339 497 3387 ;
530 3327 866 3377 asserentes
896 3323 1193 3379 Christum
1228 3323 1421 3378 solum
1452 3339 1579 3378 esse
1611 3327 1954 3392 martyrem,
1995 3291 2038 3357 C

307 3415 363 3463 et
391 3427 493 3466 eos
525 3413 704 3467 etiam
726 3429 875 3483 quos
903 3413 1006 3468 ille
1033 3413 1304 3484 dignatus
1332 3418 1420 3467 est
1447 3411 1693 3480 assumi,
1726 3415 1784 3465 et
1808 3426 1948 3480 quo-

305 3515 436 3553 rum
461 3501 684 3554 exitum
710 3500 836 3571 ipse
867 3501 1213 3573 obsignavit.
1264 3500 1379 3554 Alii
1411 3506 1608 3554 tamen
1667 3515 1786 3553 non
1817 3497 1956 3552 inde

307 3588 664 3661 colligebant
677 3605 778 3645 eos
799 3590 899 3660 qui
933 3590 1110 3644 fidem
1143 3589 1541 3645 Christianam
1563 3603 1761 3642 coram
1773 3586 1955 3659 genti-

305 3677 459 3733 libus
491 3695 622 3733 cum
651 3679 782 3733 vitae
814 3679 1160 3735 discrimine
1193 3678 1443 3750 professi
1475 3681 1634 3742 sunt,
1667 3681 1727 3731 et
1748 3692 1957 3746 quam-

305 3767 566 3838 plurima
599 3773 893 3823 tormenta
917 3768 1184 3840 perpessi
1207 3766 1604 3835 sunt,etiamsi
1625 3766 1686 3820 in
1700 3769 1957 3820 tormen-

309 3858 379 3912 tis
401 3874 520 3912 non
542 3863 1234 3929 morerentur,martyres
1247 3855 1632 3928 appellandos
1649 3872 1771 3910 non
1786 3871 1914 3910 esse
1937 3871 1951 3920 ;

305 3951 406 4000 aut
427 3946 754 4002 catholicos
783 3947 884 4017 qui
911 3946 1046 4002 illos
1100 3944 1366 4018 epistolis
1423 3949 1526 4000 aut
1555 3959 1832 4000 sermone
1864 3959 1951 3998 sa-

303 4035 595 4104 lutabant,
631 4037 828 4091 minus
860 4036 1099 4108 proprie
1130 4052 1229 4090 eos
1260 4035 1570 4090 salutasse.
1605 4033 1772 4088 Tales
1794 4032 1954 4087 enim

300 4127 456 4182 viros
487 4143 554 4181 ac
585 4132 752 4183 tanta
776 4143 882 4198 pro
912 4126 1142 4181 Christo
1173 4141 1399 4197 passos,
1451 4124 1685 4179 etiamsi
1739 4123 1802 4176 in
1833 4127 1957 4177 tor-

296 4217 516 4270 mentis
546 4232 670 4270 non
699 4215 1185 4281 obdormiverint,
1209 4214 1476 4269 novimus
1497 4228 1733 4284 semper
1762 4210 1833 4266 ab
1856 4226 1956 4266 an-

297 4305 480 4375 tiquis
507 4311 566 4359 et
595 4304 810 4359 merito
841 4309 1132 4374 martyres
1160 4302 1486 4374 appellatos
1514 4301 1718 4357 fuisse.

368 4405 496 4458 lam
527 4420 662 4457 vero
694 4401 870 4457 tertia
900 4401 1164 4472 exceptio
1195 4401 1368 4472 plane
1402 4399 1574 4454 nihili
1608 4405 1698 4454 est
1726 4413 1953 4469 :neque

300 4492 629 4564 quidquam
677 4491 904 4564 Ignatio
939 4491 1249 4562 indignum
1279 4489 1566 4546 continet.
1599 4487 1764 4552 Quod
1795 4487 1957 4542 enim

2081 626 2292 694 miero,
2323 625 2612 681 molestus
2659 628 2937 697 cuiquam
2969 628 3257 684 inveniar.
3292 651 3321 679 »
3351 632 3510 688 Hanc
3573 641 3733 690 certe

2081 731 2316 786 gravem
2348 722 2406 770 et
2437 721 2596 771 tanto
2629 717 2750 770 viro
2773 717 3009 788 dignam
3032 719 3324 774 rationem
3341 721 3742 790 putabantan-

2082 805 2404 875 tiquissimi
2435 806 2882 876 Christiani.qui
2905 808 3112 879 Ignatii
3147 814 3438 879 tempora,
3464 817 3522 865 et
3542 811 3736 882 ipsum

2083 896 2263 950 etiam
2289 901 2608 966 martyrem
2663 895 2882 965 optime
2943 897 3173 952 novisse
3229 906 3566 956 censentur.
3601 903 3736 957 Haec

2084 985 2243 1038 enim
2288 984 2537 1055 legimus
2580 985 2641 1039 in
2694 985 3111 1040 vetustissimis
3171 986 3299 1056 ejus
3352 990 3552 1045 Actis:
3589 1015 3606 1037 -
3647 993 3740 1047 Sic

2083 1073 2288 1128 bestiis
2319 1074 2661 1128 crudelibus
2690 1074 2762 1128 ab
2795 1075 2990 1146 impiis
3020 1078 3518 1147 apponebatur,ut
3540 1082 3737 1137 confe-

2086 1162 2222 1216 stim
2244 1163 2432 1217 sancti
2457 1163 2732 1232 martyris
2754 1165 2962 1235 Ignatii
3009 1167 3410 1235 compleretur
3458 1169 3739 1223 desideri-

2085 1268 2208 1316 um,
2243 1251 2569 1306 secundum
2597 1252 2753 1323 quod
2776 1254 3063 1324 scriptum
3087 1261 3206 1310 est:
3235 1258 3573 1312 Desiderium
3593 1261 3740 1328 justi

2085 1342 2440 1410 acceptabile,
2474 1347 2538 1395 ut
2568 1341 2645 1395 sit
2664 1342 2812 1395 nulli
2840 1343 3088 1397 fratrum
3107 1346 3296 1416 gravis
3314 1363 3420 1416 per
3444 1347 3738 1404 collectio-

2083 1447 2221 1485 nem
2254 1430 2662 1500 reliquiarum,
2701 1432 3028 1486 secundum
3053 1434 3210 1503 quod
3232 1452 3650 1508 praeoccupans
3673 1439 3734 1492 in

2085 1519 2332 1588 epistola
2352 1519 2653 1590 propriam
2677 1521 3044 1590 concupiscit
3066 1521 3192 1575 ﬁeri
3211 1523 3575 1578 fruitionem.
3595 1547 3622 1573 ››

2155 1610 2284 1664 Haec
2317 1609 2494 1680 igitur
2523 1610 2726 1664 omnia
2756 1627 2889 1664 cum
2941 1612 3059 1681 pia,
3093 1612 3378 1684 legitima,
3421 1615 3728 1684 prmelara,

2084 1699 2362 1770 martyris
2395 1699 2772 1770 cogitatione,
2805 1700 3052 1754 consilio
3085 1707 3141 1755 et
3173 1719 3348 1773 opere
3381 1705 3525 1758 satis
3557 1705 3734 1776 digna

2085 1804 2213 1842 esse
2245 1787 2578 1853 videantur,
2611 1805 2818 1843 vereor
2871 1806 2945 1843 ne
3000 1791 3269 1846 odiosum
3320 1793 3394 1846 sit
3443 1809 3729 1861 asserere,

2085 1878 2239 1932 hanc
2272 1877 2586 1948 epistolam
2616 1894 2736 1932 non
2756 1878 2874 1932 alia
2891 1878 2960 1934 de
2985 1896 3163 1935 causa
3175 1880 3248 1935 ad
3279 1883 3576 1937 Romanos
3591 1883 3731 1937 scri-

2080 1972 2244 2039 ptam
2276 1983 2609 2036 esse,quam
2642 1973 2708 2022 ut
2737 1968 2843 2022 has
2865 1968 2970 2023 viri
3001 1969 3219 2041 glorias
3240 1970 3509 2026 viderent
3529 1977 3588 2026 et
3607 1978 3731 2027 stu-

2075 2061 2304 2127 perent.
2338 2057 2504 2112 Certe
2537 2074 2585 2112 Sl
2617 2057 2744 2111 haac
2775 2057 3038 2128 legitima
3087 2064 3145 2113 et
3175 2059 3274 2130 pia
3303 2060 3442 2126 sint,
3473 2077 3584 2114 nec
3613 2061 3729 2115 im-

2074 2150 2375 2215 postorem
2409 2145 2549 2200 talia
2579 2161 2874 2213 exarasse,
2908 2164 3016 2202 nec
3071 2147 3186 2201 alio
3245 2149 3444 2202 animo
3496 2165 3564 2203 ea
3591 2150 3730 2204 scri-

2073 2234 2261 2305 psisse
2294 2235 2737 2290 sanctissimum
2769 2242 3090 2308 martyrem
3149 2254 3256 2307 par
3313 2243 3402 2292 est
3457 2238 3722 2306 credere,

2073 2340 2251 2394 quam
2279 2329 2343 2379 ut
2373 2325 2579 2380 eadem
2611 2327 2906 2380 Romanos
2942 2326 3160 2396 pietate
3191 2327 3504 2393 imbueret,
3541 2327 3612 2382 ad
3646 2329 3728 2382 si-

2071 2413 2276 2468 milem
2308 2419 2681 2469 terrenarum
2694 2430 2894 2468 rerum
2908 2419 3313 2486 contemptum
3335 2423 3724 2487 permoveret,

2069 2502 2143 2556 ad
2174 2503 2677 2573 exspectationem
2698 2503 2911 2558 futuras
2943 2504 3076 2559 vitae
3108 2505 3459 2576 erigeret,ad
3473 2512 3727 2562 mortem

2071 2590 2348 2660 denique,
2384 2592 2431 2646 si
2449 2594 2567 2646 Deo
2585 2592 2667 2646 ita
2685 2592 2872 2647 visum
2907 2592 3104 2660 fuerit,
3139 2611 3242 2664 pro
3262 2595 3374 2650 fide
3392 2595 3725 2651 Christiana

2071 2695 2207 2733 cum
2238 2695 2473 2734 summa
2530 2680 2834 2735 alacritate
2868 2683 3265 2752 oppetendam
3315 2684 3625 2740 animaret.
3656 2687 3720 2740 In

2073 2767 2288 2838 quibus
2321 2767 2472 2822 nihil
2495 2768 2949 2839 putidum,nihil
2979 2770 3269 2838 odiosum,
3304 2771 3455 2826 nihil
3486 2772 3719 2840 inscite,

2072 2862 2174 2911 aut
2204 2856 2618 2928 imprudenter
2647 2858 2937 2930 scriptum
2967 2864 3075 2914 est.

2730 2949 2962 3002 CAPUT
3001 2950 3067 3005 X.

2079 3036 2361 3105 Veracitas
2390 3036 2447 3090 S.
2502 3036 2706 3105 Ignatii
2750 3037 3092 3104 defenditur.
3135 3040 3279 3102 Quid
3323 3041 3396 3094 sit
3425 3042 3570 3092 πᾶσα
3601 3037 3718 3093 ἐπι-

2143 3103 2317 3175 στολή
2353 3103 2684 3181 εωριίόᾳιαν.
2725 3103 3000 3181 Epistolas
3031 3109 3086 3165 S.
3138 3111 3304 3164 Pauli
3333 3111 3407 3165 ad
3460 3111 3718 3181 Ephesios

2139 3183 2345 3233 natura
2372 3179 2672 3247 singularis
2701 3180 3045 3234 describitur.
3085 3181 3228 3236 Vera
3259 3182 3418 3237 lectio
3458 3179 3516 3237 et
3528 3190 3716 3238 aucto-

2142 3251 2240 3317 ris,
2271 3257 2322 3323 et
2352 3249 2764 3323 interpolatoris
2792 3255 3072 3306 asseritur.
3115 3254 3320 3307 Auctor
3351 3255 3711 3323 epistolarum

2136 3337 2244 3375 non
2270 3322 2405 3376 dicit
2432 3338 2485 3376 se
2517 3322 2806 3378 Christum
2835 3326 2894 3377 in
2925 3339 3088 3378 carne
3116 3325 3331 3380 vidisse.
3358 3322 3532 3382 Graeci
3561 3325 3714 3380 codi-

2135 3407 2215 3447 ces
2246 3407 2448 3458 omnes,
2509 3400 2560 3448 et
2616 3399 2857 3449 veterum
2905 3401 3167 3464 excerpta
3223 3392 3371 3465 οἶδα,
3434 3413 3543 3451 ηοη
3569 3393 3714 3450 εἶδον

2135 3471 2458 3538 agnoscunt.
2495 3466 2751 3538 Rufﬁnus
2777 3471 2827 3520 et
2883 3465 3105 3520 librarii
3163 3473 3372 3522 textum
3407 3467 3714 3538 corrupisse

2133 3535 2274 3590 male
2312 3536 2595 3590 dicuntur.
2654 3536 2978 3606 Hieronymi
3005 3541 3310 3594 auctoritas
3347 3541 3406 3593 in
3435 3535 3713 3595 vertendis

2133 3608 2339 3663 (ἓν-κείς
2370 3613 2528 3662 tanta
2555 3624 2665 3662 non
2696 3615 2794 3675 est,
2826 3615 2886 3662 ut
2917 3609 3232 3664 Grecorum
3285 3612 3527 3664 omnium
3554 3613 3712 3664 codi-

2132 3694 2254 3750 cum
2280 3679 2443 3746 ﬁdem
2471 3681 2531 3732 in
2561 3679 2791 3734 dubium
2837 3686 3004 3734 vocet.
3039 3682 3289 3750 Hugonis
3319 3681 3500 3737 Grotii
3529 3681 3713 3750 θωρίἱ-

2133 3749 2280 3821 catio
2326 3750 2668 3817 defenditur.
2727 3753 2855 3816 Quae
2915 3749 3186 3806 habentur
3241 3755 3298 3805 in
3355 3749 3611 3821 epistola,
3644 3752 3711 3806 de

2130 3820 2288 3874 stella
2315 3821 2493 3890 magis
2520 3821 2658 3887 visa,
2691 3827 2885 3876 temere
2912 3824 3116 3892 scripta
3159 3838 3268 3876 non
3319 3820 3467 3877 sunt.
3499 3823 3708 3877 Eadem

2123 3892 2360 3960 plurimi
2391 3894 2448 3946 in
2477 3893 2720 3947 Ecclesia
2747 3895 2918 3947 secuti
2946 3900 3092 3948 sunt.
3133 3894 3414 3949 Christum
3463 3894 3631 3949 edisse
3657 3901 3709 3949 et

2134 3961 2328 4018 bibisse
2342 3969 2471 4032 post
2501 3966 2952 4019 resurrectionem
2980 3980 3089 4019 non
3118 3965 3261 4019 male
3291 3967 3570 4021 asseritur.

2131 4052 2330 4122 Capite
2365 4054 2428 4106 19
2459 4051 2533 4106 ad
2577 4052 2693 4107 alia
2723 4052 2990 4123 procedit
3018 4069 3053 4108 a
3081 4054 3394 4109 veracitate
3426 4059 3484 4109 et
3504 4071 3706 4111 rerum

2061 4140 2395 4197 divinarum
2417 4142 2754 4214 cognitione
2771 4143 2965 4198 aliena
2989 4159 3003 4210 ;
3023 4160 3154 4215 qua:
3169 4144 3408 4214 quidem
3424 4145 3537 4200 tria
3548 4150 3708 4213 sunt,

2061 4246 2314 4302 quorum
2342 4231 2455 4287 duo
2487 4231 2560 4286 ab
2593 4230 3040 4303 interpolatore,
3063 4248 3248 4287 unum
3279 4250 3313 4288 a
3344 4238 3547 4288 nostro
3571 4251 3710 4306 pro-

2057 4318 2374 4384 fert.Quod
2405 4336 2434 4375 e
2458 4325 2661 4375 nostro
2684 4320 2856 4375 affert
2879 4320 2992 4376 hoc
3023 4326 3112 4375 est
3135 4338 3150 4377 :
3170 4343 3197 4372 «
3222 4322 3538 4394 Scripsisse
3571 4339 3708 4378 eum

2060 4408 2210 4464 falso
2229 4407 2303 4463 ad
2337 4410 2618 4481 Ephesios
2650 4411 2900 4466 Paulum
2933 4411 3267 4482 apostolum
3295 4412 3356 4466 in
3387 4413 3548 4468 omni
3581 4413 3709 4484 epi-

2061 4497 2212 4552 stola
2240 4500 2592 4554 memoriam
2624 4516 2827 4556 eorum
2859 4501 3052 4556 facere
3070 4502 3132 4556 in
3160 4503 3298 4558 Jesu
3327 4502 3710 4560 Christo.»An

299 4588 484 4654 optat,
518 4583 600 4637 ita
639 4581 833 4637 vorari
867 4586 1041 4651 atque
1071 4579 1305 4635 absumi
1333 4594 1541 4634 omnes
1571 4579 1661 4632 δαί
1693 4578 1956 4649 corporis
1988 4657 2018 4663 _
2062 4587 2188 4642 haec
2218 4593 2416 4642 autem
2446 4587 2595 4644 falso
2627 4590 2846 4662 scripta
2864 4595 3002 4645 sunt
3025 4592 3184 4646 ‘tnon
3206 4592 3708 4663 credozquomodo

297 4672 645 4742 particulas,
677 4676 744 4725 ut
772 4687 976 4725 earum
999 4668 1150 4724 nihil
1181 4668 1255 4723 ad
1285 4668 1652 4739 sepulturam
1674 4668 1951 4738 supersit,
1983 4657 2030 4722 Β
2060 4675 2272 4747 probat
2299 4677 2385 4731 vir
2415 4657 2794 4733 doctissimus
2815 4679 2842 4733 ‘I
2872 4696 2946 4734 ne
2979 4696 3099 4735 uno
3160 4680 3402 4751 quidem
3427 4657 3706 4736 -verbulo.

298 4761 358 4815 id
381 4778 416 4816 a
445 4761 664 4832 pietate
696 4758 1262 4815 consummatissimi
1293 4757 1592 4829 martyris,
1626 4761 1685 4810 et
1712 4755 1954 4827 quidem

294 4850 485 4920 ipsius
515 4849 728 4920 Ignatii
769 4847 1016 4903 minime
1047 4847 1347 4903 abhorret.
1390 4845 1728 4900 Asserimus
1759 4845 1953 4915 ipsum

291 4938 591 5011 Ignatium
615 4938 924 5010 scripsisse
949 4953 962 4992 :
996 4959 1017 4986 ι
1043 4938 1429 4992 Frumentum
1453 4951 1585 4991 sum
1606 4934 1731 5003 Dei,
1759 4940 1816 4989 et
1847 4950 1954 5005 per

291 5028 505 5083 dentes
535 5027 866 5083 bestiarum
899 5026 1182 5090 molor,ut
1209 5023 1470 5080 mundus
1490 5024 1660 5095 panis
1687 5023 1954 5078 inveniar

287 5117 546 5184 Christi;
572 5138 601 5166 »
629 5116 850 5171 fatetur
905 5115 1160 5171 Dallaeus
1193 5114 1320 5169 hanc
1348 5112 1640 5187 Ignatium
1680 5112 1897 5168 dixisse
1933 5131 1946 5182 ;

283 5205 498 5263 laudat
526 5207 788 5261 Irenaeus
834 5210 1118 5276 tanquam
1176 5202 1640 5276 pulcherrimam
1672 5202 1948 5272 martyris

284 5305 688 5372 sententiam;
721 5303 872 5359 nihil
901 5302 1082 5376 igitur
1102 5303 1164 5356 in
1192 5317 1262 5357 ea
1291 5301 1586 5356 sententia
1605 5300 1726 5355 viro
1758 5299 1948 5354 maxi-

283 5413 386 5450 mo
408 5395 723 5467 indignum
745 5393 974 5450 censeri
1006 5392 1200 5448 debet.
1233 5393 1302 5446 At
1361 5390 1681 5462 quomodo,
1715 5388 1944 5457 amabo,

279 5492 579 5556 tanquam
609 5484 974 5538 frumentum
1005 5498 1112 5554 per
1131 5479 1339 5535 dentes
1359 5479 1683 5535 bestiarum
1697 5477 1944 5533 molere-

279 5581 385 5630 tur
410 5580 476 5628 ut
504 5573 677 5644 panis
708 5571 1020 5639 ﬁeret,nisi
1051 5586 1259 5626 omnes
1288 5569 1553 5640 corporis
1573 5566 1880 5639 particulas
1910 5583 1944 5622 a

281 5665 500 5722 bestiis
531 5664 653 5718 illis
674 5661 1090 5718 vorareutur‘h
1116 5660 1267 5716 Audi
1289 5659 1667 5729 vero,inquit,
1708 5673 1942 5730 gravem

359 5753 413 5792 ³⁸
435 5752 584 5812 Ibid.
617 5755 705 5812 27.

2066 4764 2294 4820 Siccine
2309 4765 2918 4833 decetChristianum,
2941 4768 3216 4823 falsitatis
3231 4769 3714 4838 antiquissimum

2066 4854 2414 4924 scriptorem
2445 4854 2813 4920 insimulare,
2843 4860 2903 4910 et
2932 4857 3329 4912 accusationis
3355 4855 3582 4910 nullam
3602 4871 3717 4911 om-

2061 4941 2205 4997 nino
2235 4943 2529 4998 rationem
2557 4943 2806 4999 reddere
2825 4945 2853 4999 ‘l
2883 4945 3042 5000 Fecit
3079 4946 3190 4999 hoc
3220 4949 3356 5000 ante
3375 4961 3511 4998 eum
3533 4944 3708 4998 Blon-

2061 5030 2272 5102 dellus,
2334 5032 2732 5103 objectionem
2763 5031 2923 5088 nuda
2981 5033 3307 5104 quaestione
3348 5033 3657 5103 proposuit
3691 5050 3706 5089 :

2061 5140 2090 5169 «
2123 5121 2211 5174 An
2239 5135 2377 5174 vere
2407 5119 2479 5174 de
2529 5121 2799 5192 Ephesiis
2863 5121 3172 5192 scriptum,
3234 5116 3447 5180 Ηαῠλος
3475 5117 3528 5173 ἐν
3557 5117 3701 5194 πάσῃ

2057 5205 2322 5281 ἐπιστολῇ
2359 5209 2688 5280 μνημονεύει
2723 5209 2874 5281 ὑμῶν
2911 5229 2925 5277 ;
2957 5232 2983 5260 ››
3018 5211 3230 5282 quaarit
3268 5227 3342 5266 an
3371 5226 3529 5279 vere,
3563 5211 3701 5266 sub-

2057 5300 2280 5356 indicat
2310 5299 2456 5356 falso
2481 5300 2764 5371 scriptum
2801 5317 2814 5366 ;
2846 5301 2908 5355 in
2958 5317 3072 5372 quo
3129 5300 3357 5357 falsitas
3406 5301 3698 5368 consistit,

2055 5407 2176 5445 non
2209 5389 2487 5446 ostendit.
2550 5388 2907 5444 Mentionem
2956 5390 3168 5445 fecisse
3224 5391 3612 5463 Ephesiorum
3645 5392 3700 5447 S.

2054 5479 2304 5536 Paulum
2337 5484 2504 5535 extra
2538 5477 2785 5534 dubium
2817 5483 2927 5547 est,
2961 5484 3017 5535 et
3047 5479 3286 5550 quidem
3305 5480 3367 5534 in
3403 5481 3655 5553 epistola
3687 5497 3700 5538 :

2055 5569 2157 5625 illa
2188 5575 2388 5626 tamen
2418 5570 2725 5643 Ignatiana
2754 5569 2923 5638 falsa,
2955 5575 3019 5624 ut
3069 5570 3301 5640 opinor,
3335 5571 3697 5639 existimant,

2053 5659 2209 5729 quod
2242 5660 2303 5715 in
2337 5660 2499 5717 omni
2545 5659 2795 5733 epistola
2851 5659 2907 5714 id
2957 5675 3076 5714 non
3125 5659 3332 5716 fecerit
3364 5677 3378 5729 ;
3410 5662 3699 5734 putabant
