  <div class='ocr_page' id='page_1' title='image "/cluster/home/n/w/nwhite01/storage/ocr_20150623/5/mdp.39015015401063/201.png"; bbox 0 0 4064 6134; ppageno 0'>
   <div class='ocr_carea' id='block_1_1' title="bbox 328 390 442 450">
    <p class='ocr_par' dir='ltr' id='par_1_1' title="bbox 328 390 442 450">
     <span class='ocr_line' id='line_1_1' title="bbox 328 390 442 450; baseline 0.018 -3"><span class='ocrx_word' id='word_1_1' title='bbox 328 390 442 450; x_wconf 83' lang='grc'>375</span> 
     </span>
    </p>
   </div>
   <div class='ocr_carea' id='block_1_2' title="bbox 1383 379 2662 447">
    <p class='ocr_par' dir='ltr' id='par_1_2' title="bbox 1383 379 2662 447">
     <span class='ocr_line' id='line_1_2' title="bbox 1383 379 2662 447; baseline -0.002 -1"><span class='ocrx_word' id='word_1_2' title='bbox 1383 383 1447 446; x_wconf 92' lang='lat' dir='ltr'>S.</span> <span class='ocrx_word' id='word_1_3' title='bbox 1495 382 1880 447; x_wconf 81' lang='lat' dir='ltr'>lGNATlUS.</span> <span class='ocrx_word' id='word_1_4' title='bbox 1927 413 2004 428; x_wconf 85' lang='lat'><strong>--</strong></span> <span class='ocrx_word' id='word_1_5' title='bbox 2044 379 2662 445; x_wconf 83' lang='lat' dir='ltr'>PROLEGOMENA.</span> 
     </span>
    </p>
   </div>
   <div class='ocr_carea' id='block_1_3' title="bbox 3613 381 3731 440">
    <p class='ocr_par' dir='ltr' id='par_1_3' title="bbox 3613 381 3731 440">
     <span class='ocr_line' id='line_1_3' title="bbox 3613 381 3731 440; baseline 0 0"><span class='ocrx_word' id='word_1_6' title='bbox 3613 381 3731 440; x_wconf 76' lang='lat'>376</span> 
     </span>
    </p>
   </div>
   <div class='ocr_carea' id='block_1_4' title="bbox 328 517 3738 596">
    <p class='ocr_par' dir='ltr' id='par_1_4' title="bbox 328 517 3738 596">
     <span class='ocr_line' id='line_1_4' title="bbox 328 517 3738 596; baseline 0.001 -17"><span class='ocrx_word' id='word_1_7' title='bbox 328 524 489 579; x_wconf 88' lang='lat' dir='ltr'>enim</span> <span class='ocrx_word' id='word_1_8' title='bbox 522 545 550 575; x_wconf 88' lang='grc'>‹‹</span> <span class='ocrx_word' id='word_1_9' title='bbox 579 522 641 578; x_wconf 89' lang='lat' dir='ltr'>in</span> <span class='ocrx_word' id='word_1_10' title='bbox 671 523 833 578; x_wconf 88' lang='lat' dir='ltr'>omni</span> <span class='ocrx_word' id='word_1_11' title='bbox 866 522 1158 596; x_wconf 83' lang='lat' dir='ltr'>epistola»</span> <span class='ocrx_word' id='word_1_12' title='bbox 1184 523 1342 578; x_wconf 90' lang='lat' dir='ltr'>idem</span> <span class='ocrx_word' id='word_1_13' title='bbox 1374 539 1504 578; x_wconf 87' lang='lat' dir='ltr'>esse</span> <span class='ocrx_word' id='word_1_14' title='bbox 1535 521 1693 593; x_wconf 90' lang='lat' dir='ltr'>quod</span> <span class='ocrx_word' id='word_1_15' title='bbox 1719 544 1740 571; x_wconf 73' lang='grc' dir='ltr'>σι</span> <span class='ocrx_word' id='word_1_16' title='bbox 1765 522 1828 576; x_wconf 89' lang='lat' dir='ltr'>in</span> <span class='ocrx_word' id='word_1_17' title='bbox 1845 538 1975 576; x_wconf 91' lang='lat' dir='ltr'>om-</span> <span class='ocrx_word' id='word_1_18' title='bbox 2006 526 2061 592; x_wconf 72' lang='grc' dir='ltr'><strong>Α</strong></span> <span class='ocrx_word' id='word_1_19' title='bbox 2091 521 2208 592; x_wconf 89' lang='lat' dir='ltr'>psit</span> <span class='ocrx_word' id='word_1_20' title='bbox 2236 521 2293 577; x_wconf 92' lang='lat' dir='ltr'>S.</span> <span class='ocrx_word' id='word_1_21' title='bbox 2325 521 2606 592; x_wconf 89' lang='lat' dir='ltr'>Ignatius,</span> <span class='ocrx_word' id='word_1_22' title='bbox 2637 522 2695 577; x_wconf 93' lang='lat' dir='ltr'>S.</span> <span class='ocrx_word' id='word_1_23' title='bbox 2728 518 2976 576; x_wconf 84' lang='lat' dir='ltr'>Paulum</span> <span class='ocrx_word' id='word_1_24' title='bbox 2997 517 3061 574; x_wconf 89' lang='lat' dir='ltr'>in</span> <span class='ocrx_word' id='word_1_25' title='bbox 3091 522 3213 575; x_wconf 89' lang='lat' dir='ltr'>tota</span> <span class='ocrx_word' id='word_1_26' title='bbox 3243 518 3493 592; x_wconf 89' lang='lat' dir='ltr'>epistola</span> <span class='ocrx_word' id='word_1_27' title='bbox 3514 540 3738 582; x_wconf 85' lang='lat' dir='ltr'>memo-</span> 
     </span>
    </p>
   </div>
   <div class='ocr_carea' id='block_1_5' title="bbox 329 611 1975 683">
    <p class='ocr_par' dir='ltr' id='par_1_5' title="bbox 329 611 1975 683">
     <span class='ocr_line' id='line_1_5' title="bbox 329 611 1975 683; baseline 0 -16"><span class='ocrx_word' id='word_1_28' title='bbox 329 613 506 667; x_wconf 89' lang='lat' dir='ltr'>nibus</span> <span class='ocrx_word' id='word_1_29' title='bbox 538 611 818 682; x_wconf 83' lang='lat' dir='ltr'>epistolis.</span> <span class='ocrx_word' id='word_1_30' title='bbox 845 633 873 662; x_wconf 86' lang='grc'><strong>››</strong></span> <span class='ocrx_word' id='word_1_31' title='bbox 906 613 1017 668; x_wconf 93' lang='lat' dir='ltr'>Sed</span> <span class='ocrx_word' id='word_1_32' title='bbox 1049 613 1266 668; x_wconf 88' lang='lat' dir='ltr'>mirum</span> <span class='ocrx_word' id='word_1_33' title='bbox 1305 611 1475 667; x_wconf 91' lang='lat' dir='ltr'>nobis</span> <span class='ocrx_word' id='word_1_34' title='bbox 1499 611 1848 683; x_wconf 84' lang='lat' dir='ltr'>scriptorem</span> <span class='ocrx_word' id='word_1_35' title='bbox 1879 627 1975 667; x_wconf 88' lang='lat' dir='ltr'>re-</span> 
     </span>
    </p>
   </div>
   <div class='ocr_carea' id='block_1_6' title="bbox 328 697 1972 772">
    <p class='ocr_par' dir='ltr' id='par_1_6' title="bbox 328 697 1972 772">
     <span class='ocr_line' id='line_1_6' title="bbox 328 697 1972 772; baseline -0.001 -18"><span class='ocrx_word' id='word_1_36' title='bbox 328 704 724 771; x_wconf 67' lang='lat' dir='ltr'>praesentant;</span> <span class='ocrx_word' id='word_1_37' title='bbox 759 699 878 755; x_wconf 86' lang='lat' dir='ltr'>sive</span> <span class='ocrx_word' id='word_1_38' title='bbox 906 701 955 754; x_wconf 91' lang='lat' dir='ltr'>is</span> <span class='ocrx_word' id='word_1_39' title='bbox 978 702 1259 772; x_wconf 86' lang='lat' dir='ltr'>Ignatius,</span> <span class='ocrx_word' id='word_1_40' title='bbox 1291 700 1410 755; x_wconf 86' lang='lat' dir='ltr'>sive</span> <span class='ocrx_word' id='word_1_41' title='bbox 1443 699 1575 771; x_wconf 89' lang='lat' dir='ltr'>quis</span> <span class='ocrx_word' id='word_1_42' title='bbox 1602 698 1755 754; x_wconf 89' lang='lat' dir='ltr'>alius</span> <span class='ocrx_word' id='word_1_43' title='bbox 1773 697 1972 754; x_wconf 81' lang='lat' dir='ltr'>fuerit.</span> 
     </span>
    </p>
   </div>
   <div class='ocr_carea' id='block_1_7' title="bbox 329 788 1974 862">
    <p class='ocr_par' dir='ltr' id='par_1_7' title="bbox 329 788 1974 862">
     <span class='ocr_line' id='line_1_7' title="bbox 329 788 1974 862; baseline -0.001 -19"><span class='ocrx_word' id='word_1_44' title='bbox 329 788 468 854; x_wconf 88' lang='lat' dir='ltr'>Quis</span> <span class='ocrx_word' id='word_1_45' title='bbox 493 790 656 845; x_wconf 90' lang='lat' dir='ltr'>enim</span> <span class='ocrx_word' id='word_1_46' title='bbox 685 788 773 845; x_wconf 86' lang='lat' dir='ltr'>vel</span> <span class='ocrx_word' id='word_1_47' title='bbox 804 790 911 844; x_wconf 89' lang='lat' dir='ltr'>sub</span> <span class='ocrx_word' id='word_1_48' title='bbox 943 790 1214 862; x_wconf 86' lang='lat' dir='ltr'>Trajano,</span> <span class='ocrx_word' id='word_1_49' title='bbox 1275 789 1366 844; x_wconf 92' lang='lat' dir='ltr'>vel</span> <span class='ocrx_word' id='word_1_50' title='bbox 1423 788 1530 844; x_wconf 85' lang='lat' dir='ltr'>sub</span> <span class='ocrx_word' id='word_1_51' title='bbox 1589 789 1974 844; x_wconf 87' lang='lat' dir='ltr'>Constantino</span> 
     </span>
    </p>
   </div>
   <div class='ocr_carea' id='block_1_8' title="bbox 331 878 1979 936">
    <p class='ocr_par' dir='ltr' id='par_1_8' title="bbox 331 878 1979 936">
     <span class='ocr_line' id='line_1_8' title="bbox 331 878 1979 936; baseline 0.001 -4"><span class='ocrx_word' id='word_1_52' title='bbox 331 878 415 933; x_wconf 91' lang='lat' dir='ltr'>sic</span> <span class='ocrx_word' id='word_1_53' title='bbox 449 879 780 935; x_wconf 79' lang='lat' dir='ltr'>scriberet?</span> <span class='ocrx_word' id='word_1_54' title='bbox 811 883 898 934; x_wconf 88' lang='lat' dir='ltr'>An</span> <span class='ocrx_word' id='word_1_55' title='bbox 932 880 1196 935; x_wconf 89' lang='lat' dir='ltr'>ﬁctorem</span> <span class='ocrx_word' id='word_1_56' title='bbox 1229 896 1402 936; x_wconf 88' lang='lat' dir='ltr'>suum</span> <span class='ocrx_word' id='word_1_57' title='bbox 1434 879 1616 934; x_wconf 81' lang='lat' dir='ltr'>talem</span> <span class='ocrx_word' id='word_1_58' title='bbox 1641 878 1831 934; x_wconf 88' lang='lat' dir='ltr'>virum</span> <span class='ocrx_word' id='word_1_59' title='bbox 1863 879 1979 933; x_wconf 89' lang='lat' dir='ltr'>ﬁn-</span> 
     </span>
    </p>
   </div>
   <div class='ocr_carea' id='block_1_9' title="bbox 329 969 1978 1041">
    <p class='ocr_par' dir='ltr' id='par_1_9' title="bbox 329 969 1978 1041">
     <span class='ocr_line' id='line_1_9' title="bbox 329 969 1978 1041; baseline -0.001 -17"><span class='ocrx_word' id='word_1_60' title='bbox 329 985 464 1040; x_wconf 85' lang='lat' dir='ltr'>gere</span> <span class='ocrx_word' id='word_1_61' title='bbox 496 975 841 1040; x_wconf 84' lang='lat' dir='ltr'>potuerunt.</span> <span class='ocrx_word' id='word_1_62' title='bbox 874 970 974 1041; x_wconf 89' lang='lat' dir='ltr'>qui</span> <span class='ocrx_word' id='word_1_63' title='bbox 1009 971 1062 1025; x_wconf 91' lang='lat' dir='ltr'>S.</span> <span class='ocrx_word' id='word_1_64' title='bbox 1087 970 1337 1025; x_wconf 89' lang='lat' dir='ltr'>Paulum</span> <span class='ocrx_word' id='word_1_65' title='bbox 1383 970 1444 1024; x_wconf 91' lang='lat' dir='ltr'>in</span> <span class='ocrx_word' id='word_1_66' title='bbox 1496 969 1774 1024; x_wconf 89' lang='lat' dir='ltr'>omnibus</span> <span class='ocrx_word' id='word_1_67' title='bbox 1832 984 1978 1039; x_wconf 90' lang='lat' dir='ltr'>quas</span> 
     </span>
    </p>
   </div>
   <div class='ocr_carea' id='block_1_10' title="bbox 331 1057 1978 1130">
    <p class='ocr_par' dir='ltr' id='par_1_10' title="bbox 331 1057 1978 1130">
     <span class='ocr_line' id='line_1_10' title="bbox 331 1057 1978 1130; baseline 0 -18"><span class='ocrx_word' id='word_1_68' title='bbox 331 1059 569 1129; x_wconf 79' lang='lat' dir='ltr'>scripsit</span> <span class='ocrx_word' id='word_1_69' title='bbox 597 1059 866 1130; x_wconf 75' lang='lat' dir='ltr'>epistolis</span> <span class='ocrx_word' id='word_1_70' title='bbox 895 1060 1284 1130; x_wconf 89' lang='lat' dir='ltr'>Ephesiorum</span> <span class='ocrx_word' id='word_1_71' title='bbox 1308 1059 1652 1114; x_wconf 87' lang='lat' dir='ltr'>meminisse</span> <span class='ocrx_word' id='word_1_72' title='bbox 1666 1057 1978 1129; x_wconf 81' lang='lat' dir='ltr'>putaverit,</span> 
     </span>
    </p>
   </div>
   <div class='ocr_carea' id='block_1_11' title="bbox 328 1146 1982 1221">
    <p class='ocr_par' dir='ltr' id='par_1_11' title="bbox 328 1146 1982 1221">
     <span class='ocr_line' id='line_1_11' title="bbox 328 1146 1982 1221; baseline -0.002 -18"><span class='ocrx_word' id='word_1_73' title='bbox 328 1153 429 1203; x_wconf 91' lang='lat' dir='ltr'>aut</span> <span class='ocrx_word' id='word_1_74' title='bbox 459 1147 634 1202; x_wconf 83' lang='lat' dir='ltr'>talem</span> <span class='ocrx_word' id='word_1_75' title='bbox 665 1149 1025 1204; x_wconf 89' lang='lat' dir='ltr'>sententiam</span> <span class='ocrx_word' id='word_1_76' title='bbox 1053 1148 1275 1221; x_wconf 89' lang='lat' dir='ltr'>Ignatio</span> <span class='ocrx_word' id='word_1_77' title='bbox 1309 1149 1567 1203; x_wconf 88' lang='lat' dir='ltr'>tribuere</span> <span class='ocrx_word' id='word_1_78' title='bbox 1599 1165 1668 1202; x_wconf 83' lang='lat' dir='ltr'>ex</span> <span class='ocrx_word' id='word_1_79' title='bbox 1689 1146 1982 1202; x_wconf 90' lang='lat' dir='ltr'>industria</span> 
     </span>
    </p>
   </div>
   <div class='ocr_carea' id='block_1_12' title="bbox 329 1235 1980 1309">
    <p class='ocr_par' dir='ltr' id='par_1_12' title="bbox 329 1235 1980 1309">
     <span class='ocr_line' id='line_1_12' title="bbox 329 1235 1980 1309; baseline 0.001 -20"><span class='ocrx_word' id='word_1_80' title='bbox 329 1235 623 1292; x_wconf 85' lang='lat' dir='ltr'>voluerit?</span> <span class='ocrx_word' id='word_1_81' title='bbox 645 1238 771 1294; x_wconf 86' lang='lat' dir='ltr'>Sive</span> <span class='ocrx_word' id='word_1_82' title='bbox 796 1239 1001 1294; x_wconf 90' lang='lat' dir='ltr'>Latina</span> <span class='ocrx_word' id='word_1_83' title='bbox 1022 1243 1272 1309; x_wconf 88' lang='lat' dir='ltr'>spectes,</span> <span class='ocrx_word' id='word_1_84' title='bbox 1307 1259 1334 1287; x_wconf 83' lang='lat'><strong><em>«</em></strong></span> <span class='ocrx_word' id='word_1_85' title='bbox 1367 1238 1429 1292; x_wconf 90' lang='lat' dir='ltr'>in</span> <span class='ocrx_word' id='word_1_86' title='bbox 1452 1237 1613 1293; x_wconf 90' lang='lat' dir='ltr'>omni</span> <span class='ocrx_word' id='word_1_87' title='bbox 1644 1237 1917 1308; x_wconf 88' lang='lat' dir='ltr'>epistola,</span> <span class='ocrx_word' id='word_1_88' title='bbox 1951 1257 1980 1286; x_wconf 84' lang='lat'><em>»</em></span> 
     </span>
    </p>
   </div>
   <div class='ocr_carea' id='block_1_13' title="bbox 330 1324 1981 1400">
    <p class='ocr_par' dir='ltr' id='par_1_13' title="bbox 330 1324 1981 1400">
     <span class='ocr_line' id='line_1_13' title="bbox 330 1324 1981 1400; baseline 0 -20"><span class='ocrx_word' id='word_1_89' title='bbox 330 1325 449 1381; x_wconf 90' lang='lat' dir='ltr'>sive</span> <span class='ocrx_word' id='word_1_90' title='bbox 472 1326 692 1393; x_wconf 62' lang='lat' dir='ltr'>Graeca,</span> <span class='ocrx_word' id='word_1_91' title='bbox 742 1325 796 1381; x_wconf 71' lang='grc' dir='ltr'>ἐν</span> <span class='ocrx_word' id='word_1_92' title='bbox 853 1331 997 1400; x_wconf 81' lang='grc' dir='ltr'>πάσῃ</span> <span class='ocrx_word' id='word_1_93' title='bbox 1057 1324 1344 1400; x_wconf 82' lang='grc' dir='ltr'>ἐπιστολῇ,</span> <span class='ocrx_word' id='word_1_94' title='bbox 1391 1327 1553 1383; x_wconf 86' lang='lat' dir='ltr'>aliud</span> <span class='ocrx_word' id='word_1_95' title='bbox 1612 1327 1856 1382; x_wconf 89' lang='lat' dir='ltr'>omnino</span> <span class='ocrx_word' id='word_1_96' title='bbox 1883 1343 1981 1381; x_wconf 83' lang='lat' dir='ltr'>so-</span> 
     </span>
    </p>
   </div>
   <div class='ocr_carea' id='block_1_14' title="bbox 330 1415 1981 1490">
    <p class='ocr_par' dir='ltr' id='par_1_14' title="bbox 330 1415 1981 1490">
     <span class='ocr_line' id='line_1_14' title="bbox 330 1415 1981 1490; baseline -0.001 -18"><span class='ocrx_word' id='word_1_97' title='bbox 330 1423 494 1484; x_wconf 87' lang='lat' dir='ltr'>nant,</span> <span class='ocrx_word' id='word_1_98' title='bbox 529 1419 686 1473; x_wconf 91' lang='lat' dir='ltr'>idem</span> <span class='ocrx_word' id='word_1_99' title='bbox 709 1435 923 1490; x_wconf 87' lang='lat' dir='ltr'>nempe</span> <span class='ocrx_word' id='word_1_100' title='bbox 955 1418 1114 1490; x_wconf 91' lang='lat' dir='ltr'>quod</span> <span class='ocrx_word' id='word_1_101' title='bbox 1137 1421 1197 1473; x_wconf 86' lang='lat' dir='ltr'>in</span> <span class='ocrx_word' id='word_1_102' title='bbox 1227 1424 1354 1474; x_wconf 89' lang='lat' dir='ltr'>tota</span> <span class='ocrx_word' id='word_1_103' title='bbox 1383 1417 1648 1490; x_wconf 89' lang='lat' dir='ltr'>epistola.</span> <span class='ocrx_word' id='word_1_104' title='bbox 1701 1417 1870 1472; x_wconf 88' lang='lat' dir='ltr'>Certe</span> <span class='ocrx_word' id='word_1_105' title='bbox 1923 1415 1981 1470; x_wconf 93' lang='lat' dir='ltr'>S.</span> 
     </span>
    </p>
   </div>
   <div class='ocr_carea' id='block_1_15' title="bbox 329 1505 1985 1580">
    <p class='ocr_par' dir='ltr' id='par_1_15' title="bbox 329 1505 1985 1580">
     <span class='ocr_line' id='line_1_15' title="bbox 329 1505 1985 1580; baseline -0.002 -20"><span class='ocrx_word' id='word_1_106' title='bbox 329 1507 556 1579; x_wconf 85' lang='lat' dir='ltr'>Ignatio</span> <span class='ocrx_word' id='word_1_107' title='bbox 577 1511 722 1561; x_wconf 73' lang='grc' dir='ltr'>πᾶσα</span> <span class='ocrx_word' id='word_1_108' title='bbox 743 1505 1042 1576; x_wconf 68' lang='grc' dir='ltr'>-ὶπιστολή,</span> <span class='ocrx_word' id='word_1_109' title='bbox 1071 1515 1158 1563; x_wconf 90' lang='lat' dir='ltr'>est</span> <span class='ocrx_word' id='word_1_110' title='bbox 1191 1529 1214 1559; x_wconf 76' lang='grc' dir='ltr'>ι</span> <span class='ocrx_word' id='word_1_111' title='bbox 1246 1514 1369 1562; x_wconf 86' lang='lat' dir='ltr'>tota</span> <span class='ocrx_word' id='word_1_112' title='bbox 1390 1508 1660 1580; x_wconf 89' lang='lat' dir='ltr'>epistola,</span> <span class='ocrx_word' id='word_1_113' title='bbox 1696 1528 1724 1555; x_wconf 82' lang='lat'><strong>»</strong></span> <span class='ocrx_word' id='word_1_114' title='bbox 1747 1511 1813 1560; x_wconf 92' lang='lat' dir='ltr'>ut</span> <span class='ocrx_word' id='word_1_115' title='bbox 1839 1507 1985 1558; x_wconf 81' lang='grc' dir='ltr'>πᾶσα</span> 
     </span>
    </p>
   </div>
   <div class='ocr_carea' id='block_1_16' title="bbox 331 1593 1983 1667">
    <p class='ocr_par' dir='ltr' id='par_1_16' title="bbox 331 1593 1983 1667">
     <span class='ocr_line' id='line_1_16' title="bbox 331 1593 1983 1667; baseline -0.002 -16"><span class='ocrx_word' id='word_1_116' title='bbox 331 1593 657 1666; x_wconf 79' lang='grc' dir='ltr'>Ἐκκλησία,</span> <span class='ocrx_word' id='word_1_117' title='bbox 692 1619 720 1647; x_wconf 90' lang='grc'>‹‹</span> <span class='ocrx_word' id='word_1_118' title='bbox 754 1602 876 1652; x_wconf 89' lang='lat' dir='ltr'>tota</span> <span class='ocrx_word' id='word_1_119' title='bbox 903 1596 1186 1652; x_wconf 87' lang='lat' dir='ltr'>Ecclesia.</span> <span class='ocrx_word' id='word_1_120' title='bbox 1210 1618 1238 1647; x_wconf 70' lang='grc' dir='ltr'><em>η</em></span> <span class='ocrx_word' id='word_1_121' title='bbox 1262 1599 1348 1652; x_wconf 90' lang='lat' dir='ltr'>Ita</span> <span class='ocrx_word' id='word_1_122' title='bbox 1363 1597 1525 1651; x_wconf 89' lang='lat' dir='ltr'>enim</span> <span class='ocrx_word' id='word_1_123' title='bbox 1555 1595 1839 1667; x_wconf 87' lang='lat' dir='ltr'>Ephesios</span> <span class='ocrx_word' id='word_1_124' title='bbox 1857 1594 1983 1664; x_wconf 88' lang='lat' dir='ltr'>ipse</span> 
     </span>
    </p>
   </div>
   <div class='ocr_carea' id='block_1_17' title="bbox 334 1681 1980 1763">
    <p class='ocr_par' dir='ltr' id='par_1_17' title="bbox 334 1681 1980 1763">
     <span class='ocr_line' id='line_1_17' title="bbox 334 1681 1980 1763; baseline -0.002 -21"><span class='ocrx_word' id='word_1_125' title='bbox 334 1687 660 1757; x_wconf 81' lang='lat' dir='ltr'>alloquitur</span> <span class='ocrx_word' id='word_1_126' title='bbox 709 1705 722 1742; x_wconf 88' lang='lat'>:</span> <span class='ocrx_word' id='word_1_127' title='bbox 770 1685 834 1741; x_wconf 73' lang='lat' dir='ltr'>Et</span> <span class='ocrx_word' id='word_1_128' title='bbox 890 1686 992 1760; x_wconf 78' lang='grc' dir='ltr'>γὰρ</span> <span class='ocrx_word' id='word_1_129' title='bbox 1057 1685 1176 1747; x_wconf 73' lang='grc' dir='ltr'>ἑνὸς</span> <span class='ocrx_word' id='word_1_130' title='bbox 1248 1685 1337 1738; x_wconf 81' lang='grc' dir='ltr'>καὶ</span> <span class='ocrx_word' id='word_1_131' title='bbox 1391 1681 1642 1758; x_wconf 77' lang='grc' dir='ltr'>δευτέρου</span> <span class='ocrx_word' id='word_1_132' title='bbox 1699 1685 1980 1763; x_wconf 80' lang='grc' dir='ltr'>προσευχὴ</span> 
     </span>
    </p>
   </div>
   <div class='ocr_carea' id='block_1_18' title="bbox 332 1771 1987 1850">
    <p class='ocr_par' dir='ltr' id='par_1_18' title="bbox 332 1771 1987 1850">
     <span class='ocr_line' id='line_1_18' title="bbox 332 1771 1987 1850; baseline -0.001 -20"><span class='ocrx_word' id='word_1_133' title='bbox 332 1774 600 1846; x_wconf 81' lang='grc' dir='ltr'>τοσαύτην</span> <span class='ocrx_word' id='word_1_134' title='bbox 643 1775 798 1850; x_wconf 78' lang='grc' dir='ltr'>ἰσχὺν</span> <span class='ocrx_word' id='word_1_135' title='bbox 832 1771 970 1848; x_wconf 80' lang='grc' dir='ltr'>ἔχει,</span> <span class='ocrx_word' id='word_1_136' title='bbox 1003 1773 1158 1846; x_wconf 85' lang='grc' dir='ltr'>πόσῳ</span> <span class='ocrx_word' id='word_1_137' title='bbox 1219 1771 1434 1846; x_wconf 81' lang='grc' dir='ltr'>μᾶλλον</span> <span class='ocrx_word' id='word_1_138' title='bbox 1484 1774 1519 1843; x_wconf 69' lang='grc' dir='ltr'>ἢ</span> <span class='ocrx_word' id='word_1_139' title='bbox 1551 1794 1609 1828; x_wconf 89' lang='grc' dir='ltr'>τε</span> <span class='ocrx_word' id='word_1_140' title='bbox 1637 1778 1734 1827; x_wconf 76' lang='grc' dir='ltr'>τοῦ</span> <span class='ocrx_word' id='word_1_141' title='bbox 1766 1773 1987 1828; x_wconf 80' lang='grc' dir='ltr'>ἐπισκό-</span> 
     </span>
    </p>
   </div>
   <div class='ocr_carea' id='block_1_19' title="bbox 332 1862 2058 1954">
    <p class='ocr_par' dir='ltr' id='par_1_19' title="bbox 332 1862 2058 1954">
     <span class='ocr_line' id='line_1_19' title="bbox 332 1862 2058 1954; baseline -0.001 -34"><span class='ocrx_word' id='word_1_142' title='bbox 332 1886 439 1920; x_wconf 84' lang='grc' dir='ltr'>που</span> <span class='ocrx_word' id='word_1_143' title='bbox 467 1866 558 1918; x_wconf 81' lang='grc' dir='ltr'>καὶ</span> <span class='ocrx_word' id='word_1_144' title='bbox 589 1863 766 1933; x_wconf 78' lang='grc' dir='ltr'>πάσης</span> <span class='ocrx_word' id='word_1_145' title='bbox 801 1862 1146 1932; x_wconf 78' lang='grc' dir='ltr'>Ἐκκλησίας.</span> <span class='ocrx_word' id='word_1_146' title='bbox 1181 1887 1209 1914; x_wconf 89' lang='grc'>‹‹</span> <span class='ocrx_word' id='word_1_147' title='bbox 1243 1864 1299 1919; x_wconf 87' lang='lat' dir='ltr'>Si</span> <span class='ocrx_word' id='word_1_148' title='bbox 1330 1865 1491 1919; x_wconf 89' lang='lat' dir='ltr'>enim</span> <span class='ocrx_word' id='word_1_149' title='bbox 1525 1863 1701 1919; x_wconf 85' lang='lat' dir='ltr'>unius</span> <span class='ocrx_word' id='word_1_150' title='bbox 1733 1869 1792 1918; x_wconf 89' lang='lat' dir='ltr'>et</span> <span class='ocrx_word' id='word_1_151' title='bbox 1831 1865 1982 1920; x_wconf 89' lang='lat' dir='ltr'>alte-</span> <span class='ocrx_word' id='word_1_152' title='bbox 2014 1892 2058 1954; x_wconf 80' lang='grc' dir='ltr'>Β</span> 
     </span>
    </p>
   </div>
   <div class='ocr_carea' id='block_1_20' title="bbox 331 1953 1984 2026">
    <p class='ocr_par' dir='ltr' id='par_1_20' title="bbox 331 1953 1984 2026">
     <span class='ocr_line' id='line_1_20' title="bbox 331 1953 1984 2026; baseline -0.001 -17"><span class='ocrx_word' id='word_1_153' title='bbox 331 1957 458 2010; x_wconf 79' lang='lat' dir='ltr'>rius</span> <span class='ocrx_word' id='word_1_154' title='bbox 482 1956 669 2011; x_wconf 88' lang='lat' dir='ltr'>oratio</span> <span class='ocrx_word' id='word_1_155' title='bbox 703 1958 925 2010; x_wconf 85' lang='lat' dir='ltr'>tantam</span> <span class='ocrx_word' id='word_1_156' title='bbox 966 1955 1081 2008; x_wconf 90' lang='lat' dir='ltr'>vim</span> <span class='ocrx_word' id='word_1_157' title='bbox 1140 1953 1337 2021; x_wconf 88' lang='lat' dir='ltr'>habet,</span> <span class='ocrx_word' id='word_1_158' title='bbox 1367 1958 1587 2023; x_wconf 89' lang='lat' dir='ltr'>quanto</span> <span class='ocrx_word' id='word_1_159' title='bbox 1641 1954 1826 2026; x_wconf 85' lang='lat' dir='ltr'>magis</span> <span class='ocrx_word' id='word_1_160' title='bbox 1879 1953 1984 2008; x_wconf 91' lang='lat' dir='ltr'>illa</span> 
     </span>
    </p>
   </div>
   <div class='ocr_carea' id='block_1_21' title="bbox 333 2039 1982 2116">
    <p class='ocr_par' dir='ltr' id='par_1_21' title="bbox 333 2039 1982 2116">
     <span class='ocr_line' id='line_1_21' title="bbox 333 2039 1982 2116; baseline -0.003 -17"><span class='ocrx_word' id='word_1_161' title='bbox 333 2045 593 2116; x_wconf 89' lang='lat' dir='ltr'>episcopi</span> <span class='ocrx_word' id='word_1_162' title='bbox 646 2049 705 2100; x_wconf 92' lang='lat' dir='ltr'>et</span> <span class='ocrx_word' id='word_1_163' title='bbox 733 2045 928 2099; x_wconf 90' lang='lat' dir='ltr'>omnis</span> <span class='ocrx_word' id='word_1_164' title='bbox 957 2043 1271 2099; x_wconf 74' lang='lat' dir='ltr'>Ecclesiae!</span> <span class='ocrx_word' id='word_1_165' title='bbox 1307 2064 1334 2093; x_wconf 83' lang='lat'><strong><em>»</em></strong></span> <span class='ocrx_word' id='word_1_166' title='bbox 1386 2043 1495 2098; x_wconf 90' lang='lat' dir='ltr'>Ubi</span> <span class='ocrx_word' id='word_1_167' title='bbox 1551 2048 1694 2096; x_wconf 72' lang='grc' dir='ltr'>πᾶσα</span> <span class='ocrx_word' id='word_1_168' title='bbox 1743 2039 1982 2112; x_wconf 84' lang='grc' dir='ltr'>Ἐκκλη-</span> 
     </span>
    </p>
   </div>
   <div class='ocr_carea' id='block_1_22' title="bbox 337 2133 1985 2205">
    <p class='ocr_par' dir='ltr' id='par_1_22' title="bbox 337 2133 1985 2205">
     <span class='ocr_line' id='line_1_22' title="bbox 337 2133 1985 2205; baseline 0.001 -19"><span class='ocrx_word' id='word_1_169' title='bbox 337 2133 424 2186; x_wconf 84' lang='grc' dir='ltr'>σία</span> <span class='ocrx_word' id='word_1_170' title='bbox 452 2140 542 2189; x_wconf 90' lang='lat' dir='ltr'>est</span> <span class='ocrx_word' id='word_1_171' title='bbox 581 2155 610 2182; x_wconf 86' lang='lat'><strong><em>«</em></strong></span> <span class='ocrx_word' id='word_1_172' title='bbox 642 2139 765 2188; x_wconf 87' lang='lat' dir='ltr'>tota</span> <span class='ocrx_word' id='word_1_173' title='bbox 794 2134 1057 2188; x_wconf 87' lang='lat' dir='ltr'>Ecclesia</span> <span class='ocrx_word' id='word_1_174' title='bbox 1099 2155 1126 2182; x_wconf 80' lang='grc'>››</span> <span class='ocrx_word' id='word_1_175' title='bbox 1157 2133 1264 2188; x_wconf 90' lang='lat' dir='ltr'>sub</span> <span class='ocrx_word' id='word_1_176' title='bbox 1296 2134 1572 2205; x_wconf 90' lang='lat' dir='ltr'>episcopo</span> <span class='ocrx_word' id='word_1_177' title='bbox 1605 2149 1710 2188; x_wconf 89' lang='lat' dir='ltr'>suo</span> <span class='ocrx_word' id='word_1_178' title='bbox 1737 2149 1985 2204; x_wconf 87' lang='lat' dir='ltr'>congre-</span> 
     </span>
    </p>
   </div>
   <div class='ocr_carea' id='block_1_23' title="bbox 332 2223 1980 2295">
    <p class='ocr_par' dir='ltr' id='par_1_23' title="bbox 332 2223 1980 2295">
     <span class='ocr_line' id='line_1_23' title="bbox 332 2223 1980 2295; baseline 0.001 -17"><span class='ocrx_word' id='word_1_179' title='bbox 332 2228 486 2295; x_wconf 87' lang='lat' dir='ltr'>gata.</span> <span class='ocrx_word' id='word_1_180' title='bbox 521 2224 612 2278; x_wconf 90' lang='lat' dir='ltr'>Sic</span> <span class='ocrx_word' id='word_1_181' title='bbox 645 2223 859 2291; x_wconf 88' lang='lat' dir='ltr'>Latini,</span> <span class='ocrx_word' id='word_1_182' title='bbox 894 2224 978 2277; x_wconf 90' lang='lat' dir='ltr'>sic</span> <span class='ocrx_word' id='word_1_183' title='bbox 1008 2223 1190 2278; x_wconf 60' lang='lat' dir='ltr'>Graeci</span> <span class='ocrx_word' id='word_1_184' title='bbox 1222 2223 1565 2293; x_wconf 85' lang='lat' dir='ltr'>loquuntur.</span> <span class='ocrx_word' id='word_1_185' title='bbox 1618 2225 1704 2277; x_wconf 88' lang='lat' dir='ltr'>Ita</span> <span class='ocrx_word' id='word_1_186' title='bbox 1733 2223 1934 2278; x_wconf 90' lang='lat' dir='ltr'>Cicero</span> <span class='ocrx_word' id='word_1_187' title='bbox 1967 2240 1980 2279; x_wconf 94' lang='lat'>:</span> 
     </span>
    </p>
   </div>
   <div class='ocr_carea' id='block_1_24' title="bbox 336 2311 1984 2384">
    <p class='ocr_par' dir='ltr' id='par_1_24' title="bbox 336 2311 1984 2384">
     <span class='ocr_line' id='line_1_24' title="bbox 336 2311 1984 2384; baseline -0.002 -16"><span class='ocrx_word' id='word_1_188' title='bbox 336 2337 364 2363; x_wconf 78' lang='grc' dir='ltr'><strong>α</strong></span> <span class='ocrx_word' id='word_1_189' title='bbox 391 2313 640 2384; x_wconf 81' lang='lat' dir='ltr'>Sanguis</span> <span class='ocrx_word' id='word_1_190' title='bbox 670 2328 777 2383; x_wconf 89' lang='lat' dir='ltr'>per</span> <span class='ocrx_word' id='word_1_191' title='bbox 811 2329 987 2366; x_wconf 87' lang='lat' dir='ltr'>venas</span> <span class='ocrx_word' id='word_1_192' title='bbox 1017 2312 1079 2366; x_wconf 90' lang='lat' dir='ltr'>in</span> <span class='ocrx_word' id='word_1_193' title='bbox 1111 2328 1287 2366; x_wconf 91' lang='lat' dir='ltr'>omne</span> <span class='ocrx_word' id='word_1_194' title='bbox 1319 2328 1531 2382; x_wconf 92' lang='lat' dir='ltr'>corpus</span> <span class='ocrx_word' id='word_1_195' title='bbox 1563 2311 1984 2380; x_wconf 82' lang='lat' dir='ltr'>diffunditur,»</span> 
     </span>
    </p>
   </div>
   <div class='ocr_carea' id='block_1_25' title="bbox 335 2405 1984 2475">
    <p class='ocr_par' dir='ltr' id='par_1_25' title="bbox 335 2405 1984 2475">
     <span class='ocr_line' id='line_1_25' title="bbox 335 2405 1984 2475; baseline -0.001 -16"><span class='ocrx_word' id='word_1_196' title='bbox 335 2406 394 2461; x_wconf 90' lang='lat' dir='ltr'>id</span> <span class='ocrx_word' id='word_1_197' title='bbox 426 2411 515 2460; x_wconf 93' lang='lat' dir='ltr'>est</span> <span class='ocrx_word' id='word_1_198' title='bbox 537 2422 654 2460; x_wconf 91' lang='lat' dir='ltr'>non</span> <span class='ocrx_word' id='word_1_199' title='bbox 688 2405 748 2459; x_wconf 88' lang='lat' dir='ltr'>in</span> <span class='ocrx_word' id='word_1_200' title='bbox 771 2406 970 2459; x_wconf 87' lang='lat' dir='ltr'>omnia</span> <span class='ocrx_word' id='word_1_201' title='bbox 989 2405 1368 2475; x_wconf 89' lang='lat' dir='ltr'>corpora,sed</span> <span class='ocrx_word' id='word_1_202' title='bbox 1390 2405 1487 2458; x_wconf 80' lang='lat' dir='ltr'>«in</span> <span class='ocrx_word' id='word_1_203' title='bbox 1507 2409 1696 2459; x_wconf 89' lang='lat' dir='ltr'>totum</span> <span class='ocrx_word' id='word_1_204' title='bbox 1714 2420 1984 2474; x_wconf 77' lang='lat' dir='ltr'>corpus.»</span> 
     </span>
    </p>
   </div>
   <div class='ocr_carea' id='block_1_26' title="bbox 334 2492 1986 2566">
    <p class='ocr_par' dir='ltr' id='par_1_26' title="bbox 334 2492 1986 2566">
     <span class='ocr_line' id='line_1_26' title="bbox 334 2492 1986 2566; baseline -0.002 -17"><span class='ocrx_word' id='word_1_205' title='bbox 334 2494 497 2550; x_wconf 92' lang='lat' dir='ltr'>Idem</span> <span class='ocrx_word' id='word_1_206' title='bbox 524 2513 536 2549; x_wconf 93' lang='lat'>:</span> <span class='ocrx_word' id='word_1_207' title='bbox 573 2518 598 2545; x_wconf 84' lang='lat'><strong>«</strong></span> <span class='ocrx_word' id='word_1_208' title='bbox 629 2497 694 2549; x_wconf 89' lang='lat' dir='ltr'>In</span> <span class='ocrx_word' id='word_1_209' title='bbox 715 2496 827 2549; x_wconf 91' lang='lat' dir='ltr'>hoc</span> <span class='ocrx_word' id='word_1_210' title='bbox 845 2495 1142 2566; x_wconf 84' lang='lat' dir='ltr'>singulare</span> <span class='ocrx_word' id='word_1_211' title='bbox 1159 2494 1453 2564; x_wconf 90' lang='lat' dir='ltr'>judicium</span> <span class='ocrx_word' id='word_1_212' title='bbox 1479 2507 1655 2548; x_wconf 87' lang='lat' dir='ltr'>causa</span> <span class='ocrx_word' id='word_1_213' title='bbox 1686 2492 1986 2548; x_wconf 89' lang='lat' dir='ltr'>omnisin-</span> 
     </span>
    </p>
   </div>
   <div class='ocr_carea' id='block_1_27' title="bbox 336 2581 1990 2651">
    <p class='ocr_par' dir='ltr' id='par_1_27' title="bbox 336 2581 1990 2651">
     <span class='ocr_line' id='line_1_27' title="bbox 336 2581 1990 2651; baseline -0.002 -12"><span class='ocrx_word' id='word_1_214' title='bbox 336 2583 697 2651; x_wconf 89' lang='lat' dir='ltr'>cluderetur,</span> <span class='ocrx_word' id='word_1_215' title='bbox 734 2603 759 2636; x_wconf 74' lang='grc' dir='ltr'>ι</span> <span class='ocrx_word' id='word_1_216' title='bbox 792 2584 852 2638; x_wconf 91' lang='lat' dir='ltr'>id</span> <span class='ocrx_word' id='word_1_217' title='bbox 885 2589 976 2639; x_wconf 91' lang='lat' dir='ltr'>est</span> <span class='ocrx_word' id='word_1_218' title='bbox 1005 2601 1125 2638; x_wconf 90' lang='lat' dir='ltr'>non</span> <span class='ocrx_word' id='word_1_219' title='bbox 1155 2598 1363 2638; x_wconf 88' lang='lat' dir='ltr'>omnes</span> <span class='ocrx_word' id='word_1_220' title='bbox 1395 2599 1606 2651; x_wconf 79' lang='lat' dir='ltr'>causae,</span> <span class='ocrx_word' id='word_1_221' title='bbox 1667 2581 1770 2638; x_wconf 85' lang='lat' dir='ltr'>sed</span> <span class='ocrx_word' id='word_1_222' title='bbox 1803 2603 1832 2632; x_wconf 84' lang='lat'><strong>«</strong></span> <span class='ocrx_word' id='word_1_223' title='bbox 1863 2586 1990 2636; x_wconf 90' lang='lat' dir='ltr'>tota</span> 
     </span>
    </p>
   </div>
   <div class='ocr_carea' id='block_1_28' title="bbox 347 2673 1988 2741">
    <p class='ocr_par' dir='ltr' id='par_1_28' title="bbox 347 2673 1988 2741">
     <span class='ocr_line' id='line_1_28' title="bbox 347 2673 1988 2741; baseline -0.001 -13"><span class='ocrx_word' id='word_1_224' title='bbox 347 2675 696 2740; x_wconf 64' lang='lat' dir='ltr'>causa.tQui</span> <span class='ocrx_word' id='word_1_225' title='bbox 716 2676 892 2730; x_wconf 86' lang='lat' dir='ltr'>etiam</span> <span class='ocrx_word' id='word_1_226' title='bbox 922 2695 949 2724; x_wconf 85' lang='lat'>«</span> <span class='ocrx_word' id='word_1_227' title='bbox 973 2679 1094 2730; x_wconf 90' lang='lat' dir='ltr'>tota</span> <span class='ocrx_word' id='word_1_228' title='bbox 1112 2679 1379 2741; x_wconf 73' lang='lat' dir='ltr'>mente,»</span> <span class='ocrx_word' id='word_1_229' title='bbox 1409 2680 1467 2729; x_wconf 91' lang='lat' dir='ltr'>et</span> <span class='ocrx_word' id='word_1_230' title='bbox 1491 2695 1518 2724; x_wconf 87' lang='grc'>‹‹</span> <span class='ocrx_word' id='word_1_231' title='bbox 1552 2673 1712 2729; x_wconf 90' lang='lat' dir='ltr'>omni</span> <span class='ocrx_word' id='word_1_232' title='bbox 1735 2673 1934 2728; x_wconf 90' lang='lat' dir='ltr'>animo</span> <span class='ocrx_word' id='word_1_233' title='bbox 1960 2692 1988 2721; x_wconf 86' lang='lat'><strong>»</strong></span> 
     </span>
    </p>
   </div>
   <div class='ocr_carea' id='block_1_29' title="bbox 341 2759 1988 2836">
    <p class='ocr_par' dir='ltr' id='par_1_29' title="bbox 341 2759 1988 2836">
     <span class='ocr_line' id='line_1_29' title="bbox 341 2759 1988 2836; baseline -0.002 -18"><span class='ocrx_word' id='word_1_234' title='bbox 341 2764 551 2819; x_wconf 91' lang='lat' dir='ltr'>eadem</span> <span class='ocrx_word' id='word_1_235' title='bbox 583 2763 1016 2835; x_wconf 88' lang='lat' dir='ltr'>signiﬁcatione</span> <span class='ocrx_word' id='word_1_236' title='bbox 1071 2763 1240 2818; x_wconf 86' lang='lat' dir='ltr'>dixit.</span> <span class='ocrx_word' id='word_1_237' title='bbox 1293 2764 1638 2836; x_wconf 80' lang='lat' dir='ltr'>Hesychius,</span> <span class='ocrx_word' id='word_1_238' title='bbox 1675 2765 1802 2827; x_wconf 83' lang='grc' dir='ltr'>Πᾶς,</span> <span class='ocrx_word' id='word_1_239' title='bbox 1835 2759 1988 2831; x_wconf 75' lang='grc' dir='ltr'>ὅλος,</span> 
     </span>
    </p>
   </div>
   <div class='ocr_carea' id='block_1_30' title="bbox 335 2849 1990 2923">
    <p class='ocr_par' dir='ltr' id='par_1_30' title="bbox 335 2849 1990 2923">
     <span class='ocr_line' id='line_1_30' title="bbox 335 2849 1990 2923; baseline 0 -18"><span class='ocrx_word' id='word_1_240' title='bbox 335 2849 580 2913; x_wconf 63' lang='grc' dir='ltr'>ἕκαστος.</span> <span class='ocrx_word' id='word_1_241' title='bbox 615 2855 1028 2918; x_wconf 87' lang='lat' dir='ltr'>Homerum,ut</span> <span class='ocrx_word' id='word_1_242' title='bbox 1057 2853 1226 2920; x_wconf 89' lang='lat' dir='ltr'>solet,</span> <span class='ocrx_word' id='word_1_243' title='bbox 1249 2853 1599 2923; x_wconf 88' lang='lat' dir='ltr'>respiciens,</span> <span class='ocrx_word' id='word_1_244' title='bbox 1633 2851 1790 2923; x_wconf 90' lang='lat' dir='ltr'>apud</span> <span class='ocrx_word' id='word_1_245' title='bbox 1811 2867 1990 2922; x_wconf 89' lang='lat' dir='ltr'>quem</span> 
     </span>
    </p>
   </div>
   <div class='ocr_carea' id='block_1_31' title="bbox 343 2940 1991 3013">
    <p class='ocr_par' dir='ltr' id='par_1_31' title="bbox 343 2940 1991 3013">
     <span class='ocr_line' id='line_1_31' title="bbox 343 2940 1991 3013; baseline -0.002 -16"><span class='ocrx_word' id='word_1_246' title='bbox 343 2947 598 3013; x_wconf 88' lang='lat' dir='ltr'>utroque</span> <span class='ocrx_word' id='word_1_247' title='bbox 631 2959 810 2997; x_wconf 92' lang='lat' dir='ltr'>sensu</span> <span class='ocrx_word' id='word_1_248' title='bbox 831 2959 901 2997; x_wconf 89' lang='lat' dir='ltr'>ea</span> <span class='ocrx_word' id='word_1_249' title='bbox 930 2959 1037 2997; x_wconf 83' lang='lat' dir='ltr'>vox</span> <span class='ocrx_word' id='word_1_250' title='bbox 1063 2942 1352 3012; x_wconf 86' lang='lat' dir='ltr'>accipitur</span> <span class='ocrx_word' id='word_1_251' title='bbox 1375 2957 1387 3007; x_wconf 92' lang='lat'>;</span> <span class='ocrx_word' id='word_1_252' title='bbox 1420 2946 1622 2995; x_wconf 90' lang='lat' dir='ltr'>nostro</span> <span class='ocrx_word' id='word_1_253' title='bbox 1641 2947 1863 3008; x_wconf 88' lang='lat' dir='ltr'>autem,</span> <span class='ocrx_word' id='word_1_254' title='bbox 1889 2940 1991 2995; x_wconf 91' lang='lat' dir='ltr'>ubi</span> 
     </span>
    </p>
   </div>
   <div class='ocr_carea' id='block_1_32' title="bbox 339 3026 1991 3103">
    <p class='ocr_par' dir='ltr' id='par_1_32' title="bbox 339 3026 1991 3103">
     <span class='ocr_line' id='line_1_32' title="bbox 339 3026 1991 3103; baseline -0.001 -17"><span class='ocrx_word' id='word_1_255' title='bbox 339 3031 410 3086; x_wconf 92' lang='lat' dir='ltr'>de</span> <span class='ocrx_word' id='word_1_256' title='bbox 445 3033 688 3086; x_wconf 82' lang='lat' dir='ltr'>Hectore</span> <span class='ocrx_word' id='word_1_257' title='bbox 712 3033 850 3103; x_wconf 80' lang='lat' dir='ltr'>agit.</span> <span class='ocrx_word' id='word_1_258' title='bbox 883 3033 996 3090; x_wconf 82' lang='grc' dir='ltr'>Πᾶς</span> <span class='ocrx_word' id='word_1_259' title='bbox 1056 3028 1102 3082; x_wconf 86' lang='grc' dir='ltr'>δ’</span> <span class='ocrx_word' id='word_1_260' title='bbox 1159 3027 1262 3103; x_wconf 82' lang='grc' dir='ltr'>ἄρα</span> <span class='ocrx_word' id='word_1_261' title='bbox 1318 3026 1515 3103; x_wconf 77' lang='grc' dir='ltr'>χαλκῷ</span> <span class='ocrx_word' id='word_1_262' title='bbox 1548 3027 1742 3101; x_wconf 81' lang='grc' dir='ltr'>λάμφ’,</span> <span class='ocrx_word' id='word_1_263' title='bbox 1772 3052 1800 3079; x_wconf 89' lang='grc'><strong><em>‹‹</em></strong></span> <span class='ocrx_word' id='word_1_264' title='bbox 1835 3035 1991 3084; x_wconf 88' lang='lat' dir='ltr'>totus</span> 
     </span>
    </p>
   </div>
   <div class='ocr_carea' id='block_1_33' title="bbox 340 3118 1774 3192">
    <p class='ocr_par' dir='ltr' id='par_1_33' title="bbox 340 3118 1774 3192">
     <span class='ocr_line' id='line_1_33' title="bbox 340 3118 1774 3192; baseline -0.002 -18"><span class='ocrx_word' id='word_1_265' title='bbox 340 3137 456 3176; x_wconf 71' lang='lat' dir='ltr'>mre</span> <span class='ocrx_word' id='word_1_266' title='bbox 495 3120 865 3192; x_wconf 87' lang='lat' dir='ltr'>splendebat,</span> <span class='ocrx_word' id='word_1_267' title='bbox 899 3143 926 3170; x_wconf 86' lang='lat'>»</span> <span class='ocrx_word' id='word_1_268' title='bbox 969 3125 1036 3174; x_wconf 89' lang='lat' dir='ltr'>ut</span> <span class='ocrx_word' id='word_1_269' title='bbox 1065 3120 1135 3174; x_wconf 93' lang='lat' dir='ltr'>de</span> <span class='ocrx_word' id='word_1_270' title='bbox 1167 3119 1376 3174; x_wconf 90' lang='lat' dir='ltr'>eodem</span> <span class='ocrx_word' id='word_1_271' title='bbox 1408 3118 1726 3190; x_wconf 89' lang='lat' dir='ltr'>Sophocles</span> <span class='ocrx_word' id='word_1_272' title='bbox 1762 3135 1774 3171; x_wconf 90' lang='lat'>:</span> 
     </span>
    </p>
   </div>
   <div class='ocr_carea' id='block_1_34' title="bbox 613 3207 1711 3282">
    <p class='ocr_par' dir='ltr' id='par_1_34' title="bbox 613 3207 1711 3282">
     <span class='ocr_line' id='line_1_34' title="bbox 613 3207 1711 3282; baseline -0.004 -16"><span class='ocrx_word' id='word_1_273' title='bbox 613 3213 800 3273; x_wconf 83' lang='grc' dir='ltr'>Κεῖνος</span> <span class='ocrx_word' id='word_1_274' title='bbox 831 3207 886 3264; x_wconf 75' lang='grc' dir='ltr'>δὲ</span> <span class='ocrx_word' id='word_1_275' title='bbox 916 3208 1062 3282; x_wconf 81' lang='grc' dir='ltr'>λύπῃ</span> <span class='ocrx_word' id='word_1_276' title='bbox 1110 3213 1205 3271; x_wconf 78' lang='grc' dir='ltr'>κᾶς</span> <span class='ocrx_word' id='word_1_277' title='bbox 1241 3207 1514 3264; x_wconf 53' lang='grc' dir='ltr'>ἒλύλαται</span> <span class='ocrx_word' id='word_1_278' title='bbox 1542 3212 1711 3281; x_wconf 77' lang='grc' dir='ltr'>καπῇ.</span> 
     </span>
    </p>
   </div>
   <div class='ocr_carea' id='block_1_35' title="bbox 342 3291 1988 3366">
    <p class='ocr_par' dir='ltr' id='par_1_35' title="bbox 342 3291 1988 3366">
     <span class='ocr_line' id='line_1_35' title="bbox 342 3291 1988 3366; baseline -0.005 -11"><span class='ocrx_word' id='word_1_279' title='bbox 342 3298 448 3355; x_wconf 87' lang='lat' dir='ltr'>Ubi</span> <span class='ocrx_word' id='word_1_280' title='bbox 470 3297 784 3353; x_wconf 89' lang='lat' dir='ltr'>Triclinius</span> <span class='ocrx_word' id='word_1_281' title='bbox 801 3313 814 3351; x_wconf 91' lang='lat'>:</span> <span class='ocrx_word' id='word_1_282' title='bbox 833 3295 908 3350; x_wconf 87' lang='grc' dir='ltr'>Τὸ</span> <span class='ocrx_word' id='word_1_283' title='bbox 936 3298 1038 3356; x_wconf 81' lang='grc' dir='ltr'>πᾶς</span> <span class='ocrx_word' id='word_1_284' title='bbox 1055 3293 1310 3363; x_wconf 74' lang='grc' dir='ltr'>εἶπεν,’ῐνα</span> <span class='ocrx_word' id='word_1_285' title='bbox 1341 3293 1485 3366; x_wconf 72' lang='grc' dir='ltr'>δείξῃ</span> <span class='ocrx_word' id='word_1_286' title='bbox 1507 3295 1580 3355; x_wconf 86' lang='grc' dir='ltr'>ὡς</span> <span class='ocrx_word' id='word_1_287' title='bbox 1605 3293 1734 3354; x_wconf 75' lang='grc' dir='ltr'>ὅλος</span> <span class='ocrx_word' id='word_1_288' title='bbox 1766 3298 1866 3361; x_wconf 82' lang='grc' dir='ltr'>τῆς</span> <span class='ocrx_word' id='word_1_289' title='bbox 1889 3291 1988 3348; x_wconf 80' lang='grc' dir='ltr'>λύ-</span> 
     </span>
    </p>
   </div>
   <div class='ocr_carea' id='block_1_36' title="bbox 339 3382 1994 3458">
    <p class='ocr_par' dir='ltr' id='par_1_36' title="bbox 339 3382 1994 3458">
     <span class='ocr_line' id='line_1_36' title="bbox 339 3382 1994 3458; baseline -0.002 -17"><span class='ocrx_word' id='word_1_290' title='bbox 339 3407 448 3455; x_wconf 84' lang='grc' dir='ltr'>πης</span> <span class='ocrx_word' id='word_1_291' title='bbox 464 3385 702 3458; x_wconf 76' lang='grc' dir='ltr'>γὲγονε.‹‹</span> <span class='ocrx_word' id='word_1_292' title='bbox 719 3386 876 3441; x_wconf 81' lang='lat' dir='ltr'>Dixit</span> <span class='ocrx_word' id='word_1_293' title='bbox 893 3388 1090 3455; x_wconf 54' lang='grc' dir='ltr'>πᾶςμιι</span> <span class='ocrx_word' id='word_1_294' title='bbox 1106 3385 1446 3440; x_wconf 87' lang='lat' dir='ltr'>ostenderet</span> <span class='ocrx_word' id='word_1_295' title='bbox 1459 3400 1590 3438; x_wconf 90' lang='lat' dir='ltr'>eum</span> <span class='ocrx_word' id='word_1_296' title='bbox 1609 3387 1796 3437; x_wconf 90' lang='lat' dir='ltr'>totum</span> <span class='ocrx_word' id='word_1_297' title='bbox 1812 3382 1994 3438; x_wconf 89' lang='lat' dir='ltr'>fuisse</span> 
     </span>
    </p>
   </div>
   <div class='ocr_carea' id='block_1_37' title="bbox 342 3470 1997 3547">
    <p class='ocr_par' dir='ltr' id='par_1_37' title="bbox 342 3470 1997 3547">
     <span class='ocr_line' id='line_1_37' title="bbox 342 3470 1997 3547; baseline -0.003 -16"><span class='ocrx_word' id='word_1_298' title='bbox 342 3477 544 3533; x_wconf 91' lang='lat' dir='ltr'>dolore</span> <span class='ocrx_word' id='word_1_299' title='bbox 567 3476 969 3547; x_wconf 86' lang='lat' dir='ltr'>absorptum.»</span> <span class='ocrx_word' id='word_1_300' title='bbox 993 3475 1137 3528; x_wconf 77' lang='lat' dir='ltr'>Hinc</span> <span class='ocrx_word' id='word_1_301' title='bbox 1152 3473 1252 3528; x_wconf 92' lang='lat' dir='ltr'>illa</span> <span class='ocrx_word' id='word_1_302' title='bbox 1275 3471 1555 3543; x_wconf 89' lang='lat' dir='ltr'>loquendi</span> <span class='ocrx_word' id='word_1_303' title='bbox 1578 3470 1833 3526; x_wconf 88' lang='lat' dir='ltr'>formula</span> <span class='ocrx_word' id='word_1_304' title='bbox 1845 3471 1997 3526; x_wconf 62' lang='lat' dir='ltr'>Grie-</span> 
     </span>
    </p>
   </div>
   <div class='ocr_carea' id='block_1_38' title="bbox 343 3556 1999 3633">
    <p class='ocr_par' dir='ltr' id='par_1_38' title="bbox 343 3556 1999 3633">
     <span class='ocr_line' id='line_1_38' title="bbox 343 3556 1999 3633; baseline -0.007 -11"><span class='ocrx_word' id='word_1_305' title='bbox 343 3567 428 3622; x_wconf 89' lang='lat' dir='ltr'>cis</span> <span class='ocrx_word' id='word_1_306' title='bbox 448 3565 781 3633; x_wconf 86' lang='lat' dir='ltr'>familiaris,</span> <span class='ocrx_word' id='word_1_307' title='bbox 809 3564 999 3620; x_wconf 83' lang='lat' dir='ltr'>Suidae</span> <span class='ocrx_word' id='word_1_308' title='bbox 1050 3562 1354 3618; x_wconf 87' lang='lat' dir='ltr'>observata</span> <span class='ocrx_word' id='word_1_309' title='bbox 1389 3579 1401 3616; x_wconf 92' lang='lat'>:</span> <span class='ocrx_word' id='word_1_310' title='bbox 1434 3556 1605 3620; x_wconf 87' lang='grc' dir='ltr'>Ὅλος</span> <span class='ocrx_word' id='word_1_311' title='bbox 1644 3558 1732 3612; x_wconf 81' lang='grc' dir='ltr'>καὶ</span> <span class='ocrx_word' id='word_1_312' title='bbox 1766 3562 1891 3621; x_wconf 85' lang='grc' dir='ltr'>πᾶς.</span> <span class='ocrx_word' id='word_1_313' title='bbox 1927 3561 1999 3615; x_wconf 89' lang='lat' dir='ltr'>Ut</span> 
     </span>
    </p>
   </div>
   <div class='ocr_carea' id='block_1_39' title="bbox 343 3649 2000 3730">
    <p class='ocr_par' dir='ltr' id='par_1_39' title="bbox 343 3649 2000 3730">
     <span class='ocr_line' id='line_1_39' title="bbox 343 3649 2000 3730; baseline -0.005 -18"><span class='ocrx_word' id='word_1_314' title='bbox 343 3657 523 3729; x_wconf 78' lang='lat' dir='ltr'>igitur</span> <span class='ocrx_word' id='word_1_315' title='bbox 548 3658 692 3709; x_wconf 82' lang='grc' dir='ltr'>πᾶσα</span> <span class='ocrx_word' id='word_1_316' title='bbox 721 3652 1124 3730; x_wconf 73' lang='grc' dir='ltr'>γραφή,νθιθι’ἱ</span> <span class='ocrx_word' id='word_1_317' title='bbox 1147 3651 1512 3722; x_wconf 88' lang='lat' dir='ltr'>interpreti,«</span> <span class='ocrx_word' id='word_1_318' title='bbox 1529 3649 1723 3704; x_wconf 90' lang='lat' dir='ltr'>omnis</span> <span class='ocrx_word' id='word_1_319' title='bbox 1753 3650 2000 3720; x_wconf 88' lang='lat' dir='ltr'>scriptu-</span> 
     </span>
    </p>
   </div>
   <div class='ocr_carea' id='block_1_40' title="bbox 341 3738 1994 3817">
    <p class='ocr_par' dir='ltr' id='par_1_40' title="bbox 341 3738 1994 3817">
     <span class='ocr_line' id='line_1_40' title="bbox 341 3738 1994 3817; baseline -0.007 -15"><span class='ocrx_word' id='word_1_320' title='bbox 341 3763 427 3817; x_wconf 87' lang='lat' dir='ltr'>ra,</span> <span class='ocrx_word' id='word_1_321' title='bbox 453 3745 790 3801; x_wconf 76' lang='lat' dir='ltr'>nTheodoro</span> <span class='ocrx_word' id='word_1_322' title='bbox 808 3746 986 3813; x_wconf 78' lang='lat' dir='ltr'>Bezaa,</span> <span class='ocrx_word' id='word_1_323' title='bbox 1011 3747 1164 3797; x_wconf 69' lang='lat' dir='ltr'>ctota</span> <span class='ocrx_word' id='word_1_324' title='bbox 1184 3741 1477 3811; x_wconf 88' lang='lat' dir='ltr'>scriptura</span> <span class='ocrx_word' id='word_1_325' title='bbox 1495 3757 1508 3808; x_wconf 92' lang='lat'>;</span> <span class='ocrx_word' id='word_1_326' title='bbox 1525 3739 1643 3794; x_wconf 88' lang='lat' dir='ltr'>»ita</span> <span class='ocrx_word' id='word_1_327' title='bbox 1658 3739 1754 3795; x_wconf 91' lang='lat' dir='ltr'>hic</span> <span class='ocrx_word' id='word_1_328' title='bbox 1769 3739 1824 3792; x_wconf 70' lang='grc' dir='ltr'>ἓν</span> <span class='ocrx_word' id='word_1_329' title='bbox 1847 3738 1994 3812; x_wconf 81' lang='grc' dir='ltr'>πάσῃ</span> 
     </span>
    </p>
   </div>
   <div class='ocr_carea' id='block_1_41' title="bbox 352 3830 2000 3908">
    <p class='ocr_par' dir='ltr' id='par_1_41' title="bbox 352 3830 2000 3908">
     <span class='ocr_line' id='line_1_41' title="bbox 352 3830 2000 3908; baseline -0.002 -20"><span class='ocrx_word' id='word_1_330' title='bbox 352 3833 642 3908; x_wconf 77' lang='grc' dir='ltr'>ἐπιστολῇ,</span> <span class='ocrx_word' id='word_1_331' title='bbox 677 3861 696 3886; x_wconf 84' lang='grc' dir='ltr'>ι</span> <span class='ocrx_word' id='word_1_332' title='bbox 720 3837 783 3891; x_wconf 91' lang='lat' dir='ltr'>in</span> <span class='ocrx_word' id='word_1_333' title='bbox 817 3835 1034 3902; x_wconf 78' lang='lat' dir='ltr'>omni,»</span> <span class='ocrx_word' id='word_1_334' title='bbox 1057 3833 1168 3888; x_wconf 90' lang='lat' dir='ltr'>hoc</span> <span class='ocrx_word' id='word_1_335' title='bbox 1196 3835 1285 3886; x_wconf 88' lang='lat' dir='ltr'>est</span> <span class='ocrx_word' id='word_1_336' title='bbox 1316 3853 1342 3881; x_wconf 93' lang='grc'>‹‹</span> <span class='ocrx_word' id='word_1_337' title='bbox 1377 3830 1439 3886; x_wconf 90' lang='lat' dir='ltr'>in</span> <span class='ocrx_word' id='word_1_338' title='bbox 1471 3835 1593 3887; x_wconf 91' lang='lat' dir='ltr'>tota</span> <span class='ocrx_word' id='word_1_339' title='bbox 1614 3831 2000 3903; x_wconf 85' lang='lat' dir='ltr'>epistola.»Ut</span> 
     </span>
    </p>
   </div>
   <div class='ocr_carea' id='block_1_42' title="bbox 344 3919 1999 3988">
    <p class='ocr_par' dir='ltr' id='par_1_42' title="bbox 344 3919 1999 3988">
     <span class='ocr_line' id='line_1_42' title="bbox 344 3919 1999 3988; baseline -0.004 -8"><span class='ocrx_word' id='word_1_340' title='bbox 344 3925 620 3980; x_wconf 90' lang='lat' dir='ltr'>Clemens</span> <span class='ocrx_word' id='word_1_341' title='bbox 649 3922 1090 3980; x_wconf 80' lang='lat' dir='ltr'>Alexandrinus</span> <span class='ocrx_word' id='word_1_342' title='bbox 1111 3922 1374 3977; x_wconf 84' lang='lat' dir='ltr'>Stromat.</span> <span class='ocrx_word' id='word_1_343' title='bbox 1407 3919 1510 3975; x_wconf 90' lang='lat' dir='ltr'>lib.</span> <span class='ocrx_word' id='word_1_344' title='bbox 1534 3936 1589 3988; x_wconf 95' lang='lat' dir='ltr'>v,</span> <span class='ocrx_word' id='word_1_345' title='bbox 1619 3920 1725 3976; x_wconf 92' lang='lat' dir='ltr'>illa</span> <span class='ocrx_word' id='word_1_346' title='bbox 1746 3921 1800 3976; x_wconf 92' lang='lat' dir='ltr'>S.</span> <span class='ocrx_word' id='word_1_347' title='bbox 1835 3919 1999 3975; x_wconf 87' lang='lat' dir='ltr'>Pauli</span> 
     </span>
    </p>
   </div>
   <div class='ocr_carea' id='block_1_43' title="bbox 345 4003 1996 4088">
    <p class='ocr_par' dir='ltr' id='par_1_43' title="bbox 345 4003 1996 4088">
     <span class='ocr_line' id='line_1_43' title="bbox 345 4003 1996 4088; baseline -0.005 -21"><span class='ocrx_word' id='word_1_348' title='bbox 345 4012 435 4068; x_wconf 80' lang='grc' dir='ltr'>ἳνα</span> <span class='ocrx_word' id='word_1_349' title='bbox 484 4013 920 4088; x_wconf 77' lang='grc' dir='ltr'>παραστήσωμεν</span> <span class='ocrx_word' id='word_1_350' title='bbox 967 4008 1140 4064; x_wconf 85' lang='grc' dir='ltr'>πάντα</span> <span class='ocrx_word' id='word_1_351' title='bbox 1183 4007 1460 4081; x_wconf 79' lang='grc' dir='ltr'>ἄνθρωπον</span> <span class='ocrx_word' id='word_1_352' title='bbox 1505 4003 1720 4063; x_wconf 81' lang='grc' dir='ltr'>τέλειον</span> <span class='ocrx_word' id='word_1_353' title='bbox 1783 4006 1836 4061; x_wconf 73' lang='grc' dir='ltr'>ἐν</span> <span class='ocrx_word' id='word_1_354' title='bbox 1864 4007 1996 4081; x_wconf 84' lang='grc' dir='ltr'>Χρι-</span> 
     </span>
    </p>
   </div>
   <div class='ocr_carea' id='block_1_44' title="bbox 347 4093 1995 4173">
    <p class='ocr_par' dir='ltr' id='par_1_44' title="bbox 347 4093 1995 4173">
     <span class='ocr_line' id='line_1_44' title="bbox 347 4093 1995 4173; baseline -0.004 -18"><span class='ocrx_word' id='word_1_355' title='bbox 347 4105 480 4173; x_wconf 79' lang='grc' dir='ltr'>στῷ,</span> <span class='ocrx_word' id='word_1_356' title='bbox 514 4103 960 4172; x_wconf 83' lang='lat' dir='ltr'>interpretatur,</span> <span class='ocrx_word' id='word_1_357' title='bbox 997 4095 1056 4152; x_wconf 83' lang='grc' dir='ltr'>οὐ</span> <span class='ocrx_word' id='word_1_358' title='bbox 1089 4100 1259 4152; x_wconf 76' lang='grc' dir='ltr'>πάντα</span> <span class='ocrx_word' id='word_1_359' title='bbox 1307 4095 1499 4158; x_wconf 81' lang='grc' dir='ltr'>ἁπλῶς</span> <span class='ocrx_word' id='word_1_360' title='bbox 1547 4094 1848 4170; x_wconf 76' lang='grc' dir='ltr'>ἄνθρωπον,</span> <span class='ocrx_word' id='word_1_361' title='bbox 1881 4093 1995 4149; x_wconf 68' lang='grc' dir='ltr'>ἐπεὶ</span> 
     </span>
    </p>
   </div>
   <div class='ocr_carea' id='block_1_45' title="bbox 347 4174 1998 4258">
    <p class='ocr_par' dir='ltr' id='par_1_45' title="bbox 347 4174 1998 4258">
     <span class='ocr_line' id='line_1_45' title="bbox 417 4174 1965 4218; baseline -0.005 -9"><span class='ocrx_word' id='word_1_362' title='bbox 417 4174 419 4178; x_wconf 79' lang='grc'><em>’</em></span> <span class='ocrx_word' id='word_1_363' title='bbox 475 4189 488 4207; x_wconf 65' lang='grc' dir='ltr'><strong>ς</strong></span> <span class='ocrx_word' id='word_1_364' title='bbox 579 4187 604 4208; x_wconf 70' lang='grc' dir='ltr'><strong><em>ν</em></strong></span> <span class='ocrx_word' id='word_1_365' title='bbox 801 4185 825 4204; x_wconf 75' lang='grc' dir='ltr'>ν</span> <span class='ocrx_word' id='word_1_366' title='bbox 1025 4205 1037 4218; x_wconf 78' lang='lat'><em>_</em></span> <span class='ocrx_word' id='word_1_367' title='bbox 1143 4185 1156 4206; x_wconf 74' lang='grc'><strong>›</strong></span> <span class='ocrx_word' id='word_1_368' title='bbox 1200 4186 1216 4206; x_wconf 86' lang='lat'><strong><em>\</em></strong></span> <span class='ocrx_word' id='word_1_369' title='bbox 1503 4185 1513 4204; x_wconf 79' lang='grc' dir='ltr'><em>ν</em></span> <span class='ocrx_word' id='word_1_370' title='bbox 1697 4185 1709 4202; x_wconf 62' lang='grc' dir='ltr'><em>κ</em></span> <span class='ocrx_word' id='word_1_371' title='bbox 1952 4183 1965 4202; x_wconf 73' lang='grc' dir='ltr'><em>ι</em></span> 
     </span>
     <span class='ocr_line' id='line_1_46' title="bbox 347 4183 1998 4258; baseline -0.004 -14"><span class='ocrx_word' id='word_1_372' title='bbox 347 4187 524 4253; x_wconf 81' lang='grc' dir='ltr'>οὖδεις</span> <span class='ocrx_word' id='word_1_373' title='bbox 572 4211 632 4242; x_wconf 85' lang='grc' dir='ltr'>αν</span> <span class='ocrx_word' id='word_1_374' title='bbox 692 4189 758 4255; x_wconf 81' lang='grc' dir='ltr'>ἦν</span> <span class='ocrx_word' id='word_1_375' title='bbox 791 4206 1016 4248; x_wconf 82' lang='grc' dir='ltr'>απιστος</span> <span class='ocrx_word' id='word_1_376' title='bbox 1103 4183 1226 4241; x_wconf 86' lang='grc' dir='ltr'>ουδε</span> <span class='ocrx_word' id='word_1_377' title='bbox 1287 4187 1393 4258; x_wconf 84' lang='grc' dir='ltr'>μὴν</span> <span class='ocrx_word' id='word_1_378' title='bbox 1443 4206 1617 4240; x_wconf 83' lang='grc' dir='ltr'>παντα</span> <span class='ocrx_word' id='word_1_379' title='bbox 1656 4205 1748 4240; x_wconf 88' lang='grc' dir='ltr'>τον</span> <span class='ocrx_word' id='word_1_380' title='bbox 1780 4204 1998 4239; x_wconf 72' lang='grc' dir='ltr'>πιστευ-</span> 
     </span>
    </p>
   </div>
   <div class='ocr_carea' id='block_1_46' title="bbox 351 4271 1996 4350">
    <p class='ocr_par' dir='ltr' id='par_1_46' title="bbox 351 4271 1996 4350">
     <span class='ocr_line' id='line_1_47' title="bbox 351 4271 1996 4350; baseline -0.004 -16"><span class='ocrx_word' id='word_1_381' title='bbox 351 4299 482 4334; x_wconf 74' lang='grc' dir='ltr'>οντα</span> <span class='ocrx_word' id='word_1_382' title='bbox 508 4274 718 4332; x_wconf 80' lang='grc' dir='ltr'>τέλειον</span> <span class='ocrx_word' id='word_1_383' title='bbox 752 4275 804 4330; x_wconf 84' lang='grc' dir='ltr'>ἐν</span> <span class='ocrx_word' id='word_1_384' title='bbox 863 4277 1103 4350; x_wconf 83' lang='grc' dir='ltr'>Χριστῷ,</span> <span class='ocrx_word' id='word_1_385' title='bbox 1162 4272 1310 4330; x_wconf 74' lang='grc' dir='ltr'>ἀλλᾶ</span> <span class='ocrx_word' id='word_1_386' title='bbox 1366 4275 1540 4329; x_wconf 84' lang='grc' dir='ltr'>πάντα.</span> <span class='ocrx_word' id='word_1_387' title='bbox 1591 4271 1870 4348; x_wconf 69' lang='grc' dir='ltr'>ἄνθρωπον</span> <span class='ocrx_word' id='word_1_388' title='bbox 1907 4271 1996 4328; x_wconf 76' lang='grc' dir='ltr'>λέ·</span> 
     </span>
    </p>
   </div>
   <div class='ocr_carea' id='block_1_47' title="bbox 345 4359 1996 4440">
    <p class='ocr_par' dir='ltr' id='par_1_47' title="bbox 345 4359 1996 4440">
     <span class='ocr_line' id='line_1_48' title="bbox 345 4359 1996 4440; baseline -0.002 -20"><span class='ocrx_word' id='word_1_389' title='bbox 345 4386 452 4440; x_wconf 78' lang='grc' dir='ltr'><strong>γει,</strong></span> <span class='ocrx_word' id='word_1_390' title='bbox 486 4365 558 4426; x_wconf 84' lang='grc' dir='ltr'>ὡς</span> <span class='ocrx_word' id='word_1_391' title='bbox 591 4361 781 4433; x_wconf 78' lang='grc' dir='ltr'>εἰπεῖν,</span> <span class='ocrx_word' id='word_1_392' title='bbox 813 4362 944 4418; x_wconf 82' lang='grc' dir='ltr'>δλον</span> <span class='ocrx_word' id='word_1_393' title='bbox 1001 4364 1092 4418; x_wconf 89' lang='grc' dir='ltr'>τὸν</span> <span class='ocrx_word' id='word_1_394' title='bbox 1151 4359 1453 4437; x_wconf 76' lang='grc' dir='ltr'>ἄνθρωπον,</span> <span class='ocrx_word' id='word_1_395' title='bbox 1515 4364 1633 4417; x_wconf 81' lang='grc' dir='ltr'>οἷον</span> <span class='ocrx_word' id='word_1_396' title='bbox 1664 4363 1878 4436; x_wconf 85' lang='grc' dir='ltr'>σώματι</span> <span class='ocrx_word' id='word_1_397' title='bbox 1908 4362 1996 4416; x_wconf 73' lang='grc' dir='ltr'>καὶ</span> 
     </span>
    </p>
   </div>
   <div class='ocr_carea' id='block_1_48' title="bbox 347 4452 1999 4528">
    <p class='ocr_par' dir='ltr' id='par_1_48' title="bbox 347 4452 1999 4528">
     <span class='ocr_line' id='line_1_49' title="bbox 347 4452 1999 4528; baseline 0 -21"><span class='ocrx_word' id='word_1_398' title='bbox 347 4456 504 4528; x_wconf 78' lang='grc' dir='ltr'>ψυχῇ</span> <span class='ocrx_word' id='word_1_399' title='bbox 535 4455 884 4526; x_wconf 71' lang='grc' dir='ltr'>ἡγνισμένον.</span> <span class='ocrx_word' id='word_1_400' title='bbox 919 4455 1089 4508; x_wconf 83' lang='lat' dir='ltr'>«Non</span> <span class='ocrx_word' id='word_1_401' title='bbox 1120 4469 1359 4508; x_wconf 89' lang='lat' dir='ltr'>omnem</span> <span class='ocrx_word' id='word_1_402' title='bbox 1391 4455 1698 4510; x_wconf 89' lang='lat' dir='ltr'>hominem</span> <span class='ocrx_word' id='word_1_403' title='bbox 1714 4452 1999 4519; x_wconf 88' lang='lat' dir='ltr'>absolute,</span> 
     </span>
    </p>
   </div>
   <div class='ocr_carea' id='block_1_49' title="bbox 354 4541 2000 4618">
    <p class='ocr_par' dir='ltr' id='par_1_49' title="bbox 354 4541 2000 4618">
     <span class='ocr_line' id='line_1_50' title="bbox 354 4541 2000 4618; baseline -0.002 -18"><span class='ocrx_word' id='word_1_404' title='bbox 354 4544 636 4618; x_wconf 91' lang='lat' dir='ltr'>quoniam</span> <span class='ocrx_word' id='word_1_405' title='bbox 667 4542 866 4598; x_wconf 90' lang='lat' dir='ltr'>nullus</span> <span class='ocrx_word' id='word_1_406' title='bbox 898 4548 1055 4598; x_wconf 91' lang='lat' dir='ltr'>esset</span> <span class='ocrx_word' id='word_1_407' title='bbox 1074 4542 1336 4598; x_wconf 90' lang='lat' dir='ltr'>inﬁdelis</span> <span class='ocrx_word' id='word_1_408' title='bbox 1360 4543 1495 4609; x_wconf 86' lang='lat' dir='ltr'>;sed</span> <span class='ocrx_word' id='word_1_409' title='bbox 1517 4559 1625 4598; x_wconf 88' lang='lat' dir='ltr'>nec</span> <span class='ocrx_word' id='word_1_410' title='bbox 1641 4558 1882 4598; x_wconf 87' lang='lat' dir='ltr'>omnem</span> <span class='ocrx_word' id='word_1_411' title='bbox 1900 4541 2000 4612; x_wconf 92' lang='lat' dir='ltr'>qui</span> 
     </span>
    </p>
   </div>
   <div class='ocr_carea' id='block_1_50' title="bbox 2083 609 3737 686">
    <p class='ocr_par' dir='ltr' id='par_1_50' title="bbox 2083 609 3737 686">
     <span class='ocr_line' id='line_1_51' title="bbox 2083 609 3737 686; baseline 0.004 -22"><span class='ocrx_word' id='word_1_412' title='bbox 2083 611 2234 665; x_wconf 87' lang='lat' dir='ltr'>riam</span> <span class='ocrx_word' id='word_1_413' title='bbox 2266 627 2470 665; x_wconf 89' lang='lat' dir='ltr'>eorum</span> <span class='ocrx_word' id='word_1_414' title='bbox 2499 611 2694 666; x_wconf 85' lang='lat' dir='ltr'>facere</span> <span class='ocrx_word' id='word_1_415' title='bbox 2725 611 2785 665; x_wconf 91' lang='lat' dir='ltr'>in</span> <span class='ocrx_word' id='word_1_416' title='bbox 2807 613 2943 666; x_wconf 85' lang='lat' dir='ltr'>Jesu</span> <span class='ocrx_word' id='word_1_417' title='bbox 2965 609 3195 665; x_wconf 89' lang='lat' dir='ltr'>Christo</span> <span class='ocrx_word' id='word_1_418' title='bbox 3218 611 3244 665; x_wconf 82' lang='lat'>‘?</span> <span class='ocrx_word' id='word_1_419' title='bbox 3267 612 3400 667; x_wconf 78' lang='lat' dir='ltr'>Haec</span> <span class='ocrx_word' id='word_1_420' title='bbox 3417 629 3452 666; x_wconf 91' lang='lat' dir='ltr'>a</span> <span class='ocrx_word' id='word_1_421' title='bbox 3476 620 3737 686; x_wconf 81' lang='lat' dir='ltr'>martyre</span> 
     </span>
    </p>
   </div>
   <div class='ocr_carea' id='block_1_51' title="bbox 2085 699 3746 774">
    <p class='ocr_par' dir='ltr' id='par_1_51' title="bbox 2085 699 3746 774">
     <span class='ocr_line' id='line_1_52' title="bbox 2085 699 3746 774; baseline 0.003 -19"><span class='ocrx_word' id='word_1_422' title='bbox 2085 717 2206 755; x_wconf 90' lang='lat' dir='ltr'>non</span> <span class='ocrx_word' id='word_1_423' title='bbox 2236 700 2424 755; x_wconf 91' lang='lat' dir='ltr'>otiose</span> <span class='ocrx_word' id='word_1_424' title='bbox 2456 704 2557 755; x_wconf 91' lang='lat' dir='ltr'>aut</span> <span class='ocrx_word' id='word_1_425' title='bbox 2587 699 2816 771; x_wconf 83' lang='lat' dir='ltr'>frigide,</span> <span class='ocrx_word' id='word_1_426' title='bbox 2852 700 2954 755; x_wconf 91' lang='lat' dir='ltr'>sed</span> <span class='ocrx_word' id='word_1_427' title='bbox 2985 717 3144 769; x_wconf 82' lang='lat' dir='ltr'>vere,</span> <span class='ocrx_word' id='word_1_428' title='bbox 3182 700 3302 755; x_wconf 89' lang='lat' dir='ltr'>imo</span> <span class='ocrx_word' id='word_1_429' title='bbox 3347 702 3654 774; x_wconf 84' lang='lat' dir='ltr'>signanter</span> <span class='ocrx_word' id='word_1_430' title='bbox 3684 709 3746 760; x_wconf 88' lang='lat' dir='ltr'>et</span> 
     </span>
    </p>
   </div>
   <div class='ocr_carea' id='block_1_52' title="bbox 2083 789 3744 865">
    <p class='ocr_par' dir='ltr' id='par_1_52' title="bbox 2083 789 3744 865">
     <span class='ocr_line' id='line_1_53' title="bbox 2083 789 3744 865; baseline 0.003 -22"><span class='ocrx_word' id='word_1_431' title='bbox 2083 789 2395 862; x_wconf 80' lang='lat' dir='ltr'>vigilanter</span> <span class='ocrx_word' id='word_1_432' title='bbox 2414 789 2571 845; x_wconf 90' lang='lat' dir='ltr'>dicta</span> <span class='ocrx_word' id='word_1_433' title='bbox 2599 795 2757 844; x_wconf 88' lang='lat' dir='ltr'>sunt.</span> <span class='ocrx_word' id='word_1_434' title='bbox 2793 791 2932 844; x_wconf 88' lang='lat' dir='ltr'>Tota</span> <span class='ocrx_word' id='word_1_435' title='bbox 2964 789 3124 845; x_wconf 89' lang='lat' dir='ltr'>enim</span> <span class='ocrx_word' id='word_1_436' title='bbox 3157 790 3410 861; x_wconf 90' lang='lat' dir='ltr'>epistola</span> <span class='ocrx_word' id='word_1_437' title='bbox 3447 791 3521 847; x_wconf 93' lang='lat' dir='ltr'>ad</span> <span class='ocrx_word' id='word_1_438' title='bbox 3545 794 3744 865; x_wconf 90' lang='lat' dir='ltr'>Ephe-</span> 
     </span>
    </p>
   </div>
   <div class='ocr_carea' id='block_1_53' title="bbox 2088 879 3751 952">
    <p class='ocr_par' dir='ltr' id='par_1_53' title="bbox 2088 879 3751 952">
     <span class='ocr_line' id='line_1_54' title="bbox 2088 879 3751 952; baseline 0.002 -18"><span class='ocrx_word' id='word_1_439' title='bbox 2088 879 2207 934; x_wconf 88' lang='lat' dir='ltr'>sios</span> <span class='ocrx_word' id='word_1_440' title='bbox 2238 879 2476 950; x_wconf 88' lang='lat' dir='ltr'>scripta,</span> <span class='ocrx_word' id='word_1_441' title='bbox 2507 879 2665 950; x_wconf 90' lang='lat' dir='ltr'>ipsos</span> <span class='ocrx_word' id='word_1_442' title='bbox 2698 880 3000 951; x_wconf 89' lang='lat' dir='ltr'>Ephesios,</span> <span class='ocrx_word' id='word_1_443' title='bbox 3025 897 3348 952; x_wconf 90' lang='lat' dir='ltr'>eorumque</span> <span class='ocrx_word' id='word_1_444' title='bbox 3371 881 3657 937; x_wconf 88' lang='lat' dir='ltr'>honorem</span> <span class='ocrx_word' id='word_1_445' title='bbox 3685 888 3751 938; x_wconf 93' lang='lat' dir='ltr'>et</span> 
     </span>
    </p>
   </div>
   <div class='ocr_carea' id='block_1_54' title="bbox 2088 968 3744 1038">
    <p class='ocr_par' dir='ltr' id='par_1_54' title="bbox 2088 968 3744 1038">
     <span class='ocr_line' id='line_1_55' title="bbox 2088 968 3744 1038; baseline 0.002 -15"><span class='ocrx_word' id='word_1_446' title='bbox 2088 984 2290 1023; x_wconf 90' lang='lat' dir='ltr'>curam</span> <span class='ocrx_word' id='word_1_447' title='bbox 2325 968 2577 1023; x_wconf 78' lang='lat' dir='ltr'>maxime</span> <span class='ocrx_word' id='word_1_448' title='bbox 2611 973 2932 1038; x_wconf 87' lang='lat' dir='ltr'>spectat,et</span> <span class='ocrx_word' id='word_1_449' title='bbox 2961 985 3191 1023; x_wconf 90' lang='lat' dir='ltr'>summe</span> <span class='ocrx_word' id='word_1_450' title='bbox 3222 970 3610 1026; x_wconf 89' lang='lat' dir='ltr'>honoriﬁcam</span> <span class='ocrx_word' id='word_1_451' title='bbox 3636 990 3744 1027; x_wconf 86' lang='lat' dir='ltr'>eo-</span> 
     </span>
    </p>
   </div>
   <div class='ocr_carea' id='block_1_55' title="bbox 2089 1057 3745 1128">
    <p class='ocr_par' dir='ltr' id='par_1_55' title="bbox 2089 1057 3745 1128">
     <span class='ocr_line' id='line_1_56' title="bbox 2089 1057 3745 1128; baseline 0.002 -16"><span class='ocrx_word' id='word_1_452' title='bbox 2089 1075 2219 1112; x_wconf 90' lang='lat' dir='ltr'>rum</span> <span class='ocrx_word' id='word_1_453' title='bbox 2253 1057 2602 1112; x_wconf 87' lang='lat' dir='ltr'>memoriam</span> <span class='ocrx_word' id='word_1_454' title='bbox 2653 1057 2728 1111; x_wconf 91' lang='lat' dir='ltr'>ad</span> <span class='ocrx_word' id='word_1_455' title='bbox 2782 1063 3051 1128; x_wconf 90' lang='lat' dir='ltr'>posteros</span> <span class='ocrx_word' id='word_1_456' title='bbox 3108 1060 3474 1114; x_wconf 87' lang='lat' dir='ltr'>transmittit.</span> <span class='ocrx_word' id='word_1_457' title='bbox 3509 1062 3575 1115; x_wconf 90' lang='lat' dir='ltr'>In</span> <span class='ocrx_word' id='word_1_458' title='bbox 3607 1061 3745 1116; x_wconf 89' lang='lat' dir='ltr'>aliis</span> 
     </span>
    </p>
   </div>
   <div class='ocr_carea' id='block_1_56' title="bbox 2090 1146 3748 1221">
    <p class='ocr_par' dir='ltr' id='par_1_56' title="bbox 2090 1146 3748 1221">
     <span class='ocr_line' id='line_1_57' title="bbox 2090 1146 3748 1221; baseline 0.002 -19"><span class='ocrx_word' id='word_1_459' title='bbox 2090 1147 2357 1218; x_wconf 88' lang='lat' dir='ltr'>epistolis</span> <span class='ocrx_word' id='word_1_460' title='bbox 2389 1147 2706 1218; x_wconf 86' lang='lat' dir='ltr'>Apostolus</span> <span class='ocrx_word' id='word_1_461' title='bbox 2729 1163 2829 1202; x_wconf 88' lang='lat' dir='ltr'>eos</span> <span class='ocrx_word' id='word_1_462' title='bbox 2855 1146 2929 1202; x_wconf 88' lang='lat' dir='ltr'>ad</span> <span class='ocrx_word' id='word_1_463' title='bbox 2959 1163 3107 1217; x_wconf 89' lang='lat' dir='ltr'>quos</span> <span class='ocrx_word' id='word_1_464' title='bbox 3130 1149 3515 1221; x_wconf 74' lang='lat' dir='ltr'>scribit,saepe</span> <span class='ocrx_word' id='word_1_465' title='bbox 3529 1151 3748 1205; x_wconf 87' lang='lat' dir='ltr'>acriter</span> 
     </span>
    </p>
   </div>
   <div class='ocr_carea' id='block_1_57' title="bbox 2091 1236 3746 1310">
    <p class='ocr_par' dir='ltr' id='par_1_57' title="bbox 2091 1236 3746 1310">
     <span class='ocr_line' id='line_1_58' title="bbox 2091 1236 3746 1310; baseline 0.002 -18"><span class='ocrx_word' id='word_1_466' title='bbox 2091 1237 2491 1308; x_wconf 87' lang='lat' dir='ltr'>objurgat,aut</span> <span class='ocrx_word' id='word_1_467' title='bbox 2514 1241 2671 1291; x_wconf 90' lang='lat' dir='ltr'>certe</span> <span class='ocrx_word' id='word_1_468' title='bbox 2694 1236 2853 1291; x_wconf 90' lang='lat' dir='ltr'>haud</span> <span class='ocrx_word' id='word_1_469' title='bbox 2873 1238 3138 1304; x_wconf 89' lang='lat' dir='ltr'>omnino,</span> <span class='ocrx_word' id='word_1_470' title='bbox 3162 1237 3254 1291; x_wconf 86' lang='lat' dir='ltr'>vel</span> <span class='ocrx_word' id='word_1_471' title='bbox 3286 1255 3462 1310; x_wconf 87' lang='lat' dir='ltr'>parce</span> <span class='ocrx_word' id='word_1_472' title='bbox 3483 1239 3689 1295; x_wconf 90' lang='lat' dir='ltr'>laudat</span> <span class='ocrx_word' id='word_1_473' title='bbox 3734 1257 3746 1306; x_wconf 92' lang='lat'><strong>;</strong></span> 
     </span>
    </p>
   </div>
   <div class='ocr_carea' id='block_1_58' title="bbox 2090 1325 3749 1401">
    <p class='ocr_par' dir='ltr' id='par_1_58' title="bbox 2090 1325 3749 1401">
     <span class='ocr_line' id='line_1_59' title="bbox 2090 1325 3749 1401; baseline 0.002 -20"><span class='ocrx_word' id='word_1_474' title='bbox 2090 1326 2181 1381; x_wconf 89' lang='lat' dir='ltr'>vel</span> <span class='ocrx_word' id='word_1_475' title='bbox 2212 1327 2282 1381; x_wconf 92' lang='lat' dir='ltr'>de</span> <span class='ocrx_word' id='word_1_476' title='bbox 2316 1326 2491 1381; x_wconf 91' lang='lat' dir='ltr'>rebus</span> <span class='ocrx_word' id='word_1_477' title='bbox 2523 1326 2598 1381; x_wconf 91' lang='lat' dir='ltr'>ad</span> <span class='ocrx_word' id='word_1_478' title='bbox 2628 1325 2806 1381; x_wconf 89' lang='lat' dir='ltr'>ﬁdem</span> <span class='ocrx_word' id='word_1_479' title='bbox 2847 1327 3305 1397; x_wconf 87' lang='lat' dir='ltr'>pertinentibus,</span> <span class='ocrx_word' id='word_1_480' title='bbox 3334 1334 3436 1383; x_wconf 91' lang='lat' dir='ltr'>aut</span> <span class='ocrx_word' id='word_1_481' title='bbox 3483 1329 3555 1384; x_wconf 90' lang='lat' dir='ltr'>de</span> <span class='ocrx_word' id='word_1_482' title='bbox 3587 1347 3749 1401; x_wconf 83' lang='lat' dir='ltr'>quae-</span> 
     </span>
    </p>
   </div>
   <div class='ocr_carea' id='block_1_59' title="bbox 2092 1416 3748 1489">
    <p class='ocr_par' dir='ltr' id='par_1_59' title="bbox 2092 1416 3748 1489">
     <span class='ocr_line' id='line_1_60' title="bbox 2092 1416 3748 1489; baseline 0.004 -17"><span class='ocrx_word' id='word_1_483' title='bbox 2092 1417 2384 1472; x_wconf 90' lang='lat' dir='ltr'>stionibus</span> <span class='ocrx_word' id='word_1_484' title='bbox 2416 1416 2758 1471; x_wconf 88' lang='lat' dir='ltr'>decidendis</span> <span class='ocrx_word' id='word_1_485' title='bbox 2790 1417 2968 1472; x_wconf 86' lang='lat' dir='ltr'>latius</span> <span class='ocrx_word' id='word_1_486' title='bbox 2997 1417 3277 1489; x_wconf 88' lang='lat' dir='ltr'>disputat.</span> <span class='ocrx_word' id='word_1_487' title='bbox 3311 1419 3414 1474; x_wconf 77' lang='lat' dir='ltr'>llic</span> <span class='ocrx_word' id='word_1_488' title='bbox 3461 1422 3748 1478; x_wconf 90' lang='lat' dir='ltr'>omnibus</span> 
     </span>
    </p>
   </div>
   <div class='ocr_carea' id='block_1_60' title="bbox 2093 1507 3756 1582">
    <p class='ocr_par' dir='ltr' id='par_1_60' title="bbox 2093 1507 3756 1582">
     <span class='ocr_line' id='line_1_61' title="bbox 2093 1507 3756 1582; baseline 0.004 -20"><span class='ocrx_word' id='word_1_489' title='bbox 2093 1507 2286 1563; x_wconf 91' lang='lat' dir='ltr'>modis</span> <span class='ocrx_word' id='word_1_490' title='bbox 2316 1512 2600 1579; x_wconf 89' lang='lat' dir='ltr'>perpetuo</span> <span class='ocrx_word' id='word_1_491' title='bbox 2634 1524 2693 1562; x_wconf 90' lang='lat' dir='ltr'>se</span> <span class='ocrx_word' id='word_1_492' title='bbox 2721 1507 2993 1578; x_wconf 88' lang='lat' dir='ltr'>Ephesiis</span> <span class='ocrx_word' id='word_1_493' title='bbox 3023 1509 3302 1580; x_wconf 89' lang='lat' dir='ltr'>applicat,</span> <span class='ocrx_word' id='word_1_494' title='bbox 3333 1510 3586 1582; x_wconf 88' lang='lat' dir='ltr'>illosque</span> <span class='ocrx_word' id='word_1_495' title='bbox 3618 1517 3756 1568; x_wconf 90' lang='lat' dir='ltr'>tan-</span> 
     </span>
    </p>
   </div>
   <div class='ocr_carea' id='block_1_61' title="bbox 2095 1597 3750 1672">
    <p class='ocr_par' dir='ltr' id='par_1_61' title="bbox 2095 1597 3750 1672">
     <span class='ocr_line' id='line_1_62' title="bbox 2095 1597 3750 1672; baseline 0.003 -21"><span class='ocrx_word' id='word_1_496' title='bbox 2095 1614 2273 1669; x_wconf 88' lang='lat' dir='ltr'>quam</span> <span class='ocrx_word' id='word_1_497' title='bbox 2305 1597 2569 1669; x_wconf 85' lang='lat' dir='ltr'>egregios</span> <span class='ocrx_word' id='word_1_498' title='bbox 2591 1597 2952 1652; x_wconf 88' lang='lat' dir='ltr'>Christianos</span> <span class='ocrx_word' id='word_1_499' title='bbox 2985 1603 3216 1666; x_wconf 89' lang='lat' dir='ltr'>tractat,</span> <span class='ocrx_word' id='word_1_500' title='bbox 3240 1600 3556 1672; x_wconf 78' lang='lat' dir='ltr'>Evangelia</span> <span class='ocrx_word' id='word_1_501' title='bbox 3584 1601 3750 1656; x_wconf 90' lang='lat' dir='ltr'>salu-</span> 
     </span>
    </p>
   </div>
   <div class='ocr_carea' id='block_1_62' title="bbox 2095 1686 3749 1758">
    <p class='ocr_par' dir='ltr' id='par_1_62' title="bbox 2095 1686 3749 1758">
     <span class='ocr_line' id='line_1_63' title="bbox 2095 1686 3749 1758; baseline 0.002 -17"><span class='ocrx_word' id='word_1_502' title='bbox 2095 1689 2170 1741; x_wconf 90' lang='lat' dir='ltr'>tis</span> <span class='ocrx_word' id='word_1_503' title='bbox 2200 1687 2454 1742; x_wconf 89' lang='lat' dir='ltr'>ﬁrmiter</span> <span class='ocrx_word' id='word_1_504' title='bbox 2478 1686 2885 1755; x_wconf 90' lang='lat' dir='ltr'>credentes,et</span> <span class='ocrx_word' id='word_1_505' title='bbox 2914 1687 3122 1757; x_wconf 90' lang='lat' dir='ltr'>spiritu</span> <span class='ocrx_word' id='word_1_506' title='bbox 3152 1689 3564 1758; x_wconf 89' lang='lat' dir='ltr'>promissionis</span> <span class='ocrx_word' id='word_1_507' title='bbox 3586 1690 3749 1744; x_wconf 89' lang='lat' dir='ltr'>obsi-</span> 
     </span>
    </p>
   </div>
   <div class='ocr_carea' id='block_1_63' title="bbox 2095 1777 3740 1851">
    <p class='ocr_par' dir='ltr' id='par_1_63' title="bbox 2095 1777 3740 1851">
     <span class='ocr_line' id='line_1_64' title="bbox 2095 1777 3740 1851; baseline 0.002 -19"><span class='ocrx_word' id='word_1_508' title='bbox 2095 1777 2603 1848; x_wconf 81' lang='lat' dir='ltr'>gnatos,concives</span> <span class='ocrx_word' id='word_1_509' title='bbox 2631 1782 2973 1832; x_wconf 90' lang='lat' dir='ltr'>sanctorum</span> <span class='ocrx_word' id='word_1_510' title='bbox 3005 1782 3064 1831; x_wconf 92' lang='lat' dir='ltr'>et</span> <span class='ocrx_word' id='word_1_511' title='bbox 3095 1777 3455 1834; x_wconf 89' lang='lat' dir='ltr'>domesticos</span> <span class='ocrx_word' id='word_1_512' title='bbox 3480 1780 3610 1846; x_wconf 87' lang='lat' dir='ltr'>Dei;</span> <span class='ocrx_word' id='word_1_513' title='bbox 3634 1798 3740 1851; x_wconf 91' lang='lat' dir='ltr'>pro</span> 
     </span>
    </p>
   </div>
   <div class='ocr_carea' id='block_1_64' title="bbox 2093 1865 3750 1938">
    <p class='ocr_par' dir='ltr' id='par_1_64' title="bbox 2093 1865 3750 1938">
     <span class='ocr_line' id='line_1_65' title="bbox 2093 1865 3750 1938; baseline 0.003 -18"><span class='ocrx_word' id='word_1_514' title='bbox 2093 1867 2169 1921; x_wconf 86' lang='lat' dir='ltr'>iis</span> <span class='ocrx_word' id='word_1_515' title='bbox 2201 1882 2357 1937; x_wconf 69' lang='lat' dir='ltr'>saape</span> <span class='ocrx_word' id='word_1_516' title='bbox 2388 1865 2668 1920; x_wconf 88' lang='lat' dir='ltr'>ardenter</span> <span class='ocrx_word' id='word_1_517' title='bbox 2695 1870 2845 1934; x_wconf 87' lang='lat' dir='ltr'>orat,</span> <span class='ocrx_word' id='word_1_518' title='bbox 2881 1866 3037 1937; x_wconf 92' lang='lat' dir='ltr'>ipsos</span> <span class='ocrx_word' id='word_1_519' title='bbox 3065 1867 3356 1936; x_wconf 85' lang='lat' dir='ltr'>hortatur,</span> <span class='ocrx_word' id='word_1_520' title='bbox 3391 1868 3750 1938; x_wconf 88' lang='lat' dir='ltr'>obtestatur,</span> 
     </span>
    </p>
   </div>
   <div class='ocr_carea' id='block_1_65' title="bbox 2091 1951 3753 2026">
    <p class='ocr_par' dir='ltr' id='par_1_65' title="bbox 2091 1951 3753 2026">
     <span class='ocr_line' id='line_1_66' title="bbox 2091 1951 3753 2026; baseline 0.005 -20"><span class='ocrx_word' id='word_1_521' title='bbox 2091 1951 2315 2022; x_wconf 88' lang='lat' dir='ltr'>laudat,</span> <span class='ocrx_word' id='word_1_522' title='bbox 2350 1971 2588 2010; x_wconf 90' lang='lat' dir='ltr'>omnem</span> <span class='ocrx_word' id='word_1_523' title='bbox 2615 1959 2870 2022; x_wconf 81' lang='lat' dir='ltr'>aetatem,</span> <span class='ocrx_word' id='word_1_524' title='bbox 2903 1960 3221 2026; x_wconf 82' lang='lat' dir='ltr'>utrumque</span> <span class='ocrx_word' id='word_1_525' title='bbox 3276 1974 3483 2012; x_wconf 87' lang='lat' dir='ltr'>sexum</span> <span class='ocrx_word' id='word_1_526' title='bbox 3545 1960 3753 2016; x_wconf 91' lang='lat' dir='ltr'>sedulo</span> 
     </span>
    </p>
   </div>
   <div class='ocr_carea' id='block_1_66' title="bbox 2096 2043 3748 2117">
    <p class='ocr_par' dir='ltr' id='par_1_66' title="bbox 2096 2043 3748 2117">
     <span class='ocr_line' id='line_1_67' title="bbox 2096 2043 3748 2117; baseline 0.004 -21"><span class='ocrx_word' id='word_1_527' title='bbox 2096 2043 2534 2110; x_wconf 86' lang='lat' dir='ltr'>instruit,suum</span> <span class='ocrx_word' id='word_1_528' title='bbox 2560 2059 2696 2113; x_wconf 81' lang='lat' dir='ltr'>erga</span> <span class='ocrx_word' id='word_1_529' title='bbox 2725 2059 2824 2097; x_wconf 91' lang='lat' dir='ltr'>eos</span> <span class='ocrx_word' id='word_1_530' title='bbox 2849 2043 3211 2114; x_wconf 81' lang='lat' dir='ltr'>singularem</span> <span class='ocrx_word' id='word_1_531' title='bbox 3233 2045 3509 2099; x_wconf 86' lang='lat' dir='ltr'>affectum</span> <span class='ocrx_word' id='word_1_532' title='bbox 3525 2046 3748 2117; x_wconf 90' lang='lat' dir='ltr'>ubique</span> 
     </span>
    </p>
   </div>
   <div class='ocr_carea' id='block_1_67' title="bbox 2095 2124 3754 2208">
    <p class='ocr_par' dir='ltr' id='par_1_67' title="bbox 2095 2124 3754 2208">
     <span class='ocr_line' id='line_1_68' title="bbox 2095 2124 3754 2208; baseline -0.005 -22"><span class='ocrx_word' id='word_1_533' title='bbox 2095 2132 2312 2204; x_wconf 88' lang='lat' dir='ltr'>prodit.</span> <span class='ocrx_word' id='word_1_534' title='bbox 2347 2128 2575 2198; x_wconf 79' lang='grc' dir='ltr'>Πολλῆς</span> <span class='ocrx_word' id='word_1_535' title='bbox 2606 2124 2709 2184; x_wconf 78' lang='grc' dir='ltr'>ἔδει</span> <span class='ocrx_word' id='word_1_536' title='bbox 2743 2134 2822 2201; x_wconf 83' lang='grc' dir='ltr'>τῷ</span> <span class='ocrx_word' id='word_1_537' title='bbox 2854 2128 3054 2202; x_wconf 73' lang='grc' dir='ltr'>Παύλῳ</span> <span class='ocrx_word' id='word_1_538' title='bbox 3113 2128 3353 2201; x_wconf 78' lang='grc' dir='ltr'>σπουδῆς</span> <span class='ocrx_word' id='word_1_539' title='bbox 3412 2133 3548 2208; x_wconf 85' lang='grc' dir='ltr'>πρὸς</span> <span class='ocrx_word' id='word_1_540' title='bbox 3610 2132 3754 2189; x_wconf 80' lang='grc' dir='ltr'>ἐκεί..</span> 
     </span>
    </p>
   </div>
   <div class='ocr_carea' id='block_1_68' title="bbox 2097 2219 3753 2298">
    <p class='ocr_par' dir='ltr' id='par_1_68' title="bbox 2097 2219 3753 2298">
     <span class='ocr_line' id='line_1_69' title="bbox 2097 2219 3753 2298; baseline 0.004 -23"><span class='ocrx_word' id='word_1_541' title='bbox 2097 2241 2220 2282; x_wconf 74' lang='grc' dir='ltr'>νους</span> <span class='ocrx_word' id='word_1_542' title='bbox 2270 2219 2553 2298; x_wconf 78' lang='grc' dir='ltr'>γράφοντι,</span> <span class='ocrx_word' id='word_1_543' title='bbox 2603 2221 2801 2291; x_wconf 86' lang='lat' dir='ltr'>inquit</span> <span class='ocrx_word' id='word_1_544' title='bbox 2857 2222 2908 2276; x_wconf 90' lang='lat' dir='ltr'>S.</span> <span class='ocrx_word' id='word_1_545' title='bbox 2945 2222 3416 2294; x_wconf 83' lang='lat' dir='ltr'>Chrysostomus,</span> <span class='ocrx_word' id='word_1_546' title='bbox 3461 2245 3486 2276; x_wconf 71' lang='grc' dir='ltr'>α</span> <span class='ocrx_word' id='word_1_547' title='bbox 3539 2241 3753 2298; x_wconf 86' lang='lat' dir='ltr'>magno</span> 
     </span>
    </p>
   </div>
   <div class='ocr_carea' id='block_1_69' title="bbox 2098 2310 3755 2387">
    <p class='ocr_par' dir='ltr' id='par_1_69' title="bbox 2098 2310 3755 2387">
     <span class='ocr_line' id='line_1_70' title="bbox 2098 2310 3755 2387; baseline 0.003 -21"><span class='ocrx_word' id='word_1_548' title='bbox 2098 2328 2234 2366; x_wconf 91' lang='lat' dir='ltr'>cum</span> <span class='ocrx_word' id='word_1_549' title='bbox 2286 2310 2481 2366; x_wconf 88' lang='lat' dir='ltr'>studio</span> <span class='ocrx_word' id='word_1_550' title='bbox 2529 2312 2604 2366; x_wconf 92' lang='lat' dir='ltr'>ad</span> <span class='ocrx_word' id='word_1_551' title='bbox 2651 2311 2935 2382; x_wconf 89' lang='lat' dir='ltr'>Ephesios</span> <span class='ocrx_word' id='word_1_552' title='bbox 2987 2312 3274 2368; x_wconf 81' lang='lat' dir='ltr'>scribit.»</span> <span class='ocrx_word' id='word_1_553' title='bbox 3319 2314 3541 2387; x_wconf 72' lang='grc' dir='ltr'>Λέγεται</span> <span class='ocrx_word' id='word_1_554' title='bbox 3573 2311 3630 2368; x_wconf 76' lang='grc' dir='ltr'>δὲ</span> <span class='ocrx_word' id='word_1_555' title='bbox 3659 2335 3755 2370; x_wconf 70' lang='lat' dir='ltr'>me</span> 
     </span>
    </p>
   </div>
   <div class='ocr_carea' id='block_1_70' title="bbox 2101 2398 3749 2474">
    <p class='ocr_par' dir='ltr' id='par_1_70' title="bbox 2101 2398 3749 2474">
     <span class='ocr_line' id='line_1_71' title="bbox 2101 2398 3749 2474; baseline 0.004 -22"><span class='ocrx_word' id='word_1_556' title='bbox 2101 2398 2369 2473; x_wconf 73' lang='grc' dir='ltr'>βαθύτερα</span> <span class='ocrx_word' id='word_1_557' title='bbox 2424 2404 2532 2454; x_wconf 85' lang='grc' dir='ltr'>τῶν</span> <span class='ocrx_word' id='word_1_558' title='bbox 2593 2399 2886 2470; x_wconf 78' lang='grc' dir='ltr'>νοημάτων</span> <span class='ocrx_word' id='word_1_559' title='bbox 2959 2398 3142 2461; x_wconf 82' lang='grc' dir='ltr'>αὐτοῖς</span> <span class='ocrx_word' id='word_1_560' title='bbox 3225 2400 3599 2474; x_wconf 74' lang='grc' dir='ltr'>ἰμπιστεῦσαι,</span> <span class='ocrx_word' id='word_1_561' title='bbox 3660 2405 3749 2460; x_wconf 74' lang='grc' dir='ltr'>ἓτὶ</span> 
     </span>
    </p>
   </div>
   <div class='ocr_carea' id='block_1_71' title="bbox 2097 2485 3751 2565">
    <p class='ocr_par' dir='ltr' id='par_1_71' title="bbox 2097 2485 3751 2565">
     <span class='ocr_line' id='line_1_72' title="bbox 2097 2485 3751 2565; baseline 0.005 -24"><span class='ocrx_word' id='word_1_562' title='bbox 2097 2485 2207 2559; x_wconf 64' lang='grc' dir='ltr'>ἤδη</span> <span class='ocrx_word' id='word_1_563' title='bbox 2239 2487 2674 2564; x_wconf 68' lang='grc' dir='ltr'>κατηχημένοις.</span> <span class='ocrx_word' id='word_1_564' title='bbox 2710 2512 2740 2539; x_wconf 87' lang='grc'>‹‹</span> <span class='ocrx_word' id='word_1_565' title='bbox 2772 2489 2994 2545; x_wconf 88' lang='lat' dir='ltr'>Dicitur</span> <span class='ocrx_word' id='word_1_566' title='bbox 3023 2496 3221 2546; x_wconf 89' lang='lat' dir='ltr'>autem</span> <span class='ocrx_word' id='word_1_567' title='bbox 3254 2498 3312 2547; x_wconf 89' lang='lat' dir='ltr'>et</span> <span class='ocrx_word' id='word_1_568' title='bbox 3359 2494 3751 2565; x_wconf 84' lang='lat' dir='ltr'>profundissi-</span> 
     </span>
    </p>
   </div>
   <div class='ocr_carea' id='block_1_72' title="bbox 2100 2579 3746 2653">
    <p class='ocr_par' dir='ltr' id='par_1_72' title="bbox 2100 2579 3746 2653">
     <span class='ocr_line' id='line_1_73' title="bbox 2100 2579 3746 2653; baseline 0.002 -18"><span class='ocrx_word' id='word_1_569' title='bbox 2100 2596 2230 2635; x_wconf 89' lang='lat' dir='ltr'>mos</span> <span class='ocrx_word' id='word_1_570' title='bbox 2252 2586 2572 2651; x_wconf 91' lang='lat' dir='ltr'>conceptus</span> <span class='ocrx_word' id='word_1_571' title='bbox 2604 2580 2675 2633; x_wconf 92' lang='lat' dir='ltr'>iis</span> <span class='ocrx_word' id='word_1_572' title='bbox 2707 2579 3166 2646; x_wconf 89' lang='lat' dir='ltr'>concredidisse,</span> <span class='ocrx_word' id='word_1_573' title='bbox 3202 2582 3499 2653; x_wconf 87' lang='lat' dir='ltr'>quodjam</span> <span class='ocrx_word' id='word_1_574' title='bbox 3521 2585 3746 2640; x_wconf 86' lang='lat' dir='ltr'>fuerint</span> 
     </span>
    </p>
   </div>
   <div class='ocr_carea' id='block_1_73' title="bbox 2101 2669 3739 2743">
    <p class='ocr_par' dir='ltr' id='par_1_73' title="bbox 2101 2669 3739 2743">
     <span class='ocr_line' id='line_1_74' title="bbox 2101 2669 3739 2743; baseline 0.001 -17"><span class='ocrx_word' id='word_1_575' title='bbox 2101 2670 2173 2726; x_wconf 92' lang='lat' dir='ltr'>ab</span> <span class='ocrx_word' id='word_1_576' title='bbox 2187 2671 2315 2742; x_wconf 91' lang='lat' dir='ltr'>ipso</span> <span class='ocrx_word' id='word_1_577' title='bbox 2329 2670 2641 2738; x_wconf 79' lang='lat' dir='ltr'>instituti,»</span> <span class='ocrx_word' id='word_1_578' title='bbox 2666 2675 2724 2724; x_wconf 89' lang='lat' dir='ltr'>et</span> <span class='ocrx_word' id='word_1_579' title='bbox 2743 2687 2875 2724; x_wconf 89' lang='lat' dir='ltr'>cum</span> <span class='ocrx_word' id='word_1_580' title='bbox 2901 2670 2972 2723; x_wconf 91' lang='lat' dir='ltr'>iis</span> <span class='ocrx_word' id='word_1_581' title='bbox 2994 2669 3364 2726; x_wconf 91' lang='lat' dir='ltr'>Timotheum</span> <span class='ocrx_word' id='word_1_582' title='bbox 3382 2672 3739 2743; x_wconf 88' lang='lat' dir='ltr'>reliquisset,</span> 
     </span>
    </p>
   </div>
   <div class='ocr_carea' id='block_1_74' title="bbox 2100 2757 3740 2834">
    <p class='ocr_par' dir='ltr' id='par_1_74' title="bbox 2100 2757 3740 2834">
     <span class='ocr_line' id='line_1_75' title="bbox 2100 2757 3740 2834; baseline 0.002 -20"><span class='ocrx_word' id='word_1_583' title='bbox 2100 2761 2257 2816; x_wconf 89' lang='lat' dir='ltr'>unde</span> <span class='ocrx_word' id='word_1_584' title='bbox 2290 2776 2390 2815; x_wconf 91' lang='lat' dir='ltr'>eos</span> <span class='ocrx_word' id='word_1_585' title='bbox 2425 2757 2641 2813; x_wconf 82' lang='grc' dir='ltr'>Παύλου</span> <span class='ocrx_word' id='word_1_586' title='bbox 2671 2759 2992 2831; x_wconf 75' lang='grc' dir='ltr'>συμμύστας</span> <span class='ocrx_word' id='word_1_587' title='bbox 3025 2767 3189 2816; x_wconf 87' lang='lat' dir='ltr'>vocat</span> <span class='ocrx_word' id='word_1_588' title='bbox 3211 2763 3740 2834; x_wconf 84' lang='lat' dir='ltr'>lgnatius,quibus,</span> 
     </span>
    </p>
   </div>
   <div class='ocr_carea' id='block_1_75' title="bbox 2104 2849 3745 2921">
    <p class='ocr_par' dir='ltr' id='par_1_75' title="bbox 2104 2849 3745 2921">
     <span class='ocr_line' id='line_1_76' title="bbox 2104 2849 3745 2921; baseline 0 -15"><span class='ocrx_word' id='word_1_589' title='bbox 2104 2850 2333 2906; x_wconf 88' lang='lat' dir='ltr'>scilicet</span> <span class='ocrx_word' id='word_1_590' title='bbox 2362 2849 2462 2902; x_wconf 90' lang='lat' dir='ltr'>ille</span> <span class='ocrx_word' id='word_1_591' title='bbox 2484 2854 2676 2904; x_wconf 89' lang='lat' dir='ltr'>totum</span> <span class='ocrx_word' id='word_1_592' title='bbox 2707 2849 3024 2904; x_wconf 85' lang='lat' dir='ltr'>consilium</span> <span class='ocrx_word' id='word_1_593' title='bbox 3057 2851 3159 2905; x_wconf 90' lang='lat' dir='ltr'>Dei</span> <span class='ocrx_word' id='word_1_594' title='bbox 3191 2850 3584 2921; x_wconf 83' lang='lat' dir='ltr'>patefecisset.</span> <span class='ocrx_word' id='word_1_595' title='bbox 3618 2853 3745 2908; x_wconf 88' lang='lat' dir='ltr'>Ori-</span> 
     </span>
    </p>
   </div>
   <div class='ocr_carea' id='block_1_76' title="bbox 2102 2937 3743 3012">
    <p class='ocr_par' dir='ltr' id='par_1_76' title="bbox 2102 2937 3743 3012">
     <span class='ocr_line' id='line_1_77' title="bbox 2102 2937 3743 3012; baseline 0.001 -18"><span class='ocrx_word' id='word_1_596' title='bbox 2102 2937 2934 3012; x_wconf 74' lang='lat' dir='ltr'>geneshomilia15,magnum</span> <span class='ocrx_word' id='word_1_597' title='bbox 2953 2938 3222 2994; x_wconf 87' lang='lat' dir='ltr'>observat</span> <span class='ocrx_word' id='word_1_598' title='bbox 3240 2941 3394 2996; x_wconf 89' lang='lat' dir='ltr'>inter</span> <span class='ocrx_word' id='word_1_599' title='bbox 3409 2942 3743 2996; x_wconf 88' lang='lat' dir='ltr'>Corinthios</span> 
     </span>
    </p>
   </div>
   <div class='ocr_carea' id='block_1_77' title="bbox 2103 3025 3747 3100">
    <p class='ocr_par' dir='ltr' id='par_1_77' title="bbox 2103 3025 3747 3100">
     <span class='ocr_line' id='line_1_78' title="bbox 2103 3025 3747 3100; baseline 0.002 -18"><span class='ocrx_word' id='word_1_600' title='bbox 2103 3034 2162 3083; x_wconf 91' lang='lat' dir='ltr'>et</span> <span class='ocrx_word' id='word_1_601' title='bbox 2183 3027 2465 3098; x_wconf 89' lang='lat' dir='ltr'>Ephesios</span> <span class='ocrx_word' id='word_1_602' title='bbox 2486 3025 2846 3082; x_wconf 88' lang='lat' dir='ltr'>discrimen:</span> <span class='ocrx_word' id='word_1_603' title='bbox 2875 3050 2902 3078; x_wconf 86' lang='lat'><strong>«</strong></span> <span class='ocrx_word' id='word_1_604' title='bbox 2936 3029 3076 3084; x_wconf 89' lang='lat' dir='ltr'>Vide</span> <span class='ocrx_word' id='word_1_605' title='bbox 3109 3031 3407 3100; x_wconf 90' lang='lat' dir='ltr'>quomodo</span> <span class='ocrx_word' id='word_1_606' title='bbox 3430 3031 3503 3086; x_wconf 91' lang='lat' dir='ltr'>ad</span> <span class='ocrx_word' id='word_1_607' title='bbox 3541 3031 3747 3085; x_wconf 86' lang='lat' dir='ltr'>Corin-</span> 
     </span>
    </p>
   </div>
   <div class='ocr_carea' id='block_1_78' title="bbox 2104 3115 3746 3191">
    <p class='ocr_par' dir='ltr' id='par_1_78' title="bbox 2104 3115 3746 3191">
     <span class='ocr_line' id='line_1_79' title="bbox 2104 3115 3746 3191; baseline 0.004 -20"><span class='ocrx_word' id='word_1_608' title='bbox 2104 3117 2260 3171; x_wconf 88' lang='lat' dir='ltr'>thios</span> <span class='ocrx_word' id='word_1_609' title='bbox 2294 3115 2513 3170; x_wconf 89' lang='lat' dir='ltr'>Paulus</span> <span class='ocrx_word' id='word_1_610' title='bbox 2545 3115 2844 3186; x_wconf 88' lang='lat' dir='ltr'>loquitur:</span> <span class='ocrx_word' id='word_1_611' title='bbox 2876 3118 3044 3172; x_wconf 88' lang='lat' dir='ltr'>Lacte</span> <span class='ocrx_word' id='word_1_612' title='bbox 3074 3137 3172 3174; x_wconf 83' lang='lat' dir='ltr'>vos</span> <span class='ocrx_word' id='word_1_613' title='bbox 3203 3123 3545 3191; x_wconf 89' lang='lat' dir='ltr'>potavi,non</span> <span class='ocrx_word' id='word_1_614' title='bbox 3578 3121 3746 3177; x_wconf 90' lang='lat' dir='ltr'>cibo:</span> 
     </span>
    </p>
   </div>
   <div class='ocr_carea' id='block_1_79' title="bbox 2101 3205 3750 3281">
    <p class='ocr_par' dir='ltr' id='par_1_79' title="bbox 2101 3205 3750 3281">
     <span class='ocr_line' id='line_1_80' title="bbox 2101 3205 3750 3281; baseline 0.005 -22"><span class='ocrx_word' id='word_1_615' title='bbox 2101 3205 2328 3259; x_wconf 85' lang='lat' dir='ltr'>necdum</span> <span class='ocrx_word' id='word_1_616' title='bbox 2361 3206 2506 3258; x_wconf 84' lang='lat' dir='ltr'>enim</span> <span class='ocrx_word' id='word_1_617' title='bbox 2529 3205 2803 3274; x_wconf 79' lang='lat' dir='ltr'>poteratis</span> <span class='ocrx_word' id='word_1_618' title='bbox 2831 3223 2853 3266; x_wconf 90' lang='grc'>.·</span> <span class='ocrx_word' id='word_1_619' title='bbox 2884 3208 2977 3261; x_wconf 85' lang='lat' dir='ltr'>sed</span> <span class='ocrx_word' id='word_1_620' title='bbox 3000 3225 3177 3278; x_wconf 82' lang='lat' dir='ltr'>neque</span> <span class='ocrx_word' id='word_1_621' title='bbox 3230 3225 3374 3265; x_wconf 85' lang='lat' dir='ltr'>nunc</span> <span class='ocrx_word' id='word_1_622' title='bbox 3423 3214 3651 3281; x_wconf 76' lang='lat' dir='ltr'>potestis</span> <span class='ocrx_word' id='word_1_623' title='bbox 3680 3210 3750 3270; x_wconf 72' lang='lat'>3°.</span> 
     </span>
    </p>
   </div>
   <div class='ocr_carea' id='block_1_80' title="bbox 2103 3293 3751 3372">
    <p class='ocr_par' dir='ltr' id='par_1_80' title="bbox 2103 3293 3751 3372">
     <span class='ocr_line' id='line_1_81' title="bbox 2103 3293 3751 3372; baseline 0.005 -24"><span class='ocrx_word' id='word_1_624' title='bbox 2103 3295 2172 3348; x_wconf 89' lang='lat' dir='ltr'>Et</span> <span class='ocrx_word' id='word_1_625' title='bbox 2212 3294 2352 3364; x_wconf 90' lang='lat' dir='ltr'>quia</span> <span class='ocrx_word' id='word_1_626' title='bbox 2380 3293 2532 3348; x_wconf 89' lang='lat' dir='ltr'>lacte</span> <span class='ocrx_word' id='word_1_627' title='bbox 2575 3294 2770 3349; x_wconf 89' lang='lat' dir='ltr'>adhuc</span> <span class='ocrx_word' id='word_1_628' title='bbox 2799 3295 3163 3367; x_wconf 80' lang='lat' dir='ltr'>indigebant,</span> <span class='ocrx_word' id='word_1_629' title='bbox 3225 3316 3296 3355; x_wconf 91' lang='lat' dir='ltr'>ea</span> <span class='ocrx_word' id='word_1_630' title='bbox 3351 3300 3589 3356; x_wconf 88' lang='lat' dir='ltr'>discunt</span> <span class='ocrx_word' id='word_1_631' title='bbox 3619 3319 3751 3372; x_wconf 63' lang='lat' dir='ltr'>quae</span> 
     </span>
    </p>
   </div>
   <div class='ocr_carea' id='block_1_81' title="bbox 2101 3382 3752 3454">
    <p class='ocr_par' dir='ltr' id='par_1_81' title="bbox 2101 3382 3752 3454">
     <span class='ocr_line' id='line_1_82' title="bbox 2101 3382 3752 3454; baseline 0.005 -16"><span class='ocrx_word' id='word_1_632' title='bbox 2101 3384 2328 3439; x_wconf 89' lang='lat' dir='ltr'>discere</span> <span class='ocrx_word' id='word_1_633' title='bbox 2359 3382 2585 3454; x_wconf 83' lang='lat' dir='ltr'>parvuli</span> <span class='ocrx_word' id='word_1_634' title='bbox 2616 3383 2845 3438; x_wconf 89' lang='lat' dir='ltr'>solent:</span> <span class='ocrx_word' id='word_1_635' title='bbox 2906 3387 3120 3441; x_wconf 86' lang='lat' dir='ltr'>Bonum</span> <span class='ocrx_word' id='word_1_636' title='bbox 3175 3395 3254 3443; x_wconf 84' lang='lat' dir='ltr'>est</span> <span class='ocrx_word' id='word_1_637' title='bbox 3303 3389 3585 3445; x_wconf 74' lang='lat' dir='ltr'>mulierem</span> <span class='ocrx_word' id='word_1_638' title='bbox 3642 3407 3752 3446; x_wconf 84' lang='lat' dir='ltr'>non</span> 
     </span>
    </p>
   </div>
   <div class='ocr_carea' id='block_1_82' title="bbox 2103 3473 3749 3544">
    <p class='ocr_par' dir='ltr' id='par_1_82' title="bbox 2103 3473 3749 3544">
     <span class='ocr_line' id='line_1_83' title="bbox 2103 3473 3749 3544; baseline 0.003 -16"><span class='ocrx_word' id='word_1_639' title='bbox 2103 3481 2329 3544; x_wconf 81' lang='lat' dir='ltr'>tangere</span> <span class='ocrx_word' id='word_1_640' title='bbox 2349 3493 2370 3527; x_wconf 93' lang='grc'>.·</span> <span class='ocrx_word' id='word_1_641' title='bbox 2393 3480 2625 3543; x_wconf 80' lang='lat' dir='ltr'>propter</span> <span class='ocrx_word' id='word_1_642' title='bbox 2652 3473 3079 3539; x_wconf 80' lang='lat' dir='ltr'>fornicationem</span> <span class='ocrx_word' id='word_1_643' title='bbox 3110 3484 3296 3531; x_wconf 82' lang='lat' dir='ltr'>autem</span> <span class='ocrx_word' id='word_1_644' title='bbox 3341 3479 3404 3544; x_wconf 73' lang='lat'>‘°,</span> <span class='ocrx_word' id='word_1_645' title='bbox 3457 3485 3566 3533; x_wconf 91' lang='lat' dir='ltr'>etc.</span> <span class='ocrx_word' id='word_1_646' title='bbox 3602 3483 3749 3534; x_wconf 84' lang='lat' dir='ltr'>Rur-</span> 
     </span>
    </p>
   </div>
   <div class='ocr_carea' id='block_1_83' title="bbox 2103 3563 3756 3636">
    <p class='ocr_par' dir='ltr' id='par_1_83' title="bbox 2103 3563 3756 3636">
     <span class='ocr_line' id='line_1_84' title="bbox 2103 3563 3756 3636; baseline 0.003 -18"><span class='ocrx_word' id='word_1_647' title='bbox 2103 3580 2354 3634; x_wconf 90' lang='lat' dir='ltr'>sumque</span> <span class='ocrx_word' id='word_1_648' title='bbox 2387 3564 2879 3633; x_wconf 87' lang='lat' dir='ltr'>instituuntur,ne</span> <span class='ocrx_word' id='word_1_649' title='bbox 2910 3563 3238 3636; x_wconf 86' lang='lat' dir='ltr'>idolothyta</span> <span class='ocrx_word' id='word_1_650' title='bbox 3266 3567 3600 3621; x_wconf 75' lang='lat' dir='ltr'>comedent.</span> <span class='ocrx_word' id='word_1_651' title='bbox 3637 3569 3756 3624; x_wconf 86' lang='lat' dir='ltr'>Ista</span> 
     </span>
    </p>
   </div>
   <div class='ocr_carea' id='block_1_84' title="bbox 2102 3651 3752 3726">
    <p class='ocr_par' dir='ltr' id='par_1_84' title="bbox 2102 3651 3752 3726">
     <span class='ocr_line' id='line_1_85' title="bbox 2102 3651 3752 3726; baseline 0.002 -20"><span class='ocrx_word' id='word_1_652' title='bbox 2102 3652 2296 3706; x_wconf 88' lang='lat' dir='ltr'>omnis</span> <span class='ocrx_word' id='word_1_653' title='bbox 2328 3651 2598 3709; x_wconf 89' lang='lat' dir='ltr'>doctrina</span> <span class='ocrx_word' id='word_1_654' title='bbox 2654 3655 2745 3710; x_wconf 92' lang='lat' dir='ltr'>lac</span> <span class='ocrx_word' id='word_1_655' title='bbox 2789 3653 3168 3726; x_wconf 88' lang='lat' dir='ltr'>parvulorum</span> <span class='ocrx_word' id='word_1_656' title='bbox 3203 3660 3392 3720; x_wconf 90' lang='lat' dir='ltr'>est,et</span> <span class='ocrx_word' id='word_1_657' title='bbox 3439 3655 3630 3710; x_wconf 90' lang='lat' dir='ltr'>adhuc</span> <span class='ocrx_word' id='word_1_658' title='bbox 3662 3656 3752 3710; x_wconf 88' lang='lat' dir='ltr'>in-</span> 
     </span>
    </p>
   </div>
   <div class='ocr_carea' id='block_1_85' title="bbox 2102 3742 3750 3815">
    <p class='ocr_par' dir='ltr' id='par_1_85' title="bbox 2102 3742 3750 3815">
     <span class='ocr_line' id='line_1_86' title="bbox 2102 3742 3750 3815; baseline 0.002 -18"><span class='ocrx_word' id='word_1_659' title='bbox 2102 3742 2354 3797; x_wconf 86' lang='lat' dir='ltr'>fantium</span> <span class='ocrx_word' id='word_1_660' title='bbox 2385 3743 2446 3797; x_wconf 91' lang='lat' dir='ltr'>in</span> <span class='ocrx_word' id='word_1_661' title='bbox 2466 3743 2969 3809; x_wconf 86' lang='lat' dir='ltr'>Christo.Quando</span> <span class='ocrx_word' id='word_1_662' title='bbox 2995 3759 3132 3798; x_wconf 91' lang='lat' dir='ltr'>vero</span> <span class='ocrx_word' id='word_1_663' title='bbox 3157 3744 3426 3814; x_wconf 86' lang='lat' dir='ltr'>Ephesiis</span> <span class='ocrx_word' id='word_1_664' title='bbox 3447 3746 3750 3815; x_wconf 90' lang='lat' dir='ltr'>scribitur,</span> 
     </span>
    </p>
   </div>
   <div class='ocr_carea' id='block_1_86' title="bbox 2101 3831 3748 3906">
    <p class='ocr_par' dir='ltr' id='par_1_86' title="bbox 2101 3831 3748 3906">
     <span class='ocr_line' id='line_1_87' title="bbox 2101 3831 3748 3906; baseline 0.003 -20"><span class='ocrx_word' id='word_1_665' title='bbox 2101 3831 2362 3887; x_wconf 86' lang='lat' dir='ltr'>solidum</span> <span class='ocrx_word' id='word_1_666' title='bbox 2393 3832 2512 3888; x_wconf 90' lang='lat' dir='ltr'>illis</span> <span class='ocrx_word' id='word_1_667' title='bbox 2540 3833 2767 3904; x_wconf 66' lang='lat' dir='ltr'>praebet</span> <span class='ocrx_word' id='word_1_668' title='bbox 2831 3833 3049 3888; x_wconf 88' lang='lat' dir='ltr'>cibum.</span> <span class='ocrx_word' id='word_1_669' title='bbox 3104 3834 3230 3888; x_wconf 91' lang='lat' dir='ltr'>Non</span> <span class='ocrx_word' id='word_1_670' title='bbox 3261 3833 3499 3889; x_wconf 90' lang='lat' dir='ltr'>auditur</span> <span class='ocrx_word' id='word_1_671' title='bbox 3529 3835 3748 3906; x_wconf 84' lang='lat' dir='ltr'>quippe</span> 
     </span>
    </p>
   </div>
   <div class='ocr_carea' id='block_1_87' title="bbox 2104 3919 3752 3994">
    <p class='ocr_par' dir='ltr' id='par_1_87' title="bbox 2104 3919 3752 3994">
     <span class='ocr_line' id='line_1_88' title="bbox 2104 3919 3752 3994; baseline 0.002 -20"><span class='ocrx_word' id='word_1_672' title='bbox 2104 3921 2166 3974; x_wconf 92' lang='lat' dir='ltr'>in</span> <span class='ocrx_word' id='word_1_673' title='bbox 2195 3920 2425 3991; x_wconf 89' lang='lat' dir='ltr'>Epheso</span> <span class='ocrx_word' id='word_1_674' title='bbox 2455 3919 2770 3975; x_wconf 85' lang='lat' dir='ltr'>fornicatio</span> <span class='ocrx_word' id='word_1_675' title='bbox 2796 3937 2808 3987; x_wconf 93' lang='lat'>;</span> <span class='ocrx_word' id='word_1_676' title='bbox 2831 3937 2951 3975; x_wconf 89' lang='lat' dir='ltr'>non</span> <span class='ocrx_word' id='word_1_677' title='bbox 2999 3919 3239 3976; x_wconf 90' lang='lat' dir='ltr'>auditur</span> <span class='ocrx_word' id='word_1_678' title='bbox 3267 3922 3328 3977; x_wconf 88' lang='lat' dir='ltr'>in</span> <span class='ocrx_word' id='word_1_679' title='bbox 3359 3923 3588 3994; x_wconf 91' lang='lat' dir='ltr'>Epheso</span> <span class='ocrx_word' id='word_1_680' title='bbox 3631 3924 3752 3978; x_wconf 86' lang='lat' dir='ltr'>ido-</span> 
     </span>
    </p>
   </div>
   <div class='ocr_carea' id='block_1_88' title="bbox 2103 4008 3200 4080">
    <p class='ocr_par' dir='ltr' id='par_1_88' title="bbox 2103 4008 3200 4080">
     <span class='ocr_line' id='line_1_89' title="bbox 2103 4008 3200 4080; baseline 0.003 -17"><span class='ocrx_word' id='word_1_681' title='bbox 2103 4008 2360 4074; x_wconf 89' lang='lat' dir='ltr'>lolatria,</span> <span class='ocrx_word' id='word_1_682' title='bbox 2395 4013 2452 4063; x_wconf 92' lang='lat' dir='ltr'>et</span> <span class='ocrx_word' id='word_1_683' title='bbox 2483 4024 2618 4063; x_wconf 81' lang='lat' dir='ltr'>esus</span> <span class='ocrx_word' id='word_1_684' title='bbox 2649 4009 3136 4080; x_wconf 84' lang='lat' dir='ltr'>idolothytorum.</span> <span class='ocrx_word' id='word_1_685' title='bbox 3174 4033 3200 4059; x_wconf 76' lang='grc' dir='ltr'><strong>υ</strong></span> 
     </span>
    </p>
   </div>
   <div class='ocr_carea' id='block_1_89' title="bbox 2174 4098 3754 4171">
    <p class='ocr_par' dir='ltr' id='par_1_89' title="bbox 2174 4098 3754 4171">
     <span class='ocr_line' id='line_1_90' title="bbox 2174 4098 3754 4171; baseline 0.003 -19"><span class='ocrx_word' id='word_1_686' title='bbox 2174 4099 2319 4153; x_wconf 82' lang='lat' dir='ltr'>Mira</span> <span class='ocrx_word' id='word_1_687' title='bbox 2348 4104 2485 4154; x_wconf 91' lang='lat' dir='ltr'>sunt</span> <span class='ocrx_word' id='word_1_688' title='bbox 2517 4115 2646 4169; x_wconf 80' lang='lat' dir='ltr'>quae</span> <span class='ocrx_word' id='word_1_689' title='bbox 2679 4099 2774 4154; x_wconf 91' lang='lat' dir='ltr'>hic</span> <span class='ocrx_word' id='word_1_690' title='bbox 2807 4098 3324 4171; x_wconf 85' lang='lat' dir='ltr'>deinterpolatore</span> <span class='ocrx_word' id='word_1_691' title='bbox 3355 4104 3754 4158; x_wconf 69' lang='lat' dir='ltr'>comminisci.</span> 
     </span>
    </p>
   </div>
   <div class='ocr_carea' id='block_1_90' title="bbox 2106 4187 3758 4263">
    <p class='ocr_par' dir='ltr' id='par_1_90' title="bbox 2106 4187 3758 4263">
     <span class='ocr_line' id='line_1_91' title="bbox 2106 4187 3758 4263; baseline 0.004 -21"><span class='ocrx_word' id='word_1_692' title='bbox 2106 4193 2201 4244; x_wconf 90' lang='lat' dir='ltr'>tur</span> <span class='ocrx_word' id='word_1_693' title='bbox 2230 4187 2501 4244; x_wconf 66' lang='lat' dir='ltr'>Dallaeus.</span> <span class='ocrx_word' id='word_1_694' title='bbox 2536 4188 2641 4243; x_wconf 90' lang='lat' dir='ltr'>Ille</span> <span class='ocrx_word' id='word_1_695' title='bbox 2672 4188 2854 4258; x_wconf 89' lang='lat' dir='ltr'>enim,</span> <span class='ocrx_word' id='word_1_696' title='bbox 2894 4189 3109 4258; x_wconf 88' lang='lat' dir='ltr'>inquit,</span> <span class='ocrx_word' id='word_1_697' title='bbox 3169 4191 3309 4260; x_wconf 90' lang='lat' dir='ltr'>quia</span> <span class='ocrx_word' id='word_1_698' title='bbox 3366 4192 3758 4263; x_wconf 89' lang='lat' dir='ltr'>Ephesiorum</span> 
     </span>
    </p>
   </div>
   <div class='ocr_carea' id='block_1_91' title="bbox 2105 4278 3760 4352">
    <p class='ocr_par' dir='ltr' id='par_1_91' title="bbox 2105 4278 3760 4352">
     <span class='ocr_line' id='line_1_92' title="bbox 2105 4278 3760 4352; baseline 0.002 -21"><span class='ocrx_word' id='word_1_699' title='bbox 2105 4279 2321 4334; x_wconf 88' lang='lat' dir='ltr'>factam</span> <span class='ocrx_word' id='word_1_700' title='bbox 2346 4278 2409 4332; x_wconf 91' lang='lat' dir='ltr'>in</span> <span class='ocrx_word' id='word_1_701' title='bbox 2441 4278 2602 4332; x_wconf 87' lang='lat' dir='ltr'>omni</span> <span class='ocrx_word' id='word_1_702' title='bbox 2634 4278 2888 4348; x_wconf 89' lang='lat' dir='ltr'>epistola</span> <span class='ocrx_word' id='word_1_703' title='bbox 2908 4295 2943 4334; x_wconf 92' lang='lat' dir='ltr'>a</span> <span class='ocrx_word' id='word_1_704' title='bbox 2979 4279 3162 4334; x_wconf 91' lang='lat' dir='ltr'>Paulo</span> <span class='ocrx_word' id='word_1_705' title='bbox 3193 4281 3556 4336; x_wconf 89' lang='lat' dir='ltr'>mentionem</span> <span class='ocrx_word' id='word_1_706' title='bbox 3587 4299 3760 4352; x_wconf 84' lang='lat' dir='ltr'>repe-</span> 
     </span>
    </p>
   </div>
   <div class='ocr_carea' id='block_1_92' title="bbox 2105 4367 3760 4439">
    <p class='ocr_par' dir='ltr' id='par_1_92' title="bbox 2105 4367 3760 4439">
     <span class='ocr_line' id='line_1_93' title="bbox 2105 4367 3760 4439; baseline 0.002 -17"><span class='ocrx_word' id='word_1_707' title='bbox 2105 4367 2318 4435; x_wconf 89' lang='lat' dir='ltr'>riebat,</span> <span class='ocrx_word' id='word_1_708' title='bbox 2352 4384 2458 4439; x_wconf 91' lang='lat' dir='ltr'>pro</span> <span class='ocrx_word' id='word_1_709' title='bbox 2489 4368 2659 4436; x_wconf 79' lang='lat' dir='ltr'>vobis,</span> <span class='ocrx_word' id='word_1_710' title='bbox 2691 4385 2787 4424; x_wconf 88' lang='lat' dir='ltr'>nos</span> <span class='ocrx_word' id='word_1_711' title='bbox 2811 4385 2834 4432; x_wconf 90' lang='lat'><strong><em>;</em></strong></span> <span class='ocrx_word' id='word_1_712' title='bbox 2863 4385 2970 4438; x_wconf 86' lang='lat' dir='ltr'>pro</span> <span class='ocrx_word' id='word_1_713' title='bbox 3027 4368 3280 4439; x_wconf 74' lang='lat' dir='ltr'>epistola,</span> <span class='ocrx_word' id='word_1_714' title='bbox 3339 4373 3615 4425; x_wconf 80' lang='lat' dir='ltr'>orationes</span> <span class='ocrx_word' id='word_1_715' title='bbox 3674 4371 3760 4426; x_wconf 90' lang='lat' dir='ltr'>sic</span> 
     </span>
    </p>
   </div>
   <div class='ocr_carea' id='block_1_93' title="bbox 2107 4454 3760 4532">
    <p class='ocr_par' dir='ltr' id='par_1_93' title="bbox 2107 4454 3760 4532">
     <span class='ocr_line' id='line_1_94' title="bbox 2107 4454 3760 4532; baseline 0.001 -20"><span class='ocrx_word' id='word_1_716' title='bbox 2107 4457 2434 4523; x_wconf 83' lang='lat' dir='ltr'>substituit,</span> <span class='ocrx_word' id='word_1_717' title='bbox 2484 4454 2542 4517; x_wconf 80' lang='grc' dir='ltr'>ὅς</span> <span class='ocrx_word' id='word_1_718' title='bbox 2589 4456 2821 4510; x_wconf 80' lang='grc' dir='ltr'>πάντοτε</span> <span class='ocrx_word' id='word_1_719' title='bbox 2850 4455 2903 4510; x_wconf 82' lang='grc' dir='ltr'>ἐν</span> <span class='ocrx_word' id='word_1_720' title='bbox 2964 4463 3081 4519; x_wconf 85' lang='grc' dir='ltr'>ταῖς</span> <span class='ocrx_word' id='word_1_721' title='bbox 3114 4455 3357 4528; x_wconf 69' lang='grc' dir='ltr'>δεήσεσιν</span> <span class='ocrx_word' id='word_1_722' title='bbox 3418 4459 3585 4514; x_wconf 79' lang='grc' dir='ltr'>αὐτοῦ</span> <span class='ocrx_word' id='word_1_723' title='bbox 3620 4481 3760 4532; x_wconf 83' lang='grc' dir='ltr'>μνη-</span> 
     </span>
    </p>
   </div>
   <div class='ocr_carea' id='block_1_94' title="bbox 2110 4545 3764 4618">
    <p class='ocr_par' dir='ltr' id='par_1_94' title="bbox 2110 4545 3764 4618">
     <span class='ocr_line' id='line_1_95' title="bbox 2110 4545 3764 4618; baseline 0.004 -19"><span class='ocrx_word' id='word_1_724' title='bbox 2110 4545 2325 4617; x_wconf 79' lang='grc' dir='ltr'>μονεύει</span> <span class='ocrx_word' id='word_1_725' title='bbox 2354 4547 2540 4616; x_wconf 78' lang='grc' dir='ltr'>ἡμῶν,</span> <span class='ocrx_word' id='word_1_726' title='bbox 2570 4569 2600 4596; x_wconf 89' lang='grc'>‹‹</span> <span class='ocrx_word' id='word_1_727' title='bbox 2629 4546 2730 4617; x_wconf 93' lang='lat' dir='ltr'>qui</span> <span class='ocrx_word' id='word_1_728' title='bbox 2753 4563 2991 4618; x_wconf 87' lang='lat' dir='ltr'>semper</span> <span class='ocrx_word' id='word_1_729' title='bbox 3020 4548 3081 4602; x_wconf 92' lang='lat' dir='ltr'>in</span> <span class='ocrx_word' id='word_1_730' title='bbox 3115 4550 3236 4604; x_wconf 90' lang='lat' dir='ltr'>suis</span> <span class='ocrx_word' id='word_1_731' title='bbox 3257 4550 3626 4606; x_wconf 91' lang='lat' dir='ltr'>orationibus</span> <span class='ocrx_word' id='word_1_732' title='bbox 3644 4567 3764 4605; x_wconf 88' lang='lat' dir='ltr'>me-</span> 
     </span>
    </p>
   </div>
   <div class='ocr_carea' id='block_1_95' title="bbox 353 4628 3762 4707">
    <p class='ocr_par' dir='ltr' id='par_1_95' title="bbox 353 4628 3762 4707">
     <span class='ocr_line' id='line_1_96' title="bbox 353 4628 3762 4707; baseline -0.001 -17"><span class='ocrx_word' id='word_1_733' title='bbox 353 4633 560 4703; x_wconf 89' lang='lat' dir='ltr'>credit,</span> <span class='ocrx_word' id='word_1_734' title='bbox 591 4632 920 4704; x_wconf 83' lang='lat' dir='ltr'>perfectum</span> <span class='ocrx_word' id='word_1_735' title='bbox 978 4632 1038 4685; x_wconf 91' lang='lat' dir='ltr'>in</span> <span class='ocrx_word' id='word_1_736' title='bbox 1069 4632 1338 4699; x_wconf 82' lang='lat' dir='ltr'>Christo;</span> <span class='ocrx_word' id='word_1_737' title='bbox 1372 4633 1476 4687; x_wconf 89' lang='lat' dir='ltr'>sed</span> <span class='ocrx_word' id='word_1_738' title='bbox 1504 4648 1712 4687; x_wconf 85' lang='lat' dir='ltr'>omnem</span> <span class='ocrx_word' id='word_1_739' title='bbox 1735 4631 1879 4686; x_wconf 90' lang='lat' dir='ltr'>dicit</span> <span class='ocrx_word' id='word_1_740' title='bbox 1910 4637 2000 4686; x_wconf 79' lang='grc' dir='ltr'>Ιιο-</span> <span class='ocrx_word' id='word_1_741' title='bbox 2029 4628 2078 4694; x_wconf 86' lang='lat' dir='ltr'>.D</span> <span class='ocrx_word' id='word_1_742' title='bbox 2108 4653 2239 4691; x_wconf 89' lang='lat' dir='ltr'>mor</span> <span class='ocrx_word' id='word_1_743' title='bbox 2261 4640 2352 4690; x_wconf 89' lang='lat' dir='ltr'>est</span> <span class='ocrx_word' id='word_1_744' title='bbox 2367 4635 2576 4690; x_wconf 88' lang='lat' dir='ltr'>nostri.</span> <span class='ocrx_word' id='word_1_745' title='bbox 2612 4656 2640 4684; x_wconf 82' lang='grc'><strong>››</strong></span> <span class='ocrx_word' id='word_1_746' title='bbox 2665 4637 2808 4690; x_wconf 83' lang='lat' dir='ltr'>Nam</span> <span class='ocrx_word' id='word_1_747' title='bbox 2831 4637 3049 4706; x_wconf 77' lang='lat' dir='ltr'>primo,</span> <span class='ocrx_word' id='word_1_748' title='bbox 3081 4655 3185 4707; x_wconf 87' lang='lat' dir='ltr'>pro</span> <span class='ocrx_word' id='word_1_749' title='bbox 3215 4660 3234 4686; x_wconf 76' lang='grc' dir='ltr'>α</span> <span class='ocrx_word' id='word_1_750' title='bbox 3268 4638 3489 4707; x_wconf 83' lang='lat' dir='ltr'>vobis,»</span> <span class='ocrx_word' id='word_1_751' title='bbox 3513 4656 3609 4694; x_wconf 81' lang='lat' dir='ltr'>nos</span> <span class='ocrx_word' id='word_1_752' title='bbox 3641 4656 3762 4694; x_wconf 83' lang='lat' dir='ltr'>non</span> 
     </span>
    </p>
   </div>
   <div class='ocr_carea' id='block_1_96' title="bbox 351 4719 2003 4795">
    <p class='ocr_par' dir='ltr' id='par_1_96' title="bbox 351 4719 2003 4795">
     <span class='ocr_line' id='line_1_97' title="bbox 351 4719 2003 4795; baseline -0.003 -15"><span class='ocrx_word' id='word_1_753' title='bbox 351 4727 576 4789; x_wconf 81' lang='lat' dir='ltr'>minem,</span> <span class='ocrx_word' id='word_1_754' title='bbox 608 4722 856 4795; x_wconf 88' lang='lat' dir='ltr'>perinde</span> <span class='ocrx_word' id='word_1_755' title='bbox 887 4737 953 4775; x_wconf 89' lang='lat' dir='ltr'>ac</span> <span class='ocrx_word' id='word_1_756' title='bbox 983 4720 1033 4774; x_wconf 90' lang='lat' dir='ltr'>si</span> <span class='ocrx_word' id='word_1_757' title='bbox 1065 4719 1309 4788; x_wconf 88' lang='lat' dir='ltr'>diceret,</span> <span class='ocrx_word' id='word_1_758' title='bbox 1333 4726 1522 4776; x_wconf 87' lang='lat' dir='ltr'>totum</span> <span class='ocrx_word' id='word_1_759' title='bbox 1553 4721 1881 4788; x_wconf 89' lang='lat' dir='ltr'>hominem,</span> <span class='ocrx_word' id='word_1_760' title='bbox 1913 4725 2003 4776; x_wconf 88' lang='lat' dir='ltr'>ut-</span> 
     </span>
    </p>
   </div>
   <div class='ocr_carea' id='block_1_97' title="bbox 353 4809 1625 4888">
    <p class='ocr_par' dir='ltr' id='par_1_97' title="bbox 353 4809 1625 4888">
     <span class='ocr_line' id='line_1_98' title="bbox 353 4809 1625 4888; baseline -0.008 -18"><span class='ocrx_word' id='word_1_761' title='bbox 353 4821 486 4888; x_wconf 90' lang='lat' dir='ltr'>pote</span> <span class='ocrx_word' id='word_1_762' title='bbox 521 4829 767 4884; x_wconf 90' lang='lat' dir='ltr'>corpore</span> <span class='ocrx_word' id='word_1_763' title='bbox 794 4816 853 4867; x_wconf 92' lang='lat' dir='ltr'>et</span> <span class='ocrx_word' id='word_1_764' title='bbox 882 4810 1083 4864; x_wconf 89' lang='lat' dir='ltr'>anima</span> <span class='ocrx_word' id='word_1_765' title='bbox 1115 4809 1567 4866; x_wconf 87' lang='lat' dir='ltr'>sanctiﬁcatum.</span> <span class='ocrx_word' id='word_1_766' title='bbox 1605 4834 1625 4860; x_wconf 76' lang='grc' dir='ltr'>ι</span> 
     </span>
    </p>
   </div>
   <div class='ocr_carea' id='block_1_98' title="bbox 430 4899 2007 4973">
    <p class='ocr_par' dir='ltr' id='par_1_98' title="bbox 430 4899 2007 4973">
     <span class='ocr_line' id='line_1_99' title="bbox 430 4899 2007 4973; baseline -0.003 -14"><span class='ocrx_word' id='word_1_767' title='bbox 430 4904 583 4960; x_wconf 90' lang='lat' dir='ltr'>Vidit</span> <span class='ocrx_word' id='word_1_768' title='bbox 614 4903 738 4958; x_wconf 72' lang='lat' dir='ltr'>haac</span> <span class='ocrx_word' id='word_1_769' title='bbox 760 4899 1284 4973; x_wconf 80' lang='lat' dir='ltr'>praestantissimus</span> <span class='ocrx_word' id='word_1_770' title='bbox 1307 4899 1540 4955; x_wconf 88' lang='lat' dir='ltr'>Isaacus</span> <span class='ocrx_word' id='word_1_771' title='bbox 1554 4901 1816 4967; x_wconf 87' lang='lat' dir='ltr'>Vossius,</span> <span class='ocrx_word' id='word_1_772' title='bbox 1842 4916 2007 4956; x_wconf 87' lang='lat' dir='ltr'>eam-</span> 
     </span>
    </p>
   </div>
   <div class='ocr_carea' id='block_1_99' title="bbox 352 4987 2005 5067">
    <p class='ocr_par' dir='ltr' id='par_1_99' title="bbox 352 4987 2005 5067">
     <span class='ocr_line' id='line_1_100' title="bbox 352 4987 2005 5067; baseline -0.005 -15"><span class='ocrx_word' id='word_1_773' title='bbox 352 4995 608 5067; x_wconf 90' lang='lat' dir='ltr'>demque</span> <span class='ocrx_word' id='word_1_774' title='bbox 627 4989 1181 5063; x_wconf 86' lang='lat' dir='ltr'>interpretationem</span> <span class='ocrx_word' id='word_1_775' title='bbox 1206 4987 1511 5043; x_wconf 90' lang='lat' dir='ltr'>Blondello</span> <span class='ocrx_word' id='word_1_776' title='bbox 1532 4988 1627 5060; x_wconf 87' lang='lat' dir='ltr'>obj</span> <span class='ocrx_word' id='word_1_777' title='bbox 1638 4990 1880 5047; x_wconf 89' lang='lat' dir='ltr'>ecit.Cui</span> <span class='ocrx_word' id='word_1_778' title='bbox 1905 4988 2005 5044; x_wconf 91' lang='lat' dir='ltr'>ille</span> 
     </span>
    </p>
   </div>
   <div class='ocr_carea' id='block_1_100' title="bbox 355 5077 2003 5156">
    <p class='ocr_par' dir='ltr' id='par_1_100' title="bbox 355 5077 2003 5156">
     <span class='ocr_line' id='line_1_101' title="bbox 355 5077 2003 5156; baseline -0.004 -14"><span class='ocrx_word' id='word_1_779' title='bbox 355 5087 482 5143; x_wconf 66' lang='lat' dir='ltr'>haec</span> <span class='ocrx_word' id='word_1_780' title='bbox 504 5082 796 5156; x_wconf 89' lang='lat' dir='ltr'>reposuit:</span> <span class='ocrx_word' id='word_1_781' title='bbox 837 5103 856 5129; x_wconf 78' lang='grc' dir='ltr'>ι</span> <span class='ocrx_word' id='word_1_782' title='bbox 887 5081 976 5134; x_wconf 84' lang='lat' dir='ltr'>An</span> <span class='ocrx_word' id='word_1_783' title='bbox 999 5095 1132 5133; x_wconf 89' lang='lat' dir='ltr'>vero</span> <span class='ocrx_word' id='word_1_784' title='bbox 1177 5077 1467 5148; x_wconf 89' lang='lat' dir='ltr'>lgnatium</span> <span class='ocrx_word' id='word_1_785' title='bbox 1510 5078 1825 5150; x_wconf 86' lang='lat' dir='ltr'>quisquam</span> <span class='ocrx_word' id='word_1_786' title='bbox 1856 5079 2003 5136; x_wconf 88' lang='lat' dir='ltr'>adeo</span> 
     </span>
    </p>
   </div>
   <div class='ocr_carea' id='block_1_101' title="bbox 358 5165 2003 5247">
    <p class='ocr_par' dir='ltr' id='par_1_101' title="bbox 358 5165 2003 5247">
     <span class='ocr_line' id='line_1_102' title="bbox 358 5165 2003 5247; baseline -0.005 -15"><span class='ocrx_word' id='word_1_787' title='bbox 358 5168 1112 5247; x_wconf 80' lang='lat' dir='ltr'>desipuissecrediderit,ut</span> <span class='ocrx_word' id='word_1_788' title='bbox 1127 5165 1499 5237; x_wconf 84' lang='lat' dir='ltr'>Ephesiosad</span> <span class='ocrx_word' id='word_1_789' title='bbox 1517 5184 1578 5222; x_wconf 90' lang='lat' dir='ltr'>se</span> <span class='ocrx_word' id='word_1_790' title='bbox 1612 5174 1792 5224; x_wconf 89' lang='lat' dir='ltr'>totam</span> <span class='ocrx_word' id='word_1_791' title='bbox 1824 5184 2003 5240; x_wconf 88' lang='lat' dir='ltr'>quam</span> 
     </span>
    </p>
   </div>
   <div class='ocr_carea' id='block_1_102' title="bbox 351 5254 2004 5334">
    <p class='ocr_par' dir='ltr' id='par_1_102' title="bbox 351 5254 2004 5334">
     <span class='ocr_line' id='line_1_103' title="bbox 351 5254 2004 5334; baseline -0.006 -12"><span class='ocrx_word' id='word_1_792' title='bbox 351 5266 571 5323; x_wconf 89' lang='lat' dir='ltr'>Paulus</span> <span class='ocrx_word' id='word_1_793' title='bbox 604 5260 839 5334; x_wconf 88' lang='lat' dir='ltr'>scripsit</span> <span class='ocrx_word' id='word_1_794' title='bbox 868 5257 1182 5330; x_wconf 88' lang='lat' dir='ltr'>epistolam</span> <span class='ocrx_word' id='word_1_795' title='bbox 1217 5254 1460 5311; x_wconf 87' lang='lat' dir='ltr'>missam</span> <span class='ocrx_word' id='word_1_796' title='bbox 1495 5260 1820 5315; x_wconf 88' lang='lat' dir='ltr'>monendos</span> <span class='ocrx_word' id='word_1_797' title='bbox 1841 5263 2004 5331; x_wconf 89' lang='lat' dir='ltr'>puta-</span> 
     </span>
    </p>
   </div>
   <div class='ocr_carea' id='block_1_103' title="bbox 351 5345 2000 5422">
    <p class='ocr_par' dir='ltr' id='par_1_103' title="bbox 351 5345 2000 5422">
     <span class='ocr_line' id='line_1_104' title="bbox 351 5345 2000 5422; baseline -0.007 -9"><span class='ocrx_word' id='word_1_798' title='bbox 351 5357 472 5413; x_wconf 82' lang='lat' dir='ltr'>rit?</span> <span class='ocrx_word' id='word_1_799' title='bbox 505 5379 533 5408; x_wconf 88' lang='lat'>»</span> <span class='ocrx_word' id='word_1_800' title='bbox 556 5356 678 5411; x_wconf 91' lang='lat' dir='ltr'>lmo</span> <span class='ocrx_word' id='word_1_801' title='bbox 712 5369 847 5408; x_wconf 90' lang='lat' dir='ltr'>vero</span> <span class='ocrx_word' id='word_1_802' title='bbox 879 5367 954 5405; x_wconf 89' lang='lat' dir='ltr'>an</span> <span class='ocrx_word' id='word_1_803' title='bbox 983 5348 1083 5402; x_wconf 93' lang='lat' dir='ltr'>ille</span> <span class='ocrx_word' id='word_1_804' title='bbox 1116 5363 1224 5401; x_wconf 91' lang='lat' dir='ltr'>nos</span> <span class='ocrx_word' id='word_1_805' title='bbox 1256 5345 1403 5401; x_wconf 88' lang='lat' dir='ltr'>adeo</span> <span class='ocrx_word' id='word_1_806' title='bbox 1435 5345 1702 5418; x_wconf 89' lang='lat' dir='ltr'>desipere</span> <span class='ocrx_word' id='word_1_807' title='bbox 1729 5349 2000 5422; x_wconf 82' lang='lat' dir='ltr'>credidit,</span> 
     </span>
    </p>
   </div>
   <div class='ocr_carea' id='block_1_104' title="bbox 352 5435 2004 5507">
    <p class='ocr_par' dir='ltr' id='par_1_104' title="bbox 352 5435 2004 5507">
     <span class='ocr_line' id='line_1_105' title="bbox 352 5435 2004 5507; baseline -0.007 -4"><span class='ocrx_word' id='word_1_808' title='bbox 352 5453 419 5504; x_wconf 92' lang='lat' dir='ltr'>ut</span> <span class='ocrx_word' id='word_1_809' title='bbox 444 5446 675 5501; x_wconf 90' lang='lat' dir='ltr'>nullum</span> <span class='ocrx_word' id='word_1_810' title='bbox 697 5441 1016 5499; x_wconf 89' lang='lat' dir='ltr'>discrimen</span> <span class='ocrx_word' id='word_1_811' title='bbox 1029 5435 1498 5492; x_wconf 89' lang='lat' dir='ltr'>animadvertere</span> <span class='ocrx_word' id='word_1_812' title='bbox 1513 5438 2004 5507; x_wconf 88' lang='lat' dir='ltr'>possemus,inter</span> 
     </span>
    </p>
   </div>
   <div class='ocr_carea' id='block_1_105' title="bbox 354 5526 2000 5609">
    <p class='ocr_par' dir='ltr' id='par_1_105' title="bbox 354 5526 2000 5609">
     <span class='ocr_line' id='line_1_106' title="bbox 354 5526 2000 5609; baseline -0.008 -14"><span class='ocrx_word' id='word_1_813' title='bbox 354 5555 425 5595; x_wconf 88' lang='lat' dir='ltr'>ea</span> <span class='ocrx_word' id='word_1_814' title='bbox 445 5555 575 5609; x_wconf 67' lang='lat' dir='ltr'>quas</span> <span class='ocrx_word' id='word_1_815' title='bbox 605 5538 731 5609; x_wconf 89' lang='lat' dir='ltr'>ipse</span> <span class='ocrx_word' id='word_1_816' title='bbox 765 5534 929 5600; x_wconf 88' lang='lat' dir='ltr'>dicit,</span> <span class='ocrx_word' id='word_1_817' title='bbox 965 5535 1146 5586; x_wconf 89' lang='lat' dir='ltr'>totam</span> <span class='ocrx_word' id='word_1_818' title='bbox 1178 5543 1358 5599; x_wconf 88' lang='lat' dir='ltr'>quam</span> <span class='ocrx_word' id='word_1_819' title='bbox 1379 5526 1596 5583; x_wconf 90' lang='lat' dir='ltr'>Paulus</span> <span class='ocrx_word' id='word_1_820' title='bbox 1626 5529 2000 5600; x_wconf 89' lang='lat' dir='ltr'>scripsitepi-</span> 
     </span>
    </p>
   </div>
   <div class='ocr_carea' id='block_1_106' title="bbox 355 5616 2000 5697">
    <p class='ocr_par' dir='ltr' id='par_1_106' title="bbox 355 5616 2000 5697">
     <span class='ocr_line' id='line_1_107' title="bbox 355 5616 2000 5697; baseline -0.009 -11"><span class='ocrx_word' id='word_1_821' title='bbox 355 5627 563 5686; x_wconf 86' lang='lat' dir='ltr'>stolam</span> <span class='ocrx_word' id='word_1_822' title='bbox 593 5625 666 5681; x_wconf 89' lang='lat' dir='ltr'>ad</span> <span class='ocrx_word' id='word_1_823' title='bbox 698 5622 984 5697; x_wconf 89' lang='lat' dir='ltr'>Ephesios</span> <span class='ocrx_word' id='word_1_824' title='bbox 1007 5620 1250 5676; x_wconf 88' lang='lat' dir='ltr'>missam</span> <span class='ocrx_word' id='word_1_825' title='bbox 1301 5622 1518 5686; x_wconf 88' lang='lat' dir='ltr'>esse,et</span> <span class='ocrx_word' id='word_1_826' title='bbox 1548 5616 1648 5674; x_wconf 87' lang='lat' dir='ltr'>illa</span> <span class='ocrx_word' id='word_1_827' title='bbox 1677 5635 1807 5691; x_wconf 79' lang='lat' dir='ltr'>quae</span> <span class='ocrx_word' id='word_1_828' title='bbox 1853 5616 2000 5674; x_wconf 84' lang='lat' dir='ltr'>scri-</span> 
     </span>
    </p>
   </div>
   <div class='ocr_carea' id='block_1_107' title="bbox 424 5710 1370 5786">
    <p class='ocr_par' dir='ltr' id='par_1_107' title="bbox 424 5710 1370 5786">
     <span class='ocr_line' id='line_1_108' title="bbox 424 5710 1370 5786; baseline -0.012 -11"><span class='ocrx_word' id='word_1_829' title='bbox 424 5717 515 5775; x_wconf 83' lang='grc' dir='ltr'>⁸⁰Ι</span> <span class='ocrx_word' id='word_1_830' title='bbox 545 5715 675 5774; x_wconf 87' lang='lat' dir='ltr'>Cor.</span> <span class='ocrx_word' id='word_1_831' title='bbox 708 5731 792 5786; x_wconf 79' lang='grc' dir='ltr'>ω,</span> <span class='ocrx_word' id='word_1_832' title='bbox 832 5716 885 5770; x_wconf 74' lang='lat'>2-.</span> <span class='ocrx_word' id='word_1_833' title='bbox 917 5710 1162 5768; x_wconf 67' lang='lat' dir='ltr'>“ICor.</span> <span class='ocrx_word' id='word_1_834' title='bbox 1195 5725 1296 5782; x_wconf 86' lang='lat' dir='ltr'>vn,</span> <span class='ocrx_word' id='word_1_835' title='bbox 1321 5711 1370 5765; x_wconf 81' lang='grc'>1.</span> 
     </span>
    </p>
   </div>
   <div class='ocr_carea' id='block_1_108' title="bbox 2113 4724 3769 4796">
    <p class='ocr_par' dir='ltr' id='par_1_108' title="bbox 2113 4724 3769 4796">
     <span class='ocr_line' id='line_1_109' title="bbox 2113 4724 3769 4796; baseline 0.001 -15"><span class='ocrx_word' id='word_1_836' title='bbox 2113 4725 2418 4781; x_wconf 87' lang='lat' dir='ltr'>substituit</span> <span class='ocrx_word' id='word_1_837' title='bbox 2448 4724 2853 4796; x_wconf 89' lang='lat' dir='ltr'>interpolator.</span> <span class='ocrx_word' id='word_1_838' title='bbox 2884 4726 3017 4780; x_wconf 89' lang='lat' dir='ltr'>Tria</span> <span class='ocrx_word' id='word_1_839' title='bbox 3047 4725 3334 4782; x_wconf 87' lang='lat' dir='ltr'>habemus</span> <span class='ocrx_word' id='word_1_840' title='bbox 3367 4730 3567 4784; x_wconf 71' lang='lat' dir='ltr'>Graaca</span> <span class='ocrx_word' id='word_1_841' title='bbox 3587 4729 3769 4783; x_wconf 90' lang='lat' dir='ltr'>inter-</span> 
     </span>
    </p>
   </div>
   <div class='ocr_carea' id='block_1_109' title="bbox 2112 4813 3761 4890">
    <p class='ocr_par' dir='ltr' id='par_1_109' title="bbox 2112 4813 3761 4890">
     <span class='ocr_line' id='line_1_110' title="bbox 2112 4813 3761 4890; baseline 0.001 -20"><span class='ocrx_word' id='word_1_842' title='bbox 2112 4815 2399 4886; x_wconf 89' lang='lat' dir='ltr'>polatoris</span> <span class='ocrx_word' id='word_1_843' title='bbox 2425 4813 2831 4885; x_wconf 86' lang='lat' dir='ltr'>exemplaria;</span> <span class='ocrx_word' id='word_1_844' title='bbox 2865 4815 2926 4869; x_wconf 91' lang='lat' dir='ltr'>in</span> <span class='ocrx_word' id='word_1_845' title='bbox 2975 4831 3094 4870; x_wconf 90' lang='lat' dir='ltr'>uno</span> <span class='ocrx_word' id='word_1_846' title='bbox 3128 4815 3392 4886; x_wconf 89' lang='lat' dir='ltr'>quidem,</span> <span class='ocrx_word' id='word_1_847' title='bbox 3417 4821 3761 4890; x_wconf 84' lang='lat' dir='ltr'>Augustano</span> 
     </span>
    </p>
   </div>
   <div class='ocr_carea' id='block_1_110' title="bbox 2113 4903 3767 4977">
    <p class='ocr_par' dir='ltr' id='par_1_110' title="bbox 2113 4903 3767 4977">
     <span class='ocr_line' id='line_1_111' title="bbox 2113 4903 3767 4977; baseline 0.001 -19"><span class='ocrx_word' id='word_1_848' title='bbox 2113 4904 2356 4971; x_wconf 90' lang='lat' dir='ltr'>scilicet,</span> <span class='ocrx_word' id='word_1_849' title='bbox 2390 4903 2606 4975; x_wconf 82' lang='lat' dir='ltr'>legitur</span> <span class='ocrx_word' id='word_1_850' title='bbox 2635 4903 2819 4973; x_wconf 78' lang='grc' dir='ltr'>ἡμῶν,</span> <span class='ocrx_word' id='word_1_851' title='bbox 2854 4903 2958 4958; x_wconf 88' lang='lat' dir='ltr'>sed</span> <span class='ocrx_word' id='word_1_852' title='bbox 2991 4911 3266 4976; x_wconf 88' lang='lat' dir='ltr'>corrupte</span> <span class='ocrx_word' id='word_1_853' title='bbox 3301 4921 3314 4973; x_wconf 90' lang='lat'><strong>;</strong></span> <span class='ocrx_word' id='word_1_854' title='bbox 3347 4923 3481 4962; x_wconf 89' lang='lat' dir='ltr'>cum</span> <span class='ocrx_word' id='word_1_855' title='bbox 3514 4907 3576 4961; x_wconf 89' lang='lat' dir='ltr'>in</span> <span class='ocrx_word' id='word_1_856' title='bbox 3609 4905 3767 4977; x_wconf 86' lang='lat' dir='ltr'>Nyd-</span> 
     </span>
    </p>
   </div>
   <div class='ocr_carea' id='block_1_111' title="bbox 2111 4993 3763 5068">
    <p class='ocr_par' dir='ltr' id='par_1_111' title="bbox 2111 4993 3763 5068">
     <span class='ocr_line' id='line_1_112' title="bbox 2111 4993 3763 5068; baseline 0.002 -21"><span class='ocrx_word' id='word_1_857' title='bbox 2111 4994 2430 5064; x_wconf 88' lang='lat' dir='ltr'>prucciano</span> <span class='ocrx_word' id='word_1_858' title='bbox 2453 4999 2510 5048; x_wconf 94' lang='lat' dir='ltr'>et</span> <span class='ocrx_word' id='word_1_859' title='bbox 2543 4993 2867 5065; x_wconf 84' lang='lat' dir='ltr'>Anglicano</span> <span class='ocrx_word' id='word_1_860' title='bbox 2914 4994 3144 5066; x_wconf 90' lang='lat' dir='ltr'>legatur</span> <span class='ocrx_word' id='word_1_861' title='bbox 3171 4993 3346 5066; x_wconf 83' lang='grc' dir='ltr'>ὑμῶν,</span> <span class='ocrx_word' id='word_1_862' title='bbox 3381 5002 3446 5052; x_wconf 91' lang='lat' dir='ltr'>ut</span> <span class='ocrx_word' id='word_1_863' title='bbox 3481 4996 3763 5068; x_wconf 88' lang='lat' dir='ltr'>Vulgatus</span> 
     </span>
    </p>
   </div>
   <div class='ocr_carea' id='block_1_112' title="bbox 2113 5082 3769 5154">
    <p class='ocr_par' dir='ltr' id='par_1_112' title="bbox 2113 5082 3769 5154">
     <span class='ocr_line' id='line_1_113' title="bbox 2113 5082 3769 5154; baseline 0.002 -18"><span class='ocrx_word' id='word_1_864' title='bbox 2113 5083 2408 5153; x_wconf 87' lang='lat' dir='ltr'>interpres</span> <span class='ocrx_word' id='word_1_865' title='bbox 2438 5082 2707 5154; x_wconf 88' lang='lat' dir='ltr'>legit,qui</span> <span class='ocrx_word' id='word_1_866' title='bbox 2733 5082 2994 5138; x_wconf 89' lang='lat' dir='ltr'>reddidit</span> <span class='ocrx_word' id='word_1_867' title='bbox 3023 5106 3050 5134; x_wconf 75' lang='grc' dir='ltr'>α</span> <span class='ocrx_word' id='word_1_868' title='bbox 3085 5085 3284 5140; x_wconf 89' lang='lat' dir='ltr'>vestri.</span> <span class='ocrx_word' id='word_1_869' title='bbox 3321 5107 3349 5135; x_wconf 86' lang='grc'>››</span> <span class='ocrx_word' id='word_1_870' title='bbox 3372 5086 3524 5150; x_wconf 90' lang='lat' dir='ltr'>Quin</span> <span class='ocrx_word' id='word_1_871' title='bbox 3542 5085 3769 5140; x_wconf 89' lang='lat' dir='ltr'>ethanc</span> 
     </span>
    </p>
   </div>
   <div class='ocr_carea' id='block_1_113' title="bbox 2111 5171 3766 5245">
    <p class='ocr_par' dir='ltr' id='par_1_113' title="bbox 2111 5171 3766 5245">
     <span class='ocr_line' id='line_1_114' title="bbox 2111 5171 3766 5245; baseline -0.001 -17"><span class='ocrx_word' id='word_1_872' title='bbox 2111 5171 2598 5228; x_wconf 87' lang='lat' dir='ltr'>substitutionem</span> <span class='ocrx_word' id='word_1_873' title='bbox 2639 5172 2978 5228; x_wconf 89' lang='lat' dir='ltr'>vetustioris</span> <span class='ocrx_word' id='word_1_874' title='bbox 3005 5174 3310 5245; x_wconf 88' lang='lat' dir='ltr'>scriptoris</span> <span class='ocrx_word' id='word_1_875' title='bbox 3329 5174 3650 5230; x_wconf 87' lang='lat' dir='ltr'>auctoritas</span> <span class='ocrx_word' id='word_1_876' title='bbox 3673 5188 3766 5226; x_wconf 87' lang='lat' dir='ltr'>re-</span> 
     </span>
    </p>
   </div>
   <div class='ocr_carea' id='block_1_114' title="bbox 2110 5259 3768 5334">
    <p class='ocr_par' dir='ltr' id='par_1_114' title="bbox 2110 5259 3768 5334">
     <span class='ocr_line' id='line_1_115' title="bbox 2110 5259 3768 5334; baseline 0.002 -20"><span class='ocrx_word' id='word_1_877' title='bbox 2110 5259 2284 5328; x_wconf 83' lang='lat' dir='ltr'>fellit,</span> <span class='ocrx_word' id='word_1_878' title='bbox 2319 5275 2453 5316; x_wconf 88' lang='lat' dir='ltr'>cum</span> <span class='ocrx_word' id='word_1_879' title='bbox 2513 5260 2573 5315; x_wconf 90' lang='lat' dir='ltr'>in</span> <span class='ocrx_word' id='word_1_880' title='bbox 2631 5261 2890 5316; x_wconf 79' lang='lat' dir='ltr'>Mediceo</span> <span class='ocrx_word' id='word_1_881' title='bbox 2933 5261 3134 5317; x_wconf 90' lang='lat' dir='ltr'>codice</span> <span class='ocrx_word' id='word_1_882' title='bbox 3160 5262 3388 5334; x_wconf 89' lang='lat' dir='ltr'>legatur</span> <span class='ocrx_word' id='word_1_883' title='bbox 3418 5260 3590 5332; x_wconf 80' lang='grc' dir='ltr'>ὑμῶν,</span> <span class='ocrx_word' id='word_1_884' title='bbox 3615 5267 3674 5316; x_wconf 89' lang='lat' dir='ltr'>et</span> <span class='ocrx_word' id='word_1_885' title='bbox 3702 5261 3768 5318; x_wconf 88' lang='lat' dir='ltr'>in</span> 
     </span>
    </p>
   </div>
   <div class='ocr_carea' id='block_1_115' title="bbox 2110 5349 3766 5423">
    <p class='ocr_par' dir='ltr' id='par_1_115' title="bbox 2110 5349 3766 5423">
     <span class='ocr_line' id='line_1_116' title="bbox 2110 5349 3766 5423; baseline 0.001 -19"><span class='ocrx_word' id='word_1_886' title='bbox 2110 5349 2291 5405; x_wconf 91' lang='lat' dir='ltr'>veteri</span> <span class='ocrx_word' id='word_1_887' title='bbox 2324 5349 2649 5422; x_wconf 89' lang='lat' dir='ltr'>interprete</span> <span class='ocrx_word' id='word_1_888' title='bbox 2667 5372 2695 5399; x_wconf 89' lang='lat'><strong>«</strong></span> <span class='ocrx_word' id='word_1_889' title='bbox 2721 5351 2920 5405; x_wconf 89' lang='lat' dir='ltr'>vestri.</span> <span class='ocrx_word' id='word_1_890' title='bbox 2959 5372 2986 5400; x_wconf 73' lang='grc' dir='ltr'>ιι</span> <span class='ocrx_word' id='word_1_891' title='bbox 3027 5352 3215 5406; x_wconf 90' lang='lat' dir='ltr'>Causa</span> <span class='ocrx_word' id='word_1_892' title='bbox 3245 5352 3423 5423; x_wconf 90' lang='lat' dir='ltr'>igitur</span> <span class='ocrx_word' id='word_1_893' title='bbox 3443 5349 3608 5406; x_wconf 89' lang='lat' dir='ltr'>nulla</span> <span class='ocrx_word' id='word_1_894' title='bbox 3630 5350 3766 5420; x_wconf 84' lang='lat' dir='ltr'>fuit,</span> 
     </span>
    </p>
   </div>
   <div class='ocr_carea' id='block_1_116' title="bbox 2110 5438 3773 5510">
    <p class='ocr_par' dir='ltr' id='par_1_116' title="bbox 2110 5438 3773 5510">
     <span class='ocr_line' id='line_1_117' title="bbox 2110 5438 3773 5510; baseline -0.001 -15"><span class='ocrx_word' id='word_1_895' title='bbox 2110 5456 2216 5496; x_wconf 90' lang='lat' dir='ltr'>cur</span> <span class='ocrx_word' id='word_1_896' title='bbox 2227 5439 2406 5495; x_wconf 89' lang='lat' dir='ltr'>unius</span> <span class='ocrx_word' id='word_1_897' title='bbox 2417 5438 2640 5494; x_wconf 88' lang='lat' dir='ltr'>codicis</span> <span class='ocrx_word' id='word_1_898' title='bbox 2659 5439 2975 5495; x_wconf 88' lang='lat' dir='ltr'>lectionem</span> <span class='ocrx_word' id='word_1_899' title='bbox 2999 5445 3210 5495; x_wconf 84' lang='lat' dir='ltr'>contra</span> <span class='ocrx_word' id='word_1_900' title='bbox 3228 5441 3496 5495; x_wconf 89' lang='lat' dir='ltr'>omnium</span> <span class='ocrx_word' id='word_1_901' title='bbox 3511 5440 3773 5510; x_wconf 86' lang='lat' dir='ltr'>reliquo-</span> 
     </span>
    </p>
   </div>
   <div class='ocr_carea' id='block_1_117' title="bbox 2109 5527 3770 5599">
    <p class='ocr_par' dir='ltr' id='par_1_117' title="bbox 2109 5527 3770 5599">
     <span class='ocr_line' id='line_1_118' title="bbox 2109 5527 3770 5599; baseline -0.001 -15"><span class='ocrx_word' id='word_1_902' title='bbox 2109 5546 2243 5584; x_wconf 85' lang='lat' dir='ltr'>rum</span> <span class='ocrx_word' id='word_1_903' title='bbox 2261 5545 2620 5584; x_wconf 90' lang='lat' dir='ltr'>consensum</span> <span class='ocrx_word' id='word_1_904' title='bbox 2651 5527 3109 5599; x_wconf 89' lang='lat' dir='ltr'>amplecteretur</span> <span class='ocrx_word' id='word_1_905' title='bbox 3139 5530 3432 5595; x_wconf 90' lang='lat' dir='ltr'>Usserius,</span> <span class='ocrx_word' id='word_1_906' title='bbox 3463 5535 3571 5585; x_wconf 90' lang='lat' dir='ltr'>aut</span> <span class='ocrx_word' id='word_1_907' title='bbox 3624 5529 3770 5584; x_wconf 88' lang='lat' dir='ltr'>arri-</span> 
     </span>
    </p>
   </div>
   <div class='ocr_carea' id='block_1_118' title="bbox 2109 5617 3779 5691">
    <p class='ocr_par' dir='ltr' id='par_1_118' title="bbox 2109 5617 3779 5691">
     <span class='ocr_line' id='line_1_119' title="bbox 2109 5617 3779 5691; baseline 0.001 -17"><span class='ocrx_word' id='word_1_908' title='bbox 2109 5623 2276 5691; x_wconf 89' lang='lat' dir='ltr'>peret</span> <span class='ocrx_word' id='word_1_909' title='bbox 2303 5617 3004 5689; x_wconf 72' lang='lat' dir='ltr'>Dallmus.Secundo,non</span> <span class='ocrx_word' id='word_1_910' title='bbox 3026 5623 3260 5674; x_wconf 88' lang='lat' dir='ltr'>constat</span> <span class='ocrx_word' id='word_1_911' title='bbox 3279 5617 3779 5691; x_wconf 87' lang='lat' dir='ltr'>interpolatorem</span> 
     </span>
    </p>
   </div>
  </div>
