4064 6134
350 337 463 397 3ἹΊ
1091 335 1150 398 J.
1197 334 1612 398 PEARSONIl
1652 332 2006 398 VINDICIJ

2118 334 2547 397 ΞΝΑΤΙΑΝᾹΞ.
2603 368 2672 381 --
2719 334 2921 399 PARS
2967 336 3047 398 ῙῙ.
3656 339 3774 400 378

354 487 458 543 pro
513 470 769 542 epistola,
809 470 1086 527 orationes
1144 470 1520 528 substituisse
1554 491 1569 540 ;
1620 487 1761 527 nam
1816 469 2013 543 potius
2044 477 2091 541 Α
2124 474 2309 538 ratur,
2334 470 2489 542 quod
2510 469 2830 528 foedissime
2852 472 3209 545 interpolata
3237 474 3381 530 sit.»
3406 473 3481 531 At
3508 490 3617 530 nos
3649 473 3780 532 hmo

358 559 594 616 videtur
645 557 698 613 ἓν
732 560 879 633 πάσῃ
944 557 1211 633 ἐπιστολῇ
1269 561 1599 617 reddidisse
1631 577 1737 633 per
1767 558 2006 614 πάντοτε

2126 560 2302 616 verba
2320 562 2481 616 omni
2501 561 2963 634 interpolatione
2984 563 3175 620 libera
3198 581 3267 619 ex
3287 581 3355 621 ea
3369 565 3777 637 producimus;

363 657 418 707 et
446 648 503 703 ὲν
533 654 657 714 ταῖς
688 646 904 720 δεήσεσι
964 652 1264 707 addidisse
1323 652 1398 707 ad
1429 652 1891 724 explicationem
1919 654 2006 704 τοῐ

2128 650 2355 706 scilicet
2385 649 2532 706 Μετᾶ
2583 651 2683 719 τὴν
2734 650 3016 708 ἀνάστασιν
3050 651 3104 707 ἒν
3137 654 3294 729 σαρκὶ
3339 654 3501 709 αὐτὸν
3530 651 3658 709 οἴδα
3685 655 3775 709 καὶ

368 738 717 812 μνημονεύει,
743 740 901 812 quod
928 741 1153 796 videret
1181 741 1241 797 S.
1275 742 1526 798 Paulum
1556 743 1618 797 in
1651 741 2006 798 orationibus

2127 737 2365 794 πιστεύω
2398 737 2546 797 ὄντα.
2581 743 2958 814 Quaacunque
3016 743 3193 817 igitur
3240 745 3600 817 interpolata
3629 746 3771 813 sint,

364 846 467 903 per
487 835 673 886 totam
695 829 1006 903 epistolam
1030 832 1251 904 sparsis
1271 833 1556 904 Ephesios
1583 834 1697 888 Deo
1721 849 2022 889 commen-

363 921 528 977 dasse
546 922 608 976 in
623 921 650 976 J
656 937 764 977 esu
781 921 1012 977 Christo
1036 937 1049 988 ;
1073 922 1158 977 vel
1176 921 1251 978 ad
1267 923 1436 979 illum
1454 923 1814 979 versiculum
1835 923 2021 995 respi-

363 1015 541 1078 ceret,
564 1006 626 1062 οὖ
658 1006 904 1080 παύομαι
928 1006 1263 1085 εὐχαριστῶν
1290 1010 1422 1087 ὑπὲρ
1450 1011 1602 1083 ὑμῶν
1641 1013 1826 1080 μνείαν
1862 1011 2015 1083 ὑμῶν

359 1098 688 1172 ποιούμενος
747 1097 834 1153 ἐπὶ
886 1104 992 1153 τῶν
1053 1104 1376 1176 προσευχῶν
1409 1121 1536 1175 μου.
1582 1124 1609 1153 ››
1667 1104 1795 1157 Non
1849 1118 2015 1157 cesso

360 1190 575 1263 gratias
598 1206 780 1263 agens
805 1208 912 1264 pro
935 1190 1479 1259 vobis,memoriam
1502 1191 1683 1248 vestri
1709 1191 1930 1248 faciens
1952 1192 2015 1246 in

361 1279 727 1335 orationibus
748 1280 917 1335 meis.
936 1303 962 1329 n
981 1280 1441 1336 Laurentianum
1459 1281 1723 1337 codicem
1738 1280 2012 1348 defendo,

358 1368 770 1424 confusionem
817 1369 1131 1441 utriusque
1178 1370 1398 1426 codicis
1421 1371 1493 1426 ab
1518 1370 1887 1426 Hammondo
1917 1369 2014 1424 fa-

363 1465 515 1514 ctam
546 1475 670 1513 non
697 1458 905 1530 probo.

427 1549 629 1620 Capite
661 1550 731 1603 20
763 1549 835 1604 de
869 1549 996 1604 solo
1046 1549 1214 1605 Pauli
1265 1550 1543 1623 conjugio
1575 1550 1715 1621 agit,
1749 1554 1805 1604 et
1836 1549 2015 1603 inter-

357 1638 689 1711 polatorem
716 1643 949 1694 tantum
970 1639 1127 1694 ferit.
1149 1640 1335 1712 Caput
1365 1643 1426 1694 21
1456 1645 1712 1711 quatuor
1734 1637 1827 1711 obj
1839 1638 2016 1693 ectio-

358 1744 463 1783 nes
494 1728 783 1795 continet,
809 1744 1059 1799 quarum
1087 1744 1206 1784 una
1223 1729 1293 1783 de
1325 1728 1636 1785 Salomone
1661 1734 1720 1783 et
1738 1727 1895 1782 Josia
1918 1727 2010 1781 in-

2126 829 2253 884 haac
2290 835 2448 886 certe
2479 847 2625 886 sana
2655 835 2714 885 et
2756 831 2984 905 integra
3031 839 3370 905 supersunt,
3404 851 3535 890 cum
3568 833 3772 890 codice

2125 918 2822 988 Laurentiano,Eusebio,
2848 926 2906 975 et
2927 921 3294 978 Theodoreto
3316 923 3771 979 consentientia.

2125 1008 2416 1079 Secundo,
2442 1011 2503 1064 in
2525 1011 2777 1066 Eusebio
2809 1011 3137 1068 hariolatur
3162 1014 3251 1069 vel
3273 1013 3660 1085 antiquarios,
3690 1014 3777 1070 vel

2122 1096 2425 1154 Bullinum
2469 1116 2576 1171 pro
2631 1095 2771 1153 εἶδον
2823 1101 3199 1174 rescripsisse
3258 1098 3403 1155 οἶδαο
3437 1119 3505 1158 ex
3536 1103 3775 1159 Eusebii

2123 1190 2291 1246 libris
2317 1191 2390 1246 ad
2420 1190 2878 1255 Theodoretum,
2940 1198 2997 1247 et
3052 1194 3404 1265 scriptorum
3449 1194 3774 1249 Florentini

2123 1280 2345 1335 codicis
2375 1280 2735 1337 dimanasse.
2756 1280 2799 1336 Ο
2825 1281 3088 1353 lepidum
3124 1287 3526 1338 commentum
3555 1282 3566 1337 !
3599 1285 3775 1337 Euse-

2121 1371 2203 1425 bii
2226 1372 2482 1427 Historia
2494 1377 2732 1427 centum
2754 1371 2938 1429 ferme
2951 1374 3124 1429 annis
3146 1373 3490 1445 priusquam
3505 1374 3773 1430 Rufﬁnus

2126 1478 2253 1517 eam
2278 1461 2339 1515 in
2364 1461 2636 1516 Latinum
2658 1462 2833 1516 vertit
2868 1462 2929 1517 in
2953 1463 3227 1518 manibus
3250 1463 3517 1519 omnium
3539 1463 3770 1530 fuerat;

2121 1549 2485 1621 exemplaria
2504 1567 2610 1622 per
2630 1555 2812 1606 totam
2831 1551 3154 1607 Ecclesiam
3172 1552 3533 1608 Orientalem
3549 1552 3771 1625 ubique

2126 1635 2393 1706 dispersa
2414 1639 2473 1690 et
2497 1652 2713 1708 magna
2738 1636 3008 1691 omnium
3032 1653 3166 1692 cum
3189 1637 3582 1693 admiratione
3614 1654 3775 1693 acce-

2118 1730 2237 1795 pta.
2272 1728 2362 1779 An
2411 1724 2589 1797 igitur
2618 1725 2890 1781 Rufﬁnus
2921 1726 2983 1781 in
3028 1725 3291 1782 Ecclesia
3336 1726 3544 1782 Latina
3572 1744 3774 1783 vocem

356 1816 798 1889 terpolatorem,
830 1816 1078 1889 reliquae
1110 1823 1413 1874 auctorem
1444 1819 1641 1890 ipsum
1672 1820 1902 1889 petunt.
1930 1817 2011 1870 De
2039 1844 2086 1909 Β
2118 1814 2356 1869 unicam
2390 1814 2450 1868 in
2484 1830 2588 1868 suo
2620 1814 2821 1869 codice
2856 1814 2926 1871 de
2973 1814 3267 1871 industria
3306 1821 3536 1871 mutare
3570 1816 3773 1885 voluit,

350 1905 452 1961 illo
485 1908 613 1962 hac
642 1906 823 1963 habet
847 1924 860 1962 :
889 1931 915 1959 «
939 1909 1123 1964 Homo
1147 1908 1579 1965 audacissimus
1601 1908 1858 1964 scribere
1884 1924 2005 1963 non

351 1995 642 2052 dubitavit
673 1998 971 2053 Christum
1003 1999 1320 2054 Dominum
1341 2016 1374 2054 a
1397 2015 1457 2054 se
1490 1998 1551 2053 in
1582 2014 1758 2054 carne
1789 1998 2002 2053 visum.

349 2086 809 2158 Chrysostomus
863 2093 1039 2160 negat
1088 2088 1382 2161 Ignatium
1436 2088 1650 2143 vidisse
1684 2087 2002 2143 Christum.

347 2176 745 2249 Epistolarum
776 2195 914 2250 ergo
945 2179 1199 2251 scriptor
1226 2180 1527 2235 manifesti
1551 2178 1843 2234 mendacii
1872 2194 2009 2233 con-

346 2265 622 2322 vincitur.
647 2289 674 2315 »
700 2267 832 2322 Haec
853 2268 1185 2340 argumenti
1214 2286 1467 2326 summa.
1497 2270 1619 2335 Qua
1649 2266 2004 2323 certitudine

349 2353 566 2409 dixerit
588 2353 1041 2427 Chrysostomus
1072 2355 1369 2411 Christum
1393 2356 1463 2410 ab
1493 2357 1716 2425 Ignatio
1745 2358 2004 2426 martyre

348 2462 656 2516 nunquam
691 2447 881 2501 visum
912 2446 1116 2511 fuisse,
1178 2464 1283 2519 ego
1341 2464 1461 2502 non
1502 2464 1723 2518 quacro.
1756 2446 1923 2501 Certe
1957 2447 2005 2499 si

350 2534 737 2605 epistolarum
771 2535 1025 2607 scriptor
1054 2538 1158 2589 200
1189 2539 1321 2607 post
1366 2536 1655 2608 Ignatium
1714 2534 1909 2600 annis,
1942 2538 2009 2588 ut

348 2622 473 2678 vult
494 2622 769 2691 Dallmus,
792 2622 1009 2678 dixerit
1031 2624 1330 2680 Christum
1354 2641 1388 2679 a
1420 2642 1480 2680 se
1505 2625 1564 2678 in
1591 2640 1766 2680 carne
1790 2623 2004 2691 visum,

352 2717 410 2766 et
424 2713 599 2767 homo
617 2712 1049 2769 audacissimus
1068 2719 1127 2769 et
1144 2713 1787 2779 mendacissimusfuit;
1804 2729 2006 2783 quem-

357 2800 667 2858 admodum
698 2802 1177 2859 Pseudo-Abdias
1202 2822 1319 2859 non
1343 2804 1472 2859 sine
1500 2820 1735 2859 summa
1758 2801 2006 2856 audacia

354 2895 413 2946 et
441 2897 637 2963 aperto
668 2892 982 2948 mendacio
1043 2893 1237 2964 ipsum
1296 2893 1481 2949 oculis
1534 2892 1657 2947 suis
1688 2890 2005 2946 Dominum

345 2979 558 3036 vidisse
591 2987 795 3037 narrat
826 2981 1179 3055 Apostolicze
1213 2983 1474 3038 historias
1508 2981 1609 3037 lib.
1641 2998 1716 3046 γι,
1739 2998 1873 3036 cum
1906 2996 2006 3034 eo-

342 3069 478 3125 dem
508 3070 661 3125 libro
713 3088 835 3126 non
877 3076 1106 3131 tantum
1163 3072 1558 3145 Hegesippum
1590 3068 2002 3137 nominaverit,

340 3159 448 3215 sed
474 3166 531 3215 et
563 3160 694 3232 ejus
722 3160 902 3216 verba
947 3178 1016 3215 ex
1048 3161 1432 3229 translatione
1462 3160 1686 3215 Rufﬁni
1717 3156 2003 3214 transcri-

339 3249 550 3321 pserit.
608 3253 827 3305 Auctor
868 3250 1092 3306 Politia?
1140 3252 1234 3307 SS.
1288 3252 1517 3305 Patrum
1546 3248 1923 3320 Metrophanis
1954 3253 2007 3301 et

342 3338 662 3394 Alexandri
688 3338 844 3411 apud
875 3340 1153 3395 Photium
1194 3339 1395 3395 codice
1445 3342 1569 3402 256,
1604 3343 1662 3394 et
1689 3338 1867 3393 homo
1898 3352 2007 3391 au-

344 3426 708 3482 dacissimus
739 3433 797 3482 et
827 3429 1322 3483 mendacissimus
1353 3427 1483 3493 fuit,
1527 3428 1574 3482 si
1609 3425 1913 3500 scripserit
1942 3442 2004 3481 se

342 3516 565 3572 vidisse
598 3518 1053 3573 Constantinum
1087 3518 1245 3573 inter
1285 3518 1544 3589 ephebos
1575 3521 1905 3572 merentem
1941 3515 2004 3570 in

335 3605 661 3662 Palaestina
685 3606 792 3661 sub
817 3606 1205 3675 Diocletiano,
1232 3609 1446 3662 Verum
1470 3606 1579 3661 hoc
1604 3605 1855 3676 scriptor
1877 3605 2003 3676 ipse

337 3711 465 3749 non
504 3693 671 3760 dixit,
710 3695 810 3750 sed
853 3695 1257 3752 obscuriorem
1291 3694 1484 3751 Photii
1534 3694 2002 3750 contractionem

336 3782 424 3838 ita
455 3783 764 3839 transtulit
792 3784 1090 3854 Schottus,
1120 3786 1289 3858 cujus
1322 3783 1875 3855 interpretationem
1907 3798 2001 3835 re-

334 3871 560 3927 fellunt
610 3873 818 3928 eadem
874 3876 1021 3929 Acta
1079 3873 1313 3946 plenius
1345 3890 1377 3928 a
1408 3871 1759 3929 Combefisio
1811 3886 2003 3941 nuper

336 3961 534 4028 edita;
570 3978 644 4018 ex
673 3962 890 4035 quibus
923 3969 1157 4019 constat
1180 3982 1301 4019 non
1334 3964 1702 4036 scriptorem,
1736 3960 1843 4015 sed
1872 3961 1998 4015 Ma—

333 4052 667 4109 ximianum
690 4058 834 4109 tunc
855 4052 1071 4109 vidisse
1094 4053 1571 4110 Constantinum.
1595 4050 1749 4107 Illud
1778 4049 2003 4123 pariter

339 4146 397 4197 et
430 4158 533 4215 ego
574 4158 797 4210 assero,
830 4147 1137 4198 auctorem
1171 4142 1577 4214 epistolarum,
1614 4157 1761 4211 quas
1793 4138 1998 4194 defen-

340 4231 560 4301 dimus,
584 4248 895 4303 nunquam
919 4231 1228 4303 scripsisse
1257 4231 1576 4301 ,Christum
1600 4247 1635 4286 a
1656 4247 1718 4285 se
1740 4228 1801 4284 in
1824 4243 2001 4283 carne

340 4322 554 4375 visum.
586 4321 642 4375 Si
675 4321 801 4376 hinc
827 4321 1185 4393 scripsisset,
1218 4321 1542 4377 Salmasius
1573 4325 1631 4375 et
1660 4318 2001 4374 Blondellus

339 4427 447 4482 pro
481 4427 589 4465 sua
619 4410 683 4465 in
705 4410 799 4464 his
820 4410 1000 4465 rebus
1025 4410 1288 4476 solertia,
1314 4410 1373 4465 id
1405 4408 1733 4481 praeterire,
1768 4407 2003 4479 opinor,

341 4499 672 4567 noluisset;
706 4500 811 4555 sed
841 4498 1087 4555 omnino
1120 4517 1240 4554 non
1274 4499 1533 4570 scripsit.
1576 4496 1845 4553 Auctoris
1877 4495 2003 4567 epi-

2118 1908 2218 1958 aut
2244 1903 2673 1958 correctionem
2704 1920 2873 1960 suam
2922 1903 2982 1959 in
3011 1904 3244 1976 reliqua
3281 1905 3482 1961 omnia
3512 1905 3772 1961 Orientis

2118 1990 2480 2061 exemplaria
2504 1990 2907 2060 recipiendam
2950 1992 3074 2047 fore
3106 2008 3345 2063 sperare
3378 1992 3610 2063 potuit?
3638 1993 3767 2048 Non

2116 2079 2264 2135 adeo
2312 2079 2559 2135 demens
2608 2079 2719 2135 fuit
2767 2081 3069 2149 Rufﬁnus;
3103 2082 3432 2153 praesertim
3481 2099 3612 2138 cum
3637 2083 3765 2153 jam

2115 2170 2440 2225 acerrimus
2470 2170 2599 2241 ejus
2649 2170 2835 2225 hostis
2892 2172 3284 2243 Hieronymus
3316 2177 3403 2227 tot
3431 2174 3604 2227 annis
3630 2178 3766 2228 ante

2114 2259 2265 2314 hanc
2296 2258 2625 2313 versionem
2684 2259 3012 2332 catalogum
3069 2278 3244 2316 suum
3289 2260 3589 2317 edidisset.
3640 2262 3766 2317 Non

2116 2352 2205 2402 est
2233 2348 2433 2419 itaque
2457 2348 2622 2418 justa
2652 2349 2928 2420 suspicio,
2961 2350 3263 2405 Rufﬁnum
3307 2351 3539 2406 Eusebii
3572 2351 3767 2405 Histo-

2118 2436 2266 2491 riam
2298 2436 2473 2492 verba
2524 2436 2896 2492 immutando
2954 2440 3310 2511 corrupisse.
3366 2442 3446 2497 De
3504 2440 3767 2496 librariis

2117 2531 2315 2581 autem
2348 2526 2506 2598 quod
2536 2527 2798 2599 conjicit,
2831 2527 3007 2583 verba
3036 2530 3246 2601 Ignatii
3276 2530 3349 2585 ab
3371 2531 3623 2585 Eusebio
3649 2535 3769 2587 tra-

2117 2614 2240 2669 dita
2262 2615 2534 2670 consulto
2559 2631 2659 2670 eos
2681 2617 3092 2672 animadversa
3116 2619 3202 2672 rei
3230 2619 3616 2686 absurditate,
3643 2637 3771 2674 cor-

2115 2704 2357 2773 rexisse,
2399 2702 2469 2759 ab
2522 2704 2683 2759 omni
2740 2705 3259 2761 verisimilitudine
3293 2707 3591 2763 abhorret.
3624 2709 3766 2772 Quis

2115 2794 2275 2848 enim
2310 2810 2409 2848 eos
2441 2793 2715 2848 librarios
2775 2810 3038 2866 unquam
3099 2796 3461 2851 existimabit
3493 2798 3555 2851 in
3595 2814 3765 2851 com-

2114 2900 2297 2941 mune
2343 2883 2733 2954 consuluisse,
2786 2884 2858 2939 de
2907 2885 3140 2956 scriptis
3188 2886 3424 2940 Eusebii
3468 2886 3765 2959 judicium

2118 2972 2341 3038 tulisse,
2399 2976 2457 3026 et
2513 2971 2584 3026 de
2634 2971 2961 3027 mutatione
2993 2973 3151 3027 vocis
3183 2973 3599 3028 consensisse?
3628 2974 3767 3037 Quis

2117 3079 2218 3117 eos
2249 3060 2498 3116 Eusebio
2556 3061 2705 3132 ipso,
2766 3066 3006 3117 auctore
3057 3062 3147 3117 sui
3191 3062 3474 3134 temporis
3506 3064 3766 3119 maximo

2118 3151 2511 3222 sapientiores
2526 3150 2839 3221 judicabit,
2867 3168 3015 3223 quos
3045 3153 3208 3208 omni
3249 3169 3371 3208 aevo
3402 3153 3557 3209 viros
3586 3153 3766 3212 fuisse

2117 3241 2409 3297 bonarum
2441 3240 2774 3296 litterarum
2829 3241 3087 3314 ignaros,
3134 3243 3409 3298 mercede
3441 3243 3513 3299 ad
3547 3244 3767 3300 exscri-

2115 3330 2375 3386 bendum
2408 3330 2819 3386 tantummodo
2852 3330 3195 3403 conductos,
3225 3334 3334 3389 viri
3371 3352 3579 3390 omnes
3610 3334 3767 3390 docti

2118 3424 2176 3474 et
2207 3419 2269 3474 in
2301 3420 2395 3474 his
2425 3418 2603 3475 rebus
2630 3421 2841 3475 versati
2869 3427 2926 3475 et
2947 3422 3308 3478 conﬁtentur
3327 3428 3386 3478 et
3406 3423 3766 3494 queruntur?

2115 3508 2172 3563 Si
2226 3508 2452 3579 aliquid
2511 3509 2571 3564 in
2625 3510 2861 3565 Eusebii
2922 3510 3125 3566 codice
3184 3517 3475 3567 tantatum
3533 3513 3764 3581 fuisset,

2122 3598 2255 3668 quis
2309 3597 2473 3653 dabit
2502 3615 2570 3653 ea
2619 3600 2989 3655 correctione
3018 3600 3386 3656 Theodoreto
3418 3602 3763 3673 impositum

2112 3687 2316 3755 fuisse,
2352 3688 2451 3757 qui
2494 3693 2581 3742 tot
2637 3688 2751 3743 alia
2814 3690 2941 3743 loca
2998 3706 3117 3745 non
3149 3707 3220 3745 ex
3249 3690 3525 3759 Eusebio,
3559 3691 3661 3746 sed
3694 3708 3766 3745 ex

2113 3775 2259 3847 ipsis
2289 3777 2497 3848 Ignatii
2529 3777 2796 3848 epistolis
2828 3779 3248 3850 transcripsit?
3290 3780 3431 3844 Quis
3462 3778 3767 3851 praestabit

2115 3865 2462 3937 scriptorem
2495 3866 2873 3923 Laurentiani
2914 3867 3156 3936 codicis,
3199 3868 3407 3924 relicto
3441 3867 3764 3941 exemplari

2115 3970 2243 4022 suo,
2276 3958 2378 4009 aut
2407 3953 2645 4009 Eusebii
2676 3955 3013 4026 Historiam,
3046 3962 3147 4012 aut
3175 3957 3526 4013 Theodoreti
3558 3956 3763 4029 dispu-

2114 4043 2369 4099 tationes
2427 4044 2488 4098 in
2547 4043 2864 4100 consilium
2918 4045 3278 4101 adhibuisse.
3332 4047 3518 4101 Nimis
3557 4045 3761 4103 dilutae

2114 4142 2251 4191 sunt
2307 4137 2395 4191 ha)
2455 4136 2850 4208 conjecturas;
2912 4145 2970 4193 et
3044 4139 3385 4210 aequissima
3441 4137 3762 4211 postulatio

2114 4232 2222 4295 est,
2255 4230 2321 4283 ut
2351 4244 2420 4282 ea
2449 4244 2555 4301 pro
2586 4228 2778 4284 verbis
2800 4229 3185 4300 epistolarum
3216 4230 3474 4287 auctoris
3501 4229 3768 4286 habean-

2114 4320 2231 4384 tur,
2261 4333 2392 4387 quaa
2423 4317 2700 4372 omnibus
2731 4318 2947 4373 Graacis
2978 4319 3433 4391 exemplaribus,
3469 4325 3527 4376 et
3555 4318 3767 4375 veteri-
3831 4355 3838 4363 -

2112 4404 2224 4461 bus
2265 4407 2557 4479 excerptis
2587 4410 3006 4480 agnoscuntur.
3060 4408 3139 4463 Iis
3185 4413 3383 4464 autem
3424 4408 3615 4464 verbis
3647 4425 3769 4464 non

2114 4494 2332 4551 dicitur
2353 4495 2412 4550 id
2436 4495 2592 4567 quod
2616 4513 2651 4552 a
2671 4496 2793 4551 solo
2818 4496 3040 4551 Dallaao
3061 4497 3155 4569 obj
3167 4503 3362 4553 ectum
3385 4504 3493 4566 est,
3518 4500 3570 4554 S.
3599 4499 3770 4572 Igna-

341 4590 505 4645 διοιω
534 4589 714 4645 verba
745 4591 870 4645 haec
904 4597 1039 4645 sunt
1094 4589 1168 4645 de
1228 4569 1460 4644 Christo
1488 4606 1500 4644 :
1560 4587 1707 4662 Ἐγὼ
1734 4586 1837 4661 γὰρ
1873 4586 2006 4660 μετᾶ

2120 4586 2266 4641 tium
2289 4586 2350 4640 in
2374 4602 2553 4642 carne
2576 4586 2873 4642 Christum
2893 4586 3316 4643 vidisseAliud
3330 4588 3487 4643 enim
3510 4592 3600 4643 est
3618 4569 3766 4657 σῖδα,

339 4678 438 4745 τὴν
498 4674 783 4731 ἀνάστασιν
838 4673 890 4730 ἰν
952 4677 1109 4751 σαρκὶ
1169 4677 1325 4732 αόεὸν
1416 4674 1537 4730 οἴδα
1623 4675 1711 4730 καὶ
1764 4674 2003 4729 πιστεύω

344 4762 486 4821 ὄντα.
521 4768 608 4822 ita
632 4768 695 4823 in
729 4766 935 4823 codice
972 4768 1371 4823 Laurentiano
1399 4767 1653 4841 legitur;
1687 4765 1895 4822 eadem
1928 4765 2009 4820 le-

347 4857 459 4911 ctio
492 4855 649 4928 apud
670 4855 995 4910 Eusebium
1019 4857 1318 4912 invenitur
1342 4874 1356 4923 ;
1392 4854 1663 4911 eamdem
1686 4870 2010 4926 repraesen-

349 4950 432 5000 tat
458 4944 866 5000 Theodoretus
893 4961 906 5011 ;
944 4944 1217 5000 eamdem
1241 4945 1617 5002 retinuerunt
1639 4944 1821 4999 Graeci
1844 4943 2005 4999 codi-

347 5051 442 5090 ces
472 5034 716 5106 vulgati,
754 5040 878 5090 tum
905 5035 1415 5108 Nydpruccianus,
1449 5040 1576 5090 tum
1622 5034 2004 5108 Tylinganus,

346 5129 470 5178 tum
504 5123 888 5196 Anglicanus,
921 5140 1130 5179 omnes
1155 5141 1189 5180 a
1214 5141 1393 5180 manu
1424 5122 1869 5195 interpolatoris
1893 5123 2006 5179 hoc

346 5211 474 5266 loco
503 5209 698 5266 liberi.
734 5212 1015 5267 Summus
1047 5211 1145 5267 hic
1194 5213 1375 5285 igitur
1404 5218 1463 5267 et
1492 5212 1786 5281 codicum,
1820 5218 1877 5266 et
1908 5229 2006 5267 ex-

345 5305 686 5372 cerptorum
714 5317 1078 5371 consensus;
1099 5319 1276 5373 quem
1300 5304 1500 5358 tamen
1524 5302 1691 5357 miris
1712 5303 1844 5375 conj
1856 5306 2009 5357 ectu-

344 5390 427 5445 ris
454 5389 814 5445 labefactare
845 5397 1094 5447 conatur
1123 5393 1210 5446 vir
1269 5392 1671 5462 doctissimus,
1714 5393 1816 5464 qui
1864 5391 2001 5447 alibi

348 5478 684 5534 exclamare
718 5479 888 5549 solet,
923 5481 1154 5551 quoties
1188 5481 1393 5553 aliqua
1438 5487 1704 5537 veterum
1736 5481 2009 5538 codicum

345 5566 524 5623 lectio
557 5567 936 5624 sollicitatur.

414 5657 619 5714 Primo
645 5674 658 5711 :
695 5679 723 5708 «
746 5656 1083 5717 Editionem
1113 5660 1375 5717 Graecam
1396 5660 1694 5733 vulgatam
1714 5659 1869 5717 nihil
1891 5675 2015 5717 mo-

2113 4675 2275 4730 aliud
2324 4671 2468 4728 εἶδον
2520 4676 2610 4731 vel
2636 4671 2776 4729 'iSov'
2809 4693 2931 4731 non
2969 4677 3257 4750 scriptum
3288 4684 3378 4732 est
3405 4672 3574 4744 εἶδον,
3607 4675 3765 4747 quod

2113 4769 2201 4818 est
2230 4765 2444 4819 Graecis
2478 4787 2505 4816 «
2534 4764 2673 4835 vidi,
2701 4786 2729 4815 »
2776 4764 2880 4820 sed
2929 4759 3068 4833 οἶδα,
3102 4765 3258 4836 quod
3288 4765 3499 4821 iisdem
3532 4781 3767 4837 semper

2115 4858 2204 4908 est
2224 4874 2253 4902 «
2285 4853 2441 4920 novi,
2469 4873 2494 4905 ι
2533 4854 2622 4910 vel
2658 4876 2687 4905 «
2721 4854 2861 4910 scio.
2896 4876 2925 4905 ››
2976 4855 3062 4909 Ita
3116 4854 3328 4910 harum
3377 4853 3766 4925 epistolarum

2115 4946 2321 4997 auctor
2344 4941 2487 4997 alibi
2520 4942 2849 5015 distinguit.
2874 4942 2960 4997 Ad
2992 4943 3314 5014 Ephesios:
3349 4941 3427 4995 Δι’
3461 4940 3533 4994 ὧν
3563 4941 3765 5003 πάντας

2117 5029 2256 5103 ὑμᾶς
2288 5030 2421 5084 κατὰ
2452 5028 2666 5103 ἀγάπην
2700 5026 2866 5098 εἶδον,
2928 5052 2956 5081 ‹‹
2988 5048 3095 5102 per
3126 5047 3274 5101 quos
3303 5047 3404 5085 vos
3435 5046 3642 5087 omnes
3672 5047 3767 5088 se-

2115 5120 2373 5175 cundum
2406 5119 2757 5175 charitatem
2786 5119 2921 5175 vidi.
2945 5144 2967 5173 ι
2999 5119 3086 5175 Ad
3112 5120 3437 5193 Magnesios
3461 5136 3474 5175 :
3510 5116 3648 5176 Οἶδα
3677 5120 3765 5176 ὃτι

2115 5206 2177 5263 οὗ
2209 5209 2517 5278 φυσιοῦσθε,
2556 5228 2582 5257 ‹‹
2623 5209 2757 5263 novi
2791 5209 3073 5280 quoniam
3099 5226 3219 5265 non
3250 5209 3565 5280 inflamini,
3598 5231 3626 5261 η
3663 5216 3759 5270 et:

2116 5294 2255 5354 Οἶδα
2313 5295 2394 5351 ὅτι
2454 5293 2788 5370 ἐντρέπεσθε,
2847 5320 2875 5348 ‹‹
2907 5300 3041 5354 novi
3095 5300 3379 5372 quoniam
3407 5301 3765 5357 verecunda-

2117 5387 2285 5443 mini.
2314 5407 2342 5435 »
2374 5385 2461 5441 Ad
2517 5383 3015 5457 Pbiladelphicos,
3076 5385 3215 5442 οἶδεν
3272 5388 3373 5464 γὰρ
3404 5387 3565 5452 πόθεν
3598 5381 3763 5465 ἔρχε-

2116 5495 2226 5544 ται,
2259 5474 2349 5530 καὶ
2379 5476 2485 5528 ποῦ
2517 5472 2729 5549 ὑπαγει,
2754 5499 2779 5526 ‹‹
2806 5476 2968 5531 novit
2997 5478 3157 5534 enim
3187 5478 3346 5536 unde
3376 5480 3621 5552 venit,et
3644 5498 3760 5554 quo

2119 5565 2295 5621 vadit.
2321 5586 2348 5616 »
2376 5566 2510 5623 Haac
2540 5564 2732 5638 primo
2762 5583 2868 5640 pro
2892 5567 3069 5623 certis
3090 5573 3150 5624 et
3164 5568 3523 5627 indubitatis
3550 5570 3759 5628 habeo.

2190 5656 2305 5714 Sed
2336 5655 2600 5729 disputat
2655 5657 2910 5717 Dallaaus
2966 5674 3040 5716 ex
3090 5658 3273 5717 veteri
3302 5660 3598 5735 versione,
3630 5677 3761 5734 quae
