4064 6134
324 328 443 387 379

1381 325 1444 385 S.
1491 320 1887 386 lGNA'l‘lUS.
1934 355 2010 373 -
2055 325 2660 389 PHOLEGOMENA.

3617 329 3736 388 380

323 463 504 519 verba
517 461 869 518 auctorisita
887 460 1972 532 repraesentat,«postresurrectionem
2007 464 2053 530 Α
2088 466 2347 521 Athenas
2369 466 2674 535 subvertit,
2694 489 2720 516 ››
2738 484 2842 538 pro
2859 463 3126 540 καθαίρει,
3152 467 3426 532 «lustrat;
3453 489 3480 516 ››
3502 467 3600 537 qui
3621 466 3738 520 ἓτε-

330 553 393 607 111
412 570 586 608 carne
605 568 740 607 eum
761 551 1154 604 vidi.»Verum
1169 566 1288 604 non
1314 549 1769 619 quasritur,quid
1790 551 1976 606 inter-

326 660 461 713 pres
483 642 706 708 fecerit,
732 641 834 695 sed
866 639 1005 710 quid
1029 643 1234 694 auctor
1267 638 1532 710 epistolas
1566 640 1890 710 scripserit,
1925 644 1982 694 et

329 747 403 784 an
425 731 510 784 ita
540 729 830 799 interpres
856 729 956 783 ille
989 728 1246 784 auctoris
1274 727 1448 782 verba
1479 727 1727 782 reddere
1760 727 1982 784 debue-

327 820 883 890 rit.Simplicitatem
917 818 1168 873 etfidem
1200 819 1260 874 in
1294 835 1362 873 eo
1395 817 1655 886 laudem,
1689 818 1750 872 in
1782 818 1983 889 lingua

329 910 528 965 Graeca
558 911 830 982 peritiam
855 909 1010 964 haud
1035 910 1196 965 item.
1219 908 1383 974 Quod
1407 925 1603 963 errare
1634 909 1897 978 potuerit
1920 910 1981 963 in

332 1000 639 1071 scriptoris
669 1000 849 1054 Graeci
891 1005 1088 1053 mente
1152 998 1524 1069 explicanda,
1559 1014 1774 1070 negare
1806 1015 1980 1052 nemo

331 1094 563 1160 potest;
598 1089 756 1159 quod
786 1089 897 1143 hoc
928 1089 1054 1143 loco
1080 1089 1382 1153 erraverit,
1406 1087 1658 1142 afﬁrmo.
1682 1087 1795 1144 Sed
1819 1094 1984 1143 vetu-

328 1177 592 1232 stissimo
621 1177 930 1248 interpreti
953 1177 1127 1246 plane
1154 1177 1423 1248 congruit
1455 1177 1871 1247 Hieronymus,
1895 1177 1981 1231 fa-

330 1273 492 1321 teor:
528 1283 728 1321 verum
760 1271 891 1338 post
925 1267 1348 1338 Hieronymum
1381 1266 1625 1320 disentit
1671 1265 1978 1336 Rufﬁnus;

328 1357 614 1425 quaeritur
645 1356 776 1426 quis
837 1363 1098 1410 mentem
1159 1355 1418 1410 auctoris
1476 1355 1670 1425 potius
1697 1354 1977 1424 attigerit,

330 1447 839 1517 Hieronymus,an
871 1447 1166 1511 Rufﬁnus,
1199 1447 1569 1514 Usserianus,
1604 1462 1679 1500 an
1712 1445 1981 1516 vulgatus

328 1536 660 1607 interpres;
691 1537 748 1591 id
781 1542 870 1591 est
919 1536 991 1590 ad
1041 1537 1160 1590 vim
1209 1542 1266 1591 et
1296 1535 1790 1608 signiﬁcationem
1824 1535 1980 1590 vocis

327 1621 450 1677 οἶδα
481 1627 726 1680 omnino
771 1625 1144 1680 redeundum
1177 1631 1282 1679 est.
1320 1626 1447 1695 ipse
1480 1641 1596 1679 non
1625 1623 1805 1679 audet
1835 1641 1970 1679 cum

323 1714 396 1768 iis
427 1714 790 1769 contendere
824 1715 923 1784 qui
948 1719 1165 1786 negant
1183 1713 1427 1768 verbum
1451 1709 1572 1766 οἶδα
1603 1731 1707 1785 pro
1738 1715 1854 1768 vidi
1883 1730 1972 1768 ac-

2091 551 2344 627 ροδόξους
2399 578 2427 607 ‹‹
2477 573 2578 611 eos
2609 557 2711 628 qui
2743 556 2935 612 aliena
2964 574 2999 612 a
3031 558 3144 612 Deo
3176 557 3377 626 gloriae
3409 556 3735 627 cupiditate

2086 645 2239 716 rapti
2267 651 2425 714 sunt,
2459 670 2478 695 ι
2517 643 2797 699 διάλεκτον
2830 644 3174 718 ἀνθρωπίνην
3205 669 3232 695 ‹‹
3261 647 3584 700 humanam
3615 645 3738 699 fra-

2085 735 2395 807 gilitatem,
2429 755 2460 788 11
2501 735 2568 790 τὰ
2599 730 2941 812 διαφέροντα,
2995 760 3021 786 (ι
3057 737 3412 802 ditl‘erentia,
3448 758 3476 785 »
3512 735 3737 807 μείζονα

2084 823 2184 877 τοῦ
2217 821 2404 879 λαλεῖν
2440 850 2458 876 ι
2487 826 2714 898 majora
2735 826 2922 896 loqui,
2949 849 2977 876 »
3005 825 3482 902 πεντηκόνταρχον
3506 847 3533 875 ‹‹
3559 825 3738 896 quin-

2088 917 2538 988 quagenarium,
2561 938 2588 964 ››
2611 915 2922 991 πυροφόρον
2951 935 2971 963 ι
2996 915 3520 982 frumentarium,»
3550 914 3600 966 οἱ
3623 911 3737 967 ἀθε-

2083 1006 2302 1064 τοῦντες
2334 1004 2648 1075 ἁθετήματα
2675 1025 2703 1054 ‹‹
2729 1005 2829 1075 qui
2853 1010 3203 1075 spreverunt
3231 1010 3684 1059 contemnentes
3711 1025 3736 1051 υ

2086 1094 2508 1164 interpretatus
2540 1097 2665 1159 est;
2724 1093 2822 1163 qui
2877 1109 2946 1148 ex
2978 1093 3129 1149 male
3160 1093 3472 1149 intellectis
3503 1092 3740 1148 Eusebii

2087 1182 2303 1236 Graecis
2335 1182 2711 1252 Apollonium
2735 1188 3072 1238 senatorem
3102 1183 3258 1244 fecit.
3290 1184 3518 1257 insigne
3549 1185 3601 1238 ei
3634 1199 3733 1236 vo-

2086 1269 2290 1325 lumen
2339 1271 2629 1339 attribuit,
2680 1272 2994 1343 ipsumque
3028 1273 3087 1326 in
3117 1273 3457 1345 Catalogum
3492 1274 3743 1343 scripto—

2085 1376 2217 1413 rum
2267 1360 2804 1417 ecclesiasticorum
2856 1361 3103 1416 retulit?
3133 1364 3214 1416 Ex
3262 1363 3440 1431 male,
3472 1363 3741 1434 inquam,

2085 1449 2405 1504 intellectis
2437 1451 2671 1505 Eusebii
2703 1452 2920 1506 Graacis
2951 1468 2962 1505 :
3006 1452 3350 1523 conjectura
3381 1453 3539 1507 enim
3569 1454 3740 1507 ,1050-

2046 1544 2048 1546 ’
2085 1539 2188 1610 phi
2220 1539 2498 1612 Scaligeri
2523 1542 2767 1595 omnino
2791 1540 3159 1612 repudianda
3191 1548 3298 1605 est,
3325 1542 3425 1613 qui
3455 1543 3745 1614 Hierony-

2086 1645 2271 1697 mum,
2305 1646 2439 1683 cum
2496 1629 2602 1684 illa
2663 1631 2970 1699 scriberet,
3031 1648 3150 1685 non
3209 1633 3473 1686 Graecum
3505 1632 3743 1686 Eusebii

2089 1718 2409 1789 exemplar,
2443 1719 2546 1773 sed
2596 1719 2814 1774 Rufﬁni
2867 1719 3418 1791 interpretationem
3468 1721 3746 1776 manibus

327 1803 440 1873 cipi
464 1802 780 1874 posse.Sed
801 1803 1004 1858 autilli
1025 1803 1248 1858 cumiis
1267 1801 1745 1858 contendendum
1765 1807 1982 1869 est,aut
2012 1825 2057 1891 Β
2088 1806 2364 1862 habuisse
2398 1808 2624 1862 asserit.
2659 1808 2721 1862 Id
2753 1808 2914 1863 enim
2956 1809 3082 1863 fieri
3118 1809 3280 1864 nullo
3315 1809 3488 1865 modo
3521 1810 3742 1880 potuit,

327 1907 540 1947 manus
565 1891 794 1947 dandae.
826 1893 968 1947 Cum
1011 1893 1170 1946 enim
1193 1909 1328 1947 vera
1348 1891 1660 1963 lectiojam
1687 1897 1850 1945 extra
1872 1891 1978 1945 du-

324 1979 490 2035 bium
522 1981 715 2052 posita
744 1982 839 2052 sit,
871 1981 1025 2036 nihil
1073 1980 1235 2036 aliud
1292 1982 1352 2036 in
1410 1981 1810 2035 controversia
1842 1980 1982 2050 poni

324 2071 660 2140 potest,nisi
689 2088 819 2141 quae
851 2072 927 2125 sit
957 2071 1226 2126 vocabuli
1258 2087 1395 2126 vera
1422 2077 1478 2125 et
1508 2070 1767 2141 genuina
1798 2069 1984 2141 signi-

331 2159 549 2216 ﬁcatio.
585 2159 697 2214 Sed
730 2166 789 2214 et
817 2183 843 2209 ‹‹
871 2160 1265 2232 Sophronius,
1290 2160 1504 2230 inquit,
1531 2158 1588 2213 id
1622 2159 1816 2230 ipsum
1849 2175 1986 2229 per-

332 2248 534 2319 spicue
569 2248 864 2304 reddidit:
902 2272 928 2298 »
989 2248 1134 2322 Ἐγὼ
1189 2245 1245 2300 δὲ
1306 2246 1440 2318 μετᾶ
1483 2249 1584 2315 τὴν
1613 2245 1898 2299 ἀνάστασιν
1929 2243 1982 2299 ἐν

329 2339 544 2411 σώματι
576 2339 735 2394 αὐτὸν
768 2337 930 2395 εἶδον.
955 2341 1124 2410 Quid,
1153 2358 1375 2412 quaeso,
1401 2346 1488 2396 est
1512 2340 1570 2395 id
1601 2341 1796 2412 ipsum
1825 2339 1984 2410 quod

326 2429 692 2500 SOphronius
722 2431 1035 2502 perspicue
1067 2429 1372 2484 reddidit?
1417 2447 1538 2485 non
1579 2429 1730 2484 illud
1763 2429 1832 2484 de
1867 2446 1982 2499 quo

327 2519 642 2587 quaeritur;
667 2518 727 2573 id
755 2520 914 2574 enim
940 2520 1197 2590 est,quid
1223 2526 1427 2575 auctor
1447 2518 1713 2590 epistolas
1736 2519 1986 2590 scripse-

324 2607 440 2676 rit;
477 2608 842 2679 Sophronius
865 2615 1062 2664 autem
1093 2626 1212 2664 non
1237 2607 1978 2680 transtulitlgnatium,sed

329 2696 537 2766 Ignatii
596 2697 980 2768 interpretem
1037 2699 1480 2769 Hieronymum.
1524 2698 1581 2751 Si
1641 2715 1702 2753 se
1759 2699 1982 2770 Ignatio

330 2783 698 2842 Scholiasten
721 2787 1072 2858 praebuisset
1089 2787 1186 2841 ille
1211 2788 1482 2858 quisquis
1500 2792 1590 2842 est
1611 2787 1712 2856 qui
1734 2788 1987 2858 Sophro-

328 2874 463 2928 nius
496 2875 728 2944 dicitur,
770 2892 1073 2947 nunquam
1120 2872 1238 2929 οἶδα
1286 2893 1390 2947 per
1430 2872 1572 2929 εἶδον
1603 2876 1979 2932 reddidisset.

329 2961 442 3017 Sed
473 2981 608 3019 cum
641 2966 982 3037 Hieronymi
1036 2965 1253 3020 librum
1285 2965 1713 3036 interpretatus
1740 2971 1848 3034 est,
1881 2965 1981 3036 qui

323 3052 444 3106 vidi
474 3054 811 3125 scripserat,
838 3054 987 3108 illud
1014 3071 1120 3125 per
1141 3049 1284 3106 εἶδον
1309 3053 1587 3121 reddidit,
1609 3072 1714 3126 per
1736 3051 1859 3107 οἶδα
1888 3072 1980 3110 re-

2093 1912 2228 1949 cum
2261 1901 2343 1950 tot
2369 1897 2540 1950 annis
2588 1897 2926 1968 Catalogum
2985 1898 3290 1968 scripserit
3329 1899 3744 1968 Hieronymus,

2093 1989 2428 2055 antequazm
2458 1986 2694 2040 Eusebii
2730 1986 3048 2042 Historiam
3075 1992 3328 2041 verteret
3360 1987 3650 2042 Hufﬁnus.
3685 1989 3746 2043 Si

2093 2075 2152 2128 in
2178 2075 2455 2128 omnibus
2487 2075 2581 2129 his
2612 2074 2777 2140 locis,
2807 2075 3061 2146 aliisque
3094 2075 3502 2147 compluribus
3527 2099 3553 2126 (ι
3587 2077 3637 2131 is
3671 2078 3748 2131 sit

2092 2163 2436 2218 verissimus
2469 2181 2699 2232 sensus,
2761 2181 2938 2235 quem
2998 2165 3238 2219 exhibet
3270 2166 3681 2236 Hieronymus,
3716 2187 3744 2215 ››

2095 2251 2367 2307 dabimus
2398 2258 2500 2307 aut
2529 2249 2656 2305 οἶδα
2689 2253 3021 2324 signiﬁcare
3049 2274 3072 2304 α
3102 2254 3242 2318 vidi,
3266 2273 3295 2306 »
3319 2259 3419 2308 aut
3439 2271 3637 2309 veram
3660 2254 3750 2310 1e-

2094 2342 2349 2396 ctionem
2383 2359 2510 2398 esse
2558 2338 2725 2397 εἶδον.
2778 2343 2889 2398 Sed
2939 2360 3073 2398 cum
3122 2344 3245 2413 ille,
3278 2344 3368 2398 vel
3399 2361 3505 2416 per
3534 2362 3747 2416 prope-

2093 2431 2371 2498 rantiam,
2428 2431 2520 2486 vel
2579 2449 2686 2503 per
2755 2432 3309 2501 hallucinationem,
3367 2451 3487 2487 non
3542 2435 3743 2489 minus

2094 2520 2252 2575 hunc
2282 2520 2478 2575 locum
2531 2538 2708 2591 quam
2767 2521 2913 2576 alios
2971 2522 3320 2576 innumeros
3359 2523 3556 2578 minus
3586 2529 3748 2579 recte

2094 2607 2342 2662 reddere
2367 2609 2646 2679 potuerit,
2669 2625 2807 2664 vera
2828 2608 3003 2663 lectio
3027 2609 3290 2680 epistolas
3315 2612 3528 2666 Graacaa
3551 2627 3746 2681 neque

2094 2698 2383 2753 mutanda
2413 2704 2620 2754 contra
2654 2699 2921 2755 omnium
2945 2699 3217 2754 codicum
3248 2718 3624 2770 consensum,
3649 2717 3750 2755 ne-

2095 2804 2209 2857 que
2243 2787 2436 2842 aliena
2461 2787 2948 2859 interpretatione
2973 2787 3387 2860 detorquenda
3408 2796 3518 2856 est,
3543 2795 3751 2846 contra

2092 2875 2374 2947 loquendi
2422 2877 2664 2932 modum
2714 2879 2928 2933 Graecis
2978 2879 3532 2934 familiarissimum.
3579 2880 3747 2934 Certe

2094 2964 2453 3035 Freculphus
2497 2966 2861 3036 praecellenti
2907 2968 3232 3022 Hieronimi
3267 2968 3599 3024 eruditione
3631 2969 3745 3021 mi-

2094 3053 2256 3108 nime
2287 3058 2502 3122 motus,
2529 3070 2664 3109 cum
2686 3071 2756 3110 ex
2780 3055 2881 3110 illo
2914 3056 3265 3127 plerumque
3298 3058 3496 3112 omnia
3527 3055 3745 3111 exscri-

327 3147 416 3195 cte
448 3143 695 3198 reddere
737 3160 857 3198 non
888 3143 1097 3214 potuit.
1133 3143 1204 3197 Ut
1251 3159 1388 3197 voce
1423 3164 1450 3191 ‹‹
1483 3143 1833 3212 Quadratus,
1868 3167 1896 3194 »
1925 3141 1979 3195 ἐν
2023 3183 2065 3250 C
2097 3141 2237 3198 bere
2258 3142 2498 3213 soleret,
2527 3144 2641 3200 ista
2663 3150 2861 3200 tamen
2883 3146 2944 3200 in
2965 3147 3091 3201 11ωο
3114 3146 3292 3202 verba
3314 3147 3578 3214 mutavit,
3601 3151 3746 3200 tom.

327 3227 414 3250 !n\
525 3234 549 3244 -
733 3230 745 3250 I
957 3231 1090 3250 19,,31
1151 3231 1485 3250 II!-,A,-,_A_!
1523 3231 1714 3250 1-15,-
1841 3233 1950 3250 ’.κη’
2099 3233 2144 3250 II
2201 3231 2273 3250 I'L
2596 3233 2643 3250 ιι
2782 3236 2824 3250 τη
3158 3242 3168 3250 .
3322 3241 3331 3250 .
3643 3236 3677 3250 ι·

325 3227 596 3286 Ἐλευσῖνι
627 3230 917 3303 γενόμενος
947 3231 1114 3299 dixit,
1149 3231 1489 3301 Hieronymi
1523 3231 1746 3302 Latina,
1779 3254 1806 3281 «
1836 3233 1982 3286 invi-

330 3337 468 3376 sens
486 3321 826 3377 Eleusinam
841 3322 1367 3392 ,»respiciens,non
1381 3327 1578 3377 autem
1597 3322 1698 3377 illa
1711 3339 1840 3393 quaa
1857 3323 1986 3378 Hie-

326 3425 615 3481 ronymus
659 3427 778 3480 prie
829 3410 1015 3465 oculis
1042 3410 1270 3475 habuit,
1302 3408 1605 3464 Ἐλευσίνια
1635 3406 1980 3466 ἐποπτεύων.

413 3499 684 3568 νο1·11111,‹‹
707 3505 1009 3570 utcunque
1033 3517 1093 3556 se
1116 3516 1213 3554 res
1236 3499 1828 3571 habeat,praacellens
1851 3501 1987 3556 Hie-

340 3588 574 3659 ronymi
599 3589 849 3644 eruditio
882 3589 1152 3644 dubitare
1193 3606 1313 3644 non
1347 3589 1507 3657 sinit,
1541 3589 1684 3660 quin
1708 3589 1784 3643 sit
1812 3590 1864 3645 is
1893 3607 1986 3646 ve-

331 3677 605 3733 rissimus
624 3695 851 3745 sensus,
877 3695 1055 3750 quem
1085 3679 1210 3749 ipse
1239 3678 1498 3734 exhibet.
1530 3678 1698 3733 Absit
1727 3680 1886 3735 enim
1923 3684 1989 3734 ut

332 3768 521 3823 virum
555 3774 786 3824 tantum
822 3767 1144 3823 nescivisse
1203 3773 1427 3839 putem,
1456 3767 1598 3837 quid
1632 3769 1710 3823 sit
1735 3771 1832 3821 τοῦ
1864 3765 1988 3821 οἶδα

336 3853 408 3908 ab
440 3849 584 3906 εἶδον
615 3855 705 3908 vel
737 3852 948 3927 ἑώρακα
979 3853 1300 3908 discrimen
1328 3853 1338 3906 !
1363 3877 1390 3902 ››
1416 3855 1534 3908 Hoc
1555 3860 1712 3909 certe
1741 3854 1985 3909 unicum

335 3949 748 4013 argumentum
775 3943 848 3997 ad
878 3943 1032 3998 hanc
1055 3958 1179 3998 rem
1208 3942 1544 4013 appositum
1569 3961 1582 4010 ;
1609 3942 1764 4014 quod
1789 3947 1985 3997 tamen

336 4032 678 4104 Hieronymi
711 4033 771 4087 in
795 4034 995 4088 Graeca
1024 4031 1227 4104 lingua
1252 4032 1653 4103 perspicaciaa,
1683 4037 1739 4085 et
1770 4033 1829 4085 in
1854 4048 1984 4085 ver-

335 4122 512 4177 tendo
545 4139 700 4177 cura:
731 4127 907 4193 atque
937 4121 1258 4194 diligentiaa
1281 4126 1567 4193 tanquam
1597 4120 1982 4175 fundamento

333 4212 628 4269 innititur.
663 4215 742 4267 De
771 4212 1087 4284 posteriori
1112 4211 1422 4267 audiamus
1452 4211 1646 4282 ipsum
1677 4210 1737 4264 in
1770 4209 1984 4280 praefa-

332 4301 492 4356 tione
525 4302 800 4357 Chronici
832 4301 1182 4356 Eusebiani:
1230 4324 1258 4350 ‹‹
1293 4301 1570 4368 Obsecro,
1600 4303 1666 4353 ut
1695 4297 1986 4370 quidquid

333 4389 445 4444 hoc
478 4391 849 4444 tumultuarii
881 4391 1076 4461 operis
1103 4391 1695 4457 est,amicorum,non
1712 4387 1984 4460 judicum

336 4479 534 4533 animo
564 4479 792 4548 relegas
819 4495 830 4532 :
873 4479 1203 4550 praasertim
1235 4495 1371 4532 eum
1405 4483 1463 4532 et
1491 4479 1746 4548 notario,
1777 4484 1844 4533 ut
1871 4478 1986 4533 sci-

2096 3233 2168 3301 ΙΙ,
2201 3231 2304 3286 lib.
2339 3250 2394 3298 n,
2424 3250 2552 3304 cap.
2590 3233 2648 3287 11
2675 3250 2687 3287 :
2722 3256 2750 3283 «
2782 3236 2899 3306 Ego
2948 3252 3083 3290 vero
3119 3242 3177 3290 et
3205 3241 3339 3307 post
3368 3236 3750 3290 resurrectio-

2099 3335 2239 3374 nem
2267 3319 2326 3374 in
2361 3336 2538 3375 carne
2565 3337 2702 3375 eum
2734 3321 2915 3377 fuisse
2946 3323 3088 3390 scio,
3110 3328 3167 3377 et
3196 3323 3370 3378 credo
3403 3323 3544 3392 quia
3572 3323 3748 3378 scio.»

2173 3408 2282 3464 Sed
2308 3425 2548 3465 sensum
2571 3410 2644 3465 ad
2664 3411 3019 3484 Hieronymo
3049 3411 3349 3466 redditum
3376 3412 3752 3466 verissimum

2099 3498 2408 3554 contendit
2462 3499 2552 3554 vir
2611 3499 2990 3554 doctissimus
3043 3517 3109 3554 ex
3169 3501 3386 3554 «fama
3417 3501 3488 3554 de
3519 3501 3751 3554 Christo

2099 3587 2170 3642 ab
2204 3589 2426 3660 Ignatio
2462 3588 2522 3642 in
2553 3604 2728 3643 carne
2788 3589 2932 3655 viso,
2993 3605 3122 3657 quaa
3181 3587 3337 3641 unde
3370 3588 3483 3640 nisi
3535 3604 3606 3640 ex
3638 3588 3749 3642 hoc

2099 3676 2362 3748 epistolas
2391 3677 2520 3730 loco
2583 3681 2902 3746 propagata
2959 3675 3052 3738 sit,
3113 3675 3308 3729 dicere
3339 3675 3429 3730 vel
3459 3675 3751 3746 suspicari

2098 3765 2448 3819 difficillime
2473 3769 2580 3830 est,
2605 3764 2936 3833 praesertim
2965 3762 3119 3834 apud
3145 3764 3374 3818 Graacos
3405 3765 3750 3820 Latinorum

2095 3854 2216 3907 fere
2248 3852 2533 3907 librorum
2565 3852 2917 3907 incuriosos.
2950 3872 2974 3902 ι
3010 3853 3226 3907 Demus
3257 3853 3489 3908 Graecos
3525 3854 3752 3908 Latino-

2094 3957 2226 3995 rum
2257 3940 2545 3995 librorum
2604 3940 2937 3995 incuriosos
2989 3940 3195 4005 fuisse,
3247 3958 3448 3995 nonne
3481 3943 3744 3996 Graecum

2093 4029 2311 4085 librum
2343 4028 2698 4095 habuerunt,
2746 4046 2816 4084 ex
2866 4047 2981 4101 quo
3026 4047 3163 4084 eum
3212 4047 3476 4086 errorem
3509 4031 3742 4086 haurire

2092 4124 2431 4192 potuerunt.
2461 4119 2761 4190 Quidquid
2795 4143 2814 4168 ιι
2867 4120 2985 4174 vidi
3035 4143 3061 4170 »
3096 4119 3253 4192 apud
3299 4121 3744 4192 Hieronymum,

2093 4208 2252 4264 idem
2286 4205 2432 4262 εἶδον
2464 4209 2622 4281 apud
2653 4209 3050 4280 Sophronium
3094 4210 3330 4266 efﬁcere
3358 4211 3584 4282 potuit:
3620 4217 3749 4266 erat

2095 4303 2294 4354 autem
2325 4299 2641 4371 Sophronii
2663 4299 2852 4354 versio
2876 4299 3090 4354 Graecis
3113 4299 3483 4369 sequentium
3507 4299 3747 4354 saculo-

2094 4405 2225 4443 rum
2257 4388 2439 4459 probe
2489 4389 2741 4461 cognita.
2775 4387 2984 4444 Suidas
3017 4404 3150 4442 eum
3193 4388 3431 4459 saepisse
3465 4389 3745 4443 transcri-

2093 4476 2217 4532 bit:
2251 4484 2307 4532 et
2355 4482 2490 4533 ante
2536 4477 2773 4533 Suidam
2817 4477 3061 4532 Photius
3092 4477 3371 4532 eumdem
3401 4478 3740 4546 cognovisse

334 4568 810 4636 tis,velocissime
841 4567 1238 4622 dictaverim.»
1272 4567 1507 4622 Mallem
1539 4567 1792 4623 aliorum
1816 4567 1980 4638 judi-
2012 4557 2059 4622 D
2093 4566 2573 4637 deprehenditur.
2612 4569 2682 4621 Ut
2733 4566 2911 4637 igitur
2969 4565 3309 4635 Hieronymi
3374 4567 3616 4635 Latinis,
3661 4567 3743 4621 ita

337 4658 488 4713 cium
522 4674 699 4727 quam
731 4673 931 4712 meum
981 4656 1052 4711 de
1108 4661 1360 4725 utraque
1399 4656 1696 4728 accipiant
1745 4656 1981 4713 eruditi.

337 4769 366 4798 «
399 4748 550 4813 Quot
575 4751 634 4802 et
658 4752 880 4816 quanta
908 4745 1171 4817 peccavit
1228 4745 1521 4799 maximus
1551 4746 1656 4811 vir,
1691 4762 1850 4801 nunc
1880 4762 1987 4816 per

329 4836 798 4908 properantiam,
822 4851 982 4890 nunc
1004 4852 1110 4906 per
1135 4833 1688 4900 hallucinationem,
1716 4857 1743 4883 »
1778 4834 1984 4890 obser-

327 4925 479 4979 vavit
505 4925 796 4996 Josephus
827 4923 1106 4994 Scaliger.
1165 4924 1234 4976 Et
1291 4921 1498 4992 quidni
1532 4921 1630 4977 ille
1662 4921 1983 4979 discrimen

331 5013 486 5069 inter
516 5009 640 5066 οῖδα
673 5018 732 5069 et
759 5008 902 5066 εἶδον
934 5029 1056 5067 non
1078 5011 1593 5078 animadverteret,
1617 5011 1718 5081 qui
1745 5030 1979 5085 στρατη-

332 5100 454 5178 γίαν
499 5120 633 5160 011111
696 5104 938 5175 στρατιᾷ,
1001 5098 1304 5174 στρατεύειν
1361 5116 1495 5155 011111
1557 5099 1847 5174 μάχεσθαι,
1877 5096 1980 5162 ἕως

333 5191 527 5246 τούτου
573 5210 708 5249 011111
764 5192 887 5266 περὶ
939 5189 1135 5244 τούτου
1169 5189 1472 5256 confudit;
1507 5191 1606 5260 qui
1637 5189 1890 5263 γιώμην,
1923 5190 1983 5245 id

336 5287 427 5336 est
454 5304 482 5332 «
508 5283 886 5347 sententiam,
912 5302 939 5331 »
972 5297 1078 5352 pro
1109 5303 1136 5330 ‹‹
1162 5279 1427 5336 subsidio
1459 5301 1487 5329 ››
1521 5279 1767 5346 habuit;
1800 5281 1901 5350 qui
1920 5278 1982 5333 τὸ

336 5366 636 5442 βασιλειᾷν,
669 5371 729 5426 id
759 5378 849 5426 est
878 5371 1252 5426 alTectionem
1273 5369 1574 5442 regni,pro
1599 5370 1760 5441 regia
1779 5368 1982 5424 indole

335 5459 595 5527 accepit;
621 5460 721 5528 qui
747 5459 883 5530 μετά
902 5463 1008 5512 τῶν
1032 5457 1359 5513 ἀποστόλων
1385 5482 1412 5508 ‹‹
1436 5464 1570 5530 post
1591 5458 1892 5530 apostolos
1918 5475 1931 5526 ;
1953 5480 1981 5508 »

333 5542 385 5615 ἒξ
418 5543 645 5610 ἐκείνου,
703 5549 815 5603 1100
870 5555 957 5605 est
1006 5572 1032 5601 ‹‹
1067 5549 1139 5604 ab
1196 5548 1292 5602 illo
1326 5553 1613 5619 tempore,
1648 5569 1675 5597 »
1722 5551 1781 5602 in
1814 5548 1986 5617 hujus

339 5634 745 5696 wmulationem
798 5637 1090 5710 reddidit;
1147 5637 1248 5707 qui
1312 5635 1506 5690 dixit:
1549 5635 1984 5708 «Epimenides

2094 4655 2406 4727 Sophronii
2441 4656 2627 4710 versio
2685 4653 2899 4709 Graecis
2956 4653 3148 4708 fraudi
3191 4670 3319 4710 esse
3371 4656 3580 4726 potuit.
3628 4655 3738 4710 Sed

2095 4759 2225 4799 eam
2255 4744 2476 4799 famam
2507 4760 2578 4798 ex
2609 4743 2718 4797 hoc
2744 4742 2871 4797 loco
2894 4747 3084 4797 ortam
3116 4759 3244 4797 esse
3274 4744 3590 4799 verisimile
3621 4762 3742 4800 non

2093 4839 2218 4887 est:
2252 4833 2348 4887 hic
2380 4833 2539 4887 enim
2593 4831 2866 4901 traditur,
2925 4836 2992 4887 ut
3048 4831 3132 4886 illi
3194 4830 3415 4899 volunt,
3453 4834 3741 4905 Ignatium

2092 4925 2224 4991 post
2253 4921 2750 4976 resurrectionem
2779 4919 3078 4976 Christum
3110 4921 3169 4976 in
3201 4937 3377 4976 carne
3409 4922 3660 4977 vidisse:
3687 4928 3745 4978 at

2091 5009 2194 5064 illa
2213 5009 2370 5065 fama
2393 5010 2543 5065 nihil
2566 5009 2683 5066 tale
2709 5009 2972 5080 tradidit,
2996 5010 3098 5066 sed
3117 5011 3409 5083 lgnatium
3432 5012 3587 5066 inter
3608 5029 3740 5084 par-

2091 5099 2256 5155 vulos
2288 5100 2362 5155 ad
2392 5101 2688 5157 Christum
2744 5099 3028 5156 adductos
3083 5100 3266 5156 fuisse
3308 5101 3491 5172 ipsius
3524 5102 3737 5156 Christi

2092 5189 2370 5245 manibus
2399 5195 2729 5260 exceptum.
2756 5190 2889 5244 11ωο
2909 5194 3107 5245 autem
3131 5189 3247 5245 duo
3281 5196 3418 5244 sunt
3446 5190 3619 5261 plane
3650 5189 3739 5244 di-

2091 5296 2277 5335 versa.
2311 5279 2368 5334 Si
2398 5280 2659 5352 Ignatius
2702 5279 2947 5335 dixisset
2993 5295 3054 5334 se
3103 5278 3316 5333 vidisse
3349 5279 3645 5334 Christum
3678 5278 3741 5332 in

2093 5386 2266 5425 carne
2291 5375 2426 5441 post
2454 5371 2974 5437 resurrectionem,
2994 5386 3069 5424 an
3101 5368 3418 5439 quisquam
3451 5367 3588 5423 inde
3619 5368 3743 5424 col-

2093 5458 2322 5530 ligeret,
2357 5459 2632 5514 eumdem
2665 5458 2831 5530 quasi
2864 5457 3202 5530 puerulum,
3229 5456 3502 5512 manibus
3526 5457 3741 5514 Christi

2093 5553 2386 5620 gestatum
2416 5548 2598 5604 fuisse
2649 5553 2786 5603 ante
2832 5548 2960 5620 ejus
3009 5545 3311 5602 mortem?
3369 5563 3544 5602 nemo
3579 5565 3740 5606 sane.

2094 5636 2345 5694 Aliunde
2376 5637 2555 5710 igitur
2584 5654 2654 5695 ea
2683 5638 2840 5696 fama
2869 5641 2998 5694 orla
3045 5641 3169 5707 est;
3229 5652 3421 5710 neque
3451 5635 3512 5693 id
3540 5638 3742 5711 suspi-
