4064 6134
286 312 393 372 381

1024 312 1082 375 J.
1131 311 1556 376 PEARSONII
1599 311 1978 378 VINDICIE
2015 319 2497 382 IGNATIANE.
2546 354 2622 368 -—
2663 321 2866 386 PARS
2909 325 2993 384 II.

3580 325 3697 385 382

288 448 404 504 cari
436 448 706 517 difﬁcile,
743 448 849 505 sed
879 449 940 504 in
960 454 1237 522 promptu
1264 455 1370 506 est.
1394 452 1476 506 Ex
1507 452 1750 507 nomine
1782 450 1942 506 enim
1971 453 2027 519 Α
2056 469 2487 523 pervacaneum
2518 462 2628 524 est,
2661 458 2766 514 sed
2821 475 2928 530 per
2974 462 3293 528 utrumque
3342 457 3701 514 describitur

288 536 569 613 Θεοφόρου
602 555 638 593 a
667 539 1098 610 posterioribus
1119 541 1400 596 Graeculis
1421 541 1675 596 conﬁcta
1716 547 1806 596 est
1827 546 1950 596 tra-

298 627 438 682 ditio
464 627 587 692 illa,
614 628 706 699 cuj
718 645 786 682 us
810 628 972 684 nulla
997 629 1111 684 alia
1135 630 1378 702 vestigia
1399 629 1555 701 apud
1577 629 1947 701 antiquiores

288 722 536 771 exstant.
573 717 681 781 Qui
734 717 892 772 illam
939 717 1201 773 fabulam
1257 719 1686 791 excogitarunt,
1741 719 1950 774 dicunt

283 804 417 860 ideo
448 806 747 877 Ignatium
779 805 1050 880 Θεοφόρον
1081 807 1306 863 dictum
1332 825 1345 873 ;
1378 808 1483 863 sed
1514 808 1702 864 multo
1742 809 1946 864 verisi~

286 894 487 950 milius
521 902 611 950 est
635 895 771 950 ideo
803 912 934 951 eam
966 896 1228 952 fabulam
1294 898 1680 970 excogitatam
1739 897 1945 964 fuisse,

285 985 428 1054 quia
460 1001 596 1039 eum
625 985 898 1061 Θεοφὸρον
932 985 1155 1041 dictum
1187 992 1603 1059 cognoverant,
1646 987 1804 1058 quod
1836 1003 1947 1041 no-

283 1091 419 1128 men
448 1075 579 1145 ipsa
609 1075 813 1130 fabula
842 1076 1022 1147 longe
1053 1077 1358 1147 antiquius
1407 1083 1498 1132 est
1526 1094 1538 1131 :
1591 1077 1662 1132 de
1717 1094 1835 1148 qua
1882 1095 1946 1133 re

281 1169 489 1234 postea
520 1163 633 1218 erit
663 1163 1080 1220 disserendum
1112 1166 1310 1221 latius.

355 1255 489 1310 Haec
513 1271 649 1310 cum
674 1256 749 1311 ad
773 1256 952 1312 ﬁdem
974 1258 1308 1314 Graecorum
1356 1257 1628 1314 codicum
1661 1257 1943 1314 tuendam

286 1350 345 1399 et
374 1361 577 1400 verum
639 1345 948 1416 scriptoris
999 1363 1238 1403 sensum
1271 1364 1304 1402 a
1335 1348 1530 1418 pravis
1573 1347 1944 1402 versionibus

285 1433 706 1490 vindicandum
741 1435 1015 1491 sufﬁcere
1042 1442 1286 1507 possent
1314 1456 1328 1504 ;
1362 1437 1613 1492 ulterius
1637 1437 1946 1492 observan-

285 1524 426 1579 dum
451 1531 542 1580 est
584 1525 1118 1596 prudentissimum
1171 1528 1382 1583 harum
1433 1544 1634 1582 rerum
1674 1527 1942 1599 judicem

282 1614 590 1685 Hugonem
623 1615 887 1670 Crotium
920 1616 991 1671 de
1048 1616 1160 1671 hac
1209 1617 1337 1688 ipsa
1385 1617 1791 1672 controversia
1830 1618 1944 1672 ista

281 1702 355 1757 ad
375 1703 637 1758 Matthaei
660 1720 788 1775 cap.
813 1721 991 1759 xxvm
1040 1705 1392 1760 adnotasse:
1424 1729 1451 1755 «
1488 1705 1544 1760 Si
1577 1706 1710 1776 quis
1740 1706 1936 1761 locum

2052 545 2370 614 Apostolus
2400 543 2868 623 πληροφορηθιίς.
2902 548 3055 612 Quin
3078 554 3136 602 et
3165 547 3305 602 alibi
3330 550 3699 620 conjunctim

2054 635 2371 704 expressit,
2401 633 2491 688 καὶ
2521 634 2682 690 τοῦτο
2715 635 2989 698 πεποιθὼς
3050 632 3192 705 οἴδα,
3245 637 3499 709 Philipp.
3534 656 3571 692 I.
3606 641 3694 692 25.

2052 721 2236 786 Quem
2267 724 2534 780 imitatus
2567 730 2656 780 est
2703 727 2761 781 S.
2813 725 3168 781 Athanasius
3227 732 3375 782 orat.
3431 728 3454 781 1
3509 733 3702 782 contra

2053 811 2334 868 Arianos:
2362 809 2500 869 Οἶδα
2538 813 2639 887 γὰρ
2683 813 2774 868 καὶ
2822 808 3115 886 πέπεισμαι
3166 812 3249 868 ὅτι
3305 820 3420 874 τοῖς
3482 814 3700 886 ὑπομέ-

2048 919 2226 954 νουσιν
2257 896 2402 956 ἔσται
2439 903 2632 975 μισθὸς
2675 903 2780 956 ἀπὸ
2817 906 2913 957 τοῦ
2962 905 3260 976 Σωτῆροςε
3314 929 3340 955 (ι
3378 906 3505 960 Scio
3540 907 3700 960 enim

2051 995 2358 1046 etcertum
2382 991 2570 1048 habeo
2601 994 2914 1062 praemium
2947 994 3020 1048 iis
3052 995 3150 1064 qui
3185 995 3483 1050 sustinent
3529 995 3705 1049 retri-

2049 1080 2351 1136 buendum
2376 1098 2504 1138 esse
2527 1099 2561 1137 a
2587 1083 2905 1139 Salvatore.
2929 1106 2955 1132 ››
2990 1085 3062 1139 Ut
3092 1084 3249 1139 idem
3279 1086 3356 1140 sit
3403 1086 3560 1157 apud
3590 1103 3698 1140 no-

2049 1174 2257 1224 strum.
2290 1166 2428 1226 Οἶδα
2457 1169 2545 1224 καὶ
2573 1172 2835 1240 πιστεύω,
2889 1173 3044 1243 quod
3079 1169 3237 1234 εἰδὼς
3287 1173 3546 1240 πιστεύω,
3596 1181 3698 1230 aut

2045 1258 2315 1312 πιστεύων
2347 1257 2486 1315 οἶδα.
2520 1261 2670 1316 Nihil
2693 1263 2853 1317 enim
2876 1262 3040 1318 aliud
3071 1280 3247 1333 quam
3272 1264 3614 1320 ﬁrmitatem
3639 1270 3696 1318 et

2049 1349 2462 1405 certitudinem
2477 1351 2611 1406 ﬁdei
2629 1353 2753 1406 hmo
2766 1352 3121 1422 loquuntur:
3149 1376 3175 1403 (ι
3196 1353 3309 1408 Sed
3328 1371 3457 1409 cum
3481 1353 3596 1408 duo
3619 1354 3697 1408 di-

2047 1454 2215 1493 versa
2237 1439 2412 1495 verba
2429 1441 2712 1511 posuerit,
2737 1442 3000 1496 ostendit
3024 1458 3085 1496 se
3113 1442 3408 1497 Christum
3433 1444 3492 1498 in
3516 1460 3694 1498 carne

2046 1526 2226 1582 fuisse
2240 1527 2412 1584 aliter
2432 1545 2607 1584 nosse
2622 1547 2800 1600 quam
2825 1531 3035 1585 eumin
3057 1532 3263 1586 eadem
3297 1548 3455 1586 nunc
3481 1548 3628 1587 esse.
3666 1554 3693 1581 »

2047 1616 2148 1670 Hic
2163 1622 2320 1672 certe
2336 1618 2603 1674 omnium
2620 1619 2679 1672 in
2700 1619 2805 1674 hac
2825 1637 2887 1674 re
2905 1625 3266 1686 errorum,ut
3284 1621 3425 1674 mihi
3441 1621 3693 1689 videtur,

2046 1705 2178 1760 fons
2211 1711 2317 1761 est.
2351 1709 2476 1762 Non
2525 1707 2765 1764 aliunde
2810 1708 3230 1764 hallucinatum
3275 1710 3457 1764 fuisse
3501 1711 3691 1780 primo

279 1791 494 1861 lgnatii
530 1809 666 1848 cum
696 1811 840 1848 cura
868 1794 1166 1865 inspiciat,
1199 1794 1420 1850 videbit
1443 1800 1664 1850 rectam
1693 1811 1820 1850 esse
1853 1794 1938 1850 le-
1969 1805 2014 1871 Β
2047 1795 3136 1868 Hieronymum,deininterpretem,ac
3159 1799 3397 1854 tandem
3411 1799 3690 1855 Dallaium

277 1881 541 1936 ctionem
577 1878 718 1949 οἶδα,
754 1900 948 1954 neque
981 1883 1052 1939 de
1085 1885 1245 1940 visus
1279 1901 1459 1941 sensu
1491 1884 1570 1940 ibi
1595 1885 1705 1956 agi,
1736 1883 1840 1940 sed
1863 1885 1934 1939 de

277 1970 416 2037 ﬁde,
452 1988 632 2042 quam
665 1989 783 2028 non
819 1989 948 2038 suo,
983 1973 1088 2028 sed
1121 1973 1374 2029 aliorum
1409 1975 1748 2030 testimonio
1795 1990 1935 2028 con-

277 2061 498 2115 ﬁrmat.
545 2085 572 2110 ›ι
605 2061 975 2117 Rectissime.
1009 2063 1216 2118 Adhuc
1248 2069 1450 2119 tamen
1507 2063 1758 2120 Dallaeus
1806 2063 1937 2118 loco

275 2150 546 2221 inspecto
579 2150 777 2205 videre
808 2151 921 2207 sibi
944 2152 1103 2208 visus
1126 2158 1215 2207 est
1247 2153 1435 2208 multo
1459 2169 1590 2208 esse
1612 2153 1936 2224 appositio-

276 2256 401 2294 rem
424 2240 955 2312 Hieronymianum
976 2258 1154 2312 quam
1180 2243 1526 2298 Grotianum
1549 2258 1790 2298 sensum
1816 2259 1828 2308 ;
1854 2242 1939 2297 id-

277 2345 391 2400 que
424 2328 501 2384 ob
534 2330 681 2385 duas
712 2330 996 2398 rationes,
1051 2347 1300 2402 quarum
1352 2332 1544 2403 prima
1583 2348 1617 2387 a
1647 2330 1939 2402 particula

273 2417 373 2492 γάρ
407 2418 653 2490 petitur,
689 2435 867 2490 quam
900 2420 1215 2475 ostendere
1246 2420 1374 2476 vult
1407 2421 1758 2493 scriptorem
1813 2437 1937 2475 ver-

283 2506 376 2562 bis
416 2507 805 2578 sequentibus
839 2509 968 2580 ejus
997 2509 1156 2579 quod
1184 2509 1662 2580 praecedentibus
1683 2509 1938 2578 dixerat,

283 2598 581 2654 rationem
615 2598 847 2654 aﬁ'erre.
908 2598 1145 2654 Dixerat
1201 2605 1400 2655 autem
1459 2599 1754 2654 Christum
1803 2615 1938 2654 vere

287 2695 588 2742 mortuum
621 2693 680 2742 et
704 2689 1122 2744 resuscitatum
1155 2706 1168 2742 :
1198 2689 1369 2760 cujus
1401 2689 1487 2744 rei
1520 2689 1812 2760 optimum
1843 2705 1938 2742 ar-

293 2777 823 2849 gumentum,quod
847 2777 1040 2848 ipsum
1065 2778 1127 2832 in
1144 2794 1321 2834 carne
1348 2778 1766 2834 resuscitatum
1788 2776 1941 2831 vide-

299 2866 514 2921 rit.lmo
535 2884 672 2922 vero
696 2883 806 2922 nec
828 2867 1120 2937 particula
1150 2866 1256 2940 γάρ
1289 2868 1583 2923 rationem
1617 2865 1940 2937 superioris

296 2956 638 3011 assertionis
670 2957 956 3021 continet,
989 2972 1184 3027 neque
1215 2957 1360 3012 visio
1393 2956 1518 3024 illa,
1552 2972 1730 3028 quam
1765 2956 1940 3028 lgna-

288 3047 402 3100 tius
426 3051 661 3117 poterat
681 3045 1027 3110 obtendere,
1056 3063 1162 3117 pro
1185 3045 1452 3118 legitimo
1470 3050 1818 3114 argumento
1834 3045 1942 3100 ha-

286 3134 410 3190 beri
443 3136 657 3207 potuit.
691 3135 988 3190 Particula
1017 3133 1120 3209 γάρ
1154 3135 1327 3191 habet
1370 3136 1548 3192 aliam
1590 3133 1940 3206 particulam

288 3223 383 3276 καί
414 3223 787 3295 adjunctam.
819 3240 950 3294 quae
982 3224 1244 3278 ostendit
1270 3225 1621 3296 scriptorem
1653 3224 1728 3279 ad
1756 3223 1937 3278 aliam

287 3314 648 3368 sententiam
680 3312 863 3367 dilabi
892 3328 904 3378 ;
939 3313 1058 3367 sive
1090 3313 1162 3368 ad
1197 3312 1538 3369 ulteriorem
1574 3313 1942 3368 adversario-

286 3419 416 3456 rum
449 3401 923 3456 confutationem
943 3401 1597 3474 progredi.Asseruerat
1618 3407 1754 3458 ante
1774 3402 1941 3457 Chri-

289 3496 446 3546 stum
463 3507 598 3546 vere
623 3507 884 3562 passum,
921 3495 980 3544 et
997 3507 1132 3546 vere
1152 3491 1413 3562 seipsum
1444 3491 1851 3559 resuscitasse,
1884 3495 1943 3545 et

288 3586 423 3652 post
452 3579 677 3635 nudam
712 3579 1104 3634 assertionem
1139 3596 1304 3635 suam
1327 3581 1660 3646 haareticos,
1687 3579 1787 3652 qui
1812 3595 1942 3635 eam

289 3685 409 3724 non
427 3667 841 3736 admittebant,
865 3668 1263 3724 daamoniacos
1284 3675 1590 3725 vocaverat
1613 3687 1626 3737 ;
1658 3669 1823 3725 addit
1849 3669 1946 3740 igi-

289 3764 386 3814 tur
408 3765 528 3813 tam
547 3774 764 3813 severae
785 3757 1216 3829 objurgationis
1241 3758 1531 3814 rationem
1553 3759 1943 3814 assertionem

285 3848 484 3914 aliam,
519 3863 698 3918 quam
733 3847 908 3918 plena
951 3847 1066 3902 ﬁde
1117 3848 1378 3919 seipsum
1429 3849 1707 3920 amplecti
1749 3848 1941 3921 docet,

286 3937 539 4004 scilicet,
573 3936 873 3991 Christum
904 3941 1040 4007 post
1089 3937 1588 3992 resurrectionem
1639 3937 1832 3993 adhuc
1883 3939 1944 3992 in

285 4043 467 4082 carne
501 4027 807 4094 exsistere,
869 4025 1121 4096 ideoque
1182 4027 1379 4082 statim
1440 4025 1711 4098 plurimis
1771 4042 1944 4098 argu-

286 4116 526 4184 mentis,
561 4131 633 4169 ex
679 4113 932 4169 aliorum
981 4115 1321 4170 testimonio
1372 4116 1703 4172 conﬁrmat.
1755 4117 1944 4187 Argu-

285 4210 556 4262 mentum
591 4208 792 4258 autem
822 4219 856 4257 a
886 4207 1207 4274 conspectu
1231 4204 1557 4275 lgnatiiaut
1586 4221 1690 4276 pro
1713 4203 1942 4258 levissi-

284 4312 383 4351 mo
416 4293 646 4359 haberi,
676 4297 778 4348 aut
807 4308 911 4362 pro
953 4291 1112 4346 nullo
1162 4293 1360 4364 potius
1403 4293 1625 4348 debuit.
1678 4293 1733 4347 Si
1783 4293 1944 4348 enim

287 4384 385 4439 ille
412 4385 542 4456 jam
582 4384 650 4436 80
675 4381 864 4436 ferme
894 4381 1066 4437 annis
1084 4388 1218 4453 post
1237 4381 1576 4454 passionem
1592 4382 1823 4437 Domini
1845 4399 1946 4437 su-

286 4480 515 4546 perstes
547 4470 928 4536 asseruisset,
989 4486 1050 4525 se
1109 4470 1304 4526 adhuc
1364 4470 1676 4543 parvulum
1727 4470 1943 4526 vidisse

2048 1884 2322 1941 arbitror.
2357 1887 2480 1940 Duo
2512 1887 2830 1958 signiﬁcari
2855 1887 3174 1943 Dominicae
3198 1889 3393 1944 carnis
3424 1894 3693 1960 tempora

2047 1975 2378 2043 voluerunt,
2415 1982 2547 2046 post
2575 1977 3067 2033 resurrectionem
3099 1978 3160 2033 in
3200 1979 3396 2048 terris,
3429 1984 3564 2050 post
3601 1996 3691 2034 as-

2048 2073 2390 2128 censionem
2424 2074 2485 2128 in
2517 2075 2702 2144 caelis,
2737 2093 2868 2146 qua:
2897 2093 2930 2130 a
2958 2081 3156 2132 mente
3190 2077 3496 2147 scriptoris
3525 2094 3692 2147 pror-

2049 2179 2147 2216 sus
2177 2162 2375 2218 aliena
2396 2170 2552 2218 sunt.
2577 2165 2803 2219 Fictum
2823 2170 2910 2219 est
2932 2165 3081 2219 illud
3111 2187 3139 2214 «
3162 2165 3365 2231 fuisse,
3395 2188 3414 2213 ι
3443 2165 3602 2236 quod
3624 2183 3695 2220 ex

2045 2249 2344 2307 Vairlenio
2394 2253 2719 2323 proferunt.
2770 2256 3030 2324 lgnatius
3081 2260 3311 2310 tantum
3369 2254 3518 2309 dixit
3566 2249 3695 2307 ὄντα

2048 2343 2205 2413 quod
2235 2360 2370 2398 cum
2401 2341 2453 2396 ἐν
2485 2343 2641 2417 σαρκί
2671 2345 3152 2416 cenjungendum
3197 2350 3306 2400 est.
3357 2345 3508 2400 lllud
3556 2346 3690 2400 uni-

2047 2449 2182 2488 cum
2215 2439 2304 2488 est
2333 2433 2491 2504 quod
2521 2433 2617 2488 hic
2648 2435 2905 2506 lgnatius
2935 2434 3083 2489 dixit
3111 2451 3173 2489 se
3205 2435 3382 2506 plena
3413 2435 3528 2491 ﬁde
3559 2452 3688 2491 am-

2047 2522 2248 2593 plecti,
2281 2523 2579 2578 Christum
2613 2520 2664 2576 ἐν
2698 2522 2852 2596 σαρκὶ
2903 2521 3048 2591 ὄντα,
3099 2525 3291 2580 adhuc
3335 2525 3512 2580 etiam
3562 2532 3693 2596 post

2047 2611 2546 2667 resurrectionem
2579 2635 2605 2661 ‹‹
2632 2613 2692 2666 in
2713 2627 2890 2666 carne
2907 2613 3313 2669 exsistentem.
3340 2637 3368 2665 »
3393 2616 3472 2670 De
3492 2632 3693 2670 ascen-

2049 2700 2214 2755 sione
2246 2700 2394 2754 nihil
2440 2701 2536 2755 hic
2583 2701 2750 2769 dixit,
2805 2701 2956 2756 nihil
3008 2703 3295 2772 probavit.
3356 2703 3690 2758 Ridiculum

2050 2795 2140 2845 est
2168 2789 2518 2859 scriptorem
2558 2790 2674 2845 duo
2707 2789 2926 2858 dicere,
2960 2807 3214 2860 quorum
3245 2791 3496 2846 alterum
3528 2792 3692 2859 vidit,

2049 2879 2300 2933 alterum
2332 2877 2617 2944 credidit;
2651 2877 2866 2933 deinde
2897 2878 3067 2949 plura
3094 2879 3436 2934 testimonia
3482 2881 3694 2934 afferre

2049 2985 2155 3038 pro
2179 2985 2247 3022 eo
2272 2967 2430 3038 quod
2454 2967 2714 3033 viderat;
2739 2985 2845 3039 pro
2868 2985 2935 3022 eo
2959 2968 3116 3038 quod
3139 2968 3410 3038 credidit,
3435 2968 3690 3024 nullum.

2050 3057 2259 3112 Omnia
2291 3056 2449 3111 enim
2480 3073 2611 3128 qua:
2643 3063 2974 3128 sequuntur
3004 3058 3414 3113 tantummodo
3445 3057 3698 3129 probant

2049 3148 2516 3217 Christum,dum
2535 3147 2595 3202 in
2618 3148 2791 3202 terris
2813 3148 3058 3216 esset,in
3075 3165 3254 3204 carne
3271 3149 3454 3204 fuisse
3471 3165 3483 3214 ;
3499 3164 3692 3218 neque

2047 3237 2285 3294 aliunde
2319 3238 2428 3292 hoc
2458 3237 2623 3292 novit
2651 3243 2752 3292 aut
2773 3237 3024 3292 credidit
3043 3239 3326 3311 lgnatius,
3352 3239 3467 3293 nisi
3492 3255 3560 3293 ex
3579 3237 3695 3292 illis

2049 3345 2179 3398 quaa
2197 3332 2526 3397 sequuntur
2543 3327 3050 3383 testimoniis.Huc
3063 3328 3241 3383 etiam
3255 3327 3698 3399 pertinet,quod

2047 3422 2260 3489 putant
2289 3411 2411 3470 οἶδα
2441 3417 2725 3488 prasteriti
2761 3418 3043 3488 temporis
3072 3417 3566 3489 signiﬁcationem
3597 3417 3696 3472 ha-

2046 3507 2186 3563 bere
2212 3505 2452 3560 πιστεύω
2482 3507 2812 3578 praesentis.
2847 3508 2965 3563 Hoc
2995 3512 3191 3563 autem
3226 3507 3449 3578 pariter
3476 3506 3693 3562 falsum

2049 3597 2420 3668 est,Verbum
2443 3597 2602 3651 enim
2625 3593 2748 3650 οἶδα
2776 3597 2914 3652 licet
2933 3598 3125 3652 forma
3147 3597 3222 3651 sit
3242 3597 3525 3667 praeteriti
3547 3603 3692 3651 tem-

2047 3687 2230 3758 poris,
2263 3686 2417 3758 apud
2457 3687 2709 3756 Graecos,
2733 3691 2933 3742 tamen
2973 3686 3406 3757 signiﬁcatione
3430 3701 3691 3756 praasens

2049 3781 2158 3844 est,
2190 3780 2249 3830 et
2278 3793 2412 3830 cum
2436 3775 2610 3830 verbo
2639 3777 2948 3846 presentis
2973 3775 3258 3847 temporis
3287 3775 3494 3830 eadem
3519 3774 3694 3845 signi-

2052 3865 2326 3921 ﬁcatione
2351 3865 2612 3936 ponitur,
2644 3870 2711 3920 ut
2739 3865 2894 3936 apud
2926 3867 3244 3920 Homerum
3270 3881 3282 3918 :

2263 3990 2449 4065 Αὐτὰρ
2479 3986 2590 4064 ἐγὼ
2621 3993 2781 4062 θυμῷ
2816 3989 2952 4044 νοέω
2981 3990 3068 4044 καὶ
3105 3989 3226 4045 οῖδα
3265 3986 3478 4046 ἕκαστα.

2120 4115 2377 4188 Ideoque
2409 4115 2598 4171 Latini
2631 4115 2985 4187 interpretes
3005 4115 3180 4172 verbo
3206 4116 3515 4186 praesentis
3545 4121 3698 4172 tem-

2051 4206 2212 4278 poris
2243 4205 2519 4274 efferunt,
2553 4209 2618 4259 ut
2649 4205 2850 4261 Matth.
2883 4223 2955 4270 v1,
2989 4208 3091 4260 32:
3128 4201 3254 4262 Οἵδε
3301 4205 3403 4281 γὰρ
3446 4205 3473 4259 ὁ
3507 4205 3692 4278 Πατὴρ

2053 4292 2225 4365 ὑμῶν,
2258 4293 2373 4349 Scit
2431 4296 2574 4348 enim
2634 4297 2798 4348 Pater
2847 4300 3067 4359 vester;
3121 4312 3273 4366 xxxv,
3333 4297 3447 4350 36:
3498 4289 3696 4356 Οὐδεὶς

2051 4379 2186 4451 οἶδε,
2237 4386 2400 4439 Nemo
2455 4385 2572 4440 scit.
2636 4383 2998 4439 Glossarium
3061 4386 3283 4440 Vetus:
3343 4381 3504 4453 Οἶδα,
3561 4387 3694 4449 scio,

2049 4489 2209 4542 noro,
2240 4489 2438 4539 nosco;
2471 4477 2531 4527 et
2558 4471 2717 4527 aliud
2751 4472 3114 4528 Glossarium
3141 4491 3153 4528 :
3201 4475 3346 4541 Scio,
3398 4469 3536 4529 οἶδα.
3569 4474 3700 4544 Ety-

287 4545 588 4622 Christum
623 4565 683 4618 in
717 4580 894 4619 carne
919 4568 1054 4634 post
1081 4564 1604 4634 resurrectionem,
1628 4563 1762 4635 quis
1794 4563 1941 4619 illud

2051 4562 2385 4632 mologicon
2413 4579 2425 4616 :
2469 4559 2662 4628 Οἶσθα,
2696 4559 2815 4615 ἀντὶ
2840 4564 2958 4632 τοῦ,
2991 4562 3298 4637 γινώσκεις.
3323 4566 3498 4619 Recte
3522 4563 3700 4635 igitur

289 4655 701 4710 testimonium
733 4652 805 4708 ad
839 4653 1142 4708 veritatem
1167 4655 1444 4708 humanm
1477 4657 1704 4708 naturae
1727 4653 1941 4709 Christi

290 4743 617 4815 quidquam
649 4741 842 4797 valere
875 4742 1278 4797 concederet?
1309 4744 1398 4797 An
1431 4758 1499 4797 ea
1532 4742 1771 4798 aetatula
1801 4743 1944 4798 satis

289 4838 450 4888 certo
476 4831 750 4903 judicare
773 4831 984 4901 potuit,
1018 4837 1218 4886 utrum
1270 4847 1403 4887 vere
1454 4847 1528 4886 an
1571 4832 1944 4903 phantastice

288 4923 552 4976 Christus
582 4920 841 4990 seipsum
875 4919 1258 4975 exhibuerit?
1305 4920 1544 4975 Nullum
1595 4926 1754 4976 certe
1804 4922 1944 4976 Gro-

290 5011 451 5065 tiano
485 5008 683 5064 sensui
717 5007 1045 5079 periculum
1079 5025 1149 5063 ex
1181 5009 1470 5079 particula
1499 5007 1621 5082 γάρ.
1649 5010 1943 5081 Secundo,

287 5099 504 5170 inquit,
539 5120 566 5148 ‹‹
602 5097 658 5151 Si
693 5097 752 5151 id
803 5097 983 5152 vellet
1031 5098 1302 5169 scriptor,
1354 5097 1510 5168 quod
1560 5098 1643 5153 ait
1690 5099 1943 5168 Grotius,

288 5202 794 5260 supervacaneum
821 5186 936 5240 erit
955 5186 1200 5241 verbum
1234 5181 1378 5240 οἶδα.
1414 5209 1442 5236 ››
1466 5187 1755 5242 Fortasse.
1793 5188 1944 5242 Fieri

287 5279 448 5333 enim
477 5280 675 5347 potest
696 5281 761 5329 ut
782 5275 842 5329 in
867 5275 1088 5346 optimo
1113 5276 1400 5347 scriptore
1431 5275 1750 5347 aliquando
1778 5293 1944 5332 voca-

284 5365 496 5421 bulum
521 5363 830 5418 redundet.
853 5363 965 5418 Sed
991 5380 1491 5435 supervacaneum
1512 5381 1632 5420 non
1655 5370 1763 5433 est,
1788 5365 1945 5436 quod

285 5455 428 5511 ﬁdei
457 5452 880 5509 certitudinem
915 5457 975 5508 et
1014 5449 1396 5529 πληροφορίαν
1445 5453 1734 5527 adjuugit.
1791 5454 1948 5509 Dixit

287 5547 342 5600 S.
406 5543 665 5599 Paulus:
715 5537 858 5597 Οἶδα
913 5540 1004 5595 καὶ
1053 5542 1350 5616 πέπεισμαι
1399 5541 1450 5596 ὲν
1503 5543 1684 5617 Κυρίῳ
1742 5542 1942 5612 Ἰησοῦ,

284 5639 458 5697 Rom.
496 5653 612 5706 xxv,
649 5636 736 5706 14,
769 5633 870 5692 ubi
901 5651 1094 5709 neque
1127 5630 1254 5690 οῖδα
1294 5652 1488 5708 neque
1519 5634 1814 5709 πέπεισμαι
1845 5651 1943 5695 su-

2056 4648 2174 4704 οἶδα
2207 4657 2264 4706 et
2293 4668 2426 4706 cum
2457 4647 2698 4703 πιστεύω
2729 4651 3130 4724 conjungitur,
3164 4659 3223 4707 et
3252 4651 3327 4708 ad
3357 4647 3487 4706 ὄντα
3516 4652 3702 4706 refer-

2057 4745 2170 4806 tur,
2204 4745 2269 4794 ut
2299 4739 2373 4794 ad
2400 4739 2852 4811 Xenophontem
2885 4737 3008 4793 οἶδα
3037 4737 3268 4812 ἐμαυτὸν
3296 4737 3498 4808 ⁴ἥττονα
3544 4734 3695 4803 ὄντα,

2054 4834 2212 4884 recte
2243 4827 2486 4883 unicum
2517 4828 2613 4882 hic
2642 4828 2941 4900 objectum
2974 4829 3113 4885 ﬁdei
3145 4833 3506 4901 agnoscitur,
3538 4829 3698 4900 quod

2056 4917 2442 4989 sequentibus
2459 4917 2814 4972 testimoniis
2837 4918 3240 4974 conﬁrmatur.
3257 4921 3454 4990 Neque
3477 4934 3612 4973 vero
3630 4935 3701 4974 ea

2055 5010 2253 5064 minus
2283 5009 2574 5081 Ignatium
2605 5007 2838 5080 decent,
2869 5015 2970 5064 aut
2999 5009 3073 5064 ad
3105 5026 3345 5066 sensum
3394 5010 3699 5080 scriptoris

2056 5097 2385 5154 eruendum
2415 5098 2602 5170 magis
2634 5098 2848 5166 valent,
2881 5099 3039 5169 quod
3071 5115 3189 5154 non
3220 5099 3430 5154 iisdem
3454 5115 3698 5170 prorsus

2054 5187 2248 5242 verbis
2279 5185 2710 5256 concipiantur,
2738 5203 2868 5256 quaa
2889 5203 3047 5243 nunc
3070 5187 3129 5240 in
3151 5187 3480 5259 Evangeliis
3502 5186 3699 5257 legun-

2055 5283 2172 5333 tur.
2205 5275 2291 5332 Ad
2323 5291 2451 5331 eam
2488 5290 2613 5329 rem
2635 5274 3027 5345 probandam,
3050 5293 3230 5346 quam
3262 5278 3514 5348 scriptor
3538 5293 3697 5331 asse-

2055 5371 2274 5430 ruerat,
2302 5363 2556 5420 maxime
2579 5362 3024 5418 accommodata
3045 5368 3185 5420 sunt
3208 5380 3221 5431 ;
3245 5371 3305 5420 at
3326 5365 3373 5420 si
3397 5365 3697 5438 duplicem

2055 5456 2444 5512 assertionem
2465 5452 2773 5518 faciamus,
2797 5468 2990 5524 neque
3009 5470 3210 5522 unam,
3233 5473 3426 5527 neque
3448 5456 3697 5512 alteram

2056 5545 2336 5618 probant.
2375 5545 2500 5598 Non
2531 5541 2783 5615 probant
2804 5543 3096 5612 lgnatium
3121 5545 3418 5602 Christum
3441 5552 3575 5620 post
3603 5564 3699 5602 re-

2057 5633 2487 5695 surrectionem
2499 5631 2712 5692 vidisse
2731 5651 2745 5706 ;
2769 5649 2892 5690 non
2906 5634 3227 5694 ostendunt
3246 5637 3542 5697 Christum
3561 5643 3698 5712 post
