4064 6134
339 335 456 397 383

1399 343 1465 403 S.
1511 341 1908 405 IGNATIUS.
1954 372 2030 386 --
2074 327 2682 401 FROLEGOMENA.

3643 351 3765 410 384

341 470 752 528 ascensionem
791 472 854 528 in
913 489 1088 529 carne
1147 491 1297 545 esse,
1355 475 1750 547 undecunque
1809 475 1988 548 igitur
2017 475 2069 542 Α
2099 487 2334 544 cunque
2365 471 2523 527 dicta
2552 471 2881 541 videantur,
2906 474 2980 530 ad
2996 474 3156 532 hunc
3186 477 3380 550 ipsum
3413 481 3624 553 lgnatii
3659 483 3758 538 lo-

341 568 576 633 sumpta
605 569 761 630 sunt,
798 567 1124 621 secundum
1149 583 1393 623 sensum
1421 569 1786 624 Dallaeanum
1816 568 1989 623 nihili

337 658 493 708 sunt.
529 653 607 707 De
657 655 994 726 apocrypho
1045 661 1180 711 ante
1214 657 1394 712 latius
1443 657 1810 728 disputatum
1860 663 1986 725 est;

340 741 437 795 hic
468 742 646 812 igitur
675 743 964 800 concludo
1021 751 1321 802 auctorem
1372 749 1635 819 epistolas
1683 764 1989 819 nunquam

343 831 650 904 scripsisse
684 833 980 889 Christum
1014 851 1048 890 a
1077 853 1138 891 se
1169 837 1231 891 in
1264 855 1442 893 carne
1473 840 1684 894 visum.

413 922 551 984 Qua;
578 921 837 977 habetde
857 924 1030 980 stella
1049 927 1235 998 magis
1259 927 1617 997 praalucente
1630 927 1794 982 nullo
1814 926 1990 982 modo

340 1009 610 1065 {ictitium
642 1013 930 1083 Ignatium
966 1015 1219 1085 probant
1246 1033 1259 1081 ;
1285 1033 1475 1087 neque
1501 1017 1626 1088 ipse
1646 1015 1871 1087 aliquid
1893 1015 1991 1070 ob-

332 1097 484 1167 jicit,
519 1100 633 1154 nisi
666 1102 823 1171 quod
855 1103 975 1156 sint
1007 1109 1226 1159 temere
1261 1107 1480 1177 scripta
1507 1123 1520 1173 ;
1555 1113 1611 1162 et
1633 1106 1789 1178 quod
1812 1122 1987 1161 nemo

338 1186 730 1259 interpretum
765 1208 833 1246 ea
873 1192 948 1246 sit
1003 1199 1257 1249 secutus.
1305 1196 1494 1252 Verba
1537 1197 1745 1268 Ignatii
1805 1201 1984 1251 sunt:

336 1278 538 1353 ’Λστὴρ
568 1278 620 1334 ἐν
656 1281 870 1354 οὐρανῷ
929 1279 1171 1358 ἔλαμψεν
1219 1285 1351 1360 ὑπὲρ
1400 1288 1604 1349 πάντας
1659 1288 1784 1349 τοὺς
1833 1285 1990 1342 ἀστέ-

341 1388 456 1440 ρας,
488 1370 576 1424 καὶ
608 1370 670 1425 τὸ
703 1376 817 1447 φῶς
851 1372 1012 1428 αὐτοῦ
1044 1374 1411 1446 ανεκλάλητον
1463 1377 1552 1446 ἡν·
1602 1378 1692 1432 καὶ
1744 1379 1987 1450 ξενισμὸν

338 1464 599 1533 παρεῖχεν
629 1462 662 1529 ἡ
695 1463 950 1533 καινότης
980 1463 1164 1518 αὐτοῦ’
1197 1465 1263 1519 τά
1295 1462 1350 1519 δὲ
1383 1465 1552 1521 λοιπᾶ
1601 1467 1770 1521 πάντα
1823 1464 1990 1540 ἄστρα

339 1547 453 1619 ἅμα
484 1546 633 1620 ἡλίῳ
661 1551 749 1605 καὶ
785 1550 990 1627 σελήνῃ
1032 1555 1204 1628 χορὸς
1234 1553 1448 1629 ἐγένετο
1477 1559 1556 1626 τῷ
1588 1555 1792 1632 ἀστέρι·
1827 1555 1987 1617 αὐτὸς

340 1632 395 1690 δὲ
425 1637 491 1705 ἧν
531 1635 889 1714 ὑπερϐάλλων
922 1642 982 1696 τὸ
1016 1641 1128 1716 φῶς
1179 1645 1348 1698 αὐτοῦ
1402 1645 1530 1718 ὑπὲρ
1575 1645 1764 1700 πάντα.
1816 1647 1991 1718 Ταρα-

339 1729 414 1800 χή
447 1729 495 1780 τ’
536 1731 625 1798 ἧν,
677 1731 834 1784 πόθεν
869 1733 903 1799 ἡ
936 1732 1196 1803 καινότης
1228 1735 1262 1801 ἡ
1294 1733 1555 1801 ἀνόμοιος
1605 1734 1815 1795 αὐτοῖς·
1869 1733 1986 1788 ὅθεν

335 1813 525 1871 ἐλύετο
551 1824 695 1872 πᾶσα
731 1820 947 1896 μαγεία.
985 1824 1161 1878 Vetus
1209 1823 1541 1880 interores:
1592 1847 1620 1874 «
1656 1828 1893 1880 Astrum
1926 1825 1987 1879 in
2022 1839 2066 1904 Β

339 1908 485 1962 coelo
508 1909 878 1979 resplenduit
900 1927 1077 1982 super
1097 1913 1296 1968 omnia
1313 1919 1487 1983 astra,
1506 1919 1565 1969 et
1584 1915 1788 1970 lumen
1803 1915 1990 1986 ipsius

339 1995 641 2051 ineffabile
661 2003 873 2062 erat,et
889 2005 1191 2070 stuporem
1213 2002 1657 2058 tribuitnovitas
1675 2004 1993 2074 ipsius.Re-

338 2085 504 2154 liqua
526 2103 660 2141 vero
683 2089 884 2143 omnia
904 2095 1063 2146 astra
1083 2092 1262 2145 simul
1293 2109 1426 2147 cum
1460 2092 1582 2147 sole
1603 2099 1660 2148 et
1685 2093 1827 2147 luna
1849 2095 1991 2148 cho-

340 2191 442 2228 rus
465 2175 602 2230 facti
624 2183 763 2231 sunt
792 2177 878 2232 illi
905 2185 1062 2233 astro
1088 2196 1100 2234 :
1138 2182 1330 2251 ipsum
1355 2188 1552 2237 autem
1572 2188 1699 2237 erat
1722 2184 1990 2254 superfe-

339 2280 478 2317 rens
503 2264 704 2320 lumen
725 2283 897 2321 suum
921 2285 1101 2338 super
1121 2271 1624 2327 omnia.Turbatio
1645 2277 1841 2328 autem
1865 2278 1992 2327 erat

339 2354 496 2408 unde
529 2356 755 2411 novitas
787 2373 918 2426 quas
949 2357 1256 2414 dissimilis
1282 2361 1460 2430 ipsis;
1491 2379 1559 2416 ex
1582 2379 1698 2432 qua
1721 2362 1990 2416 solveba-

340 2447 439 2496 tnr
458 2444 654 2498 omnis
676 2445 888 2517 magia.
916 2467 943 2495 ι»
968 2448 1103 2502 Haac
1126 2455 1349 2504 temere
1375 2450 1534 2505 dicta
1565 2451 1687 2505 vult
1712 2451 1988 2518 Dallaeus,

343 2540 545 2606 utpote
580 2559 608 2586 «
639 2553 672 2591 a
702 2538 1005 2609 Scriptura
1034 2541 1250 2610 aliena,
1274 2547 1332 2596 et
1357 2542 1429 2597 ab
1453 2543 1579 2614 ipso
1604 2543 1780 2613 hujus
1803 2543 1991 2598 stellm

341 2640 454 2678 usu
476 2625 958 2695 abhorrentia,ad
982 2629 1482 2698 domum,scilicet
1500 2632 1993 2699 Bethelebem,in-

345 2712 680 2781 dicandam,
709 2715 808 2770 ubi
839 2722 1015 2772 natus
1043 2725 1171 2773 erat
1192 2719 1476 2774 Christus.
1499 2742 1528 2770 ››
1551 2721 1662 2776 Sed
1693 2721 1990 2791 quomodo

343 2802 468 2856 haec
500 2821 533 2858 a
562 2804 866 2875 Scriptura
887 2807 1072 2879 magis
1097 2807 1291 2863 aliena
1313 2815 1474 2876 sunt,
1500 2827 1676 2880 quam
1709 2811 1830 2877 illa,
1861 2827 1991 2881 quas

340 2891 439 2945 alii
473 2892 544 2947 de
568 2893 775 2948 eadem
810 2896 985 2950 stella
1017 2898 1410 2967 tradiderunt,
1445 2916 1566 2953 non
1587 2900 1992 2970 video.Neque

339 2980 507 3036 illum
534 2999 722 3037 unum
747 3000 919 3039 usum
949 2986 1262 3056 quisquam
1296 2989 1487 3043 adhuc
1517 2991 1751 3061 agnovit
1781 2989 1853 3044 ad
1885 2990 1994 3044 do-

338 3073 853 3127 mumBethlehem
869 3073 1410 3132 indicandam.Duze
1433 3079 1672 3133 fuerunt
1689 3079 1846 3133 illius
1861 3079 1995 3134 stel-

340 3160 412 3214 lae
443 3159 648 3223 φάσεις,
683 3179 802 3217 una
860 3163 919 3216 in
979 3164 1236 3231 Oriente,
1299 3166 1486 3222 altera
1546 3169 1981 3238 Hierosolymis.
2026 3205 2068 3271 Ο

344 3249 715 3271 '1---___2_-._
747 3252 1094 3271 ___-_112___'
1159 3253 1259 3271 n,'n
1340 3255 1353 3271 ι
1832 3264 1840 3271 .

344 3251 491 3302 Usus
516 3249 603 3319 pri
615 3266 720 3303 nise
743 3252 1130 3322 apparitionis
1156 3253 1267 3308 fuit
1284 3255 1358 3308 ad
1387 3272 1586 3327 magos
1601 3273 1669 3311 ex
1691 3274 1796 3313 sua
1829 3264 1985 3314 terra

342 3337 415 3391 ad
447 3339 831 3408 quaerendum
864 3343 1077 3412 Regem
1108 3343 1444 3399 Judaeorum
1477 3346 1820 3401 excitandos
1852 3373 1864 3415 ;
1895 3363 1986 3402 se-

342 3427 550 3482 cundas
579 3427 652 3482 ad
684 3429 921 3485 domum
968 3431 1367 3490 indicandam.
1423 3435 1597 3491 Multa
1643 3443 1868 3491 veteres
1914 3437 1985 3492 de

342 3517 525 3586 priori
557 3517 903 3588 loquuntur,
936 3537 1113 3591 quam
1145 3523 1449 3594 Scriptura
1471 3526 1880 3581 tantummodo
1905 3526 1990 3579 in-

344 3606 522 3671 dicat,
545 3624 733 3678 pauca
778 3609 1076 3680 lgnatius:
1137 3628 1333 3682 neque
1377 3613 1491 3680 hic,
1538 3630 1733 3685 neque
1783 3615 1870 3669 illi
1920 3632 1990 3671 ex

346 3696 647 3767 Scriptura
677 3713 747 3751 ea
777 3715 908 3767 qua)
938 3699 1206 3755 dicerent
1245 3709 1648 3773 sumpserunt,
1699 3704 1801 3758 sed
1847 3705 1990 3775 quid

343 3786 458 3856 ipsi
489 3785 560 3840 de
590 3803 659 3840 ea
684 3803 748 3841 re
779 3789 1071 3844 sentirent
1118 3790 1302 3846 libere
1349 3793 1834 3864 pronuntiabant.
1891 3795 1993 3849 Ubi

345 3883 420 3930 est
453 3880 550 3946 qui
579 3885 741 3932 natus
771 3886 850 3934 est
881 3882 996 3934 Rea:
1023 3882 1359 3951 Iudaeorum,
1391 3883 1673 3954 inquiunt
1701 3884 1876 3956 magi,
1907 3887 1991 3939 vi-

343 3965 523 4021 dimus
579 3970 722 4022 enim
778 3969 995 4023 stellam
1053 3971 1170 4039 ejus
1232 3973 1291 4026 in
1339 3973 1577 4041 Oriente,
1643 3980 1694 4028 et
1748 3977 1990 4029 venimus

343 4064 578 4110 adorare
607 4073 732 4110 eum
781 4057 844 4112 “.
899 4058 1203 4123 Quomodo
1253 4062 1594 4134 apparuerit
1638 4063 1699 4116 in
1752 4063 1990 4118 Oriente

345 4142 513 4197 stella
544 4143 666 4209 illa,
701 4145 997 4215 quomodo
1028 4148 1180 4219 magi
1212 4148 1349 4203 inde
1381 4149 1744 4205 crediderint
1772 4152 1988 4222 Regem

338 4232 674 4287 Judaeorum
709 4240 913 4290 natum
939 4253 1088 4301 esse,
1123 4238 1418 4308 quomodo
1453 4239 1732 4293 commoti
1756 4239 1828 4293 ad
1852 4255 1988 4293 eum

340 4319 708 4376 adorandum
740 4325 1032 4394 venerint,
1065 4326 1137 4381 ab
1180 4327 1460 4382 omnibus
1509 4327 1825 4398 quaesitum
1876 4334 1984 4382 est.

343 4408 520 4462 Suam
564 4412 920 4466 sententiam
967 4415 1165 4484 prodit
1208 4417 1491 4486 lgnatius,
1542 4417 1778 4472 stellam
1821 4417 1986 4472 illam

343 4497 601 4551 maxime
636 4499 790 4553 inter
822 4517 1028 4555 omnes
1059 4501 1346 4557 illustrem
1390 4504 1593 4574 fuisse,
1645 4512 1703 4560 et
1759 4523 1828 4561 ex
1879 4522 1986 4561 sua

2099 579 2232 618 cum
2267 561 2564 633 respicere
2621 561 2754 632 quis
2811 562 3059 631 dubitet,
3120 567 3240 622 sive
3299 566 3571 641 ξενισμόν,
3634 573 3755 627 sive

2095 651 2413 719 καινότητα,
2447 650 2566 705 sive
2621 647 2916 707 κατάλυσιν
2966 660 3191 725 spectet
3219 656 3248 710 ‘1’
3275 658 3418 713 Nam
3469 665 3528 715 et
3557 659 3760 733 ἀστρο-

2097 740 2244 794 Θεσία
2275 741 2443 811 quasi
2467 756 2775 812 magorum
2806 741 3145 814 disciplina,
3177 762 3212 801 a
3243 746 3478 803 diabolo
3513 750 3756 806 inventa

2097 832 2344 885 Tatiano
2373 830 2610 886 dicitur.
2666 831 2745 885 De
2805 831 2956 886 mira
3012 832 3140 903 ejus
3197 835 3328 891 luce
3383 837 3751 909 reliquarum

2099 920 2408 975 stellarum
2441 919 2820 992 splendorem
2853 928 3170 992 superante
3203 925 3314 980 Leo
3347 929 3609 996 Magnus,
3643 930 3753 984 ho-

2099 1010 2264 1064 milia
2296 1013 2317 1062 1
2355 1012 2432 1065 De
2461 1009 2766 1064 Nativitatc
2789 1028 2807 1065 :
2840 1032 2868 1059 «
2902 1013 2966 1065 In
2993 1012 3236 1084 regione
3282 1015 3529 1071 orientis
3578 1018 3755 1074 stella

2097 1114 2261 1153 novas
2282 1098 2570 1153 claritatis
2593 1100 2885 1169 apparuit,
2911 1116 3044 1170 quas
3064 1101 3354 1158 illustrior
3366 1106 3598 1161 caeteris
3619 1107 3756 1177 pul-

2098 1187 2415 1257 chriorque
2447 1187 2740 1242 sideribus
2760 1187 2932 1244 facile
2959 1189 3018 1243 in
3038 1207 3101 1244 se
3127 1191 3488 1248 intuentium
3516 1196 3752 1252 animos

2098 1277 2423 1347 oculosque
2445 1281 2836 1333 converteret.
2855 1298 2881 1326 »
2904 1279 3534 1348 Maximus,homilia3:
3558 1306 3585 1334 ‹‹
3605 1287 3750 1350 Quis

2099 1367 2258 1422 enim
2291 1367 2522 1422 dubitat
2550 1366 2740 1438 ipsam
2775 1367 3010 1422 stellam
3042 1369 3254 1425 lmtiori
3281 1371 3410 1426 luce
3439 1377 3496 1426 et
3524 1374 3755 1445 fulgen-

2097 1455 2348 1510 tioribus
2361 1456 2544 1511 radiis
2561 1472 3066 1527 coruscasse,quaa
3090 1459 3219 1513 caeli
3239 1465 3528 1532 terraque
3546 1462 3748 1519 lumen

2096 1545 2374 1600 humanis
2395 1545 2583 1600 oculis
2606 1545 2950 1617 ingerebat?
2967 1549 3036 1602 Et
3065 1564 3308 1605 necesse
3340 1557 3466 1606 erat
3494 1558 3561 1606 ut
3579 1553 3751 1610 stella

2096 1635 2221 1689 haec
2243 1652 2276 1690 a
2292 1635 2521 1690 caeteris
2548 1634 2844 1690 sideribus
2867 1636 3008 1692 orbe
3041 1637 3292 1694 clariore
3313 1641 3581 1711 distaret,
3615 1659 3747 1714 quae

2097 1724 2492 1778 annuntiabat
2507 1723 2827 1796 Christum,
2862 1726 3032 1798 cujus
3066 1728 3343 1785 nativitas
3361 1730 3434 1785 ab
3456 1731 3748 1788 universis

2097 1813 2449 1868 mortalibus
2478 1813 2814 1869 differebat.
2848 1836 2877 1864 ››
2911 1815 2966 1869 S.
2993 1817 3748 1891 Chrysostomus,homil.6,

2099 1906 2158 1958 in
2191 1903 2536 1966 Matthaeu-m,
2570 1903 2640 1957 de
2681 1903 2791 1959 hac
2823 1903 3034 1960 stella:
3069 1905 3142 1958 Οὐ
3171 1905 3274 1980 γὰρ
3322 1905 3376 1962 ἐν
3426 1911 3577 1964 νυκτί
3623 1911 3753 1986 φαί-

2096 2011 2237 2045 νεται
2267 1988 2392 2044 ἀλλ’
2426 1990 2477 2044 ἐν
2501 1990 2682 2063 ἡμέρᾳ
2717 1991 2854 2066 μέσῃ
2890 1990 3210 2063 λάμποντος
3241 1994 3427 2067 ἡλίου,
3470 1998 3602 2072 ὅπερ
3651 1999 3753 2054 οὐκ

2094 2075 2205 2134 ἔστι
2267 2077 2544 2152 δυνάμεως
2584 2078 2830 2156 ἀστέρος,
2890 2080 3018 2137 ἀλλ’
3074 2079 3198 2138 οὐδὲ
3255 2084 3510 2155 σελήνης·
3562 2090 3596 2157 ἡ
3638 2090 3745 2163 γὰρ

2097 2166 2354 2223 τοσοῦτον
2411 2167 2628 2223 πάντων
2715 2170 3061 2246 ὑπερέχουσα
3142 2173 3248 2226 τῶν
3336 2173 3571 2248 ἀστέρων
3648 2184 3752 2246 τῆς

2098 2257 2317 2319 ἀκτῖνος
2349 2257 2608 2334 φανείσης
2635 2266 2737 2328 τῆς
2781 2257 3023 2329 ἡλιακῆς
3066 2260 3359 2334 κρύπτεται
3412 2264 3503 2318 καὶ
3546 2264 3750 2342 ἄφανί-

2099 2354 2265 2417 ζεται.
2302 2348 2471 2409 Οὗτος
2522 2346 2580 2402 δὲ
2621 2351 2690 2422 τῇ
2741 2356 2837 2417 τῆς
2889 2349 3090 2412 οἰκείας
3135 2349 3530 2424 λαμπρότητος
3579 2355 3746 2431 ὑπερ-

2099 2433 2265 2511 ϐολῇ,
2299 2437 2387 2491 καὶ
2435 2438 2530 2500 τὰς
2577 2437 2795 2500 ἂκτῖνας
2853 2437 3067 2510 ἐνίκησε
3119 2443 3214 2502 τὰς
3261 2440 3518 2511 ἡλιακὰς,
3579 2447 3745 2520 φανό-

2095 2547 2254 2601 τερος
2285 2525 2506 2589 ἐκείνοις
2560 2528 2744 2606 φανεὶς
2797 2529 2887 2583 καὶ
2946 2527 2999 2582 ἐν
3055 2531 3298 2603 τοσούτῳ
3352 2533 3490 2607 φωτί
3554 2540 3742 2606 μεῖζον

2099 2613 2343 2689 λάμψας.
2379 2639 2408 2666 α
2439 2620 2565 2672 Non
2599 2619 2756 2673 enim
2789 2619 2859 2674 de
2882 2625 3054 2674 nocte
3080 2627 3343 2691 apparet,
3369 2623 3471 2678 sed
3495 2626 3746 2682 meridie

2098 2708 2449 2780 splendente
2473 2709 2632 2776 sole;
2659 2727 2836 2780 quam
2853 2709 3195 2766 facultatem
3226 2729 3344 2767 non
3362 2714 3538 2770 modo
3570 2717 3750 2772 stella

2098 2797 2282 2867 nulla,
2307 2798 2412 2853 sed
2434 2815 2508 2854 ne
2529 2798 2673 2854 luna
2691 2799 2933 2870 quidem
2955 2801 3334 2857 sortitur.llla
3353 2805 3512 2859 enim
3537 2822 3749 2862 omnes

2099 2887 2303 2943 stellas
2333 2893 2640 2960 tantopere
2672 2905 2959 2960 superans
2990 2896 3120 2946 ortu
3143 2891 3286 2946 solis
3309 2893 3661 2949 obscuratur
3691 2903 3751 2951 et

2096 2977 2380 3048 disparet.
2403 2979 2549 3033 Haec
2579 2984 2776 3033 autem
2809 2980 2989 3034 nativi
3015 2980 3345 3052 splendoris
3367 2984 3748 3040 exuberantia

2097 3067 2275 3122 etiam
2309 3067 2451 3122 solis
2498 3067 2697 3122 radios
2747 3069 3083 3139 superabat,
3138 3071 3427 3128 illustrior
3475 3072 3593 3127 illis
3640 3090 3743 3144 ap-

2098 3173 2334 3226 parens,
2370 3161 2428 3211 et
2455 3157 2517 3210 in
2549 3163 2713 3212 tanta
2743 3157 2874 3212 luce
2905 3159 3093 3230 magis
3125 3176 3459 3216 coruscans.
3495 3183 3521 3212 »
3578 3163 3745 3217 Unde

2098 3245 2248 3300 illud
2295 3253 2498 3302 vocat:
2549 3242 2742 3319 ἅστρον
2805 3245 2943 3320 μέγα
2989 3248 3077 3300 καὶ
3133 3245 3560 3324 ἐξηλλαγμένον,
3609 3249 3748 3305 ὥστε

2096 3331 2185 3385 καὶ
2215 3336 2294 3404 τῷ
2355 3332 2566 3406 μεγέθει
2625 3332 2714 3387 καὶ
2772 3337 2852 3405 τῷ
2907 3332 3100 3389 κάλλει
3155 3338 3253 3403 τῆς
3311 3335 3489 3408 ὅψεως
3549 3337 3746 3402 αὐτοὺς

2097 3418 2384 3493 ἐκπλῆξαι·
2407 3445 2434 3472 ‹‹
2469 3424 2698 3478 stellam
2730 3440 3000 3496 magnam
3025 3431 3084 3479 et
3105 3425 3471 3494 unisitatam,
3503 3429 3652 3483 adeo
3677 3436 3744 3484 ut

2099 3512 2493 3584 amplitudine
2526 3520 2583 3568 et
2611 3519 2883 3584 aspectus
2913 3514 3178 3568 claritate
3220 3531 3422 3586 magos
3452 3519 3743 3586 percelle-

2098 3608 2206 3657 ret.
2246 3624 2272 3651 »
2315 3603 2447 3657 Haec
2478 3609 2676 3657 autem
2713 3602 2860 3656 dixit
2903 3603 3378 3672 Chrysostomus,
3425 3611 3741 3674 postquam

2101 3691 2301 3746 omnia
2331 3707 2392 3745 se
2424 3687 2530 3743 ἀπὸ
2581 3694 2687 3742 τῶν
2746 3689 3138 3761 γεγραμμένων
3194 3689 3370 3742 αὐτῶν
3418 3714 3445 3740 ‹‹
3493 3710 3561 3747 ex
3613 3694 3745 3764 ipsa

2101 3781 2398 3851 Scriptura
2423 3801 2449 3827 »
2474 3780 2768 3834 dicturum
2791 3778 3089 3849 pollicitus
3112 3785 3284 3834 esset.
3308 3782 3507 3851 Neque
3529 3784 3752 3840 mirum

2101 3875 2208 3940 est,
2243 3870 2530 3941 Ignatium
2556 3868 2725 3922 nobis
2745 3869 2978 3923 stellam
2997 3869 3243 3940 reliquis
3267 3873 3546 3928 omnibus
3569 3879 3750 3945 atque

2101 3961 2276 4014 etiam
2308 3958 2430 4013 sole
2451 3958 2576 4029 ipso
2603 3958 3070 4029 splendidiorem
3099 3967 3584 4030 reprmsentasse,
3609 3979 3741 4018 cum

2098 4049 2289 4120 gravis
2319 4052 2525 4103 auctor
2553 4046 2869 4119 Gregorius
2901 4049 3198 4119 Nyssenus
3230 4050 3289 4104 in
3346 4052 3478 4105 Vita
3525 4054 3740 4121 Moysis,

2099 4137 2478 4210 splendorem
2510 4136 2655 4192 rubo
2687 4135 2866 4191 solari
2891 4138 3190 4208 majorem
3241 4138 3497 4195 tribuat:
3551 4141 3744 4201 Φωτὸς

2099 4226 2285 4300 ἑτέρου
2318 4227 2452 4302 ὺπέρ
2495 4226 2559 4280 τὸ
2609 4224 2840 4294 ἡλιακὸν
2889 4231 3002 4302 φῶς
3057 4228 3154 4288 τὰς
3213 4226 3364 4299 ὒψετς
3419 4229 3745 4302 περιαστρά-

2098 4318 2319 4390 ψαντος,
2344 4340 2371 4367 ‹‹
2398 4317 2515 4373 alia
2530 4317 2660 4372 luce
2682 4333 2861 4388 supra
2883 4317 3076 4373 lucem
3099 4318 3351 4372 solarem
3367 4319 3519 4373 circa
3542 4319 3747 4374 oculos

2097 4409 2311 4479 Moysis
2342 4408 2682 4479 eﬂ'ulgente.
2720 4428 2747 4456 »
2781 4407 2853 4461 De
2881 4408 3151 4462 solutione
3191 4411 3388 4477 magiae
3437 4409 3748 4481 Gregorius

2095 4500 2514 4565 Nazianzenus,
2569 4498 2839 4551 oratione
2895 4497 3131 4566 prima:
3195 4497 3292 4550 Διά
3347 4500 3506 4551 τοῦτο
3575 4497 3744 4572 ἂστήρ

345 4585 698 4641 claritudine
729 4605 929 4660 magos
961 4590 1396 4664 Hierosolymas
1426 4571 1765 4650 adduxisse.
1787 4596 1988 4666 Neque

2098 4585 2432 4660 ἡγούμενος,
2487 4584 2578 4638 καὶ
2642 4583 2804 4658 μάγοι
2862 4583 3262 4658 προπίπτοντες
3319 4586 3404 4639 καὶ
3493 4571 3744 4663 δωροφοέ-

342 4675 470 4730 hznc
488 4677 784 4732 sententia
813 4678 958 4734 adeo
986 4681 1242 4737 absurda
1269 4683 1392 4738 visa
1414 4689 1522 4751 est,
1550 4690 1616 4739 ut
1635 4701 1810 4740 nemo
1832 4691 1988 4740 vete-

344 4782 477 4820 rum
502 4782 631 4821 eam
655 4771 1188 4840 sequeretur,quod
1213 4773 1396 4826 miror
1418 4773 1693 4844 equidem
1716 4791 1749 4829 a
1769 4774 1986 4830 Dallaao

339 4856 585 4911 dictum.
617 4857 773 4911 Nihil
803 4859 959 4912 enim
991 4860 1115 4915 fere
1146 4861 1206 4914 in
1238 4861 1347 4916 hac
1377 4863 1673 4918 sententia
1703 4863 1988 4935 scriptum

343 4951 450 5012 est,
485 4945 640 5018 quod
687 4964 807 5003 non
865 4948 1106 5020 plurimi
1163 4955 1369 5022 postea
1425 4951 1717 5007 dixerunt.
1777 4954 1989 5010 Omnia

339 5035 461 5090 fere
494 5036 701 5092 eadem
733 5043 1057 5109 tanguntur
1085 5039 1189 5094 illo
1221 5057 1338 5094 uno
1369 5039 1687 5097 Clementis
1736 5043 1987 5098 Alexan-

344 5125 501 5180 drini
531 5125 662 5182 loco
710 5127 774 5182 in
838 5129 1184 5199 Excerptis:
1248 5129 1344 5182 Διὰ
1402 5132 1563 5184 τοῦτο
1617 5129 1853 5186 ἀνέτειλε
1903 5131 1990 5200 ξέ-

342 5234 430 5275 νος
514 5213 684 5290 ἂστὴρ
768 5216 857 5269 καὶ
943 5217 1128 5278 καινὸς
1211 5217 1496 5273 καταλύων
1571 5221 1671 5289 τήν
1756 5218 1990 5274 παλαιὰν

341 5301 716 5375 ἀστροθεσίαν,
754 5308 926 5376 καινῷ
984 5304 1122 5384 φωτὶ
1181 5305 1242 5360 οὐ
1299 5311 1552 5380 κοσμικῷ
1609 5305 1986 5382 λαμπόμενος.

345 5413 372 5441 ‹‹
407 5393 724 5463 Propterea
784 5401 913 5451 orta
969 5403 1058 5451 est
1123 5399 1435 5469 peregrina
1483 5405 1542 5454 et
1593 5416 1744 5454 nova
1800 5398 1990 5471 stella,

345 5479 672 5538 dissolvens
732 5491 986 5540 veterem
1047 5486 1448 5558 astrologiam,
1538 5505 1688 5544 novo
1749 5494 1806 5543 et
1869 5505 1991 5545 non

345 5569 649 5628 mundano
680 5572 903 5629 lumine
935 5592 1272 5632 coruscans.
1309 5598 1336 5625 ››
1388 5578 1525 5642 Quae
1574 5578 1750 5635 verba
1781 5595 1814 5634 a
1845 5595 1994 5650 quo-

417 5670 461 5706 “
492 5669 694 5730 Matth.
735 5687 794 5745 ιι,
823 5677 878 5728 2.

2098 4679 2335 4752 ροῦντες,
2361 4673 2433 4729 ’ἶν’
2464 4671 2866 4746 εἰδωλολατρία
2895 4671 3196 4746 καταλυθῇ.
3239 4698 3268 4725 ‹‹
3300 4676 3522 4731 Idcirco
3573 4677 3743 4733 stella

2097 4768 2374 4841 praeiens,
2408 4772 2468 4821 et
2497 4765 2650 4838 magi
2700 4781 2829 4820 sese
2878 4770 3322 4836 prosternentes
3381 4785 3448 4822 ac
3495 4785 3746 4825 munera

2098 4858 2436 4920 offerentes,
2469 4861 2533 4910 ut
2562 4854 2813 4918 scilicet,
2849 4853 3189 4911 idololatria
3237 4855 3674 4912 dissolveretur.
3712 4881 3742 4908 ››

2099 4948 2256 5004 Idem
2292 4950 2657 5002 Arcanorum
2689 4945 2954 5000 carmine
2976 4948 3029 5016 5,
3053 4962 3188 5001 cum
3209 4947 3528 5002 novitatem
3559 4949 3747 5004 stellae

2096 5044 2362 5096 notasset
2385 5055 2398 5093 :

2135 5179 2350 5249 Τῆμος,
2382 5173 2462 5230 ὅτ’
2502 5172 3068 5255 ἂστρολόγοισινόμοῦ
3099 5175 3227 5230 ttae
3259 5171 3435 5248 μήδεα
3461 5193 3679 5250 τεχνης.

2099 5306 2170 5358 Et
2198 5304 2254 5359 S.
2290 5303 2538 5359 Basilius
2580 5302 2852 5357 oratione
2900 5301 2960 5357 in
3013 5301 3216 5357 Christi
3263 5304 3636 5369 Nativitatem,
3672 5303 3745 5360 de

2100 5395 2324 5467 magis:
2358 5391 2517 5466 Τάχα
2548 5387 2605 5445 δὲ
2633 5389 2724 5445 καὶ
2757 5389 3133 5463 ἂντικειμένης
3185 5386 3464 5462 δυνάμεως
3509 5393 3579 5464 τῇ
3627 5390 3748 5446 ἐπι-

2101 5485 2292 5564 φανείᾳ
2354 5487 2451 5538 τοῦ
2509 5481 2714 5559 Κυρίου
2777 5481 3109 5554 ἂτονωτέρας
3167 5479 3360 5536 λοιπὸν
3433 5481 3754 5556 γενομένης,

2101 5573 2419 5648 αἰσθόμενοι
2450 5569 2888 5647 καταργουμίνας
2930 5570 3024 5631 τὰς
3076 5569 3343 5647 ἐνεργείας
3401 5571 3599 5643 αὐτῆς,
3648 5593 3743 5648 με-
