4064 6134
296 273 411 334 385

1036 268 1094 332 J.
1138 269 1562 334 PEARSONII
1609 271 1996 336 VINDICUE
2037 277 2504 344 lGNATlANE.
2553 316 2632 330 --
2676 284 2874 348 PARS
2918 285 2994 346 Il.

3600 292 3722 354 386

302 403 476 480 γάλην
510 398 748 475 δύναμιν
775 404 857 472 τῷ
883 400 1131 478 τεχθέντι
1161 400 1663 478 προσεμαρτύρουν.
1691 405 1825 460 Ηωο
1855 405 1955 462 ille

2078 411 2352 468 scribitur
2377 414 2676 486 apostolos
2727 418 3162 486 manducasse;
3223 421 3504 478 scribitur
3555 425 3716 481 enim

303 492 695 551 considerans
724 487 923 563 ἀστέρα
953 489 1135 543 καινὸν
1168 488 1260 543 καὶ
1289 488 1958 565 ἀσυνήθηβιιιυγεοιοειιε

303 599 579 640 sermone
609 585 748 636 105:
781 603 810 630 «
845 581 902 635 Si
934 579 1037 635 ubi
1070 579 1213 635 vidit
1271 596 1478 652 magus
1503 582 1793 638 humanas
1826 601 1960 654 per-

306 675 442 730 iisse
475 690 672 740 curas,
707 688 847 727 suas
879 670 1165 726 defecisse
1223 677 1404 740 artes,
1438 692 1467 720 ››
1495 678 1607 727 etc.
1655 675 1737 728 Ac
1782 674 1961 744 paulo

303 770 436 835 post
467 780 480 817 :
516 783 546 812 «
582 763 756 834 Ergo,
798 762 1030 825 fratres,
1066 759 1324 816 lectione
1358 762 1640 832 prasenti
1694 779 1815 817 non
1874 769 1965 819 est

305 856 580 910 ﬁrmatus
613 869 783 907 error
798 851 1084 923 magicas,
1120 850 1225 906 sed
1255 850 1505 907 solutus.
1540 872 1570 901 »
1623 853 1864 923 Nempe,
1899 858 1963 908 ut

306 945 582 1000 observat
604 942 1263 1014 Origeneslib.i,contra
1283 941 1494 998 Celsum
1527 959 1540 996 :
1575 942 1722 1014 Magi
1757 937 1962 1004 ἰδόντες

303 1030 603 1102 οεοσημίαν
668 1029 720 1084 ἐν
791 1029 1010 1104 οὐρανῷ
1075 1025 1443 1103 ἐστοχάσαντο
1526 1030 1620 1084 τὸν
1681 1029 1816 1084 κατὰ
1865 1034 1962 1084 τοῦ

301 1120 502 1194 ἄστρου
534 1118 1022 1197 προφητευόμενον
1052 1113 1338 1190 ἄνθρωπον
1389 1114 1851 1190 ἐπιδεδημηκέναι
1883 1122 1964 1190 τῷ

303 1212 438 1286 βίῳ,
471 1211 561 1265 καὶ
597 1209 671 1272 ὡς
703 1211 919 1263 πάντων
949 1205 1226 1279 δαιμόνων
1257 1206 1346 1261 καὶ
1378 1211 1484 1262 τῶν
1512 1207 1563 1263 ἐν
1611 1205 1718 1271 ἔθει
1777 1208 1962 1270 αὐτοῖς

300 1296 724 1379 φανταζομένων
777 1297 869 1352 καὶ
951 1295 1307 1370 ἐνεργούντων
1389 1295 1667 1366 κρείττονα
1748 1295 1961 1370 προλα-

300 1387 488 1451 ϐόντες
517 1395 894 1462 προσκυνῆσαι
928 1385 1221 1456 ἠθέλησαν.
1284 1407 1305 1436 ι
1363 1387 1638 1443 Videntes
1695 1387 1757 1442 in
1816 1387 1958 1444 caalo

303 1480 640 1552 prodigium
667 1478 1156 1549 conjectaverunt
1185 1493 1322 1532 eum
1345 1477 1443 1546 qui
1471 1493 1605 1532 cum
1629 1477 1796 1533 stella
1817 1495 1962 1548 pras-

299 1569 612 1624 nuntiatus
644 1573 734 1622 est
763 1567 1069 1622 hominem
1101 1567 1160 1620 in
1190 1567 1369 1620 vitam
1393 1565 1722 1634 advenisse,
1757 1572 1962 1637 poten-

297 1659 513 1713 tiorem
539 1672 672 1711 esse
703 1656 979 1710 omnibus
1010 1655 1323 1710 daemoniis
1354 1661 1412 1710 et
1444 1655 1690 1726 spectris
1722 1655 1964 1712 familia-

298 1747 889 1812 ribus,decreverunt
910 1761 1042 1800 eum
1067 1745 1335 1800 adorare.
1368 1766 1395 1794 »
1431 1743 1848 1813 Tertullianus,
1883 1749 1959 1801 De

296 1838 645 1903 idololatria,
670 1852 798 1906 cap.
843 1838 873 1889 9
909 1852 920 1890 :
955 1856 982 1883 «
1013 1835 1094 1889 De
1143 1834 1394 1902 Christo,
1429 1833 1674 1903 scilicet,
1709 1839 1798 1890 est
1828 1851 1957 1890 ma-

295 1927 489 1982 thesis
521 1925 696 1980 hodie
723 1941 736 1990 ;
772 1923 1006 1980 stellam
1026 1923 1392 1989 Christi,non
1413 1923 1650 1979 Saturni
1675 1928 1731 1978 et
1754 1923 1958 1980 Martis

297 2023 357 2071 et
387 2016 684 2088 cujusque
717 2031 788 2069 ex
819 2013 1028 2069 eodem
1051 2013 1260 2068 ordine
1286 2013 1958 2079 mortuorum,observat

297 2113 356 2162 et
389 2105 697 2178 praedicat.
732 2107 807 2158 At
836 2103 1000 2158 enim
1032 2103 1282 2158 scientia
1314 2103 1428 2158 ista
1453 2119 1642 2174 usque
1663 2103 1736 2158 ad
1769 2107 1958 2159 Evan-

294 2196 523 2267 gelium
546 2193 660 2248 fuit
688 2197 1062 2256 concessa,ut
1082 2192 1312 2247 Christo
1346 2191 1528 2261 edito,
1546 2208 1720 2248 nemo
1745 2193 1956 2248 exinde

296 2285 675 2340 nativitatem
707 2282 962 2353 alicujus
994 2279 1064 2336 de
1091 2281 1236 2336 caelo
1268 2282 1955 2353 interpretetur,»Neque

299 2374 484 2445 igitur
514 2379 739 2428 temere
771 2387 963 2442 neque
995 2371 1250 2426 absurde
1270 2387 1339 2426 ea
1355 2371 1504 2426 dixit
1531 2372 1954 2443 1gnatius,quaa

296 2469 386 2519 tot
414 2463 523 2516 viri
555 2463 618 2516 in
647 2461 912 2516 Ecclesia
941 2460 1086 2516 clari
1112 2461 1300 2516 secuti
1331 2466 1488 2516 sunt.

371 2551 544 2606 Levia
574 2552 701 2605 haec
725 2551 906 2604 nimis
937 2555 1076 2605 sunt
1107 2568 1121 2618 ;
1156 2555 1214 2604 et
1237 2556 1437 2605 tamen
1467 2548 1615 2606 illud
1647 2548 1808 2620 quod
1863 2566 1952 2605 se-

297 2643 659 2714 quitur,ipso
687 2642 912 2696 fatente
955 2641 1194 2709 Dallzeo,
1228 2640 1412 2695 levius
1471 2645 1578 2695 est.
1639 2661 1667 2690 «
1729 2641 1958 2695 Asserit

301 2733 481 2795 enim,
510 2731 726 2803 inquit,
772 2731 1071 2785 Christum
1128 2734 1185 2784 et
1233 2730 1426 2785 edisse
1459 2735 1517 2784 et
1548 2729 1765 2784 bibisse
1823 2736 1958 2800 post

311 2824 824 2878 resurrectionem.
859 2823 932 2876 At
963 2821 1156 2876 edisse
1208 2837 1279 2876 ex
1338 2820 1644 2893 Evangelio
1674 2825 1905 2876 constat
1937 2838 1952 2888 ;

304 2912 517 2966 bibisse
549 2928 672 2967 non
703 2917 954 2966 constat.
986 2929 1013 2961 ι
1079 2911 1261 2965 Grave
1319 2910 1568 2974 crimen,
1619 2910 1676 2963 C.
1738 2910 1950 2966 Caesar.

303 3003 478 3066 Quasi
513 3019 649 3057 vero
676 3001 825 3056 illud
857 3000 1015 3071 quod
1047 3016 1117 3055 ex
1156 3000 1468 3073 Evangelio
1519 3016 1637 3054 non
1697 3005 1949 3068 constat,

300 3093 346 3145 si
380 3109 452 3146 ex
475 3091 635 3146 Actis
667 3090 1074 3161 apostolorum
1107 3095 1358 3158 constet,
1415 3106 1617 3145 verum
1678 3107 1800 3146 non
1853 3091 1948 3148 sit.

2068 507 2300 559 tantum
2333 507 2629 562 Christum
2655 524 2853 563 coram
2885 509 2969 564 eis
3019 509 3231 565 edisse.
3285 512 3342 567 Si
3401 513 3460 567 id
3517 513 3717 570 dicere

2067 610 2186 648 non
2218 595 2430 666 possis,
2466 597 2604 666 quia
2636 599 2818 654 Lucas
2837 598 2896 653 in
2914 599 3158 656 Actibus
3198 603 3428 670 asserit,
3463 606 3622 674 quod
3654 606 3716 660 in

2066 685 2378 756 Evangelio
2403 703 2524 742 non
2546 688 2805 753 dixerat;
2825 688 2982 744 idem
3005 689 3078 744 de
3099 691 3283 746 altero
3307 693 3485 748 etiam
3513 693 3717 749 dicen-

2067 772 2208 832 dum
2240 775 2371 829 erit.
2399 776 2618 831 Eodem
2650 783 2810 832 certe
2843 778 3018 833 modo
3065 780 3312 833 συνέπιον
3367 779 3535 853 αὐτῷ,
3599 801 3716 854 quo

2071 862 2364 936 συνεφαγον
2419 862 2586 934 αὐτῷ,
2649 871 2708 920 et
2763 866 2825 920 in
2883 867 3156 922 eumdem
3220 869 3399 925 finem
3436 891 3449 938 ;
3484 872 3713 927 Christo

2067 959 2265 1008 autem
2315 953 2708 1010 manducante
2765 956 3222 1024 manducabant,
3276 959 3481 1015 eodem
3537 961 3717 1032 igitur

2067 1041 2306 1097 bibente
2333 1042 2635 1098 bibebant.
2681 1047 2964 1100 Neutrum
3021 1047 3203 1102 Lucas
3261 1049 3322 1103 in
3372 1051 3714 1121 Evangelio,

2065 1136 2386 1202 utrumque
2419 1133 2481 1186 in
2520 1133 2763 1188 Actibus
2815 1135 3094 1190 affirmat.
3161 1138 3246 1192 lta
3297 1155 3416 1193 non
3478 1145 3709 1196 tantum

2064 1223 2346 1293 lgnatius,
2381 1223 2484 1278 sed
2517 1229 2576 1278 et
2606 1226 2844 1279 Patrum
2877 1225 3228 1292 doctissimi,
3261 1229 3314 1282 S.
3376 1230 3592 1284 Lucam
3648 1230 3710 1285 in

2064 1311 2307 1366 Actibus
2338 1313 2799 1370 intellexerunt:
2825 1316 3216 1387 Hieronymus
3247 1318 3398 1373 libro
3431 1320 3705 1374 Adversus

2067 1419 2277 1457 errores
2306 1404 2536 1459 Joannis
2583 1406 3074 1475 Hierosolymitani
3131 1408 3257 1462 haec
3315 1426 3384 1464 ex
3434 1409 3706 1482 Origene,

2068 1490 2298 1562 Opinor,
2331 1492 2575 1548 adducit
2595 1493 2668 1548 de
2697 1495 2927 1550 Christo
2953 1513 2965 1550 :
2993 1517 3020 1545 «
3054 1497 3323 1552 Comedit
3352 1505 3485 1568 post
3506 1516 3708 1554 resur-

2065 1583 2391 1636 rectionem
2425 1589 2680 1650 suam,et
2710 1583 2942 1654 bibit,et
2967 1586 3212 1640 vestitus
3245 1588 3536 1658 apparuit,
3582 1595 3711 1644 tan-

2067 1671 2322 1742 gendum
2355 1688 2416 1726 se
2435 1671 2778 1742 prmbuit,ut
2797 1673 3204 1729 dubitantibus
3229 1676 3508 1746 apostolis
3533 1676 3711 1732 ﬁdem

1989 1771 2036 1837 Β
2066 1763 2288 1819 faceret
2324 1765 2797 1820 resurrectionis.
2834 1787 2860 1814 »
2895 1767 2954 1820 Β.
2990 1767 3392 1822 Theodoretus
3423 1769 3654 1841 dialogo
3680 1773 3712 1823 2

2066 1858 2233 1909 notat
2258 1855 2312 1910 S.
2347 1855 2586 1910 Petrum
2617 1854 2727 1911 hoc
2757 1855 2972 1911 clarius
3003 1856 3274 1912 docuisse
3307 1875 3320 1912 :
3371 1856 3432 1912 Ὀ
3463 1852 3520 1910 δὲ
3574 1857 3712 1919 θειό-

2066 1961 2227 2002 τατος
2279 1942 2480 2016 Πέτρος
2566 1943 2888 2020 σαφέστερον
2954 1941 3189 2018 εἴρηκεν·
3281 1942 3489 2007 Οῗτινες
3555 1967 3710 2000 συνε-

2068 2031 2314 2107 φάγομεν
2374 2031 2460 2086 καὶ
2527 2033 2850 2105 συνεπίομεν
2911 2033 3061 2105 αὐτῷ
3122 2034 3256 2105 μετὰ
3325 2035 3387 2088 τὸ
3469 2035 3707 2102 ἀναστὴ-

2065 2140 2150 2173 ναι
2217 2120 2377 2175 αὐτὸν
2428 2119 2488 2175 ἐκ
2552 2126 2775 2196 νεκρῶν.
2840 2119 3062 2189 Ἐπειδὴ
3114 2123 3216 2197 γὰρ
3274 2126 3382 2176 τῶν
3433 2124 3570 2176 κατὰ
3614 2123 3707 2177 τὸν

2065 2209 2305 2283 παρόντα
2340 2210 2457 2284 βίον
2491 2207 2624 2264 ἴδιον
2655 2211 2719 2265 τὸ
2774 2210 2990 2281 ἐσθίειν,
3059 2210 3364 2286 ἀναγκαίως
3423 2213 3450 2266 ὁ
3509 2212 3709 2285 Κύριος

2063 2305 2165 2366 τῆς
2189 2299 2384 2372 σαρκὸς
2413 2300 2512 2368 τήν
2541 2298 2822 2353 ἀνάστασιν
2885 2296 2975 2352 διὰ
3033 2298 3291 2373 βρώσεως
3348 2301 3436 2354 καὶ
3494 2301 3707 2362 πόσεως

2063 2381 2231 2458 ἔδειξε
2254 2393 2374 2448 τοῖς
2408 2390 2482 2461 μὴ
2514 2387 2828 2462 νομίζουσιν
2857 2386 3062 2457 ἀληθῆ.
3097 2411 3124 2438 ‹‹
3179 2392 3246 2444 Ει
3303 2391 3708 2446 divinissimus

2063 2481 2274 2534 Petrus
2306 2480 2525 2535 clarius
2575 2479 2764 2535 dixit:
2826 2481 2936 2543 Qui
2981 2481 3307 2536 comedimus
3362 2487 3413 2535 et
3472 2482 3706 2536 bibimus

2064 2583 2186 2623 cum
2250 2585 2332 2636 eo,
2391 2577 2680 2639 postquam
2735 2568 3039 2623 resurrexit
3087 2586 3120 2623 a
3175 2571 3404 2624 mortuis
3442 2569 3510 2624 ⁴².
3562 2571 3706 2625 Cum

2065 2657 2221 2712 enim
2253 2674 2459 2712 eorum
2491 2658 2591 2728 qui
2624 2658 2684 2711 in
2706 2659 2986 2728 prmsenti
3019 2663 3157 2712 sunt
3204 2659 3340 2722 vita,
3399 2660 3706 2729 prOprium

2065 2748 2141 2802 sit
2167 2746 2502 2810 comedere,
2549 2748 2886 2802 necessario
2944 2747 3228 2802 Dominus
3275 2763 3378 2817 per
3421 2747 3618 2801 cibum
3651 2753 3708 2800 et

2061 2842 2265 2909 potum
2297 2837 2492 2892 carnis
2525 2838 3022 2892 resurrectionem
3046 2837 3116 2892 de
3135 2837 3262 2908 ejus
3279 2837 3522 2891 veritate
3541 2835 3708 2891 dubi-

2061 2925 2325 2982 tantibus
2353 2926 2800 2988 demonstravit,
2835 2947 2863 2974 »
2897 2926 2951 2981 S.
2981 2927 3343 2998 Augustinus
3365 2926 3536 2997 epist.
3589 2929 3657 2980 49
3690 2941 3704 2981 :

2063 3039 2090 3066 ‹‹
2124 3017 2278 3071 Sciat
2306 3033 2446 3072 sane
2479 3016 2578 3087 qui
2611 3016 2717 3072 has
2740 3016 3050 3088 proposuit
3107 3016 3486 3086 quasstiones,
3538 3015 3703 3070 Chri-

2064 3112 2220 3160 stum
2253 3110 2385 3177 post
2412 3107 2908 3161 resurrectionem
2943 3107 3268 3172 cicatrices,
3301 3122 3418 3159 non
3440 3105 3703 3175 vulnera,

297 3178 452 3235 Μετᾶ
503 3179 606 3245 τὴν
689 3176 972 3231 ἀνάστασιν
1057 3177 1344 3255 συνέφαγεν
1400 3177 1587 3239 αὐτοῖς
1653 3177 1744 3232 καί
1803 3177 1947 3231 συνέ.

2078 3153 2220 3160 ’““’”’
2253 3153 2383 3177 ι’νντ
2415 3153 2908 3161 ’“¹⁷“’“’“““”““““”““¹“
2945 3153 3268 3172 "'""""""7
3303 3153 3418 3159 “““’”
3452 3153 3703 3175 ⁷“““”ν“”1

2078 3197 2499 3252 iemonstrasse
2539 3195 2968 3260 dubitantibus,
3028 3200 3269 3266 prOpter
3325 3211 3473 3264 quos
3527 3194 3706 3249 etiam

295 3288 436 3335 πιεν,
469 3270 662 3323 «Post
707 3267 1208 3323 resurrectionem
1257 3266 1523 3322 Christus
1581 3284 1714 3324 cum
1773 3267 1950 3322 disci-

299 3359 459 3430 pulis
490 3357 752 3413 comedit
779 3363 839 3411 et
867 3356 1038 3422 bibit,
1071 3378 1099 3406 ››
1135 3356 1332 3427 inquit
1359 3356 1640 3428 Ignatius.
1675 3356 1825 3422 Quid
1858 3373 1954 3413 au-

297 3455 420 3504 tem
481 3448 542 3504 S.
604 3449 815 3503 Petrus
871 3450 999 3502 Act.
1061 3464 1117 3513 Χ,
1176 3448 1280 3502 41ς
1336 3444 1548 3506 Οἳτινες
1582 3443 1949 3521 συνεφάγομεν

297 3537 388 3591 καὶ
450 3535 772 3607 συνεπίομεν
830 3534 983 3606 αὐτῷ
1038 3534 1176 3589 κατὰ
1225 3534 1288 3589 τὸ
1347 3533 1640 3602 ἀναστῆναι
1726 3534 1785 3588 ἐκ
1840 3538 1950 3590 τῶν

292 3629 522 3702 νεκρῶν.
556 3647 584 3674 α
610 3628 714 3690 Qui
746 3626 1077 3681 comedimus
1107 3631 1158 3680 et
1207 3625 1444 3681 bibimus
1490 3641 1611 3680 cum
1659 3641 1738 3694 eo,
1798 3633 1954 3695 post-

298 3733 466 3788 quam
511 3717 818 3770 resurrexit
875 3731 910 3769 a
961 3715 1211 3770 mortuis.
1263 3733 1290 3765 ν
1352 3717 1443 3783 At,
1503 3715 1718 3786 inquit,
1758 3733 1780 3762 ι
1840 3715 1951 3770 Lu-

298 3821 398 3861 cas
461 3804 670 3859 scribit
717 3802 1018 3874 apostolos
1105 3818 1239 3857 cum
1320 3803 1551 3857 Christo
1638 3809 1952 3875 postquam

299 3894 731 3950 resurrexisset
764 3909 798 3947 a
827 3892 1098 3958 mortuis,
1129 3891 1574 3948 manducavisse
1607 3897 1665 3947 et
1693 3892 1950 3959 bibisse;

300 3985 499 4056 ipsum
533 4000 666 4039 vero
690 3999 826 4037 cum
868 3981 953 4036 eis
985 3980 1282 4036 Christum
1333 3981 1537 4052 (quod
1603 3986 1806 4036 noster
1852 3982 1952 4054 ait)

299 4072 750 4129 manducavisse
782 4077 841 4127 et
865 4070 1086 4126 bibisse
1112 4087 1407 4141 nusquam
1425 4069 1584 4126 dicit.
1617 4092 1644 4119 »
1666 4073 1789 4125 Imo
1817 4088 1953 4127 vero

301 4164 347 4218 si
383 4165 570 4234 prius,
600 4169 761 4218 certe
791 4167 850 4216 et
877 4161 1174 4234 posterius
1205 4160 1373 4226 dixit,
1423 4159 1794 4238 συνεφάγομεν
1865 4161 1954 4215 xei

298 4252 620 4324 συνεπίομεν
648 4249 816 4320 οὐτῷ,
850 4251 911 4305 id
955 4254 1043 4305 est
1101 4251 1238 4305 Beza
1300 4251 1648 4322 interprete,
1701 4272 1729 4300 «
1789 4267 1953 4306 com-

298 4343 531 4398 edimus
549 4346 608 4397 et
633 4340 895 4396 bibimus
926 4356 1049 4395 una
1078 4356 1213 4394 cum
1232 4355 1360 4406 eo,»
1385 4357 1504 4395 non
1537 4340 1692 4394 inter
1714 4341 1954 4407 nos,sed

299 4456 325 4482 ‹‹
359 4449 482 4487 una
504 4447 639 4488 cum
667 4447 736 4486 eo
759 4451 785 4479 ››
808 4431 876 4484 In
905 4429 1085 4485 veteri
1105 4430 1260 4485 Bezaa
1281 4427 1484 4484 codice
1507 4429 1568 4484 in
1594 4429 1956 4486 Bibliotheca

2061 3285 2260 3340 cibum
2292 3302 2358 3340 ac
2389 3291 2594 3356 potum
2626 3301 2860 3340 sumere
2898 3284 3103 3349 voluit,
3154 3300 3275 3339 non
3332 3283 3540 3350 semel,
3602 3283 3706 3338 sed

2063 3375 2302 3446 saepius,
2336 3391 2409 3430 ue
2441 3374 2588 3429 illud
2622 3391 2743 3430 non
2793 3391 3028 3446 corpus,
3087 3373 3189 3428 sed
3248 3373 3521 3444 spiritum
3578 3389 3705 3427 esse

2063 3464 2517 3534 arbitrarentur,
2550 3468 2608 3519 et
2637 3463 2749 3519 sibi
2777 3480 2899 3519 non
2933 3463 3120 3519 solide
3154 3462 3257 3518 sed
3310 3461 3708 3534 imaginaliter

2062 3571 2368 3628 apparere.

2705 3654 2934 3709 CAPUT
2971 3652 3062 3708 ΧΙ.

2066 3747 2288 3800 Docetas
2318 3741 2615 3798 nonnullos
2645 3743 2712 3797 ab
2742 3743 3077 3797 eucharistia
3105 3739 3431 3796 abstinuisse
3455 3755 3564 3810 par
3629 3745 3707 3794 est

2133 3817 2368 3870 credere.
2398 3814 2712 3870 Simoniani
2740 3831 2852 3869 non
2881 3815 3067 3868 statim
3094 3819 3216 3883 post
3247 3819 3473 3867 mortem
3519 3813 3705 3883 Simo-

2133 3887 2220 3942 nis
2276 3891 2630 3940 evanuerunt.
2685 3888 2802 3941 Non
2857 3882 3110 3955 apparet,
3151 3885 3425 3952 Ignatium
3506 3882 3707 3938 dixisse

2134 3961 2398 4012 Romanos
2427 3957 2608 4026 ﬁdeles
2638 3958 2808 4024 facile
2862 3959 3039 4026 ipsum
3089 3971 3122 4008 a
3169 3955 3440 4024 supplicio
3498 3956 3709 4023 eripere

2130 4032 2390 4100 potuisse.
2447 4031 2633 4098 Neque
2687 4030 2734 4082 si
2785 4028 3415 4100 direﬁthveracitatem
3487 4027 3602 4100 ejus
3650 4028 3708 4100 in

2135 4096 2360 4156 dubium
2385 4096 2566 4156 vocat.
2620 4100 2810 4154 Potuit
2864 4097 2971 4154 sibi
3018 4097 3074 4152 S.
3126 4098 3374 4165 Ignatius
3430 4096 3706 4151 scribendi

2134 4173 2423 4229 secundam
2454 4171 2742 4242 epistolam
2789 4171 2862 4225 ad
2918 4168 3177 4242 Ephesios
3231 4169 3708 4242 opportunitatem

2129 4244 2404 4314 polliceri.
2441 4239 2757 4312 Redemptio
2825 4258 2860 4296 a
2913 4239 3204 4314 vexatione
3247 4241 3509 4314 militum,
3543 4245 3593 4314 et
3623 4241 3708 4314 fa-

2135 4309 2312 4370 cultas
2346 4313 2533 4369 liberm
2560 4309 2845 4379 custodiae,
2879 4312 3276 4381 confessoribus
3334 4311 3401 4365 ab
3452 4309 3708 4366 Ecclesiis

2134 4389 2432 4458 procurari
2455 4387 2639 4452 solita,
2665 4388 2786 4458 fuse
2833 4385 3180 4439 describitur.
3239 4382 3510 4458 Modestia
3555 4399 3709 4437 mar—

2137 4453 2274 4528 tyris
2305 4465 2420 4512 tum
2450 4475 2582 4527 erga
2617 4453 2950 4525 Trallianos,
2986 4462 3100 4510 tum
3151 4471 3284 4524 erga
3338 4453 3706 4524 Polycarpum

295 4525 502 4578 nostra
530 4520 800 4575 additum
833 4524 940 4586 est,
975 4517 1065 4572 καὶ
1118 4517 1574 4595 συνεστράφημεν,
1609 4542 1637 4569 ‹‹
1699 4523 1757 4573 et
1815 4536 1952 4575 con-

2135 4517 2470 4600 defenditur.

299 4611 514 4666 versati
547 4625 814 4667 sumus.»
850 4613 1025 4664 Erant
1055 4609 1215 4663 enim
1263 4608 1352 4662 illi
1413 4613 1594 4664 testes
1653 4608 1842 4676 electi,
1899 4614 1958 4665 et

297 4699 655 4756 familiarius
672 4696 946 4763 adhibiti,
979 4701 1043 4752 ut
1067 4696 1335 4751 Christus
1364 4713 1398 4751 a
1430 4702 1618 4752 morte
1668 4697 1955 4753 excitatus

299 4791 371 4844 iis
402 4791 572 4845 fieret
601 4789 960 4860 conspicuus
989 4788 1053 4842 in
1083 4787 1345 4843 humana
1387 4791 1602 4842 natura
1632 4793 1688 4844 et
1719 4806 1824 4860 per
1852 4805 1954 4845 eos

299 4879 435 4933 aliis
467 4897 483 4945 ;
513 4883 579 4933 ut
603 4879 718 4933 hoc
749 4877 938 4945 ﬁeret,
972 4899 1000 4926 »
1035 4881 1091 4930 et
1121 4875 1508 4931 comederunt
1563 4880 1623 4932 et
1676 4876 1956 4932 biberunt

297 4984 417 5023 una
449 4984 584 5024 cum
617 4983 713 5032 eo,
739 4988 768 5016 »
794 4966 905 5023 hoc
936 4970 1027 5021 est
1059 4981 1126 5020 eo
1145 4965 1495 5020 comedente
1518 4970 1574 5019 et
1603 4965 1841 5020 bibente
1867 4966 1952 5020 illi

299 5057 480 5112 simul
503 5055 901 5112 comedebant
931 5059 988 5110 et
1017 5054 1506 5124 bibebant,atque
1535 5053 1617 5108 ita
1647 5060 1779 5125 post
1801 5071 1954 5110 more

293 5151 432 5213 tem,
465 5143 976 5217 quemadmodum
1009 5149 1144 5199 ante
1177 5149 1451 5207 mortem,
1487 5159 1621 5197 cum
1654 5160 1722 5197 eo
1782 5145 1951 5198 fami-

291 5236 527 5291 liariter
555 5233 891 5290 conversati
914 5239 1070 5288 sunt.
1105 5233 1162 5287 Si
1194 5237 1392 5288 autem
1441 5231 1574 5286 ideo
1634 5231 1795 5287 dicas
1853 5250 1952 5288 eos

289 5341 413 5381 non
446 5323 670 5379 bibisse
705 5339 843 5378 cum
873 5323 1126 5388 Christo,
1161 5322 1302 5392 quia
1335 5322 1516 5376 Lucas
1549 5321 1608 5377 in
1642 5323 1952 5394 Evangelia

289 5430 416 5469 non
449 5411 657 5468 scribit
700 5411 1001 5468 Christum
1061 5410 1328 5479 bibisse;
1387 5409 1548 5465 dicas
1611 5427 1805 5482 neque
1853 5429 1953 5466 eos

289 5501 693 5559 manducasse
721 5517 856 5556 cum
890 5500 1145 5569 Christo,
1177 5499 1318 5570 quia
1347 5499 1407 5553 in
1457 5499 1770 5573 Evangelio
1830 5516 1950 5556 non

363 5609 410 5645 ⁴²
442 5612 573 5666 Act.
605 5624 668 5678 x,
701 5608 795 5664 41.

2135 4598 2333 4692 Capite
2364 4623 2433 4674 2O
2461 4619 2575 4675 duo
2603 4623 2952 4692 argumenta
2983 4598 3447 4689 persequitur,et
3476 4621 3709 4670 utrum-

2063 4725 2175 4780 que
2208 4713 2479 4763 nostrum
2509 4707 2799 4780 Ignatium
2830 4707 2996 4779 petit.
3057 4707 3321 4761 Primum
3381 4709 3488 4771 est,
3550 4703 3706 4774 quod

2064 4797 2257 4853 tradat
2281 4787 2612 4852 haereticos
2671 4797 2742 4851 ab
2777 4795 3135 4852 eucharistia
3173 4793 3550 4849 abstinuisse.
3587 4794 3705 4846 Hoc

2063 4890 2260 4940 autem
2286 4883 2494 4939 falsum
2510 4900 2638 4939 esse
2661 4889 2830 4955 putat
2853 4901 2866 4937 :
2893 4882 3089 4937 nullos
3104 4882 3320 4952 quippe
3353 4883 3522 4934 astate
3546 4879 3708 4950 Igna-

2064 4974 2128 5028 tii
2162 4974 2273 5028 hoc
2304 4973 2535 5028 fecisse.
2571 4975 2696 5038 Qua
2729 4973 2905 5046 igitur
2934 4977 3102 5026 astate
3131 4970 3241 5024 hoc
3271 4967 3588 5023 fecerunt?
3617 4969 3707 5021 An

2062 5061 2336 5117 ducentis
2367 5067 2500 5132 post
2531 5061 2825 5134 Ignatium
2856 5060 3046 5125 annis,
3083 5074 3217 5112 cum
3258 5057 3544 5127 impostor
3573 5055 3708 5109 Dal-

2060 5149 2282 5205 lzeanus
2311 5150 2415 5205 has
2448 5150 2724 5222 epistolas
2757 5150 2926 5204 tinxit
2952 5149 2978 5202 ?
3007 5147 3263 5201 Minime.
3297 5147 3387 5200 An
3416 5143 3536 5198 ullo
3591 5143 3705 5199 alio

2063 5245 2198 5294 ante
2225 5239 2282 5293 id
2311 5244 2543 5308 tempus
2574 5254 2693 5292 ωνο
2716 5237 2744 5291 ‘I
2773 5237 3262 5306 Haudquaquam.
3299 5231 3574 5287 Mentitus
3620 5236 3708 5286 est

2064 5331 2242 5402 igitur
2273 5328 2560 5398 scriptor;
2597 5325 2755 5396 quod
2787 5325 2858 5379 de
2877 5323 3102 5396 Ignatio
3124 5323 3282 5378 credi
3313 5321 3475 5378 nullo
3505 5321 3704 5388 modo,

2062 5419 2134 5475 de
2167 5419 2489 5490 impostore
2520 5415 2690 5471 facile
2723 5411 2882 5469 credi
2916 5417 3132 5484 potest.
3167 5413 3279 5468 Sed
3311 5427 3493 5484 quare
3540 5412 3709 5466 fictor

2059 5509 2121 5564 id
2152 5505 2584 5580 fingeret,quod
2614 5504 2842 5562 nullam
2863 5502 3106 5560 omnino
3128 5501 3705 5560 verisimilitudinem
