4064 6134
368 333 485 393 387

1431 329 1495 387 S.
1545 325 1945 389 IGNATIUS.
1992 362 2063 373 ——
2110 327 2718 391 PROLEGOMENA.

3663 335 3783 396 388

361 465 626 532 haberet,
660 465 818 536 quod
847 480 1041 535 neque
1069 480 1188 518 aevo
1219 461 1451 535 Ignatii,
1484 478 1594 518 nec
1625 479 1730 518 suo
1762 479 2002 534 compe-
2036 466 2089 532 Α
2119 463 2372 535 attingit.
2409 464 2827 536 Antiquiorum
2869 463 3164 521 distincta
3195 465 3454 522 haareses
3479 467 3605 539 jam
3648 474 3776 526 tum

364 555 564 610 teret?
593 557 762 609 Certe
795 554 842 609 si
875 553 1016 608 nulli
1043 569 1306 622 unquam
1337 552 1407 606 ab
1440 552 1798 609 eucharistia
1824 553 2012 608 absti-

365 649 654 714 nuissent,
688 663 760 700 ne
794 646 962 701 ﬁctor
991 642 1233 713 quidem
1266 643 1325 696 id
1376 643 1638 706 dixisset,
1677 648 1779 698 aut
1834 644 2014 716 hujus

368 736 618 792 inauditi
677 735 944 790 criminis
1004 749 1365 804 quemquam
1423 738 1779 788 accusasset.
1840 733 2010 788 Nullo

363 827 540 881 modo
573 825 752 897 igitur
781 823 1172 878 dubitandum
1206 828 1311 890 est,
1348 823 1492 894 quin
1541 822 1691 877 tales
1749 822 2011 878 haeretici

361 915 604 970 fuerint.
639 912 749 967 Sed
781 935 808 961 κ
847 911 1088 982 quinam
1123 918 1280 980 sunt,
1317 934 1343 960 ››
1376 913 1574 983 inquit
1603 911 1630 965 ?
1659 912 1714 966 Si
1763 916 2008 982 quaarat,

361 1003 686 1074 quaerimus
718 1007 772 1056 et
802 1017 930 1068 nos,
956 987 1197 1070 quinam
1233 1000 1318 1054 illi
1349 1001 1612 1055 haeretici
1641 1001 1902 1065 fuerunt,
1937 1001 2010 1055 de

361 1093 575 1164 quibus
601 1091 864 1162 loquitur
884 1089 1283 1145 Tertullianus
1305 1089 1372 1144 ?»
1388 1089 1591 1145 Plures
1604 1106 1714 1144 nec
1729 1089 2009 1145 ecclesias

360 1183 601 1248 habent,
627 1181 752 1236 sine
784 1186 988 1246 matre,
1022 1181 1149 1235 sine
1174 1179 1334 1246 sede,
1370 1180 1496 1234 orbi
1531 1179 1668 1250 ﬁde,
1719 1186 2006 1248 extorres,

359 1272 485 1327 sine
517 1272 642 1327 lare
673 1275 977 1343 vagantur.
1015 1292 1042 1318 »
1077 1269 1344 1336 Quando,
1378 1284 1602 1339 quaeso,
1657 1269 1740 1323 illi
1792 1269 2007 1324 eucha-

358 1361 592 1416 ristiam
626 1359 1063 1415 celebrabant?
1093 1376 1225 1429 qua;
1259 1359 1378 1414 illis
1408 1375 1549 1414 cura
1588 1358 1896 1414 viduarum
1952 1363 2009 1414 et

359 1452 764 1523 orphanorum
785 1451 813 1505 ‘?
845 1449 955 1506 Sed
983 1451 1236 1506 ulterius
1270 1451 1751 1522 quaerit,quinam
1787 1448 1871 1502 illi
1906 1450 2006 1520 qui

359 1543 490 1598 ideo
521 1542 890 1596 abstinerent
909 1542 982 1596 ab
1003 1541 1545 1612 eucharistia,quod
1569 1557 1697 1595 eam
1721 1547 2007 1612 negarent.

358 1631 675 1687 Salvatoris
697 1647 826 1686 esse
849 1647 1087 1686 carnem
1109 1647 1215 1702 pro
1237 1630 1411 1685 nobis
1433 1646 1668 1701 passam
1688 1630 1714 1683 ‘?
1737 1632 2004 1700 Respon-

359 1721 730 1787 deo,Docetaa
751 1737 762 1774 :
781 1719 1120 1786 illi,scilicet
1145 1736 1294 1790 quos
1312 1718 1594 1774 describit
1614 1718 2003 1791 Ignatius,qui

355 1809 661 1863 veritatem
679 1810 954 1864 humanm
977 1812 1202 1863 natura:
1223 1807 1282 1862 in
1298 1807 1526 1862 Christo
1550 1806 2000 1878 impugnabant,

356 1898 454 1968 qui
468 1899 808 1969 passionem
831 1899 1050 1970 ejus,_et
1060 1897 1559 1953 resurrectionem
1574 1895 1999 1968 pernegabant,

354 2005 388 2042 a
410 1988 626 2058 quibus
657 1988 984 2043 cavendum
1016 1993 1221 2043 monet
1251 1987 1536 2060 Ignatius,
1567 1993 1627 2042 et
1681 1987 1999 2059 Evangelio

353 2086 800 2152 adhaarendum,
833 2108 860 2135 «
897 2087 958 2141 in
990 2103 1106 2156 quo
1127 2086 1324 2157 passio
1357 2085 1529 2140 nobis
1561 2089 1802 2140 ostensa
1831 2089 2006 2154 est,et

354 2175 711 2231 resurrectio
743 2175 1002 2246 perfecta
1031 2181 1141 2244 est,
1178 2197 1198 2224 ι
1236 2177 1476 2229 Fatetur
1499 2174 1749 2229 Dallmus
1780 2174 2001 2229 multos

354 2265 496 2320 olim
527 2264 710 2319 fuisse
743 2263 1074 2330 haareticos,
1105 2263 1206 2333 qui
1245 2264 1396 2318 hanc
1453 2263 1589 2317 ﬁdei
1651 2263 1998 2318 Christianae

353 2360 582 2426 partem
607 2358 912 2426 negarent,
947 2353 1124 2423 idque
1159 2369 1288 2407 esse
1313 2352 1997 2424 compertissimum.Sed

356 2445 568 2515 quaerit
600 2443 1007 2507 rursuszQuis
1039 2442 1109 2498 de
1152 2442 1447 2498 haereticis
1497 2442 1659 2498 illius
1714 2442 1997 2513 temporis

353 2534 785 2604 scripserit,eos
817 2533 888 2587 ab
920 2533 1276 2588 eucharistia
1298 2532 1656 2587 abstinuisse
1681 2533 1708 2586 ?
1730 2535 1996 2603 Respon-

352 2623 484 2690 deo,
513 2639 688 2677 nemo
717 2627 930 2693 praeter
948 2623 1238 2693 Ignatium
1270 2622 1341 2676 de
1369 2623 1538 2677 istius
1558 2623 1839 2693 temporis
1883 2622 1998 2676 hai-

343 2722 545 2776 reticis
568 2722 679 2775 hoc
701 2721 918 2776 diserte
941 2721 1562 2792 afﬁrmavit.Ejusdem
1582 2726 1780 2775 tamen
1804 2721 1994 2775 aatatis

346 2815 404 2864 et
433 2809 571 2864 anni
599 2808 870 2879 scriptor,
897 2809 951 2863 S.
979 2808 1360 2879 Polycarpus,
1394 2807 1636 2862 eosdem
1683 2808 1992 2862 haereticos

343 2899 500 2965 ferit,
526 2897 980 2952 fundamentum
1010 2899 1188 2967 hujus
1236 2896 1610 2951 abstinentia:
1659 2897 1900 2964 indicat,
1935 2901 1993 2951 et

349 2987 579 3058 reliqua
611 3004 743 3042 cum
777 2987 1002 3059 Ignatio
1033 2986 1398 3057 perstringit.
1430 2985 1564 3040 Hinc
1595 2986 1752 3040 enim
1784 2985 1882 3040 ille
1917 2984 1987 3039 de

345 3076 620 3131 Docetis:
657 3078 767 3134 Πᾶς
792 3073 893 3145 γὰρ
923 3073 980 3134 ὅς
1030 3071 1089 3125 ἃν
1143 3073 1219 3144 μή
1281 3069 1534 3146 ὁμολογῇ
1590 3073 1800 3141 Ἰησὸῦν
1860 3073 1989 3146 Χρι..

343 3163 465 3216 στὸν
491 3161 544 3216 ἰν
577 3163 729 3234 σαρκὶ
765 3159 1112 3230 ἐληλυθέναι,
1157 3159 1528 3234 Ἀντὶχριστός
1583 3159 1715 3216 ἔστι·
1775 3159 1864 3214 καὶ
1923 3162 1984 3222 ’ὸς

338 3250 399 3306 ἄν
434 3252 509 3323 μὴ
541 3249 796 3323 ὁμολογῇ
828 3248 890 3304 τό
925 3248 1217 3322 μαρτύριον
1245 3253 1340 3302 τοῦ
1371 3253 1624 3322 σταυροῦ,
1656 3251 1718 3304 ἒκ
1745 3254 1842 3303 τοῦ
1875 3246 1987 3303 δια-

339 3334 512 3394 ϐόλου
543 3337 674 3392 ἐστί.
719 3338 814 3391 Καὶ
841 3338 900 3398 ’ὸς
933 3339 993 3391 ἂν
1032 3335 1298 3410 μεθοδεύῃ
1331 3338 1398 3392 τὰ
1429 3335 1591 3412 λόγια
1627 3343 1724 3392 τοῦ
1787 3339 1985 3412 Κυρίου

338 3442 474 3501 προς
504 3428 598 3487 τὰς
629 3423 768 3486 ἰδίας
800 3425 1113 3498 ἐπιθυμίας,
1167 3427 1256 3480 καὶ
1315 3425 1446 3502 λέγῃ
1507 3427 1647 3498 μήτε
1705 3427 1983 3481 ἀνάστασιν

343 3517 482 3589 μήτε
511 3516 686 3590 κρίσιν
721 3516 873 3581 εἶναι,
909 3517 1067 3578 οὗτος
1099 3517 1448 3590 πρωτότοκὸς
1481 3516 1590 3570 ἐστι
1624 3520 1720 3570 τοῦ
1755 3522 1982 3572 Σατανᾶ.

341 3629 366 3660 ι
399 3609 677 3679 Quisquis
710 3610 868 3664 enim
899 3625 1018 3663 non
1043 3609 1571 3663 conﬁteturJesum
1599 3608 1892 3664 Christum
1923 3612 1986 3667 in

337 3719 513 3757 carne
545 3702 1202 3768 venisse,Antichristus
1233 3707 1360 3766 est;
1394 3708 1451 3756 et
1480 3701 1579 3771 qui
1604 3719 1722 3756 non
1743 3704 1986 3758 conﬁte-

335 3797 431 3845 tur
460 3791 810 3860 martyrium
833 3791 1124 3857 crucis,ex
1141 3790 1372 3845 diabolo
1399 3796 1524 3856 est;
1555 3791 1727 3862 etqui
1751 3792 1986 3862 eloquia

334 3880 565 3935 Domini
599 3880 672 3934 ad
702 3880 977 3950 proprios
1003 3881 1248 3934 atTectus
1274 3880 1472 3945 trahit,
1498 3879 1759 3952 dicitque
1789 3897 1983 3952 neque

332 3969 830 4025 resurrectionem
864 3985 1056 4040 neque
1081 3969 1376 4040 judicium
1409 3986 1563 4037 esse,
1606 3970 1702 4025 hic
1760 3971 1981 4042 primo-

331 4059 565 4130 genitus
597 4063 686 4112 est
745 4059 993 4112 Satanas.
1056 4078 1085 4106 »
1105 4057 1327 4122 Quibus
1359 4057 1532 4113 docet
1564 4074 1662 4113 eos
1708 4060 1807 4129 qui
1842 4064 1980 4114 tunc

334 4150 640 4204 veritatem
701 4148 977 4203 humana:
1027 4153 1254 4202 natura)
1309 4148 1370 4202 in
1402 4148 1631 4202 Christo
1663 4148 1977 4219 negabant,

331 4246 585 4293 mortem
612 4239 660 4308 ej
675 4254 740 4292 us
763 4239 984 4308 pariter
1005 4238 1902 4308 negasse,resurrectionemque
1923 4243 1980 4294 et

321 4327 616 4398 judicium
649 4326 979 4380 sustulisse.
1013 4327 1127 4380 Hos
1154 4332 1352 4381 autem
1371 4327 1544 4382 docet
1573 4344 1750 4382 vanos
1782 4328 1978 4382 homi-

329 4432 435 4470 nes
497 4414 844 4479 seduxisse;
908 4414 1229 4469 catholicos
1256 4421 1455 4471 monet
1502 4421 1568 4470 ut
1611 4433 1817 4470 eorum
1849 4433 1977 4471 cor-

328 4503 589 4574 ruptelas
622 4502 889 4571 vitantes,
923 4503 1289 4558 orationibus
1318 4504 1706 4576 invigilent,et
1733 4505 1976 4576 jejuniis

2127 559 2298 608 erant
2325 555 2692 624 superstites.
2723 555 3277 610 Valentinianorum
3300 556 3480 627 igitur
3501 559 3781 615 haeresim

2123 643 2383 697 Irenmus
2407 648 2679 698 accurate
2709 643 3054 699 describens
3084 661 3452 716 operoseque
3510 647 3780 704 refutans

2124 733 2450 805 saapissime
2473 734 2724 789 lectores
2755 735 3197 798 monet,iisdem
3220 739 3586 808 argumentis
3609 745 3775 796 vetu-

2123 822 2334 875 stiores
2367 823 2676 877 haereticos
2708 839 2835 877 esse
2867 823 3169 878 refutatos.
3202 825 3411 880 Mirum
3444 826 3622 898 igitur
3652 846 3775 885 non

2125 913 2289 980 est,si
2316 913 2547 968 Docetae
2565 913 2751 983 aliqui
2786 913 2858 968 ab
2883 914 3243 969 eucharistia
3288 915 3676 984 abstinerent,
3713 926 3774 975 et

2121 1008 2320 1058 tamen
2336 1003 2498 1059 illius
2517 1004 2602 1059 rei
2625 1004 2847 1059 nullam
2870 1004 3130 1059 lrenaaus
3150 1005 3358 1060 fecerit
3377 1009 3776 1065 mentionem.

2193 1093 2256 1147 Id
2287 1098 2486 1148 tamen
2521 1094 2694 1148 docet
2722 1095 2981 1148 Irenmus
3005 1109 3122 1164 quo
3146 1094 3258 1149 hoc
3281 1095 3476 1165 ipsum
3502 1099 3658 1168 quod
3682 1117 3778 1154 vo-

2119 1181 2316 1236 lumus
2338 1182 2669 1249 indicatur;
2701 1200 2771 1237 ex
2795 1183 3098 1238 Menandri
3123 1183 3324 1239 schola
3353 1185 3644 1256 prodiisse
3665 1190 3772 1258 ait,

2119 1272 2217 1342 qui
2254 1271 2620 1336 asserebant,
2650 1289 2769 1326 non
2801 1288 2931 1327 esse
2990 1271 3356 1328 credendum
3407 1275 3466 1328 in
3499 1293 3634 1331 eum
3666 1280 3774 1349 qui

2117 1361 2438 1416 cruciﬁxus
2464 1366 2588 1416 est:
2616 1378 2870 1432 quorum
2891 1363 2999 1417 hoc
3018 1363 3263 1418 effatum
3292 1369 3420 1418 erat
3453 1381 3465 1418 :
3506 1389 3524 1412 -
3555 1367 3610 1421 Si
3637 1369 3774 1437 quis

2117 1450 2434 1505 conﬁtetur
2454 1451 2823 1519 cruciﬁxum,
2849 1452 3042 1506 adhuc
3063 1452 3160 1506 hic
3192 1469 3394 1507 servus
3426 1460 3532 1510 est.
3563 1478 3589 1504 »
3612 1457 3773 1522 Quo-

2116 1539 2292 1594 modo
2325 1539 2502 1610 igitur
2532 1539 2642 1608 illi,
2667 1541 2767 1611 qui
2801 1541 3098 1596 Christum
3116 1547 3416 1597 mortuum
3447 1560 3568 1599 non
3593 1553 3771 1616 puta-

2115 1628 2386 1699 bant,qui
2419 1628 2592 1684 ﬁdem
2627 1630 2688 1684 in
2713 1647 2848 1684 eum
2878 1631 2979 1701 qui
3013 1630 3328 1686 cruciﬁxus
3361 1638 3451 1688 est
3493 1635 3773 1706 repudia-

2113 1716 2368 1780 bant,ad
2397 1718 2816 1772 eucharistiam
2866 1720 3268 1786 convenirent,
3304 1738 3436 1790 quas
3496 1722 3770 1780 instituta

2116 1812 2206 1862 est
2234 1807 2306 1861 ad
2330 1808 2539 1862 mortis
2560 1807 2774 1862 Christi
2797 1810 3430 1865 commemorationem
3459 1811 3487 1865 Ἰ
3514 1813 3773 1886 Περιττὸς

2113 1895 2217 1970 γὰρ
2248 1895 2275 1948 ὁ
2309 1893 2478 1956 τύπος
2510 1893 2856 1968 ἀνῃρημένης
2898 1901 2996 1963 τῆς
3039 1893 3321 1967 ἀληθείας,
3355 1921 3384 1949 ‹‹
3419 1917 3772 1973 supervaca-

2114 2002 2262 2040 neus
2294 1986 2456 2042 enim
2485 1991 2575 2040 est
2605 1990 2779 2057 typus
2814 1987 3011 2042 ablata
3048 1988 3313 2055 veritate,
3356 2011 3382 2038 »
3419 1996 3483 2045 ut
3503 1991 3769 2063 loquitur

2113 2089 2169 2137 Β.
2202 2083 2621 2139 Theodorctus.
2646 2085 2724 2138 De
2752 2085 3114 2140 Simonianis
3133 2103 3264 2157 qum
3287 2087 3464 2144 habet
3485 2090 3769 2148 adversus

2113 2172 2538 2228 Bellarminum
2569 2172 2716 2227 nihil
2749 2173 3394 2247 valent.Intelliguntur
3415 2194 3483 2233 eo
3517 2181 3760 2237 nomine

2110 2277 2230 2315 non
2257 2265 2486 2315 tantum
2515 2261 2687 2332 ii,qui
2710 2261 3002 2316 Simonem
3024 2263 3318 2331 colebant,
3354 2266 3456 2319 sed
3479 2271 3537 2321 et
3574 2267 3756 2324 disci-

2108 2351 2257 2421 puli,
2293 2350 2392 2422 qui
2418 2368 2487 2405 ex
2520 2351 2650 2422 ejus
2678 2351 2881 2406 schola
2903 2352 3262 2423 prodeuntes
3279 2353 3351 2408 ab
3385 2372 3453 2410 eo
3475 2364 3765 2428 ceperunt

2109 2439 2300 2507 initia,
2327 2445 2384 2494 et
2414 2439 2573 2494 illius
2595 2441 2953 2496 sententiam
2971 2441 3127 2496 varie
3147 2442 3668 2517 transformabant,
3704 2455 3764 2505 et

2107 2535 2240 2601 post
2268 2530 2398 2600 ejus
2425 2529 2734 2584 interitum
2759 2529 2865 2584 sub
2889 2530 3051 2585 illius
3074 2532 3319 2587 nomine
3340 2535 3761 2604 pestilentissi-

2106 2636 2269 2674 mum
2289 2619 2502 2691 dogma
2537 2619 3208 2684 tradiderunt.Quamvis
3232 2627 3290 2676 et
3313 2622 3397 2676 illi
3431 2626 3532 2694 qui
3565 2626 3754 2682 Simo-

2104 2724 2241 2762 nem
2273 2708 2548 2763 colebant
2575 2707 2676 2762 diu
2699 2714 2834 2778 post
2857 2708 2987 2779 ejus
3018 2715 3270 2764 mortem
3321 2712 3743 2782 perdurabant.

2103 2799 2181 2851 De
2244 2803 2416 2852 aetate
2475 2813 2582 2852 sua
2631 2798 2896 2852 Justinus
2956 2804 3179 2869 martyr
3233 2801 3564 2872 apologia2
3599 2820 3610 2857 :
3648 2804 3747 2857 Καὶ

2101 2883 2296 2959 σχεδὸν
2319 2885 2510 2946 πάντες
2545 2885 2639 2956 μὲν
2675 2891 2966 2959 Σαμαρεῖς,
3004 2883 3186 2962 ὀλίγοι
3219 2883 3390 2941 δὲκαὶ
3434 2886 3487 2942 ἐν
3545 2888 3745 2955 ἃλλοις

2098 2971 2300 3030 ἔθνεσιν
2353 2975 2428 3036 ὡς
2482 2974 2574 3028 τὸν
2626 2978 2842 3046 πρῶτον
2905 2975 3034 3028 Θεὸν
3094 2975 3295 3029 ἐκεῖνον
3339 2975 3745 3050 ὁμολογοῦντες

2097 3064 2306 3120 ἐκεῖνου
2359 3063 2449 3118 καὶ
2508 3067 2891 3138 προσκυνοῦσι.
2953 3088 2980 3115 ‹‹
3031 3068 3112 3120 Ac
3163 3067 3509 3122 Samaritani
3552 3085 3734 3139 prope

2100 3171 2328 3220 omnes,
2353 3170 2424 3208 ex
2451 3154 2585 3209 aliis
2615 3154 2792 3208 etiam
2835 3155 3179 3210 nationibus
3228 3155 3516 3223 nonnulli,
3565 3157 3739 3212 illum

2097 3245 2266 3315 quasi
2299 3245 2558 3314 primum
2581 3245 2764 3298 Deum
2797 3244 3148 3300 conﬁtentes
3171 3245 3420 3300 adorant
3448 3263 3744 3318 quoque.»

2096 3335 2165 3387 Et
2192 3334 2252 3387 in
2280 3332 2486 3388 eadem
2522 3333 2792 3404 apologia
2843 3333 3055 3388 asserit
3112 3333 3416 3390 daemonas
3456 3337 3742 3392 excitasse

2099 3420 2320 3494 Σίμωνα
2349 3421 2441 3475 καὶ
2474 3417 2784 3492 Μένανδρον
2818 3417 2922 3475 ἄπὸ
2984 3423 3312 3493 Σαμαρείας,
3373 3424 3424 3476 οἳ
3483 3424 3572 3477 καὶ
3635 3445 3742 3496 μα-

2094 3511 2252 3584 γικὰς
2304 3507 2557 3582 δυνάμεις
2615 3511 2937 3579 ποιήσαντες
2996 3508 3240 3571 πολλοῦς
3273 3509 3615 3580 ἐξηπάτησαν
3647 3513 3738 3566 καὶ

2095 3597 2173 3654 ἔτι
2202 3599 2593 3672 ἀπατωμὲνους
2629 3595 2846 3672 ἔχουσι,
2874 3621 2902 3650 ‹‹
2934 3601 3032 3671 qui
3068 3600 3244 3655 etiam
3275 3617 3431 3654 nunc
3462 3602 3740 3656 seductos

2093 3691 2418 3763 possident,
2454 3714 2475 3741 ι
2509 3707 2630 3745 non
2660 3695 2725 3744 ut
2746 3691 3056 3760 interpres,
3094 3709 3120 3739 ι
3150 3705 3297 3758 quos
3329 3688 3616 3744 seducant
3640 3691 3746 3746 ha-

2092 3788 2252 3842 bent.
2288 3811 2314 3837 »
2342 3787 2504 3843 Unde
2537 3788 2606 3842 de
2629 3787 2824 3858 seipso
2858 3787 2938 3841 ita
2969 3785 3228 3856 loquitur
3257 3786 3316 3840 in
3368 3786 3558 3842 altera
3609 3803 3745 3860 apo-

2093 3878 2280 3949 logia:
2318 3876 2416 3930 Καὶ
2448 3879 2544 3929 τοῦ
2569 3874 2620 3928 ἐν
2651 3878 2726 3945 τῷ
2755 3873 2874 3946 ἐμῷ
2904 3871 3038 3926 ἔθνει
3098 3867 3327 3934 ἀσεϐοῦς
3387 3875 3479 3928 καὶ
3529 3873 3742 3930 πλάνου

2093 3969 2439 4038 Σιμωνιανοῦ
2485 3961 2754 4040 δόγματος
2809 3961 3204 4036 κατεφρόνησα.
3259 3987 3287 4014 ‹‹
3334 3967 3450 4037 Ego
3501 3983 3734 4037 quoque

2090 4056 2339 4128 impium
2363 4060 2421 4111 et
2442 4070 2755 4110 erroneum
2805 4053 2864 4108 in
2916 4060 3087 4125 gente
3147 4069 3280 4109 mea
3324 4055 3734 4111 Simonianum

2089 4147 2302 4220 dogma
2332 4146 2593 4218 despexi.
2631 4168 2657 4194 ››
2691 4144 2915 4200 Pariter
2959 4143 3032 4200 de
3074 4145 3165 4199 sui
3216 4145 3321 4200 ωνί
3376 4147 3734 4202 Simonianis

2088 4237 2360 4291 Clemens
2407 4234 2863 4301 Alexandrinus,
2919 4236 3182 4291 Stromat.
3245 4234 3347 4289 lib.
3397 4252 3471 4289 u:
3533 4233 3598 4288 Oi
3677 4229 3737 4285 δὲ

2088 4325 2224 4400 ἀμφὶ
2256 4325 2347 4378 τὸν
2383 4322 2606 4396 Σίμωνα
2634 4327 2714 4394 τῷ
2745 4324 2998 4388 Ἐστῶτι,
3031 4324 3087 4376 δν
3121 4317 3392 4388 σὲϐουσιν,
3445 4318 3734 4392 ἐξομοιοῦ-

2089 4433 2207 4486 σθαι
2237 4420 2440 4497 τρόπον
2474 4419 2788 4496 βούλονται.
2825 4444 2852 4471 ‹‹
2890 4421 3143 4477 Simonis
3171 4428 3370 4476 autem
3411 4425 3736 4476 sectatores

2090 4513 2274 4567 Stanti
2308 4529 2485 4583 quem
2513 4512 2715 4566 colunt
2745 4511 2951 4566 volunt
2999 4509 3315 4565 assimilari
3371 4509 3657 4565 moribus.
3701 4531 3729 4558 »

327 4593 974 4662 adhmreantzpostquae
991 4592 1890 4648 notissimumesteucharistiam
1909 4611 1976 4650 ea
2009 4584 2052 4647 D
2084 4603 2296 4655 Postea
2326 4601 2607 4672 Origenes
2648 4599 2748 4654 lib.
2784 4617 2860 4664 vx,
2913 4606 3104 4654 contra
3152 4599 3362 4655 Celsum
3393 4615 3405 4651 :
3463 4593 3726 4666 Οὖόαμοῦ

322 4689 493 4737 aatate
509 4681 794 4737 celebrari
809 4681 1034 4737 solitam
1047 4685 1465 4751 esse;hortatur
1477 4685 1654 4738 etiam
1670 4684 1984 4740 utvisitent

327 4773 854 4842 inﬁrmos,viduas,
879 4774 1162 4846 pupillos,
1199 4790 1608 4846 pauperesque
1623 4773 1789 4831 nullo
1802 4774 1978 4831 modo

325 4864 642 4937 negligant,
673 4862 773 4933 qui
801 4879 1008 4917 omnes
1031 4879 1098 4916 ex
1119 4861 1519 4916 oblationibus
1542 4867 1600 4916 et
1620 4863 1842 4932 agapis,
1875 4862 1976 4917 ubi

323 4954 682 5012 eucharistia
695 4952 1468 5017 celebrabatur,sustentant
1487 4951 1974 5017 solebant.Quare

319 5053 476 5109 idem
499 5051 837 5108 subiudicat
859 5049 1406 5122 Polycarpus,quod
1431 5049 1588 5105 clare
1619 5049 1852 5105 locutus
1885 5055 1976 5104 est

317 5143 630 5216 Ignatius.«
655 5141 766 5197 Sed
797 5141 845 5197 si
878 5157 1079 5196 verum
1112 5145 1291 5204 esset,
1323 5139 1412 5195 vel
1441 5139 1512 5194 ab
1571 5139 1789 5195 lrenaao
1851 5156 1969 5194 me-

318 5231 728 5301 moratum,vel
754 5230 826 5286 ab
849 5230 965 5285 alio
985 5230 1183 5302 aliquo
1209 5235 1382 5285 esset.
1406 5253 1424 5275 ι
1450 5228 1731 5284 Dedimus
1757 5227 1965 5295 alium,

317 5326 371 5375 et
389 5321 628 5391 quidem
645 5320 900 5376 maxime
940 5319 1216 5374 idoneum
1235 5324 1444 5375 testem
1461 5320 1516 5374 S.
1550 5318 1961 5388 Polycarpum.

316 5410 576 5463 Irenaeus
608 5414 806 5464 autem
848 5408 1290 5464 curiosissimus
1323 5408 1748 5463 Valentinianaa
1781 5406 1966 5460 ἢτοι-θ-

319 5513 451 5552 seos
483 5498 818 5568 explorator
850 5497 980 5565 fuit,
1014 5498 1398 5567 omniumque
1423 5514 1554 5568 quae
1585 5497 1656 5550 ab
1689 5512 1759 5550 ea
1811 5502 1966 5549 natas

321 5589 458 5640 sunt
487 5585 970 5640 accuratissimus
993 5586 1302 5657 indagator
1333 5585 1750 5640 :vetustiorum
1776 5584 1968 5638 hare-

317 5674 566 5732 ticorum
587 5672 800 5729 deliria
824 5672 1077 5729 breviter
1088 5672 1458 5739 describit,et
1476 5671 1852 5744 disciplinam
1872 5672 1963 5726 vix

2088 4695 2186 4758 τῆς
2220 4688 2548 4761 οἰκουμένης
2583 4689 2634 4742 οἱ
2669 4687 3019 4760 Σιμωνιανοί.
3057 4709 3082 4739 ι
3113 4687 3326 4742 Nullibi
3359 4687 3621 4758 gentium
3657 4687 3737 4740 Si-

2089 4778 2376 4833 moniani.
2411 4801 2438 4827 »
2471 4779 2599 4849 Ipse
2633 4784 2829 4833 tamen
2861 4777 3127 4848 ejusdem
3157 4777 3352 4846 operis
3382 4774 3483 4828 lib.
3521 4793 3536 4829 1
3564 4793 3576 4828 :
3603 4773 3736 4829 Νυνὶ

2088 4863 2145 4920 δὶ
2173 4865 2300 4927 τοὺς
2332 4865 2532 4922 πάντας
2558 4864 2610 4919 ἐν
2641 4868 2709 4937 τῇ
2733 4863 3030 4938 οἶκουμένῃ
3065 4862 3162 4917 οὐκ
3184 4858 3294 4916 ἔστι
3355 4863 3732 4936 Σιμωνιοινοὺς

2086 4957 2262 5030 εὑρεῖν
2309 4955 2402 5009 τὸν
2459 4954 2710 5026 ἀριθμὸν,
2767 4954 2946 5026 οἶμαι,
3021 4952 3327 5027 τριάκοντα,
3411 4951 3504 5005 καὶ
3583 4951 3730 5024 τάχα

2083 5043 2339 5106 πλείονας
2372 5043 2523 5098 εἶπον
2552 5048 2658 5096 τῶν
2691 5038 2884 5097 ὄντων.
2914 5042 3034 5098 Εἰσὶ
3068 5039 3125 5096 δὲ
3176 5043 3299 5116 περὶ
3355 5042 3455 5110 τήν
3521 5041 3728 5095 Παλαι-

2083 5139 2262 5206 στίνην
2296 5133 2501 5214 σφόδρα
2531 5134 2840 5210 ἐλάχισσοι,
2871 5138 2972 5200 τῆς
3029 5137 3086 5190 τὶ
3142 5132 3344 5199 λοιπῆς
3404 5133 3733 5206 οἰκουμένης

2082 5223 2325 5298 οὐδαμοῦ
2353 5225 2414 5279 τὸ
2441 5219 2612 5297 ὄνομα
2652 5223 2819 5278 αὐτοῦ
2852 5227 2972 5288 καθ’
3008 5223 3074 5293 ἣν
3107 5221 3346 5293 ἠθέλησε
3397 5219 3551 5292 δόξαν
3607 5224 3733 5295 περὶ

2079 5316 2272 5370 ἑαυτοῦ
2335 5309 2700 5368 διασκεδάσαι.
2742 5336 2762 5364 ι
2826 5315 2990 5368 Nunc
3048 5319 3245 5368 autem
3297 5313 3357 5366 in
3406 5318 3528 5367 toto
3590 5311 3732 5366 orbe

2078 5407 2290 5478 opinor
2312 5406 2404 5458 vix
2425 5404 2664 5476 triginta
2682 5403 3056 5458 Simonianos
3083 5401 3362 5472 reperiri;
3388 5417 3456 5455 ac
3481 5401 3733 5456 fortasse

2077 5513 2151 5550 ne
2185 5500 2269 5549 tot
2302 5494 2564 5565 quidem.
2599 5494 2747 5548 Sunt
2779 5493 2937 5548 enim
2970 5490 3031 5545 in
3064 5489 3382 5544 Palmstina
3413 5490 3586 5561 pauci
3625 5489 3732 5543 ad-

2078 5584 2343 5647 modum,
2368 5584 2430 5636 in
2459 5582 2691 5652 reliquo
2714 5598 2849 5636 vero
2883 5579 3024 5635 orbe
3041 5593 3338 5650 nusquam
3355 5595 3572 5635 nomen
3596 5578 3724 5647 ejus

2083 5677 2172 5729 est
2204 5673 2264 5728 in
2301 5687 2372 5726 ea
2407 5670 2694 5742 opinione
2757 5671 2814 5724 in
2876 5685 2993 5741 qua
3035 5669 3159 5741 ipse
3217 5667 3422 5724 haberi
3475 5666 3677 5723 voluit.
3711 5687 3741 5717 π
