4064 6134
269 310 376 371 389

992 308 1051 369 J.
1095 307 1534 372 PEARSONII
1582 306 1948 370 VlNDlClAE
1994 305 2476 368 lGNATlANE.
2523 341 2601 355 —-
2645 306 2845 370 PARS
2885 309 2964 370 Ῑῐ.

3572 309 3690 370 390

267 444 498 502 Eusebii
525 449 704 500 mtate
737 444 1051 500 exstabant
1078 444 1179 515 qui
1217 443 1348 515 ejus
1377 442 1654 498 haaresim
1680 442 1923 514 profite-
1955 442 2005 507 Α
2037 439 2302 512 ipsorum
2335 445 2628 512 potestate
2660 441 3246 497 nonvidebant.Fieri
3271 441 3451 498 etiam
3470 446 3686 514 potest,

267 535 646 605 bantur;qui
670 551 808 590 cum
830 534 1200 589 Christianos
1242 550 1304 588 se
1367 533 1773 600 simulassent,
1807 533 1928 587 dae-

270 641 515 682 monum
539 629 745 679 tamen
780 623 964 680 cultui
996 639 1058 678 se
1088 623 1360 695 privatim
1395 621 1833 694 mancipabant,
1864 626 1929 676 ut

272 717 393 787 ipse
427 718 684 770 testatur
703 713 808 770 lib.
834 731 894 779 ll,
926 729 1054 784 cap.
1091 713 1176 766 13.
1209 713 1472 766 Fuerunt
1519 711 1698 783 igitur
1719 727 1929 781 quam-

266 803 509 876 plurimi
544 807 720 856 aetate
749 801 959 874 Ignatii
991 799 1341 864 Simoniani,
1368 799 1468 870 qui
1492 798 1748 854 nefanda
1763 816 1924 870 quaa-

267 893 400 947 dam
433 890 722 962 mysteria
752 889 1158 957 celebrabant,
1208 888 1632 944 eucharistiam
1656 889 1924 955 minime,

267 983 368 1053 qui
401 981 706 1036 Simonem
739 978 981 1050 quidem
1029 977 1323 1046 colebant,
1383 977 1488 1033 sed
1545 978 1654 1032 sub
1712 976 1926 1033 Christi

269 1071 542 1126 nomine:
578 1065 799 1122 Πλοὶνου
831 1066 927 1138 μὲν
960 1061 1112 1127 ὄντος
1168 1064 1359 1134 αὐτοῦ,
1391 1065 1607 1139 μορφὴν
1635 1063 1692 1119 δὲ
1721 1065 1926 1137 ὀνόμα-

265 1179 356 1220 τος
389 1160 638 1232 Χριστοῦ
670 1152 1058 1228 ἐνδυσαμένου,
1101 1177 1129 1207 ‹‹
1187 1157 1287 1226 qui
1345 1155 1581 1212 tametsi
1641 1156 1928 1228 impostor

270 1253 444 1312 esset,
479 1246 742 1318 speciem
766 1250 967 1300 tamen
987 1245 1249 1298 nominis
1279 1244 1492 1299 Christi
1521 1245 1862 1316 assumpsit,
1893 1265 1921 1294 »

266 1342 335 1392 ut
365 1341 618 1391 testatur
643 1333 1035 1406 Epiphanius.
1063 1333 1203 1398 Qua)
1234 1349 1368 1388 cum
1400 1333 1483 1388 ita
1512 1333 1654 1400 sint,
1681 1339 1927 1405 apparet

269 1425 647 1482 Simonianos
683 1423 794 1478 sub
844 1422 1086 1477 Claudio
1116 1421 1364 1478 minime
1421 1423 1743 1478 exstinctos
1771 1440 1922 1492 esse,

266 1515 505 1585 Trajani
530 1519 587 1568 et
618 1513 942 1585 Ignatianse
975 1512 1271 1583 passionis
1316 1511 1683 1582 temporibus
1714 1529 1926 1582 quam-

271 1605 565 1677 plurimos
591 1601 912 1670 exstitisse,
944 1599 1212 1671 adeoque
1244 1599 1317 1655 de
1349 1600 1468 1655 illis
1515 1617 1686 1672 posse
1735 1602 1925 1672 accipi

266 1711 400 1765 quas
424 1710 459 1748 a
490 1693 779 1763 scriptore
811 1691 1195 1762 epistolarum
1210 1689 1282 1745 de
1305 1690 1663 1762 quibusdam
1677 1691 1766 1746 sui
1785 1697 1926 1746 tem-

266 1784 432 1855 poris
461 1781 759 1837 haereticis
791 1780 949 1835 dicta
979 1785 1138 1835 sunt.

1957 1826 2004 1892 B

2043 536 2108 584 ut
2137 530 2286 584 illud
2319 531 2624 602 potuerint
2671 531 2885 593 facere,
2939 548 3050 587 nec
3097 535 3296 586 tamen
3343 532 3684 588 faciendum

2037 623 2394 693 putaverint,
2417 623 2749 677 rationibus
2780 622 2852 677 ab
2885 623 3013 693 ipso
3029 624 3249 695 lgnatio
3279 624 3528 679 redditis
3551 640 3684 695 per-

2038 714 2204 780 moti,
2240 718 2340 768 aut
2371 714 2549 768 etiam
2607 714 2800 768 ablata
2831 714 3161 780 occasione,
3216 719 3275 769 et
3304 715 3681 770 inimicorum

2036 803 2237 857 furore
2295 803 2598 873 prasventi,
2650 819 2784 857 cum
2840 803 3101 874 lgnatius
3151 825 3179 853 ‹‹
3236 803 3561 858 subductus
3595 810 3684 860 est

2037 906 2171 945 cum
2203 890 2580 945 festinatione
2617 891 2678 945 in
2735 890 3262 961 amphitheatrum,
3299 913 3326 941 »
3367 896 3432 946 ut
3462 891 3524 946 in
3557 893 3683 962 ejus

2037 980 2197 1034 Actis
2220 979 2490 1051 legimus.
2525 979 2675 1034 Fieri
2718 979 2975 1049 denique
3007 985 3221 1051 potest,
3257 985 3320 1035 ut
3357 980 3508 1035 illud
3558 980 3685 1036 effi-

2035 1085 2167 1124 cere
2183 1085 2303 1122 non
2326 1069 2628 1139 potuerint
2644 1068 2770 1123 sine
2787 1069 2915 1123 vitaz
2929 1068 3186 1140 plurium
3209 1069 3680 1125 Christianorum

2037 1157 2319 1228 periculo,
2355 1163 2457 1212 aut
2477 1158 2656 1212 etiam
2675 1159 2800 1212 sine
2833 1161 3173 1230 peccato.At
3204 1175 3322 1213 non
3354 1165 3558 1230 peccat
3578 1160 3681 1230 qui

2034 1247 2094 1302 id
2124 1247 2264 1302 boni
2293 1263 2413 1302 non
2442 1247 2602 1315 facit,
2635 1263 2751 1318 quo
2800 1248 2990 1319 majus
3049 1247 3291 1318 aliquod
3339 1247 3564 1303 bonum
3596 1247 3685 1304 fa-

2034 1353 2166 1391 cere
2198 1337 2405 1407 possit,
2439 1341 2541 1392 aut
2598 1336 2758 1406 quod
2817 1336 3030 1403 facere,
3089 1337 3216 1391 sine
3273 1342 3513 1407 peccato
3563 1354 3683 1392 nou

2035 1425 2233 1496 possit.
2271 1447 2298 1474 ‹‹
2330 1427 2454 1479 Non
2487 1441 2707 1496 quaero,
2742 1425 2955 1496 inquit,
2990 1442 3120 1495 quae
3150 1425 3461 1496 qualisque
3507 1425 3687 1480 fuerit

2035 1514 2135 1568 illa
2162 1531 2292 1584 quae
2317 1515 2597 1569 Romanis
2630 1530 2663 1569 a
2686 1519 2889 1568 nostro
2913 1514 3192 1569 tribuitur
3240 1520 3520 1585 potestas.
3557 1535 3584 1565 n
3611 1518 3684 1570 At

2035 1603 2273 1658 omnino
2292 1603 2816 1673 quaerendumimo
2831 1602 3337 1658 statuendumerat
3353 1602 3544 1673 qualis
3557 1603 3686 1658 haac

2033 1696 2294 1763 potestas
2322 1691 2871 1762 fuerit,priusquam
2896 1691 3314 1762 pronuntiaret
3342 1692 3686 1761 gravissime

2036 1797 2136 1835 eos
2167 1786 2535 1852 peccaturos,
2558 1781 2604 1835 si
2639 1781 2745 1836 illa
2771 1781 2858 1835 uti
2890 1781 2952 1834 in
2985 1781 3095 1835 hac
3127 1797 3307 1836 causa
3331 1781 3560 1836 nollent
3589 1801 3604 1848 ;
3630 1785 3689 1835 et

344 1892 422 1946 De
457 1889 748 1944 Marcione
776 1904 908 1958 qua
965 1885 1225 1955 disserit,
1278 1886 1378 1956 qui
1441 1886 1655 1942 Christi
1715 1906 1934 1962 corpus
1960 1869 2004 1892 υ
2039 1876 2224 1962 “tgna;
2244 1870 2376 1962 ῖέξ-Ῐδ
2395 1869 2847 1962 θβεθινειιιεέὶηίε
2863 1870 3030 1962 Ῑξξιηο
3045 1871 3686 1962 ωφάοδυδνίρίροδῗθ-ί·

268 1978 717 2052 pbantasticum
753 1977 976 2044 docuit,
1006 1982 1066 2031 et
1097 1981 1296 2030 tamen
1330 1976 1750 2033 eucharistiam
1778 1979 1937 2037 celo-

266 2067 569 2137 bravit,ad
599 2072 840 2122 atatem
872 2066 1079 2139 Ignatii
1103 2081 1224 2120 non
1255 2069 1554 2137 spectant;
1575 2083 1767 2139 neque
1792 2070 1935 2140 quid

273 2161 511 2215 Docetaa
544 2173 614 2211 eo
650 2173 770 2212 wvo
828 2155 1104 2218 fecerint,
1151 2153 1490 2210 ostendunt.
1530 2155 1619 2210 llli
1655 2159 1812 2212 enim
1863 2159 1936 2214 de

273 2252 471 2303 morte
499 2245 716 2300 Christi
748 2243 938 2299 multa
962 2243 1451 2314 docuerunt,qute
1482 2244 1742 2301 Marcion
1775 2248 1935 2304 nullo

275 2337 458 2393 modo
490 2335 800 2390 sustinuit.
847 2335 917 2388 Et
973 2333 1369 2388 Tertullianus
1425 2337 1677 2389 testatur
1709 2352 1776 2390 eo
1809 2335 1936 2408 ipso

275 2427 429 2494 loco,
474 2425 576 2496 qui
607 2423 978 2496 producitur,
1011 2422 1370 2477 Marcionem
1403 2430 1774 2480 sacramenta
1791 2443 1936 2497 pro-

274 2517 407 2589 pria
438 2515 740 2570 habuisse.
776 2513 1034 2586 Ignatius
1065 2517 1263 2567 autem
1305 2511 1377 2566 de
1432 2513 1709 2569 Ecclesiae
1741 2531 1938 2570 sacra-

277 2611 487 2662 mento
515 2605 644 2659 sine
675 2603 856 2658 dubio
880 2601 1306 2674 intelligendus
1338 2606 1446 2669 est,
1479 2619 1513 2657 a
1543 2620 1659 2674 quo
1687 2609 1747 2659 et
1776 2605 1934 2660 Mar-

283 2696 420 2751 cion
453 2691 1040 2762 abstinuit.Denique
1072 2707 1206 2745 cum
1238 2697 1651 2763 argumentum
1673 2692 1941 2748 abinter-

286 2783 554 2855 polatore
576 2781 725 2852 petit
747 2781 807 2852 (a
837 2795 953 2850 quo
983 2795 1291 2850 nunquam
1315 2779 1549 2834 videtur
1578 2781 1690 2835 nisi
1708 2781 1940 2837 doctior

291 2870 608 2939 recedere),
634 2870 736 2941 qui
791 2869 916 2925 haec
949 2869 1128 2924 verba
1153 2869 1424 2924 omisisse
1455 2869 1744 2940 videatur,
1779 2871 1940 2942 quod

286 2962 482 3016 minus
511 2976 646 3015 vera
678 2963 913 3030 putaret
942 2959 1194 3030 ;primo,
1227 2959 1642 3014 auctoritatem
1669 2961 1724 3014 Β,
1759 2961 1942 3015 Theo-

281 3052 471 3106 doreti
505 3049 919 3121 interpolatori
951 3049 1329 3120 opponimus,
1349 3049 1448 3119 qui
1466 3050 1592 3104 haec
1613 3050 1743 3121 ipsa
1763 3051 1942 3106 verba

281 3148 566 3212 tanquam
607 3156 756 3210 pura
786 3144 929 3211 puta
958 3138 1261 3211 lgnatiana
1293 3145 1350 3192 et
1381 3139 1684 3194 verissima
1707 3141 1932 3195 exscri-

279 3229 724 3302 psit,haereticis
757 3228 846 3283 sui
889 3227 1172 3298 temporis
1213 3226 1452 3297 obiecit,
1485 3244 1682 3299 neque
1714 3229 1935 3285 veritus

280 3325 369 3374 est
393 3336 467 3373 ne
501 3317 606 3372 illa
622 3317 1113 3371 verbaauctorem
1147 3315 1532 3386 epistolarum
1564 3316 1745 3371 alium
1762 3334 1939 3387 quam

281 3409 582 3481 Ignatium
643 3407 989 3478 episcopum
1039 3405 1476 3460 Antiochenum
1510 3411 1567 3460 et
1619 3411 1939 3478 martyrem

279 3497 627 3569 proderent.
647 3494 940 3562 Secundo,
972 3493 1362 3566 interpolator
1393 3494 1543 3564 ipse,
1577 3495 1676 3564 qui
1706 3513 1812 3566 pro
1837 3513 1943 3552 sua

281 3587 558 3652 libidine,
593 3599 963 3656 quacunque
1022 3583 1205 3638 voluit
1252 3583 1525 3638 omittere
1567 3584 1778 3639 solitus
1829 3591 1938 3653 est,

283 3677 450 3731 nullo
483 3674 664 3729 modo
691 3689 760 3728 ea
779 3672 956 3727 verba
980 3671 1274 3736 omisisse,
1296 3671 1453 3742 quod
1487 3687 1624 3727 vera
1655 3689 1784 3727 esse
1818 3689 1940 3727 non

285 3770 546 3836 putaret,
578 3763 882 3834 putandus
941 3767 1050 3830 est,
1083 3766 1148 3816 ut
1179 3778 1248 3816 ex
1280 3762 1370 3816 his
1402 3778 1533 3831 qua
1576 3778 1783 3816 eorum
1810 3761 1940 3817 loco

284 3855 480 3924 posita
513 3857 654 3907 sunt
683 3855 930 3922 apparet
965 3867 977 3904 :
1009 3848 1103 3902 τὸν
1139 3849 1366 3922 σταυρὸν
1399 3848 1846 3922 ἐπαισχύνονται,
1876 3850 1940 3904 τὸ

283 3942 459 4004 πάθος
488 3939 847 4014 χλευάζωσι,
905 3939 1004 4006 τὴν
1061 3936 1344 3991 ἀνάστασιν
1386 3934 1742 4010 κωμῳδοῦσι.
1801 3939 1943 4004 Quis

288 4033 448 4088 enim
472 4049 574 4086 eos
607 4029 984 4085 eucharistim
1012 4033 1386 4084 sacramento
1401 4045 1538 4083 usos
1554 4028 1735 4084 fuisse
1754 4033 1941 4100 putet,

289 4123 388 4194 qui
426 4141 452 4172 ιι
479 4120 698 4176 Christi
753 4135 994 4174 crucem
1051 4117 1431 4183 erubescunt,
1467 4118 1568 4188 qui
1601 4118 1943 4189 passionem

288 4213 414 4283 ejus
449 4209 856 4279 derident,qui
879 4207 1376 4263 resurrectionem
1392 4206 1564 4261 ludos
1588 4207 1944 4277 faciunt,qui

287 4300 598 4355 inﬁdelem
625 4297 1006 4352 inimicitiam
1037 4312 1173 4352 cum
1205 4297 1458 4351 invicem
1492 4295 1729 4352 habent.
1759 4317 1786 4343 »
1813 4296 1944 4352 Hac

289 4406 432 4445 sane
463 4389 565 4444 ille
593 4385 979 4460 posuit,quod
1010 4385 1168 4440 idem
1197 4386 1288 4440 his
1311 4385 1507 4440 verbis
1530 4385 1729 4440 doceri
1763 4391 1941 4456 puta-

285 4484 375 4534 ret
408 4477 567 4549 quod
599 4476 671 4532 ab
706 4473 1166 4547 Ignatiodictum
1181 4474 1252 4529 de
1280 4473 1353 4528 iis
1386 4474 1597 4545 est,qui
1621 4473 1695 4528 ab
1717 4473 1939 4545 agapis,

2111 1958 2225 2014 Sed
2273 1959 2373 2014 ille
2424 1959 2550 2014 huic
2605 1959 2780 2014 toties
2837 1959 3172 2025 affirmavit,
3224 1963 3284 2012 et
3339 1963 3538 2014 tamen
3569 1958 3682 2013 fal-

2041 2064 2173 2103 sum
2231 2053 2337 2103 est.
2394 2047 2560 2113 Quod
2611 2048 2938 2103 afﬁrmasse
2992 2048 3228 2115 dicitur,
3278 2047 3494 2102 falsum
3555 2063 3683 2101 esse

2040 2137 2307 2192 nondum
2339 2137 2653 2208 probatum
2701 2142 2809 2202 est,
2844 2153 3038 2207 neque
3099 2136 3333 2207 probari
3379 2136 3502 2190 ullo
3560 2152 3688 2190 mo-

2042 2227 2115 2281 do
2142 2231 2376 2296 potest;
2409 2243 2485 2282 an
2518 2226 2692 2281 toties
2737 2226 2794 2280 id
2854 2225 3066 2280 dixerit
3125 2225 3397 2295 scriptor,
3447 2224 3574 2295 jam
3605 2224 3687 2278 vi-

2042 2315 2326 2371 dendum.
2361 2318 2502 2371 Nam
2537 2316 2728 2387 primo
2755 2315 2855 2385 qui
2885 2313 3034 2368 dixit
3064 2330 3146 2382 se,
3184 2334 3210 2363 ‹‹
3242 2313 3291 2368 si
3347 2313 3434 2368 illi
3485 2314 3688 2367 volue-

2042 2404 2184 2472 rint,
2219 2410 2275 2458 et
2304 2404 2352 2458 si
2385 2403 2468 2458 illi
2500 2420 2619 2458 non
2659 2403 3040 2474 impedirent,
3075 2424 3103 2451 »
3157 2401 3536 2468 moriturum,
3568 2417 3690 2457 non

2043 2503 2242 2557 statim
2273 2503 2440 2569 dixit,
2481 2525 2500 2550 ε
2539 2506 2789 2556 mortem
2823 2501 2972 2572 ejus,
3006 2501 3052 2554 si
3076 2500 3312 2570 vellent,
3346 2500 3569 2555 nullam
3599 2500 3695 2556 fu—

2046 2597 2260 2646 turam.
2297 2614 2319 2660 s
2351 2591 2594 2646 Diversa
2623 2591 2748 2644 haec
2777 2589 2952 2660 plane
2983 2595 3142 2644 sunt.
3179 2590 3345 2644 Novit
3371 2590 3426 2645 S.
3461 2595 3689 2662 martyr

2043 2680 2294 2750 gentiles
2328 2697 2537 2735 omnes
2569 2682 2863 2735 Romanos
2895 2679 3283 2749 cupidissime
3313 2679 3690 2748 imperatoris

2045 2769 2350 2824 decretum
2383 2773 2764 2822 exsecuturos
2792 2772 2851 2822 et
2907 2767 3093 2837 ipsius
3126 2772 3316 2821 morte
3365 2766 3690 2821 delectatos

2044 2859 2188 2914 fore.
2213 2859 2332 2913 Nisi
2356 2858 2535 2930 igitur
2578 2857 2824 2912 Romani
2858 2855 3066 2911 fideles
3119 2855 3576 2924 intercederent,
3627 2860 3686 2911 et

2046 2949 2395 3020 martyrium
2415 2948 2543 3018 ejus
2565 2946 2763 3017 aliquo
2785 2946 2959 3000 modo
2984 2945 3272 3016 impedire
3310 2949 3691 3012 conarentur,

2047 3038 2382 3094 certissima
2411 3036 2463 3090 ei
2496 3053 2655 3090 mors
2674 3041 2738 3090 ut
2769 3040 2827 3089 et
2858 3033 3305 3106 exOptatissima
3327 3051 3434 3104 pro
3457 3033 3690 3088 Christo

2045 3127 2176 3182 fuit.
2203 3128 2327 3181 Non
2347 3131 2544 3180 tamen
2568 3124 2705 3179 inde
2731 3124 3000 3194 sequitur
3020 3123 3239 3178 dixisse
3273 3139 3431 3190 eum,
3465 3123 3693 3178 nullam

2047 3218 2170 3272 fore
2205 3222 2478 3284 mortem,
2509 3215 2556 3270 si
2588 3214 2907 3269 Christiani
2939 3213 3254 3280 voluerint,
3279 3218 3380 3267 aut
3404 3213 3693 3285 impedire

2045 3311 2405 3361 conarentur
2428 3322 2440 3358 :
2461 3304 2571 3358 hoc
2591 3304 2750 3358 enim
2771 3320 2846 3358 an
2870 3302 3106 3357 efficere
3124 3307 3387 3373 possent,
3421 3301 3694 3357 dubitare

2046 3395 2224 3449 etiam
2257 3393 2356 3448 ille
2388 3393 2488 3464 qui
2520 3392 2644 3446 haec
2669 3391 2899 3446 dixerat
2917 3391 3130 3462 potuit.
3150 3390 3312 3444 Novit
3334 3390 3605 3445 infideles
3638 3394 3697 3444 et

2045 3484 2309 3554 potuisse
2350 3487 2409 3536 et
2457 3481 2714 3535 voluisse
2748 3497 2881 3535 eum
2915 3479 3250 3534 interﬁcere
3285 3483 3482 3543 ;certo
3515 3479 3695 3550 igitur

2046 3574 2156 3628 hoc
2183 3573 2446 3626 futurum
2480 3575 2624 3634 erat,
2649 3569 2767 3623 nisi
2799 3568 3015 3638 aliquis
3059 3567 3394 3637 impediret.
3425 3568 3592 3622 Novit
3633 3584 3694 3622 se

2046 3679 2080 3716 a
2112 3663 2228 3716 Deo
2261 3660 2335 3714 ad
2383 3659 2732 3730 martyrium
2767 3661 3037 3712 vocatum
3072 3672 3242 3721 esse;
3277 3655 3566 3726 impedire
3599 3673 3696 3709 vo-

2047 3751 2228 3804 luisse
2261 3765 2436 3802 nemo
2468 3748 2780 3801 hominum
2825 3751 3045 3816 praeter
3101 3744 3470 3798 Christianos
3497 3747 3696 3798 Romae

2049 3839 2400 3894 constitutos
2431 3835 2762 3892 credendus
2792 3834 2921 3890 fuit.
2949 3835 3004 3888 Si
3038 3833 3216 3905 igitur
3245 3833 3333 3886 illi
3355 3832 3515 3888 idem
3539 3833 3697 3904 quod

2047 3929 2136 3983 illi
2167 3927 2516 3993 vellent,aut
2536 3941 2655 3979 non
2688 3924 3064 3995 impedirent,
3084 3921 3419 3978 certissima
3449 3923 3696 3993 martyri

2049 4034 2208 4072 mors
2238 4015 2368 4081 fuit,
2392 4014 2511 4069 sive
2542 4015 2629 4068 illi
2661 4011 3169 4084 reveraimpedire
3200 4011 3550 4081 potuissent,
3576 4012 3695 4065 sive

2049 4123 2190 4162 non.
2225 4105 2387 4160 Multi
2449 4104 2606 4158 enim
2659 4102 2980 4157 Christiani
3015 4101 3383 4156 confessores
3414 4118 3447 4154 a
3503 4105 3695 4155 morte

2049 4196 2300 4251 liberare
2315 4194 2508 4249 conati
2535 4198 2692 4260 sunt,
2725 4191 2826 4262 qui
2859 4191 2919 4243 id
2951 4190 3184 4244 efficere
3203 4206 3321 4244 non
3341 4195 3688 4260 potuerunt.

2056 4285 2129 4338 [)e
2164 4282 2478 4354 Peregrino
2512 4280 2839 4335 Lucianus:
2899 4275 3049 4332 Ἐπεὶ
3109 4271 3166 4329 δὲ
3225 4273 3318 4329 οὖν
3381 4271 3614 4343 ἐδέδετο,
3647 4277 3702 4329 οἱ

2050 4369 2363 4444 Χριστιανοὶ
2423 4371 2705 4446 συμφορὰν
2759 4364 3084 4437 ποιούμενοι
3140 4365 3204 4419 τὸ
3260 4370 3488 4439 πρᾶγμα
3529 4364 3703 4420 πάντα

2051 4457 2260 4514 ἐκίνουν
2287 4456 2581 4533 ἐξαρπάσαι
2607 4455 2942 4530 πειρώμενοι
2990 4453 3174 4509 αὐτόν·
3236 4455 3338 4508 εἴτ’
3369 4451 3486 4508 ἐπεὶ
3537 4459 3700 4510 τοῦτο

287 4568 358 4622 ab
392 4541 778 4628 eucharistia,
811 4565 883 4619 ab
907 4563 1310 4619 oblationibus
1355 4541 1846 4631 abstinebant,iet—
1871 4562 1937 4617 ab

2051 4548 2118 4617 ἦν
2151 4546 2431 4616 ἀδύνατον,
2463 4543 2498 4616 ἤ
2530 4566 2590 4620 γι
2620 4542 2764 4614 ἄλλη
2799 4543 3054 4618 θεραπεία
3084 4547 3228 4598 πᾶσα
3284 4541 3346 4598 οὗ
3385 4542 3697 4618 παρέργως,

288 4655 554 4711 Ecclesia
584 4654 644 4707 in
667 4651 884 4708 diaboli
919 4657 1114 4707 castra
1146 4651 1608 4707 transvolabant.

359 4759 700 4817 Secundum
733 4758 914 4830 hujus
945 4757 1156 4829 capitis
1184 4761 1599 4830 argumentum
1631 4756 1944 4828 epistolam

286 4852 360 4908 ad
396 4854 696 4906 Romanos
727 4854 975 4920 spectat,
1036 4865 1153 4920 qua
1207 4849 1495 4919 scriptum
1557 4847 1854 4919 signiﬁcat
1883 4851 1944 4902 in

289 4957 502 4996 eorum
537 4943 827 5010 potestate
859 4937 1042 4992 fuisse
1086 4937 1281 5008 ipsum
1328 4935 1618 5007 supplicio
1669 4936 1943 4992 liberare.

286 5032 584 5086 Fortasse.
630 5030 719 5083 An
753 5027 932 5099 igitur
974 5025 1112 5082 inde
1173 5026 1444 5097 sequitur
1492 5025 1781 5094 lgnatium
1815 5043 1946 5080 eam

288 5118 607 5191 epistolam
661 5133 781 5172 non
841 5116 1151 5187 scripsisse
1207 5115 1235 5169 ‘?
1290 5115 1559 5170 Profecto
1594 5131 1713 5170 non
1757 5115 1944 5187 capio.

287 5231 314 5259 κ
350 5207 519 5272 Quod
554 5206 602 5260 si
635 5205 720 5260 ita
749 5210 860 5273 est,
894 5204 1107 5275 inquit,
1143 5205 1412 5275 sequitur
1469 5206 1766 5259 Romanos
1816 5220 1945 5276 gra-

285 5295 528 5351 vissime
551 5310 828 5366 peccasse
863 5310 876 5348 :
905 5309 1041 5348 eum
1075 5294 1234 5348 enim
1266 5310 1384 5348 non
1417 5293 1745 5348 liberarunt
1778 5314 1798 5342 ι
1825 5294 1948 5347 Imo

287 5403 426 5441 vero
457 5401 581 5440 non
612 5385 902 5454 sequitur.
937 5383 1086 5439 Fieri
1140 5384 1300 5438 enim
1333 5388 1528 5455 potest
1580 5387 1645 5436 ut
1703 5382 1947 5438 Romani

287 5474 610 5532 Christiani
651 5472 802 5528 illud
832 5473 1070 5528 efficere
1101 5489 1220 5528 non
1246 5473 1569 5543 potuerint,
1595 5471 1752 5542 quod
1786 5473 1951 5542 lgna-

285 5566 408 5620 tius
440 5563 668 5635 putavit
701 5578 800 5618 eos
829 5561 1022 5618 facere
1054 5563 1315 5636 potuisse
1341 5580 1354 5629 ;
1386 5561 1730 5635 gravissime
1751 5566 1950 5616 autem

288 5671 411 5713 non
444 5651 797 5726 peccabant,
851 5651 951 5724 qui
1008 5650 1160 5708 illud
1218 5667 1338 5708 non
1369 5650 1660 5719 fecerunt,
1693 5649 1853 5722 quod
1887 5650 1949 5706 in

2053 4637 2200 4695 ἀλλᾶ
2221 4641 2312 4693 σὺν
2339 4635 2550 4710 σπουδῇ
2581 4636 2810 4711 ἐγίνετο.
2844 4660 2872 4686 ‹‹
2925 4640 3244 4706 Postquam
3304 4636 3532 4691 vinctus
3592 4641 3701 4702 est,

2056 4731 2370 4786 Christiani
2404 4745 2572 4785 suam
2601 4727 3011 4783 infelicitatem
3036 4731 3332 4798 putantes,
3357 4727 3558 4780 omnia
3575 4742 3701 4780 mo-

2054 4822 2270 4876 vebant
2300 4820 2466 4874 illum
2492 4819 2724 4888 eripere
2765 4816 3120 4871 conati.Mox
3151 4815 3253 4869 ubi
3285 4815 3395 4869 hoc
3428 4815 3703 4884 impossi-

2057 4912 2175 4966 bile
2207 4911 2337 4977 fuit,
2380 4908 2496 4963 alia
2526 4906 2722 4962 omnis
2781 4922 2922 4961 cura
2969 4920 3092 4959 non
3137 4903 3560 4974 perfunctorie,
3601 4903 3706 4958 sed

2060 4999 2267 5056 sedulo
2299 4996 2564 5052 adhibita
2587 5001 2694 5050 est.
2733 5017 2759 5044 »

2130 5109 2253 5162 Duo
2275 5106 2452 5178 igitur
2470 5105 2599 5158 loca
2620 5119 2750 5174 quas
2769 5101 3049 5173 produxit
3069 5101 3157 5153 vir
3176 5099 3703 5162 doctissimus,non

2058 5197 2117 5253 id
2150 5196 2416 5251 efficiunt
2444 5191 2602 5263 quod
2635 5191 2733 5246 ille
2761 5189 2948 5245 voluit
2973 5206 2986 5248 :
3014 5188 3118 5244 sed
3143 5188 3354 5244 tertius
3403 5188 3490 5242 illi
3538 5188 3701 5243 vide.

2059 5286 2233 5341 batur
2253 5297 2541 5342 asserere,
2561 5279 2619 5334 id
2645 5279 2789 5349 ipsis
2817 5277 2991 5332 facile
3018 5277 3220 5332 fuisse.
3263 5299 3291 5325 «
3325 5276 3504 5332 Vobis
3521 5278 3702 5345 enim,

2060 5376 2274 5447 inquit,
2308 5371 2479 5427 facile
2503 5374 2596 5424 est
2620 5369 2680 5423 id
2723 5365 2882 5438 quod
2913 5366 3088 5421 vultis
3147 5365 3378 5421 facere:
3433 5388 3461 5416 ››
3492 5366 3705 5422 facilli-

2062 5481 2226 5522 mum
2257 5464 2435 5535 igitur
2466 5457 2821 5516 existimavit
2851 5455 3112 5528 epistolaa
3146 5455 3398 5528 scriptor
3427 5457 3708 5512 Romanis

2062 5553 2338 5611 fidelibus
2366 5546 2866 5622 fuisse,lgnatium
2890 5561 2924 5600 a
2941 5544 3236 5600 sententia
3255 5543 3628 5618 imperatoris
3652 5551 3711 5601 et

2063 5649 2254 5702 morte
2275 5642 2550 5698 liberare.
2585 5641 2657 5694 At
2694 5638 2756 5693 in
2815 5635 2932 5692 illis
2978 5634 3171 5691 verbis
3215 5635 3288 5692 de
3336 5643 3527 5694 morte
3555 5636 3707 5693 nihil
