4064 6134
331 297 443 357 391

328 436 549 492 dictum
574 437 681 501 est,
706 447 899 502 neque
945 448 1016 486 ea
1065 434 1222 486 recte
1256 430 1506 501 intelligi
1560 430 1688 484 sine
1722 445 1978 500 sequen-
2008 448 2063 516 Α

326 525 484 580 tibus
515 526 766 594 possunt
795 537 807 584 ;
843 537 996 590 quae,
1025 520 1071 574 si
1135 536 1280 574 sana
1331 519 1470 588 sint,
1505 523 1571 574 ut
1599 517 1757 590 apud
1807 519 1977 572 Meta-

327 614 610 686 phrasten
637 614 869 664 exstant
903 609 986 680 (in
1019 608 1222 663 codice
1267 609 1426 662 enim
1461 606 1858 662 Laurentiano
1891 623 1981 673 ea,

329 703 486 773 quod
511 699 833 756 dolendum
866 705 974 766 est,
1008 716 1128 753 non
1184 698 1502 768 habentur)
1551 696 1868 752 ostendere
1900 697 1983 750 vi-

331 792 546 846 dentur
571 795 875 845 auctorem
898 787 1162 859 epistolae
1194 792 1433 858 putasse
1459 789 1756 842 Romanos
1776 784 1983 839 ﬁdeles

331 881 595 953 potuisse
625 895 758 934 eum
793 895 823 931 a
848 876 1138 948 supplicio
1168 875 1422 930 liberare
1450 892 1461 928 :
1491 881 1751 945 etquare
1774 873 1834 927 id
1857 873 1982 928 exi-

330 971 570 1026 stimare
593 985 713 1023 non
743 965 1300 1038 potueritlguatius,
1335 965 1559 1019 nullam
1584 964 1726 1018 satis
1749 979 1982 1035 gravem

328 1075 567 1115 causam
599 1057 786 1112 video.
824 1056 1067 1126 Aliquot
1089 1055 1250 1109 enim
1275 1057 1474 1109 Romae
1526 1069 1757 1124 magnae
1782 1058 1985 1108 aucto-

326 1150 519 1205 ritatis
552 1149 725 1215 viros,
760 1153 819 1202 et
847 1147 907 1200 in
951 1146 1080 1217 ipsa
1107 1146 1284 1199 etiam
1316 1145 1453 1199 aula
1483 1143 1807 1199 nonnullos
1847 1148 1984 1196 tunc

329 1237 903 1294 Christianissimum
928 1235 1015 1290 vel
1047 1239 1250 1306 aperte
1282 1233 1604 1305 professos,
1630 1232 1720 1286 vel
1753 1237 1981 1286 secreto

331 1329 636 1400 amplexos
665 1327 844 1382 fuisse
877 1325 1268 1381 dubitandum
1301 1341 1421 1379 non
1454 1329 1544 1378 est
1568 1342 1581 1390 ;
1603 1324 1878 1394 qui,cum
1910 1321 1982 1376 ab

335 1417 486 1472 Urbe
518 1417 842 1486 imperator
868 1413 1123 1481 abesset,
1150 1412 1295 1468 illud
1322 1417 1479 1466 certe
1503 1428 1623 1466 non
1646 1429 1797 1482 aegre
1831 1411 1986 1465 obti-

331 1523 475 1561 nere
507 1504 767 1576 potuisse
809 1502 1056 1574 putandi
1091 1508 1320 1569 sunt,ut
1346 1502 1392 1556 si
1415 1519 1534 1556 non
1553 1501 1980 1568 remitteretur,

331 1596 541 1652 saltem
603 1595 943 1649 differretur
1003 1592 1315 1647 sententiae
1346 1590 1418 1645 ab
1473 1590 1831 1661 imperatore
1855 1589 1978 1659 jam

329 1686 572 1741 absente
610 1684 740 1738 lata:
772 1682 1091 1737 exsecutio.
1137 1680 1252 1736 Sed
1311 1697 1447 1735 cum
1497 1681 1559 1733 in
1592 1680 1783 1734 verbis
1839 1679 1982 1750 ipsis

327 1774 660 1845 reperiatur
691 1772 891 1841 aliqua
921 1770 1342 1841 discrepantia,
1378 1786 1496 1823 non
1531 1769 1645 1823 erit
1700 1773 1802 1822 aut
1831 1768 1977 1822 mihi

333 1862 673 1925 molestum,
707 1865 809 1914 aut
856 1860 1155 1930 cuiquam,
1206 1859 1291 1913 uti
1325 1875 1517 1930 spero,
1552 1858 1870 1929 ingratum,
1931 1858 1979 1910 si

334 1951 692 2007 sententiam
724 1955 988 2004 nostram
1015 1948 1086 2004 de
1119 1947 1755 2019 lectionejampridem
1806 1947 1985 2001 dubia

335 2042 731 2111 interponam.
769 2041 957 2093 Verba
981 2039 1064 2093 sic
1098 2055 1158 2092 se
1181 2037 1419 2093 habent.
1445 2036 1597 2107 Ὑμῖν
1633 2035 1737 2110 γὰρ
1762 2033 1983 2108 εὐχερὲς

330 2128 475 2182 ἐστιν
517 2127 546 2181 ὅ
607 2125 790 2190 θέλετε
849 2133 1094 2194 ποιῆσαι·
1148 2125 1272 2198 ἐμοὶ
1335 2123 1391 2179 δὲ
1450 2122 1714 2179 δύσκολόν
1750 2123 1983 2178 ἐστιτοῦ

336 2221 470 2272 Θεοῦ
499 2216 800 2290 ἐπιτυχεῖν,
861 2214 948 2269 ἐὰν
999 2216 1159 2288 ὑμεῖς
1211 2213 1468 2292 φείσησθέ
1509 2237 1633 2287 μου.
1689 2217 1773 2270 Ita
1805 2217 1984 2270 Meta-

336 2307 629 2376 phrastes.
653 2304 848 2358 Codex
879 2305 1277 2375 Augustanus,
1324 2302 1400 2373 μὴ
1434 2300 1691 2378 φείσησθὲ
1737 2321 1865 2373 μου,
1927 2306 1986 2355 et

333 2400 500 2449 vetus
523 2395 818 2464 interpres
843 2416 869 2442 ‹‹
894 2409 1014 2447 11011
1038 2393 1278 2463 parcitis
1302 2393 1468 2447 mihi.
1501 2415 1528 2442 »
1567 2393 1668 2446 Hic
1691 2391 1983 2462 particula

334 2483 604 2554 negativa
635 2483 695 2536 in
751 2483 1164 2552 Metaphraste,
1199 2481 1400 2536 codice
1433 2481 1902 2552 Nydprucciano,
1926 2484 1984 2535 et

332 2573 577 2643 Vulgato
612 2572 934 2642 interprete
959 2571 1159 2626 deest:
1184 2571 1246 2624 in
1283 2570 1484 2624 codice
1533 2575 1897 2640 Augustano,
1925 2575 1984 2624 et

330 2667 527 2716 vetere
551 2662 874 2731 interprete
898 2660 1254 2732 agnoscitur.
1286 2660 1342 2715 Si
1379 2660 1557 2730 igitur
1579 2659 1876 2731 judicium
1909 2658 1979 2713 de

333 2753 590 2808 lectione
621 2750 776 2805 ferre
803 2750 1146 2821 liceat,puto
1163 2748 1514 2820 particulam
1534 2749 1865 2820 negatiVam
1881 2747 1980 2802 ad-

331 2841 485 2897 mitti
520 2839 760 2904 debere,
795 2838 899 2894 sed
921 2856 1043 2894 non
1071 2856 1138 2893 eo
1173 2855 1288 2908 quo
1324 2840 1564 2909 ponitur
1594 2838 1744 2904 loco,
1778 2854 1979 2891 verum

330 2935 464 2986 ante
494 2929 736 2983 verbum
760 2926 1064 3003 amo/Hea,
1098 2933 1162 2981 ut
1193 2928 1440 2998 legatur,
1470 2923 1594 2996 ἐμοὶ
1629 2922 1683 2978 δὲ
1711 2921 1976 2979 δύσκολόν

326 3017 436 3073 ἐστι
467 3021 562 3072 τοῦ
591 3020 724 3071 Θεοῦ
783 3017 858 3087 μή
918 3015 1217 3093 ἐπιτυχεῖν,
1273 3017 1385 3080 vel,
1446 3016 1602 3085 quod
1660 3015 1819 3070 idem
1869 3019 1975 3084 est,

325 3109 645 3180 ἀποτυχεῖν.
677 3106 843 3171 Quod
876 3106 925 3160 si
952 3106 1042 3160 cui
1083 3106 1333 3176 placeat,
1397 3105 1705 3159 verborum
1768 3120 1976 3158 sensus

327 3199 422 3253 hic
453 3196 564 3252 erit
589 3212 601 3250 :
629 3217 657 3244 ‹‹
693 3195 831 3249 Mihi
860 3200 1059 3250 autem
1092 3195 1305 3249 durum
1342 3200 1398 3248 et
1425 3193 1975 3248 molestumestDeo
2019 3181 2059 3246 C

328 3302 450 3340 non
481 3284 682 3355 potiri.
723 3306 742 3330 ι
779 3285 866 3338 Ita
919 3278 1186 3335 δύσκολον
1248 3283 1628 3354 interpretor,
1663 3298 1781 3336 non
1814 3282 1976 3336 utsit

326 3374 579 3428 arduum
613 3377 670 3427 et
690 3371 957 3439 difﬁcile,
993 3371 1095 3426 sed
1127 3371 1447 3426 molestum
1480 3377 1536 3425 et
1566 3388 1759 3442 grave,
1791 3367 1971 3438 ansa,

327 3466 446 3520 sive
471 3484 496 3515 ι
533 3463 780 3518 minime
814 3463 1094 3534 placens:
1131 3484 1158 3510 ››
1191 3462 1348 3516 unde
1381 3457 1774 3526 δυσκολαίνειν,
1809 3484 1835 3510 ‹‹
1857 3478 1974 3517 mo.

322 3554 469 3608 leste
493 3554 798 3618 ferre,non
821 3552 970 3606 bene
1002 3567 1374 3621 concoquere
1410 3569 1422 3616 ;
1463 3573 1490 3600 »
1515 3567 1645 3621 quas
1677 3551 1971 3623 signiﬁca-

320 3643 403 3698 tio
425 3643 537 3714 ipsi
562 3647 758 3714 etymo
781 3640 1038 3696 maxime
1062 3640 1356 3712 congruit.
1382 3639 1706 3710 Hesychius
1727 3656 1740 3693 :
1771 3646 1973 3692 Δυσκο-

320 3729 519 3798 λαίνει,
549 3725 828 3805 δυσφορεῖ,
863 3727 1019 3798 quod
1059 3733 1150 3782 est
1173 3749 1199 3777 «
1223 3743 1374 3799 aegre
1397 3727 1483 3781 vel
1501 3732 1733 3799 gravate
1755 3727 1868 3782 fert
1908 3741 1971 3780 ε»

319 3820 478 3876 unde
511 3819 706 3874 eidem
738 3818 1029 3890 Hesychio
1054 3813 1351 3894 δύσλοφον,
1385 3823 1474 3872 est
1508 3812 1774 3869 δύσκολον
1809 3839 1835 3866 ‹‹
1867 3815 1973 3871 dif-

322 3911 553 3964 ﬁculter
581 3907 914 3963 ferendum.
948 3930 975 3957 »
1009 3907 1172 3962 Unde
1206 3912 1379 3977 poeta
1405 3912 1570 3961 vetus
1605 3923 1617 3960 :

567 4014 652 4074 Ὠς
678 4009 946 4067 δύσκολον
975 4013 1038 4066 τὸ
1067 4018 1238 4086 γῆρας
1263 4012 1568 4085 ἀνθρώποις
1601 4009 1719 4088 ἔφυ.

393 4124 676 4179 Senectus
700 4123 880 4191 enim,
927 4126 994 4175 ut
1025 4121 1126 4183 ait,
1176 4143 1203 4170 ‹‹
1239 4137 1389 4175 onus
1438 4123 1607 4175 [Etna
1653 4119 1905 4192 gravius.
1942 4142 1970 4170 ››

315 4215 442 4269 Jam
467 4215 514 4270 si
550 4215 660 4268 hoc
724 4229 903 4267 sensu
958 4211 1285 4283 accipiatur
1316 4207 1605 4275 δύσκολον,
1672 4212 1971 4269 contraria

317 4302 734 4373 accipiendum
795 4301 907 4354 erit
959 4297 1202 4372 εὐχερὲς,
1267 4306 1333 4354 ut
1384 4299 1539 4370 apud
1610 4300 1966 4371 Hesychium

315 4389 572 4461 εὐχερής,
656 4383 906 4455 εὔκολος,
997 4394 1057 4442 et
1137 4386 1542 4462 εὐπερίστατον,
1604 4383 1853 4458 εὔκολον,
1905 4397 1969 4445 ut

315 4477 473 4532 idem
507 4477 582 4532 sit
614 4476 771 4546 quod
809 4469 1070 4548 ἀϐαρὲς,ιι
1088 4477 1213 4532 leve
1245 4482 1304 4531 et
1333 4477 1968 4548 placidum,nutsitho-

1400 293 1460 354 S.
1509 293 1908 354 lGNA'l‘IUS.
1958 324 2033 337 --
2076 291 2692 353 PBOLEGOMENA.

3629 295 3750 354 392

2093 427 2386 498 suspicari
2418 443 2538 482 non
2570 431 2790 497 posset,
2822 430 2881 481 et
2933 443 3004 481 ex
3058 427 3162 482 tali
3205 426 3614 500 suppositione
3647 434 3753 486 aut

2089 517 2448 588 suspicione,
2481 533 2553 570 ne
2585 532 2655 571 ea
2699 520 2991 586 potestate
3049 516 3111 571 in
3141 517 3269 588 ipso
3311 516 3646 584 liberanda,
3685 525 3745 574 et

2089 606 2375 676 martyrio
2407 606 2565 676 quod
2599 622 2976 676 summopere
3019 606 3338 673 ambiebat,
3399 612 3455 662 et
3475 607 3548 662 ad
3580 609 3744 680 quod

2089 695 2190 750 Dei
2211 694 2480 749 voluntas
2506 695 2653 749 adeo
2686 701 2885 765 aperte
2917 695 3183 758 vocabat,
3207 695 3588 767 impediendo
3613 703 3750 753 ute-

2087 789 2315 852 rentur,
2347 784 2531 838 libere
2564 799 2824 839 monere.
2856 785 3046 848 Quare
3080 789 3144 838 ut
3192 785 3309 839 Deo
3333 785 3590 840 maxime
3612 787 3744 857 pla-

2087 889 2219 927 cere
2255 872 2534 927 studeant
2567 889 2666 926 eos
2696 872 2998 939 hortatur;
3035 878 3093 926 et
3122 890 3157 926 ο.
3187 874 3306 928 Deo
3330 890 3461 928 esse
3501 880 3569 928 ut
3618 875 3747 946 ipse

2083 979 2190 1032 pro
2223 962 2465 1016 nomine
2498 961 2856 1032 Christijam
2889 962 3241 1033 martyrium
3266 962 3594 1030 subiret,iis
3620 963 3746 1034 pla-

2084 1069 2228 1106 num
2258 1052 2418 1106 facit.
2447 1074 2475 1101 «
2509 1053 2616 1116 Qui
2651 1051 2805 1118 vivit,
2842 1052 3058 1122 inquit,
3119 1057 3178 1106 et
3222 1052 3487 1121 loquitur
3527 1053 3586 1106 in
3623 1071 3741 1122 me,

2084 1140 2244 1195 intus
2275 1141 2419 1194 mihi
2447 1140 2590 1194 dicit
2621 1158 2631 1193 :
2670 1140 2822 1195 Vade
2845 1141 2918 1195 ad
2939 1143 3441 1211 Patrem.»Neque
3467 1141 3741 1197 dubitare

2081 1247 2142 1284 se
2176 1230 2439 1284 ostendit
2486 1229 2631 1300 quin
2691 1229 2958 1284 Christus
2990 1230 3063 1284 iis
3119 1231 3296 1284 etiam
3330 1230 3484 1284 hanc
3516 1231 3616 1285 Dei
3649 1249 3745 1286 vo-

2080 1320 2372 1375 luntatem
2404 1320 2739 1390 patefacere
2770 1320 3023 1376 voluerit
3055 1337 3068 1386 ;
3129 1337 3281 1391 quos
3339 1320 3583 1374 interim
3615 1337 3742 1376 cer-

2082 1409 2260 1463 tiores
2293 1408 2452 1478 facit,
2505 1410 2629 1464 liaac
2679 1427 2741 1464 se
2773 1426 2891 1464 non
2946 1410 3275 1464 secundum
3315 1426 3576 1477 carnem,
3639 1411 3744 1465 sed

2079 1504 2341 1553 mentem
2373 1499 2473 1552 Dei
2497 1498 2825 1569 scripsisse.
2864 1498 3018 1553 Nihil
3055 1499 3235 1570 igitur
3286 1499 3349 1553 in
3390 1499 3648 1570 epistola
3670 1501 3746 1554 ad

2081 1589 2377 1642 Romanos
2405 1587 2476 1641 de
2511 1604 2717 1642 eorum
2768 1593 3061 1658 potestate
3093 1586 3319 1642 dictum
3353 1591 3462 1655 est,
3499 1589 3658 1658 quod
3704 1605 3740 1642 a

2081 1675 2135 1732 S.
2170 1677 2395 1748 Ignatio
2427 1677 2605 1732 scribi
2638 1694 2758 1731 non
2794 1677 3004 1748 potuit.

2161 1777 2361 1847 Capite
2388 1779 2453 1829 23
2490 1775 3070 1848 interpolationibus,
3097 1781 3199 1831 aut
3229 1776 3448 1846 spuriis
3501 1778 3742 1847 perstri-

2097 1865 2477 1929 ctis,unicum
2495 1871 2911 1937 argumentum
2925 1864 3206 1920 adversus
3222 1870 3524 1920 auctorem
3547 1866 3746 1937 ipsum

2094 1957 2368 2023 cuditur;
2399 1956 2556 2027 quod
2587 1956 2657 2010 ab
2691 1972 2761 2011 ea
2786 1973 2848 2010 re
2878 1957 3307 2027 petitur,quam
3349 1973 3470 2011 non
3502 1973 3536 2011 a
3565 1957 3752 2028 gravi-

2095 2051 2214 2100 tate
2243 2046 2521 2116 martyris
2563 2045 2881 2100 abhorrere
2939 2046 3178 2115 fatetur,
3213 2046 3314 2100 sed
3374 2063 3408 2100 a
3431 2046 3657 2117 judicio
3690 2052 3753 2102 et

2096 2137 2607 2207 sapientia_neque
2636 2136 2851 2190 abillis
2884 2136 3123 2206 quidem
3159 2136 3437 2204 multum,
3463 2135 3567 2190 sed
3598 2153 3748 2190 non-

2095 2225 2404 2280 nihil.ch
2436 2232 2634 2280 autem
2660 2225 2871 2296 judicii
2902 2231 2965 2280 et
3004 2226 3311 2296 sapientiae
3351 2225 3619 2281 defectus
3678 2244 3750 2281 ex

2096 2314 2410 2385 prudentia
2441 2314 2882 2385 interpolatoris
2906 2315 3200 2386 detegitur
3247 2315 3746 2386 perspiciturque.

2093 2403 2676 2471 lta,scilicet,Dallaeo
2708 2407 2913 2458 auctor
2944 2405 3209 2474 epistolae
3232 2405 3496 2476 ineptus,
3529 2405 3752 2476 impru-

2094 2494 2242 2548 dens
2275 2493 2584 2562 sciolus,in
2612 2510 2728 2564 quo
2772 2493 2920 2547 nihil
2961 2493 3077 2548 tale
3108 2494 3370 2566 reperire
3430 2502 3753 2566 potuerunt

2093 2583 2493 2653 antiquissimi
2554 2585 2794 2649 Patres;
2829 2582 3218 2653 interpolator
3256 2589 3456 2640 autem
3514 2590 3743 2655 acutus,

2092 2672 2376 2742 prudens,
2407 2678 2482 2739 et,
2525 2672 2680 2742 quod
2714 2672 2930 2726 mirum
2965 2677 3072 2740 est,
3107 2673 3283 2726 etiam
3332 2673 3522 2740 fortis,
3569 2675 3742 2745 cujus

2094 2762 2347 2833 ineptias
2377 2779 2583 2817 omnes
2613 2763 2832 2817 vident.
2869 2762 2979 2816 Sed
3021 2762 3162 2832 quid
3187 2763 3428 2819 tandem
3452 2765 3594 2820 illud
3625 2771 3738 2832 est,

2093 2854 2250 2922 quod
2281 2854 2427 2908 adeo
2454 2871 2488 2907 a
2511 2851 2739 2924 judicio
2765 2859 2824 2906 et
2855 2853 3151 2922 sapientia
3203 2855 3258 2909 S.
3321 2856 3596 2924 martyris
3641 2855 3742 2910 ab-

2090 2946 2339 3000 horret?
2368 2943 2520 2998 lllud
2552 2959 2764 3014 nempe
2805 2944 2964 3013 quod
3021 2943 3369 3015 polliceatur
3427 2961 3486 2998 se
3519 2960 3734 2999 secun-

2089 3037 2229 3091 dum
2263 3034 2531 3088 libellum
2555 3032 2627 3086 ad
2657 3033 2942 3102 Ephesios
2973 3033 3316 3089 missurum.
3347 3035 3460 3087 Hoc
3475 3033 3730 3104 pruden-

2090 3125 2207 3191 tim,
2232 3124 2344 3178 hoc
2377 3121 2685 3193 sapientiaa
2719 3122 2772 3175 S.
2806 3122 3011 3192 Ignatii
3049 3121 3253 3178 ofﬁcit.
3305 3123 3444 3176 Nam
3478 3122 3539 3175 in
3586 3123 3734 3176 assi-

2087 3215 2203 3270 dua
2244 3213 2630 3268 meditatione
2682 3213 2912 3280 mortis,
2961 3220 3019 3268 et
3075 3214 3232 3268 inter
3308 3213 3732 3284 leopardorum

2086 3305 2423 3359 vexationes
2454 3303 2566 3357 hoc
2596 3301 2887 3373 polliceri,
2912 3303 3160 3358 stultum
3199 3308 3375 3359 esset.

2157 3404 2508 3472 Priusquam
2559 3401 2686 3455 haec
2732 3417 2985 3456 censura
3015 3401 3385 3469 admittatur,
3435 3402 3741 3457 videamus

2085 3493 2228 3564 quid
2258 3490 2567 3563 promittit,
2587 3497 2645 3545 et
2673 3490 3166 3561 quomodo.Quod
3187 3493 3481 3562 promittit
3511 3500 3598 3547 est
3616 3489 3739 3545 δεύ-

2082 3599 2236 3653 τερον
2269 3573 2571 3653 βιϐλίδιον,
2606 3601 2634 3629 ‹‹
2663 3579 2961 3635 secundus
2982 3580 3240 3644 libellus,
3273 3602 3300 3629 ››
3325 3581 3442 3635 sive
3461 3581 3736 3650 epistola,

2088 3665 2384 3744 βιϐλίδιον,
2409 3668 2651 3740 quidem
2676 3668 2926 3738 quodvis
2948 3667 3298 3739 scriptulum
3331 3669 3644 3738 Graecis,ut
3661 3687 3736 3724 ex

2085 3759 2400 3815 Plutarcho
2432 3757 2858 3829 constat,apud
2892 3774 3067 3828 quem
3102 3757 3160 3810 in
3201 3757 3332 3812 Vita
3366 3759 3610 3813 Cimonis
3631 3759 3738 3813 de-

2083 3849 2425 3904 scribuntur
2455 3848 2583 3903 Chii
2609 3865 2621 3902 :
2652 3843 2970 3916 Τςξεύοντες
3005 3845 3136 3918 ὑπὲρ
3165 3846 3230 3899 τὰ
3274 3844 3434 3919 τείχη
3483 3841 3735 3920 βιϐλίδια

2081 3935 2444 4011 προσκείμενα
2500 3941 2617 3997 τοῖς
2648 3933 2873 4000 ὀϊστοῖς,
2913 3957 2940 3985 ‹‹
2990 3934 3290 3990 libellulos
3347 3937 3580 4008 sagittis
3630 3953 3739 3991 an-

2081 4045 2268 4084 nexos
2295 4045 2473 4099 super
2503 4043 2706 4082 muros
2737 4027 3055 4080 mittentes.
3095 4048 3122 4076 ››
3153 4028 3335 4082 Vocat
3356 4033 3556 4082 autem
3580 4028 3736 4082 hanc

2082 4117 2390 4188 epistolam
2423 4132 2600 4187 quam
2634 4121 2774 4170 tunc
2804 4115 3062 4185 scripsit,
3119 4114 3389 4170 libellum
3449 4117 3733 4187 primum,

2083 4206 2241 4277 quod
2271 4210 2428 4262 esset
2457 4205 2687 4260 caeteris
2719 4221 2865 4274 quas
2926 4203 3165 4276 scripsit
3219 4205 3396 4275 paulo
3446 4205 3736 4275 prolixior

2083 4297 2171 4367 (ut
2199 4297 2594 4366 Hieronymus
2625 4293 2975 4363 Augustino,
3010 4294 3181 4365 epist.
3215 4296 3282 4348 89
3308 4311 3320 4349 :
3352 4295 3535 4348 «Tres
3557 4292 3736 4347 simul

2080 4387 2383 4458 epistolas,
2418 4386 2534 4439 imo
2586 4383 2842 4450 libellos,
2874 4401 2981 4454 per
3012 4385 3329 4439 diaconum
3375 4383 3735 4455 Cyprianum

2080 4480 2194 4530 tuae
2225 4473 2583 4548 dignationis
2611 4472 2809 4542 accepi
2849 4488 2861 4538 ;
2893 4494 2921 4521 »
2964 4477 3021 4526 et
3047 4473 3222 4544 epist.
3253 4476 3284 4527 2
3319 4489 3332 4526 :
3368 4494 3394 4522 ‹‹
3443 4471 3733 4527 Libellum

315 4583 448 4621 rum
469 4565 783 4620 verborum
808 4581 1040 4629 sensus,
1074 4589 1100 4614 «
1129 4566 1306 4621 Vobis
1329 4567 1566 4636 quidem
1598 4566 1655 4620 id
1691 4568 1849 4638 quod
1881 4586 1976 4623 cu-
2005 4554 2049 4618 Ι)
2082 4565 2238 4620 hunc
2270 4563 2468 4618 libello
2501 4563 2629 4632 ejus
2661 4561 2958 4632 copulato,
3019 4584 3046 4610 ››
3111 4562 3182 4615 de
3240 4561 3469 4616 duabus
3523 4561 3733 4632 primis

318 4656 460 4729 pitis
495 4654 729 4709 efﬁcere
754 4654 1052 4724 placidum
1087 4659 1145 4709 et
1174 4661 1514 4725 promptum
1541 4671 1553 4721 ;
1586 4657 1732 4710 mihi
1770 4663 1968 4713 autem

316 4751 434 4803 Deo
466 4763 587 4802 non
609 4745 786 4818 potiri
811 4745 1049 4812 durum,
1066 4763 1235 4818 grave
1263 4751 1320 4800 et
1342 4745 1660 4802 molestum
1685 4749 1892 4803 foret.»

385 4839 511 4892 Non
529 4835 708 4907 igitur
728 4839 973 4905 apparet
995 4840 1296 4889 auctorem
1330 4835 1594 4905 epistolas
1625 4837 1846 4892 dixisse
1862 4840 1970 4892 Ro-

315 4941 524 4980 manes
557 4922 759 4978 ﬁdeles
793 4922 961 4977 facile
974 4923 1237 4994 potuisse
1251 4924 1544 4994 Ignatium
1565 4940 1598 4978 a
1621 4925 1966 4980 mortelibe-

311 5021 576 5083 rare,aut
606 5031 735 5070 eam
761 5014 1066 5083 nullam,si
1091 5014 1173 5068 illi
1207 5015 1802 5087 vellent,fore.Neque
1824 5018 1967 5072 veri-

313 5105 509 5160 simile
541 5109 630 5159 est
661 5105 1012 5176 scriptorem
1044 5103 1105 5158 id
1135 5103 1584 5174 voluisse,quod
1607 5121 1705 5160 eos
1728 5107 1801 5160 ad
1818 5123 1967 5161 mar-

314 5199 505 5264 tyrem
527 5193 903 5248 liberandum
919 5193 1169 5248 invitare
1193 5193 1517 5248 etexcitare
1543 5193 1966 5261 videatur,cum

314 5283 426 5338 hoc
459 5282 739 5338 omnibus
770 5300 901 5353 quas
934 5284 991 5338 in
1052 5299 1121 5338 ea
1179 5282 1432 5354 epistola
1463 5282 1610 5338 adeo
1662 5284 1880 5354 premit
1911 5289 1968 5336 et

313 5373 1086 5442 persequitur,contrarium
1115 5373 1206 5427 sit.
1231 5374 1346 5427 Aut
1376 5372 1423 5426 si
1449 5387 1579 5427 eam
1611 5377 1966 5442 potestatem

315 5462 571 5531 scriptor
603 5463 886 5530 innuerit,
921 5478 1227 5533 nunquam
1263 5461 1561 5516 constabit
1599 5461 1752 5516 hanc
1806 5461 1967 5516 Chri-

315 5549 528 5604 stianis
560 5552 759 5605 Romae
811 5551 1147 5606 constitutis
1187 5549 1333 5604 adeo
1385 5567 1506 5605 non
1565 5549 1964 5620 competiisse,

315 5644 385 5699 ut
415 5637 471 5695 S.
502 5638 770 5711 lgnatius
803 5655 931 5696 eam
963 5640 1164 5697 animo
1195 5638 1508 5710 concipere
1531 5644 1590 5695 et
1613 5653 1810 5695 veram
1837 5654 1966 5693 esse

2081 4653 2386 4724 epistolis),
2421 4652 2713 4723 promittit
2743 4667 2805 4705 se
2839 4650 3164 4706 secundum
3181 4651 3357 4705 etiam
3382 4651 3728 4706 missurum.

2079 4742 2383 4809 Quomodo
2413 4747 2610 4796 autem
2642 4740 2982 4813 promittit?
3003 4757 3123 4795 non
3158 4740 3451 4809 absolute,
3488 4739 3589 4794 sed
3622 4739 3730 4794 sub

2078 4834 2418 4890 conditione
2449 4849 2568 4887 non
2601 4848 2736 4887 una.
2769 4831 2994 4898 Primo,
3019 4831 3066 4885 si
3126 4833 3280 4886 Deus
3313 4831 3590 4896 voluerit,
3637 4828 3727 4882 ἐὰν

2078 4921 2296 4994 Οέλημα
2326 4923 2383 4992 ᾗ,
2418 4921 2699 4988 secundo,
2753 4921 2801 4974 si
2860 4920 3156 4992 intelligat
3212 4919 3499 4991 Ephesios
3528 4920 3609 4974 ita
3667 4936 3728 4973 se

2075 5013 2318 5080 habere,
2352 5017 2416 5066 ut
2443 5010 2517 5065 ad
2568 5011 2725 5081 ipsos
2788 5026 2856 5064 ea
2910 5027 3039 5080 quae
3073 5009 3396 5065 meditatus
3443 5014 3591 5074 erat,
3624 5025 3733 5080 par

2079 5107 2232 5158 esset
2261 5101 2539 5156 scribere.
2564 5101 2690 5154 Non
2724 5100 2850 5155 hinc
2894 5099 3293 5155 temeritatem
3316 5103 3416 5153 aut
3440 5097 3732 5167 insipien-

2077 5190 2370 5258 tiam,sed
2422 5189 2700 5260 pietatem
2731 5195 2788 5244 et
2843 5188 3223 5259 prudentiam
3274 5187 3530 5258 sapiunt,
3565 5185 3612 5240 si
3673 5191 3734 5239 et

2077 5278 2408 5345 materiam,
2425 5284 2482 5332 et
2503 5278 2746 5333 modum
2765 5276 3207 5348 pollicitationis
3223 5273 3580 5330 consideres.
3616 5273 3731 5328 Sed

2078 5368 2359 5430 conditio,
2420 5367 2676 5438 inquies,
2713 5372 2770 5422 et
2799 5366 3031 5422 affectio
3062 5363 3344 5433 martyris
3397 5362 3735 5434 impediunt

2079 5475 2193 5528 quo
2219 5457 2414 5512 minus
2433 5456 2611 5512 etiam
2635 5454 2742 5510 sub
2759 5453 2874 5509 illis
2893 5451 3334 5509 conditionibus
3374 5452 3683 5523 promittat
3715 5468 3727 5506 :

2080 5572 2106 5599 ((
2155 5548 2395 5604 assidua
2420 5547 2643 5602 scilicet
2665 5545 2970 5600 meditatio
2994 5543 3226 5612 mortis,
3245 5543 3731 5615 etleopardorum

2077 5638 2438 5695 vexationes.
2464 5658 2500 5688 φ)
2525 5638 2648 5692 Imo
2671 5651 2806 5691 vero
2829 5632 2996 5692 nullo
3015 5631 3536 5692 modo.Eratenim
3551 5633 3613 5689 in
3630 5631 3729 5688 illo
