4064 6134
279 292 380 354 393

1016 291 1074 356 Ι.
1119 292 1533 357 PEARSONII
1577 295 1959 360 VINDICLE
2001 297 2476 360 IGNATIANE.
2523 332 2600 345 -—
2642 299 2846 362 PARS
2889 299 2968 362 II.

3589 302 3715 365 394

282 429 470 482 sancto
504 431 773 500 martyre
807 441 941 484 cum
971 425 1092 484 zelo
1124 426 1228 485 Dei
1283 433 1340 485 et
1369 446 1511 486 cura
1541 431 1929 488 ecclesiarum
1959 432 2013 502 Α
2043 433 2401 506 martyribus
2431 434 2786 504 incertis,ne
2810 437 3310 496 consuetudinem
3326 446 3702 512 quaerant,ne

285 519 593 591 conjuncta
624 519 838 575 mortis
860 519 1167 576 meditatio
1194 537 1208 589 ;
1235 537 1428 593 neque
1454 522 1707 578 aliorum
1735 524 1931 579 minus

287 626 449 682 quam
475 624 647 664 suam
674 608 927 664 salutem
945 610 1268 681 spectabat.
1291 611 1509 667 Eadem
1533 613 1732 684 itaque
1754 630 1933 669 causa

287 717 405 772 quae
435 705 500 754 ut
521 699 781 770 primam
813 701 1124 772 epistolam
1154 702 1228 756 ad
1253 703 1544 774 Ephesius
1568 704 1934 773 mitteret,ut

287 789 600 846 secundam
633 789 902 862 insuper,
932 791 1326 862 promitteret,
1351 792 1399 846 si
1421 810 1568 864 opus
1591 798 1766 861 esset,
1790 811 1930 850 san-

287 886 435 936 ctum
468 880 662 936 virum
694 880 1094 952 permovebat.
1142 881 1254 936 Sed
1302 882 1460 936 inter
1511 883 1930 954 leopardorum

285 971 614 1026 vexationes
646 971 759 1025 hoc
807 971 1106 1042 sapienter
1146 971 1494 1042 promittere
1538 988 1658 1026 non
1711 973 1922 1043 potuit.

285 1059 491 1126 Quidni
513 1060 635 1114 ?an
668 1061 769 1130 qui
801 1075 981 1115 unam
1004 1061 1129 1132 jam
1163 1061 1485 1133 scripserat
1523 1059 1830 1132 epistolam
1864 1061 1926 1115 in

285 1151 551 1208 manibus
583 1150 866 1217 militum,
900 1168 1047 1222 quos
1078 1151 1389 1223 leopardos
1437 1156 1624 1219 vocat,
1675 1150 1923 1208 alteram

286 1242 536 1298 scribere
566 1259 688 1297 non
719 1242 960 1314 potuit?

350 1333 418 1387 Ut
437 1332 564 1387 haec
585 1332 841 1403 objectio
862 1332 1034 1404 plene
1049 1337 1104 1387 et
1134 1333 1445 1405 perspicue
1469 1332 1747 1404 solvatur,
1784 1333 1926 1388 satis

281 1420 388 1475 erit
416 1421 756 1490 observare,
789 1422 1122 1477 vexationes
1153 1421 1434 1490 militum,
1458 1439 1712 1494 quorum
1737 1425 1929 1477 custo-

279 1517 383 1575 diae
413 1519 788 1575 confessores
818 1518 1224 1588 tradebantur,
1255 1535 1290 1574 a
1318 1519 1668 1574 Christianis
1710 1519 1922 1574 redimi

277 1609 473 1665 solitas
507 1627 659 1666 esse.
694 1612 765 1665 Et
795 1609 1035 1682 quidem
1067 1610 1128 1666 in
1158 1610 1316 1666 hunc
1347 1611 1550 1677 tinem,
1585 1627 1702 1682 quo
1734 1610 1924 1668 laxius

277 1700 733 1770 custodirentur,
784 1704 843 1756 et
888 1700 1166 1756 liberiore
1210 1701 1552 1758 fruerentur
1597 1717 1854 1770 carcere,
1891 1718 1927 1757 a

2041 523 2254 579 taedeat
2282 524 2434 594 vitae,
2466 542 2540 581 ne
2579 543 2731 582 nova
2762 526 3135 584 abstinentia)
3170 529 3487 602 disciplina
3515 548 3698 588 scan-

2040 612 2387 682 dalizentur,
2422 632 2600 686 quam
2649 633 2758 672 nec
2809 617 2910 672 ille
2960 618 3276 688 Pristinus,
3332 625 3526 675 vester
3584 639 3706 678 non

2040 701 2408 757 Christianus
2435 707 2679 775 martyr,
2729 705 3041 776 attigerat:
3077 723 3254 776 quem
3301 712 3360 762 et
3408 708 3688 765 facultate

2037 790 2321 846 custodia)
2337 790 2532 846 liberae
2548 792 2896 863 aliquandiu
2911 793 3424 862 fartum,omnibus
3447 798 3696 869 balneis,

2040 879 2209 950 quasi
2241 880 2594 952 baptismate
2628 881 2994 951 melioribus,
3029 889 3086 938 et
3117 886 3395 940 omnibus
3416 887 3689 958 luxurias,

2039 969 2392 1036 secessibus,
2418 971 2585 1040 quasi
2601 972 2876 1026 Ecclesiae
2893 973 3400 1044 secretioribus,et
3416 978 3692 1032 omnibus

2035 1057 2167 1112 vitae
2198 1058 2370 1114 istius
2412 1059 2732 1128 illecebris,
2785 1061 2953 1132 quasi
3004 1068 3239 1118 aeternae
3297 1064 3685 1136 dignioribus,

2035 1149 2146 1203 hoc
2179 1153 2320 1220 puto
2352 1149 2676 1219 obligatum
2709 1167 2782 1206 ne
2814 1153 2964 1206 mori
2998 1153 3193 1210 vellet.
3233 1174 3254 1204 ι
3293 1155 3455 1210 Idem
3489 1160 3688 1212 tamen

2035 1238 2432 1294 Tertullianus
2463 1241 2554 1294 Ad
2583 1248 2852 1310 martyres
2893 1258 3018 1313 cap.
3060 1246 3108 1309 l,
3141 1243 3213 1298 de
3245 1244 3452 1299 eadem
3483 1247 3689 1302 Eccle-

2038 1337 2139 1391 sim
2171 1337 2604 1393 consuetudine
2627 1339 2891 1394 sedatius
2913 1340 3180 1411 loquitur
3210 1359 3222 1396 :
3253 1365 3272 1391 α
3307 1344 3468 1398 Inter
3489 1348 3683 1401 carnis

2032 1426 2338 1495 alimenta,
2373 1427 2671 1484 benedicti
2701 1434 2992 1501 martyres
3015 1430 3329 1503 designati,
3365 1450 3495 1504 qua:
3516 1436 3683 1491 vobis

2032 1521 2091 1570 et
2121 1515 2363 1572 domina
2389 1522 2584 1572 mater
2631 1520 2915 1588 Ecctesia,
2979 1524 3036 1574 et
3085 1521 3300 1593 singuli
3350 1523 3563 1579 fratres
3616 1526 3686 1580 de

2029 1605 2238 1677 opibus
2269 1606 2392 1660 suis
2440 1608 2697 1678 propriis
2747 1608 2807 1662 in
2858 1625 3157 1664 carcerem
3208 1611 3686 1683 subministrant,

2027 1695 2216 1766 capite
2249 1695 2476 1764 aliquid
2508 1701 2566 1750 et
2597 1712 2630 1751 a
2668 1696 2840 1752 nobis
2873 1697 3031 1768 quod
3061 1698 3240 1754 faciat
3281 1700 3355 1755 ad
3406 1703 3683 1773 spiritum

275 1789 550 1846 fidelibus
595 1806 736 1862 opes
797 1791 1210 1862 erogabantur,
1261 1796 1387 1847 tum
1426 1796 1494 1847 ut
1550 1792 1921 1848 confessores
1949 1808 1997 1874 Β
2029 1801 2264 1856 quoque
2297 1783 2695 1840 educandum.
2732 1808 2759 1834 η
2783 1788 2851 1841 Et
2882 1803 3010 1858 cap.
3045 1791 3078 1841 2
3107 1805 3118 1842 :
3154 1810 3182 1839 ί(
3215 1790 3409 1860 Ipsam
3440 1791 3681 1848 interim

273 1879 429 1952 ipsos
459 1880 712 1948 alerent,
747 1885 870 1936 tum
899 1886 965 1936 ut
1001 1880 1314 1937 custodum
1335 1880 1715 1953 iniquitatem
1737 1881 1920 1953 largi-

267 1969 529 2026 tionibus
543 1969 1375 2041 mitigarent.Antiquissimus
1394 1971 1926 2043 locupletissimus-

269 2078 379 2134 que
401 2062 619 2117 harum
640 2077 840 2117 rerum
855 2061 1023 2118 testis
1044 2065 1135 2118 est
1163 2061 1604 2118 interethnicos
1627 2063 1921 2118 Lucianus

266 2155 329 2209 in
359 2152 615 2226 epistola
642 2152 712 2208 de
730 2158 918 2209 morte
942 2153 1265 2226 Peregrini.
1289 2157 1610 2226 Postquam
1635 2154 1798 2210 enim
1820 2154 1922 2209 ille

265 2245 326 2300 in
359 2261 666 2303 carcerem
692 2245 996 2317 conjectus
1023 2251 1132 2314 est,
1154 2246 1352 2302 statim
1383 2245 1572 2302 viduae
1597 2245 1920 2318 etorphani

265 2333 338 2390 ad
368 2334 531 2389 fores
564 2335 820 2402 carceris
851 2334 1264 2401 convolabant,
1296 2332 1347 2387 oi
1376 2329 1422 2388 δ’
1453 2331 1504 2387 ἐν
1537 2332 1680 2388 τέλει
1740 2331 1916 2389 αὐτῶν

262 2422 354 2475 καὶ
383 2417 773 2485 συνεκάθευδον
806 2417 952 2476 ἔνδον
985 2423 1100 2494 μετ’
1131 2421 1294 2476 αὐτοῦ
1351 2418 1751 2497 διαφθείροντες
1791 2422 1918 2484 τοὺς

266 2508 716 2587 δεσμοφύλακας·
777 2511 897 2565 εἶτα
964 2507 1152 2565 δεῖπνα
1232 2510 1456 2566 ποικίλα
1526 2510 1916 2584 εἰσεκομίζετο,

259 2601 357 2655 καὶ
388 2599 547 2674 λόγοι
580 2599 717 2674 ἱεροὶ
753 2599 926 2654 αὐτῶν
955 2597 1233 2674 ἐλέγοντο.
1270 2624 1298 2652 ‹‹
1320 2602 1689 2674 Magistratus
1719 2607 1917 2658 autem

265 2707 477 2747 eorum
501 2690 667 2762 (puta
688 2691 872 2746 sacris
913 2689 1221 2746 ordinibus
1253 2691 1492 2758 initiati,
1525 2693 1626 2763 qui
1659 2687 1915 2766 ἂρχοντες

262 2786 398 2837 tum
421 2779 788 2846 dicebantur)
804 2780 1158 2836 etiamintus
1181 2797 1314 2836 cum
1337 2798 1406 2837 eo
1429 2781 1920 2836 condormiebant

274 2869 614 2926 custodibus
644 2871 940 2942 corruptis
965 2886 977 2926 :
1012 2869 1147 2925 dein
1179 2887 1357 2927 coma)
1378 2871 1551 2926 varia:
1574 2870 1915 2926 introduce-

272 2958 506 3028 bantur,
530 2965 587 3014 et
604 2960 756 3015 sacri
784 2976 989 3015 eorum
1011 2976 1318 3015 sermones
1337 2959 1705 3016 dicebantur.
1723 2979 1750 3012 ι
1768 2962 1914 3015 Ecce

263 3050 705 3107 vetutissimum
750 3051 1028 3106 Ecclesiae
1076 3067 1303 3106 morem
1354 3051 1450 3108 hic
1495 3051 1784 3107 habemus
1843 3049 1914 3106 ab

265 3141 508 3196 ethnico
531 3139 929 3214 descriptum;
953 3140 1130 3196 ubiin
1158 3158 1391 3197 carcere
1424 3158 1622 3215 agapae
1653 3142 1917 3198 celebra-

253 3230 703 3300 bantur,viduae
734 3236 794 3287 et
818 3231 1067 3304 orphani
1098 3231 1584 3300 alebantur,ritus
1597 3233 1915 3289 Christiani

258 3339 293 3379 a
321 3322 675 3379 custodibus
724 3321 1016 3394 redempti
1056 3327 1214 3378 sunt.
1257 3319 1358 3376 Καὶ
1407 3321 1513 3394 μὴν
1567 3322 1656 3376 καὶ
1703 3327 1810 3377 τῶν
1862 3322 1915 3377 ἐν

251 3413 419 3485 Ἀσίᾳ
469 3413 691 3470 πόλεων
740 3408 880 3468 ἔστιν
929 3413 1002 3468 ὧν
1043 3413 1177 3483 ἧκόν
1208 3433 1372 3484 τινες,
1419 3417 1526 3469 τῶν
1575 3415 1916 3487 Χριστιανῶν

259 3501 614 3558 στελλόντων
646 3500 750 3556 ἀπὸ
780 3504 876 3556 τοῦ
906 3505 1112 3570 κοινοῦ,
1147 3502 1516 3576 βοηθήσοντες
1561 3501 1651 3556 καὶ
1695 3505 1920 3577 ξυναγα-

263 3591 554 3667 ρεύσοντες
582 3591 673 3646 καὶ
705 3593 1228 3665 παραμυθησομενοι
1279 3591 1372 3646 τὸν
1426 3587 1609 3666 ἄνδρα.
1658 3615 1687 3642 ‹‹
1717 3594 1916 3666 Aliqui

256 3684 444 3741 etiam
481 3700 553 3739 ex
585 3682 942 3755 quibusdam
972 3683 1125 3738 Asiae
1156 3683 1487 3739 civitatibus
1531 3691 1840 3754 venerunt,
1887 3703 1916 3742 e

259 3774 572 3831 communi
604 3772 982 3828 mittentibus
1013 3771 1383 3844 Christianis,
1417 3773 1519 3844 qui
1562 3790 1695 3829 vero
1747 3791 1918 3848 opem

263 3863 500 3919 ferrent
529 3862 847 3934 ipsumque
881 3859 1268 3917 defenderent
1298 3865 1358 3917 et
1386 3861 1854 3919 consolarentur.
1889 3885 1918 3915 »

262 3956 339 4011 Et
366 3956 482 4011 hoc
512 3955 695 4010 etiam
726 3953 896 4011 docet
924 3953 1145 4009 factum
1179 3969 1306 4010 esse
1339 3970 1408 4009 ex
1438 3970 1603 4010 more
1643 3955 1918 4012 Ecclesiae

264 4045 643 4103 Christianae.
669 4044 992 4117 ’Δμήχανον
1023 4039 1080 4097 δέ
1106 4064 1159 4098 τι
1200 4043 1262 4097 τὸ
1308 4042 1481 4117 τάχος
1530 4041 1920 4100 ἐπιδείκνυνται

262 4132 486 4190 ἐπειδάν
507 4154 562 4188 τι
591 4135 843 4188 τοιοῦτον
891 4133 1114 4206 γὲνηται
1165 4129 1451 4205 δημόσιον,
1482 4131 1535 4186 ἐν
1572 4133 1772 4208 βραχεῖ
1816 4135 1921 4210 γὰρ

261 4220 546 4301 ἀφειδοῦσι
578 4221 820 4278 πάντων.
853 4244 883 4274 κ
914 4222 1330 4280 Incredibilem
1371 4227 1570 4280 autem
1601 4225 1920 4296 quamdam

263 4315 635 4373 celeritatem
667 4313 1007 4382 ostendunt,
1042 4314 1090 4369 si
1122 4313 1265 4386 quid
1297 4315 1408 4370 tale
1439 4313 1745 4387 publicum
1781 4335 1923 4372 con-

262 4406 473 4479 tingat.
506 4405 675 4460 Illico
700 4404 860 4459 enim
904 4403 1054 4459 nulli
1105 4403 1188 4458 rei
1218 4408 1484 4476 parcunt.
1517 4424 1545 4454 »
1581 4403 1677 4458 Καὶ
1708 4401 1773 4474 δὴ
1831 4402 1921 4460 καὶ

261 4499 344 4566 τῷ
374 4491 686 4568 Περεγρίνῳ
715 4490 902 4547 πολλᾶ
939 4491 1062 4545 τότε
1112 4494 1210 4560 ἧκε
1259 4493 1525 4569 χρήματα
1566 4495 1694 4567 παρ’
1739 4491 1914 4550 αὒτῶν

265 4583 355 4640 ἰπὶ
385 4581 657 4660 προφάσει
709 4584 818 4636 τῶν
869 4578 1102 4654 δεσμῶν,
1142 4581 1231 4636 καὶ
1284 4579 1553 4656 πρόσοδον
1605 4581 1666 4637 οὐ
1719 4586 1914 4658 μικρὰν

262 4670 471 4742 ταύτην
501 4670 825 4741 ἐποιήσατο.
862 4693 892 4724 ‹‹
923 4671 1175 4728 Proinde
1206 4671 1523 4744 Peregriuo
1553 4676 1696 4729 tunc
1717 4675 1920 4732 multa;

261 4764 537 4838 pecuniae
569 4762 982 4831 mittebantur,
1017 4766 1073 4818 et
1112 4778 1233 4818 non
1257 4762 1534 4834 exiguum
1564 4769 1919 4834 proventum

261 4854 426 4910 hunc
483 4850 798 4908 lucrifecit.
835 4873 864 4900 »
923 4849 1178 4922 Insignis
1235 4848 1556 4906 admodum
1614 4852 1709 4907 hic
1751 4853 1918 4911 locus

261 4941 511 4997 Luciani
544 4945 654 5008 est,
681 4939 1053 5008 charitatem,
1085 4955 1289 4994 curam
1328 4937 1710 5011 studiumque
1757 4942 1920 4998 Chri-

260 5030 601 5087 stianorum
631 5033 898 5086 veterum
930 5045 1068 5102 erga
1096 5028 1466 5084 confessores
1509 5030 1788 5102 graphice
1820 5031 1922 5088 de-

255 5121 538 5193 pingens,
573 5120 636 5175 in
672 5135 736 5176 re
766 5118 1098 5187 notissima,
1131 5134 1263 5189 quae
1303 5117 1411 5174 sub
1457 5118 1638 5174 finem
1688 5119 1924 5194 imperii

253 5211 538 5279 Adriani,
574 5211 635 5265 in
667 5211 862 5282 prima
889 5211 1068 5282 hujus
1085 5209 1423 5282 philosophi
1446 5212 1924 5283 peregrinatione

255 5300 537 5369 contigit.
572 5298 685 5354 Sed
714 5299 1083 5355 Christianos
1113 5299 1272 5371 ipsos
1302 5297 1376 5354 de
1401 5314 1465 5352 re
1492 5298 1700 5355 eadem
1732 5301 1924 5359 disse-

251 5397 467 5449 rentes
497 5390 836 5447 audiamus.
861 5390 1257 5447 Tertullianus
1273 5391 1400 5463 jam
1432 5389 1690 5446 adultior
1704 5394 1928 5451 Monta-

249 5484 424 5539 nista
453 5480 650 5537 factus
681 5480 784 5536 lib.
810 5482 1133 5552 Dejejuniis
1155 5479 1552 5536 catholicorum
1576 5481 1926 5542 charitatem

248 5572 393 5645 ipso
455 5571 717 5628 Luciano
785 5570 1055 5627 acerbius
1111 5575 1170 5626 ct
1225 5569 1574 5625 invidiosius
1633 5572 1927 5644 sugillat:

253 5685 277 5714 ι
316 5660 514 5720 Plane
532 5665 798 5718 vestrum
831 5665 920 5718 est
936 5662 999 5718 in
1021 5660 1366 5718 carceribus
1387 5659 1637 5732 popinas
1651 5663 1929 5721 exhibere

594 5782 860 5843 PATEOL.
910 5781 1020 5842 Gn.
1068 5779 1141 5841 V.

2030 1874 2540 1930 conversationem
2572 1874 2772 1929 saeculi
2807 1879 2864 1929 et
2896 1876 3150 1932 carceris
3181 1883 3683 1951 comparemus,si

2027 1979 2150 2019 non
2181 1963 2314 2036 plus
2346 1964 2406 2019 in
2439 1980 2674 2020 carcere
2707 1965 2949 2037 spiritus
2983 1967 3256 2038 acquirit,
3316 1985 3494 2038 quam
3543 1988 3680 2028 caro

2028 2054 2247 2109 amittit
2274 2070 2288 2108 :
2322 2054 2441 2110 imo
2475 2058 2533 2110 et
2562 2071 2692 2126 quaa
2714 2055 2883 2127 justa
2914 2060 3071 2124 sunt,
3107 2073 3241 2112 caro
3273 2075 3396 2114 non
3437 2061 3680 2128 amittit,

2025 2160 2132 2215 per
2161 2159 2364 2199 curam
2396 2143 2693 2211 Ecclesiae,
2726 2160 2952 2217 agapen
2985 2146 3258 2202 fratrum.
3290 2169 3318 2197 ››
3353 2149 3450 2203 Hae
3481 2150 3679 2205 Eccle-

2027 2233 2128 2288 siae
2161 2238 2217 2287 et
2243 2233 2511 2290 ﬁdelium
2546 2249 2687 2305 opes
2719 2234 2984 2289 diaconis
3008 2235 3541 2308 concredebantur,
3575 2241 3681 2310 qui

2025 2323 2396 2378 confessores
2430 2327 2487 2376 et
2517 2322 2766 2378 consilio
2790 2323 3090 2394 juvarent,
3120 2328 3178 2378 et
3206 2324 3362 2379 victu
3390 2331 3682 2384 sustenta-

2022 2417 2176 2481 rent,
2210 2418 2267 2468 et
2296 2429 2331 2469 a
2361 2413 2674 2469 custodum
2726 2413 3038 2484 iniquitate
3092 2414 3228 2472 dato
3279 2418 3469 2488 pretio
3519 2419 3683 2476 redi-

2022 2515 2274 2565 merent.
2307 2510 2656 2565 Tertulliani
2686 2527 2804 2564 aevo
2837 2511 2892 2564 S.
2944 2513 3236 2584 Perpetua
3286 2515 3346 2570 in
3396 2516 3675 2586 passione

2022 2614 2166 2654 sua:
2198 2621 2227 2649 «
2263 2599 2347 2653 lbi
2377 2603 2515 2654 tunc
2563 2599 2791 2654 Tertius
2852 2605 2909 2655 et
2959 2603 3324 2674 Pomponius
3375 2604 3675 2662 benedicti

2023 2688 2279 2755 diaconi,
2341 2688 2442 2759 qui
2501 2687 2673 2743 nobis
2731 2687 3171 2756 ministrabant,
3231 2694 3672 2750 constituerunt

2021 2777 2265 2849 praemio
2295 2781 2361 2832 ut
2392 2777 2598 2848 paucis
2627 2777 2790 2832 horis
2823 2778 3022 2833 emissi
3043 2779 3105 2834 in
3136 2780 3441 2836 meliorem
3470 2782 3669 2839 locum

2022 2867 2277 2923 carceris
2333 2867 2841 2940 refrigeraremus.
2877 2890 2904 2917 ››
2964 2870 3044 2924 De
3104 2872 3505 2928 vetustissima
3557 2875 3670 2929 hac

2022 2955 2453 3013 consuetudine
2486 2957 2543 3014 S.
2576 2956 2901 3029 Cyprianus
2933 2958 3184 3029 epistola
3209 2963 3264 3012 11
3289 2976 3302 3014 :
3327 2961 3447 3015 «Et
3478 2962 3673 3018 credi-

2022 3046 2226 3102 deram
2259 3045 2500 3117 quidem
2543 3046 2920 3118 presbyteros
2968 3053 3024 3103 et
3075 3048 3356 3105 diaconos
3407 3053 3507 3122 qui
3551 3053 3676 3108 illic

2025 3141 2352 3210 prmsentes
2382 3143 2540 3205 sunt,
2571 3153 2813 3192 monere
2846 3155 2944 3193 vos
2970 3139 3312 3195 etintruere
3328 3141 3676 3212 plenissime

2027 3229 2182 3284 circa
2210 3226 2509 3298 Evangelii
2541 3226 2751 3300 legem,
2785 3227 2936 3284 sicut
2967 3228 3029 3284 in
3051 3230 3419 3300 praeteritum
3447 3249 3682 3303 semper

2021 3320 2129 3376 sub
2163 3317 2644 3376 antecessoribus
2677 3318 2898 3374 nostris
2929 3319 3152 3375 factum
3187 3327 3294 3390 est,
3325 3327 3393 3377 ut
3441 3323 3676 3379 diaconi

2022 3409 2095 3466 ad
2117 3425 2417 3466 carcerem
2440 3411 2842 3464 commeantes
2864 3413 3194 3481 martyrum
3218 3409 3515 3466 desideria
3535 3429 3680 3468 con-

2022 3499 2172 3555 siliis
2195 3498 2317 3555 suis
2339 3499 2844 3570 etScripturarum
2863 3501 3174 3572 praeceptis
3198 3500 3617 3572 gubernarent.
3647 3526 3669 3556 ι

2019 3591 2203 3659 Idem,
2239 3591 2490 3662 epistola
2517 3591 2588 3645 5:
2628 3613 2656 3640 «
2688 3591 2984 3654 Quantum
3025 3591 3098 3647 ad
3144 3599 3415 3664 sumptus
3468 3610 3678 3666 sugge-

2021 3681 2240 3737 rendos
2270 3681 2388 3736 sive
2411 3679 2526 3734 illis
2551 3680 2649 3750 qui
2675 3679 2934 3752 gloriosa
2955 3697 3095 3736 voce
3113 3683 3298 3737 Deum
3326 3682 3580 3737 confessi
3613 3684 3677 3737 in

2023 3787 2260 3826 carcere
2292 3773 2430 3825 sunt
2460 3769 2789 3836 constituti,
2838 3768 2956 3824 sive
3005 3770 3079 3824 iis
3129 3771 3230 3839 qui
3281 3787 3572 3843 pauperes
3623 3789 3684 3840 et

2024 3859 2356 3932 indigentes
2387 3857 2664 3912 laborant
2689 3862 2747 3912 et
2778 3863 2978 3913 tamen
3013 3859 3074 3912 in
3108 3859 3359 3914 Domino
3407 3877 3684 3931 perseve-

2024 3951 2195 4004 rant:
2229 3952 2363 4019 peto
2396 3946 2548 4001 nihil
2599 3946 2771 4015 desit,
2829 3964 2963 4003 cum
3018 3964 3253 4003 summa
3303 3951 3495 4004 omnis
3554 3968 3683 4022 quae

2022 4037 2263 4094 redacta
2293 4041 2400 4105 est,
2433 4035 2560 4090 illic
2589 4036 2666 4090 sit
2695 4036 2852 4107 apud
2883 4035 3128 4092 clericos
3174 4038 3492 4094 distributa
3552 4057 3683 4111 pro-

2023 4132 2156 4199 pter
2214 4124 2508 4198 ejusmodi
2563 4141 2819 4180 casus.»
2883 4127 2936 4180 S.
2998 4127 3312 4198 Dionysius
3367 4128 3682 4200 episcopus

2024 4214 2484 4279 Alexandrinus,
2517 4213 2673 4285 apud
2704 4213 3042 4283 Eusebium,
3072 4215 3175 4270 lib.
3211 4232 3304 4274 vu.
3337 4234 3463 4288 cap.
3493 4219 3579 4286 11,
3601 4217 3675 4272 de

2025 4313 2279 4370 Eusebio
2328 4311 2626 4367 diacono:
2690 4305 2976 4379 Εὐσέϐιος,
3035 4311 3090 4364 δν
3149 4310 3198 4382 ἐξ
3259 4311 3438 4387 ἀρχῆς
3488 4314 3515 4368 ὁ
3549 4314 3679 4375 Θεὸς

2026 4399 2420 4474 ἐνεδονάμωσε,
2479 4399 2569 4453 καὶ
2628 4400 2993 4473 παρεσκεύασε
3049 4399 3146 4462 τὰς
3226 4401 3526 4476 ὑπηρεσίας
3577 4408 3683 4460 τῶν

2026 4490 2077 4547 ἐν
2111 4495 2229 4552 ταῖς
2261 4487 2532 4566 φυλακαῖς
2587 4487 2891 4564 γενομένων
2935 4489 3243 4564 ἐναγωνίως
3300 4491 3683 4568 ἀποπληροῦν.

2031 4605 2060 4635 ‹‹
2090 4582 2404 4650 Eusebius,
2437 4596 2614 4652 quem
2636 4581 2791 4636 Deus
2812 4581 2941 4652 jam
2967 4581 3104 4637 inde
3135 4582 3208 4637 ab
3241 4583 3408 4639 initio
3441 4584 3686 4640 robora-

2027 4673 2132 4741 vit,
2163 4671 2518 4743 impulitque
2545 4673 2610 4724 ut
2633 4670 3072 4727 confessoribus
3100 4673 3161 4728 in
3184 4674 3453 4729 custodia
3471 4675 3684 4744 positis

2028 4761 2365 4820 ministeria
2390 4765 2631 4815 strenue
2665 4760 2991 4816 exhiberet.
3027 4781 3056 4811 ››
3079 4763 3296 4817 Auctor
3322 4763 3682 4818 Constitutto-

2029 4869 2161 4908 num
2183 4851 2633 4922 apostolicarum,
2657 4848 2762 4904 lib.
2778 4866 2830 4917 v,
2855 4866 2988 4920 caq.
3025 4851 3075 4917 1,
3102 4849 3174 4906 de
3193 4851 3529 4906 confessore
3553 4868 3564 4904 :
3589 4851 3681 4918 Μὴ

2029 4939 2296 5018 παρίδητε
2329 4940 2518 5008 αὐτὸν,
2551 4938 2680 4996 ἀλλ’
2708 4938 2769 4995 ἐκ
2808 4945 2904 4996 τοῦ
2945 4941 3117 4996 κόπου
3159 4942 3248 4996 καὶ
3307 4945 3405 4996 τοῦ
3453 4937 3688 5014 ἱδρῶτος

2034 5036 2185 5108 ὑμῶν
2233 5030 2483 5105 πέμψατε
2541 5028 2689 5102 αὗτῷ
2747 5031 2823 5093 εἷς
2885 5028 3182 5110 διατροφὴν
3239 5029 3405 5087 αὐτοῦ
3463 5031 3552 5084 καὶ
3611 5029 3690 5092 εἰς

2035 5118 2384 5196 μισθοδοσίαν
2442 5123 2550 5174 τῶν
2641 5123 3007 5192 στρατιωτῶν,
3066 5119 3157 5174 ἳνα
3225 5118 3536 5198 ἐλαφρυνθῇ
3594 5119 3688 5172 καῖ

2030 5216 2347 5292 ἐπιμελείας
2377 5215 2540 5294 τύχῃ,
2573 5213 2642 5268 ἵν’
2675 5213 2801 5269 ὅσον
2830 5215 2892 5269 τὸ
2925 5213 3004 5290 ἐφ’
3053 5216 3180 5288 ὑμῖν
3231 5217 3306 5286 μή
3363 5210 3623 5286 θλίϐηται
3656 5217 3684 5267 ὁ

2038 5305 2303 5381 μακάριος
2327 5302 2561 5381 ἀδελφὸς
2597 5303 2812 5374 ὑμῶν.»
2851 5307 2931 5359 Ne
2963 5321 3098 5360 eum
3152 5305 3461 5379 negligatis
3491 5323 3504 5361 :
3541 5306 3689 5378 quin

2035 5399 2232 5471 potius
2267 5395 2484 5452 mittite
2516 5395 2569 5449 ei
2602 5411 2670 5449 ex
2702 5392 2904 5450 labore
2937 5400 2996 5451 et
3027 5395 3241 5451 sudore
3271 5401 3466 5451 vestro
3500 5395 3574 5451 ad
3605 5397 3693 5451 vi-

2037 5495 2221 5553 ctum,
2255 5492 2311 5541 et
2342 5485 2417 5542 ad
2445 5484 2781 5540 mercedem
2810 5485 3100 5540 militibus
3127 5485 3492 5555 solvendam,
3518 5491 3582 5540 ut
3603 5486 3692 5541 al-

2035 5578 2285 5634 levietur
2307 5581 2366 5632 et
2389 5581 2629 5632 curetur
2652 5599 2667 5644 ;
2693 5580 2758 5630 ut
2781 5581 3068 5646 quantum
3091 5576 3154 5631 in
3176 5576 3340 5632 vobis
3367 5577 3694 5645 est,beatus

2037 5667 2223 5724 frater
2252 5671 2446 5723 vester
2478 5682 2600 5723 non
2630 5670 2954 5738 prematur.
2993 5689 3011 5717 ιι
3063 5665 3260 5723 Victor
3311 5666 3568 5723 Vitensis
3619 5663 3690 5717 de

3299 5784 3371 5847 l3
