4064 6134
348 257 468 320 395

1420 247 1485 306 S.
1532 240 1935 307 IGNATlUS.
1987 273 2061 287 --
2101 242 2725 307 PROLEGOMENA.

3653 246 3775 308 396

353 385 919 464 Carthaginensibus
948 381 1011 440 in
1042 380 1457 456 persecutione
1487 377 1804 435 Africana:
1837 397 1867 428 ‹‹
1898 375 2010 432 Sed
2038 378 2095 446 Α
2125 383 2328 435 menta
2353 378 2561 434 dividit
2589 397 2602 448 ;
2663 395 2917 452 quorum
2968 378 3086 435 duo
3134 377 3626 451 interpolationes
3678 385 3783 437 aut

352 481 610 556 populus
628 479 969 534 memoratae
992 472 1157 530 urbis
1174 473 1235 527 in
1257 471 1509 527 Domino
1535 483 1770 539 semper
1792 465 2007 533 ﬁdelis,

355 572 494 627 dato
524 582 772 625 munere
803 562 1173 630 carcerariis,
1204 560 1299 616 die
1330 576 1397 615 ac
1428 562 1600 613 nocte
1621 556 1837 611 Christi
1859 571 2011 610 mar-

355 667 516 734 tyres
545 653 981 727 frequentabat.
1016 673 1044 702 »

431 751 565 806 Haac
594 763 729 803 cum
760 744 940 800 fuerit
982 741 1385 797 vetustissima
1432 737 1708 793 Ecclesiaa
1762 751 2010 791 consue-

354 840 521 908 tudo,
553 838 713 893 idem
748 834 928 890 etiam
962 833 1022 886 in
1054 831 1264 904 lgnatii
1313 828 1566 883 vinculis
1606 827 1827 883 factum
1880 840 2014 879 con-

354 934 490 986 stat.
520 931 663 983 Nam
698 926 752 981 S.
787 923 1241 995 Chrysostomus
1272 919 1333 974 in
1356 917 1644 990 Panegyri
1667 916 1792 970 hinc
1816 914 2013 969 obser-

355 1023 498 1074 vat:
552 1016 618 1070 Al.
677 1013 781 1090 γὰρ
839 1008 976 1064 κατὰ
1032 1009 1132 1078 τήν
1189 1005 1314 1062 ὁδὸν
1372 1004 1564 1066 πόλεις
1626 1004 2013 1090 συν-τρέχουσαι

360 1104 619 1160 πάντοθεν
680 1099 911 1174 ἤλειφον
971 1097 1064 1152 τὸν
1119 1095 1392 1167 ἀθλητήν,
1447 1095 1539 1149 καὶ
1596 1092 1732 1148 κατᾶ
1784 1089 2010 1147 πολλῶν

362 1193 659 1266 ἐξέπεμπον
692 1193 799 1244 τῶν
834 1184 1091 1264 ἐφοδίων,
1125 1185 1319 1259 εὐχαῖς
1363 1184 1455 1238 καὶ
1512 1176 1825 1255 πρεσϐείαις
1866 1178 2014 1251 αὖτῷ

364 1280 885 1359 συναγωνιζόμεναι.
924 1299 951 1327 ‹‹
983 1275 1258 1334 Civitates
1292 1276 1450 1331 enim
1507 1275 1566 1327 in
1614 1273 1825 1327 itinere
1874 1287 2013 1326 con-

362 1378 668 1431 currentes
694 1369 980 1425 athletam
1003 1364 1369 1433 animabant,
1403 1371 1615 1420 etcum
1639 1361 1877 1433 copioso
1900 1362 2018 1416 νίας

357 1463 477 1518 tico
509 1458 908 1522 dimittebant,
941 1452 1313 1510 orationibus
1344 1456 1403 1505 et
1431 1448 1715 1506 comitatu
1744 1447 1831 1502 illi
1873 1462 2013 1503 con-

361 1555 678 1609 certantes.
713 1567 738 1599 ι
773 1547 1019 1617 Semper
1049 1542 1208 1597 enim
1241 1541 1507 1615 agnoscit
1540 1555 1671 1595 eam
1701 1553 1879 1609 quam
1909 1536 2013 1592 ha-

361 1640 492 1696 buit
523 1639 596 1695 ab
632 1633 900 1692 ecclesiis
928 1629 1241 1701 ἀνάπαυσιν,
1274 1630 1452 1701 idque
1492 1628 1616 1683 fere
1661 1644 1771 1699 per
1811 1625 2013 1681 diaco-

364 1745 510 1785 nos:
543 1733 603 1783 ut
637 1726 711 1782 ad
742 1726 1116 1795 Smyrnzeos:
1150 1719 1303 1775 Κατᾶ
1326 1717 1500 1773 πάντα
1551 1736 1617 1789 με
1664 1712 2012 1784 ἀνεπαύσατε,
2047 1748 2095 1815 Β

366 1820 427 1870 et
456 1813 529 1869 de
561 1812 827 1868 Burrho:
861 1808 1015 1867 Κατᾶ
1042 1807 1215 1862 πάντα
1249 1827 1316 1881 με
1372 1805 1655 1860 ἀνέπαυσε·
1708 1803 1782 1860 ad
1828 1804 2018 1875 Ephe-

364 1904 489 1959 sios
522 1902 593 1958 de
624 1903 847 1957 Croco:
899 1897 1044 1954 Κατὰ
1093 1896 1262 1951 πάντα
1311 1915 1380 1969 με
1435 1894 1750 1961 ἀνέπαυσεν,
1809 1891 1883 1952 ὡς
1930 1889 2019 1943 καὶ

368 1989 530 2045 αὐτὸν
560 1990 588 2044 ὀ
615 1988 801 2062 Πατὴρ
830 1982 1012 2057 Ἰησοῦ
1044 1986 1282 2059 Χριστοῦ
1312 1981 1585 2057 ἀναψύξει.
1633 1984 1767 2038 Haec
1819 1985 2018 2037 autem

368 2078 680 2145 ἀνάπαυσις,
715 2078 834 2132 sive
882 2073 1162 2147 ἀνάφυξις,
1211 2073 1326 2129 fuit
1372 2073 1475 2128 illa
1520 2068 1887 2143 refrigeratio
1945 2069 2017 2124 de

369 2185 487 2241 qua
516 2172 742 2223 veteres
772 2166 1116 2237 loquuntur.
1149 2162 1434 2219 Omnibus
1473 2160 1655 2232 igitur
1673 2158 1867 2216 modis
1898 2158 2020 2214 dia-

367 2260 500 2316 coni
533 2259 750 2329 aliique
783 2256 855 2313 ab
889 2256 1150 2311 ecclesiis
1192 2255 1356 2309 missi
1415 2252 1639 2326 lgnatio
1689 2251 1751 2306 in
1802 2250 2014 2306 itinere

366 2347 824 2413 ministrabant;
857 2345 1122 2415 adeoque
1156 2359 1290 2398 eum
1324 2359 1358 2397 a
1395 2340 1804 2397 vexationibus
1855 2338 2015 2395 mili-

366 2445 515 2505 tum,
550 2441 837 2507 quantum
872 2436 933 2489 in
964 2434 1110 2506 ipsis
1143 2439 1288 2498 erat,
1322 2432 1587 2504 praemiis
1616 2430 2011 2487 redimebant.

361 2528 507 2582 Hinc
539 2531 736 2582 autem
770 2529 928 2579 recte
960 2522 1309 2596 intelligitur
1359 2521 1518 2593 quod
1576 2521 1647 2577 de
1697 2519 2009 2588 militibus,

359 2634 510 2689 quos
540 2614 856 2689 leopardos
902 2617 1089 2683 vocat,
1141 2613 1366 2678 scribit,
1401 2609 1452 2664 οἳ
1482 2609 1573 2664 καὶ
1622 2607 2011 2684 εὐεργετούμε-

355 2726 441 2761 νοι
473 2705 696 2779 χείρους
724 2703 988 2778 γίνονται,
1023 2723 1052 2753 ‹‹
1084 2702 1185 2773 qui
1220 2708 1276 2757 et
1314 2700 1623 2756 beneﬁciis
1672 2698 1866 2754 affecti
1906 2714 2010 2770 pe-

349 2798 516 2870 jores
542 2797 694 2852 ﬁunt
721 2812 735 2863 ;
768 2815 795 2843 »
827 2793 1071 2859 scilicet,
1093 2809 1210 2863 quo
1234 2792 1366 2864 plus
1386 2789 1653 2863 pecunia)
1676 2806 1711 2844 a
1736 2788 2009 2844 fidelibus

356 2887 699 2958 acciperent
728 2901 834 2957 pro
866 2883 1230 2940 relaxatione
1259 2880 1610 2946 vexationis,
1632 2896 1701 2934 eo
1724 2878 1917 2933 acrius
1940 2894 2009 2932 ex

354 2975 666 3032 intervallo
699 2974 754 3029 S.
785 2979 1105 3044 martyrem
1130 2972 1435 3040 vexabant,
1460 2986 1576 3041 quo
1599 2968 1887 3041 majorem
1914 2983 2010 3039 pe—

356 3066 553 3121 cunim
578 3065 695 3119 vim
728 3066 1169 3131 oxtorquerent,
1202 3064 1262 3115 et
1289 3058 1657 3113 Christianos
1712 3056 2009 3128 copiosius

2122 470 2324 542 spuria
2336 470 2746 542 spectant,duo
2769 470 2828 524 in
2843 474 3112 525 nostrum
3127 470 3501 542 Ignatianum
3517 468 3627 525 diri
3635 486 3780 543 gun-

2122 568 2235 618 tur.
2266 562 2463 618 Prima
2492 562 2799 618 modestiae
2856 561 3087 617 violatio
3138 565 3245 629 est,
3293 561 3451 632 quod
3500 583 3529 610 «
3563 578 3779 634 super-

2122 651 2453 707 ccelestium
2484 652 2794 707 scientiam
2848 651 2960 706 sibi
3009 650 3289 705 vindicat.
3325 672 3353 701 »
3410 651 3589 717 Quasi
3640 668 3778 707 vero

2121 741 2457 796 Christiano
2475 742 2618 808 viro,
2635 740 2943 813 etquidem
2962 740 3259 812 episcopo,
3302 743 3361 795 et
3384 739 3456 795 ab
3487 740 3777 812 apostolis

2123 829 2331 885 edocto
2363 830 2529 885 nulla
2561 829 3069 903 supercmlestium
3104 829 3355 884 scientia
3384 834 3775 901 competeret.

2119 920 2207 974 An
2233 917 2299 971 τὰ
2328 915 2624 993 ἐπουράνια
2679 919 2848 973 toties
2897 918 2969 972 ab
3012 918 3294 990 Apostolo
3341 924 3775 989 memorantur,

2122 1013 2189 1062 ut
2217 1007 2288 1063 de
2321 1007 2439 1063 illis
2470 1007 2621 1063 nihil
2653 1007 2825 1077 scire,
2867 1007 3019 1063 nihil
3052 1007 3309 1063 scribere
3333 1014 3577 1079 possent
3606 1010 3781 1064 Chri-

2124 1097 2299 1152 stiani
2319 1097 2347 1152 ‘?
2375 1098 2518 1152 Mira
2546 1098 2671 1152 hare
2700 1097 2847 1151 mihi
2878 1096 3173 1162 videntur,
3208 1102 3267 1151 et
3295 1103 3495 1152 tamen
3527 1098 3599 1153 ob
3622 1099 3779 1154 hanc

2123 1204 2306 1243 unam
2337 1187 2695 1243 sententiam
2727 1209 2752 1237 «
2780 1203 2814 1242 a
2835 1186 3126 1242 modestia
3156 1186 3253 1242 hic
3273 1188 3525 1258 scriptor
3553 1188 3781 1260 duplici

2125 1278 2369 1333 nomine
2403 1276 2673 1333 discedit.
2713 1299 2739 1325 »
2760 1277 2974 1348 Primo,
3006 1298 3030 1328 α
3060 1277 3171 1331 sibi
3193 1294 3261 1332 ea
3285 1277 3491 1333 tribuit
3514 1296 3645 1350 quae
3673 1296 3783 1335 ne-

2125 1367 2273 1423 mini
2298 1366 2525 1422 homini
2547 1366 2782 1421 mortali
2800 1382 3084 1422 concessa
3106 1368 3781 1442 sunt.»Nego,pernego.

2126 1457 2278 1512 Dicit
2308 1474 2369 1512 se
2399 1454 2586 1510 πολλᾶ
2617 1459 2831 1531 φρονεῖν
2868 1453 2920 1510 ὲν
2969 1459 3107 1528 Θεῷ,
3159 1479 3187 1506 ‹‹
3221 1457 3409 1513 multa
3454 1474 3662 1530 sapere
3717 1460 3783 1516 in

2126 1548 2265 1602 Deo.
2291 1567 2319 1596 »
2350 1548 2436 1602 An
2467 1546 2579 1601 hoc
2610 1545 2760 1600 nulli
2792 1546 3137 1602 mortalium
3168 1562 3516 1603 concessum
3539 1547 3674 1603 est?
3702 1564 3781 1605 an

2124 1636 2320 1708 potius
2350 1635 2422 1691 ab
2455 1636 2736 1691 omnibus
2760 1635 3111 1691 Christianis
3132 1636 3485 1706 requisitum
3507 1652 3629 1692 non
3650 1637 3784 1693 est?

2127 1723 2214 1779 Ad
2235 1725 2589 1796 sapientiam
2612 1725 2675 1779 in
2695 1725 2813 1780 Deo
2839 1730 2898 1779 et
2918 1724 3159 1795 quidem
3182 1725 3430 1781 multam
3458 1742 3665 1782 omnes
3686 1744 3782 1783 vo-

2130 1809 2359 1872 cantur,
2392 1804 2493 1860 ille
2523 1805 2878 1875 praesertim,
2911 1821 3087 1876 quem
3120 1806 3176 1860 S.
3202 1805 3658 1877 Chrysostomus
3687 1805 3782 1860 διν-

2127 1890 2387 1968 τίῤῥοπον
2422 1891 2628 1967 Πέτρου
2660 1889 2988 1947 διδάσκαλον
3021 1895 3321 1967 appellare
3351 1912 3472 1951 non
3518 1902 3778 1956 veretur.

2127 1986 2281 2040 Dicit
2310 2002 2372 2041 se
2403 2002 2472 2041 ea
2501 1986 2764 2041 scribere
2794 2002 2989 2058 posse,
3022 2002 3153 2057 quas
3183 1987 3515 2045 Trallenses
3535 2004 3655 2044 non
3677 2005 3782 2044 ca-

2127 2081 2358 2148 perent.
2390 2079 2480 2132 An
2511 2076 2621 2132 hoc
2644 2077 2794 2132 nulli
2846 2077 3188 2133 mortalium
3239 2095 3587 2135 concessum
3644 2080 3783 2137 est?

2126 2167 2398 2222 Nondum
2431 2172 2595 2222 tanta
2643 2166 2817 2222 nobis
2857 2171 2999 2223 tunc
3046 2170 3335 2241 temporis
3380 2170 3782 2226 Trallensium

2128 2256 2375 2311 scientia
2400 2255 2582 2311 fuisse
2613 2261 2876 2327 apparet.
2910 2255 3053 2312 Cum
3085 2258 3160 2313 ad
3192 2258 3529 2331 Smyrnaeos
3568 2276 3781 2331 super-

2126 2343 2543 2413 cmlestium,et
2559 2344 2878 2400 visibilium
2892 2345 3396 2418 invisibiliumque
3410 2350 3782 2406 mentionem

2123 2435 2381 2500 fecisset,
2416 2435 2617 2489 statim
2647 2433 2851 2489 addit:
2902 2457 2931 2483 «
2964 2436 3071 2500 Qui
3123 2437 3300 2509 capit,
3342 2440 3556 2511 capiat.
3593 2461 3621 2490 ››
3670 2446 3785 2497 Po-

2125 2528 2369 2592 stremo,
2420 2523 2549 2578 haec
2605 2519 2897 2596 ἐπουράνια
2955 2525 3173 2581 clarius
3230 2526 3459 2598 deﬁnit,
3518 2528 3659 2585 dum
3713 2548 3782 2587 se

2130 2619 2225 2681 τὰς
2281 2617 2606 2682 τοποθεσίας
2664 2620 2759 2682 τὰς
2818 2618 3135 2697 ἆγγελιχὰς,
3194 2624 3288 2677 καὶ
3342 2623 3440 2688 τὰς
3488 2628 3777 2691 συστάσεις

2118 2707 2214 2771 τὰς
2246 2707 2579 2787 ἄρχοντικάς
2607 2710 2942 2783 intelligere
2975 2729 3150 2783 posse
3201 2712 3365 2770 dicit.
3416 2716 3533 2770 Nec
3571 2721 3779 2773 tamen

2128 2821 2153 2853 α
2184 2804 2346 2873 patet
2376 2800 2501 2855 hanc
2532 2799 2879 2871 hujusmodi
2913 2816 3041 2857 esse
3071 2846 3084 2872 ,
3119 2820 3250 2875 quae
3300 2803 3447 2859 nulli
3496 2806 3779 2862 mortales

2120 2892 2331 2947 sciant.
2366 2913 2394 2941 ››
2422 2893 2544 2946 Non
2574 2891 2723 2946 forte
2749 2907 2869 2946 non
2899 2897 3054 2946 rects
3077 2892 3466 2965 intelligimus
3488 2894 3630 2964 quid
3657 2896 3782 2967 epi-

2125 2980 2289 3035 stola:
2320 2982 2574 3052 scriptor
2612 2997 2719 3052 per
2750 2979 2863 3036 ista
2890 2980 3069 3035 verba
3097 2981 3362 3051 voluerit,
3405 2987 3463 3037 at
3493 2998 3629 3037 eum
3671 2983 3775 3040 illa

2120 3086 2239 3124 non
2273 3069 2631 3125 intellexisse
2664 3086 2794 3140 qum
2823 3069 2917 3124 his
2947 3069 3139 3125 verbis
3188 3070 3517 3142 signiﬁcare
3562 3069 3767 3140 voluit,

360 3157 773 3224 emungerent.
806 3122 996 3214 Quare
1027 3122 1167 3205 cum.
1196 3149 1370 3203 toties
1395 3147 1622 3219 lgnatio
1646 3122 2009 3217 contingeret

2122 3176 2299 3215 nemo
2331 3165 2489 3215 certe
2520 3159 2859 3214 mortalium
2891 3160 3073 3216 novit.
3107 3162 3217 3215 Per
3261 3157 3577 3222 τοποθεσίας
3626 3161 3767 3217 Dal-

354 3240 752 3314 refrigeratio,
785 3245 843 3294 et
863 3239 935 3294 ab
957 3238 1268 3309 iniquitate
1290 3237 1545 3292 militum
1568 3235 2006 3307 redemptio,et,

356 3337 423 3386 ut
454 3330 721 3401 loquitur
748 3328 1167 3393 Tertullianus,
1210 3348 1238 3377 «
1271 3326 1521 3381 facultas
1560 3325 1762 3380 liberm
1810 3329 2009 3379 custo-

355 3420 488 3488 dias,
524 3440 553 3470 ››
586 3418 760 3474 facile
790 3417 985 3489 potuit
1009 3416 1138 3471 illas
1181 3432 1328 3487 quas
1385 3413 1675 3470 habemus
1726 3412 2007 3485 epistolas

354 3524 617 3577 exarare,
642 3523 892 3579 quarum
911 3507 1123 3577 aliqua:
1146 3522 1267 3560 non
1282 3504 1537 3560 multum
1551 3504 1814 3575 longiore
1829 3519 2007 3575 quam

351 3599 529 3654 unius
560 3598 721 3653 hora:
752 3597 941 3668 spatio
971 3596 1148 3652 scribi
1182 3600 1541 3667 potuerunt;
1574 3610 1769 3664 neque
1819 3610 1888 3649 ex
1937 3594 2009 3648 iis

356 3688 483 3744 ulla
513 3693 633 3743 tam
666 3686 897 3758 prolixa
929 3689 1035 3754 est,
1067 3690 1136 3740 ut
1181 3684 1383 3759 plures
1432 3699 1610 3754 quam
1660 3688 1782 3738 tres
1829 3683 2008 3738 horas

352 3778 636 3850 postulet.
669 3777 836 3831 Certe
868 3798 897 3826 ‹‹
930 3775 1197 3847 quamvis
1228 3775 1416 3846 longa;
1446 3772 1715 3846 epistolm
1746 3789 1866 3828 una
1891 3788 2009 3827 nox

358 3864 601 3933 sufﬁcit,
633 3886 661 3916 η
695 3864 892 3935 inquit
921 3864 1315 3935 Hieronymus
1347 3862 1419 3918 ad
1442 3861 1869 3918 Chromatium.
1895 3862 2011 3916 Cur

353 3955 551 4028 igitur,
586 3954 687 4026 qui
724 3954 798 4009 ad
851 3953 1137 4025 Ephesios
1183 3953 1337 4008 hanc
1390 3952 1700 4025 epistolam
1750 3942 2007 4022 scripsit,

352 4063 471 4102 non
487 4045 810 4115 ctaliam,si
829 4061 977 4117 opus
991 4043 1508 4109 esset,ascribendi
1523 4043 1893 4099 occasionem
1913 4058 2011 4113 op-

352 4136 904 4208 portunitatemque
936 4133 1205 4207 polliceri
1236 4134 1346 4189 sibi
1375 4139 1595 4205 posset,
1620 4149 1858 4189 causam
1882 4130 2011 4187 nul-

350 4225 468 4280 lam
492 4224 684 4281 video.
711 4225 875 4281 Unde
902 4230 1023 4280 tota
1045 4224 1147 4279 illa
1168 4223 1570 4296 imprudentia
1586 4228 1643 4278 et
1667 4224 2011 4295 insipientia

354 4313 415 4367 in
444 4312 562 4368 alio
593 4313 798 4368 libello
831 4312 1233 4384 promittendo
1264 4326 1511 4383 prorsus
1540 4314 1853 4367 evanescit.
1876 4315 2009 4370 Haec

351 4416 421 4455 eo
451 4400 759 4455 lubentius
790 4401 902 4456 hoc
932 4400 1063 4456 loco
1085 4400 1640 4470 commemoravi,et
1658 4400 1850 4457 fusius
1870 4419 2006 4475 pro-

2110 3249 2261 3304 laeus
2296 3248 2619 3321 signiﬁcari
2660 3253 2847 3319 putat,
2882 3270 2910 3298 «
2946 3249 3072 3304 loca
3102 3250 3163 3304 in
3196 3248 3409 3320 quibus
3434 3248 3527 3304 vel
3551 3250 3780 3323 singuli

2115 3336 2430 3409 angeli,vel
2461 3338 2807 3410 angelorum
2825 3338 3067 3393 ordines
3088 3354 3123 3393 a
3143 3339 3261 3393 Deo
3284 3339 3342 3393 in
3364 3338 3477 3394 hoc
3495 3339 3776 3396 universo

2110 3426 2289 3498 positi
2320 3432 2480 3481 sunt.
2515 3448 2543 3477 »
2578 3426 2691 3482 Sed
2723 3427 2794 3482 de
2827 3427 2936 3482 hac
2968 3427 3460 3498 interpretatione
3505 3428 3769 3485 dubitari

2111 3531 2233 3570 non
2261 3515 2561 3572 immerito
2592 3521 2806 3588 potest.
2842 3516 3117 3582 Quamvis
3163 3518 3325 3573 enim
3378 3534 3510 3573 eam
3558 3535 3767 3575 vocem

2110 3604 2269 3659 velut
2299 3604 2629 3677 elegantem
2659 3604 2862 3660 Cicero
2887 3606 3261 3677 usurpaverit
3294 3623 3308 3673 ;
3351 3606 3508 3678 apud
3533 3608 3768 3663 Graecos

2111 3705 2333 3762 tamen,
2363 3699 2431 3748 ut
2460 3694 2689 3765 opinor,
2725 3710 2858 3749 raro
2892 3698 3110 3762 exstat;
3144 3699 3203 3749 et
3232 3694 3388 3765 apud
3421 3695 3770 3752 Ciceronem

2112 3798 2181 3838 ea
2212 3782 2641 3855 signiﬁcatione
2675 3783 2951 3853 sumitur,
2985 3800 3116 3855 quae
3141 3784 3368 3856 angelis
3388 3800 3510 3840 non
3532 3802 3773 3857 compe-

2113 3870 2201 3925 tit.
2230 3869 2406 3930 Τόπος
2440 3871 2501 3925 in
2532 3870 2643 3925 hoc
2677 3871 2804 3941 ipso
2838 3871 3124 3943 scriptore
3148 3887 3254 3943 pro
3276 3872 3474 3927 ofﬁcio
3496 3877 3554 3929 et
3584 3873 3771 3945 digni-

2112 3963 2233 4015 tate
2265 3959 2541 4027 sumilur,
2568 3964 2636 4014 ut
2662 3958 2735 4015 ad
2787 3960 3144 4031 Smyrnmos,
3193 3959 3360 4021 τόπος
3412 3956 3617 4031 μηδένα
3666 3981 3769 4034 φυ-

2111 4045 2335 4104 σιούτω.
2368 4049 2547 4103 Vetus
2576 4048 2872 4120 interpres
2900 4066 2912 4102 :
2946 4071 2973 4099 «
3007 4049 3299 4114 Qualitate
3348 4049 3547 4106 nullus
3596 4051 3773 4107 infle-

2113 4152 2232 4216 tur,
2264 4167 2293 4196 »
2325 4151 2391 4201 ut
2414 4153 2574 4203 recte
2606 4147 2920 4219 legendum
2953 4148 3187 4204 monuit
3216 4149 3453 4204 Isaacus
3486 4149 3768 4218 Vossius;

2112 4252 2253 4292 nam
2283 4236 2553 4292 Usserius
2584 4253 2705 4292 non
2732 4242 2892 4292 recte
2930 4262 2949 4287 ι
2987 4238 3246 4308 qualiter
3274 4260 3303 4289 »
3334 4256 3403 4293 ex
3433 4254 3543 4293 ms.
3596 4243 3774 4294 tran-

2115 4326 2369 4397 scripsit.
2403 4325 2801 4397 Interpolator
2830 4344 2842 4381 :
2873 4326 3054 4388 Τόπος
3085 4325 3174 4381 καὶ
3208 4327 3421 4399 ἃξίωμα
3469 4325 3556 4379 καὶ
3586 4321 3771 4379 πλοῦ-

2112 4434 2207 4476 τος
2240 4410 2445 4487 μηδένα
2474 4412 2769 4492 eameam.
2800 4414 2887 4470 Ad
2917 4416 3309 4489 Polycarpum
3335 4433 3349 4471 :
3376 4410 3609 4470 Ἐκδίκει
3664 4435 3768 4470 σου

355 4493 595 4544 secutus
621 4503 772 4556 sum,
798 4493 865 4543 ut
894 4486 1075 4543 simul
1106 4487 1398 4543 Blondelli
1423 4489 1737 4559 quaestioni
1769 4507 2007 4562 respon.

2119 4503 2205 4558 τὸν
2234 4503 2420 4571 τόπον,
2454 4526 2481 4554 ‹‹
2518 4504 2753 4560 vindica
2782 4504 2975 4560 locum
3001 4509 3190 4570 tuum,
3212 4524 3240 4555 ν
3263 4506 3375 4561 hoc
3393 4511 3483 4561 est
3503 4504 3772 4563 ofﬁcium

350 4576 577 4633 dorem.
600 4598 627 4627 «
651 4577 774 4641 Quo
797 4575 972 4648 palpo
991 4575 1316 4633 belluinam
1338 4577 1753 4649 leopardorum
1776 4579 2003 4636 rabiem

350 4665 559 4723 sedare
593 4664 798 4721 dolum
830 4669 938 4733 est,
972 4668 1038 4719 ut
1064 4665 1324 4721 vinctum
1356 4682 1529 4722 suum
1562 4684 1681 4722 non
1712 4668 1887 4723 modo
1922 4671 2004 4742 pii

353 4755 534 4812 unius
567 4761 668 4812 aut
697 4754 944 4811 alterius
974 4754 1203 4810 solatiis
1232 4754 1369 4826 frui,
1420 4755 1524 4812 sed
1574 4755 1732 4811 idem
1782 4758 2005 4815 vicinas

349 4846 620 4918 undique
652 4845 954 4909 ecclesias,
989 4844 1153 4900 nullo
1184 4844 1444 4900 incendii
1475 4845 1839 4904 Christianos
1861 4847 2005 4903 orbe

351 4940 474 4993 toto
504 4935 884 5009 depascentis
916 4939 1080 4989 metu
1110 4934 1409 5006 aggregari
1459 4934 1723 4990 sinerent
1751 4936 1779 4991 ?
1809 4960 1831 4988 ι
1870 4937 2005 4993 Ηωο

345 5028 512 5082 enim
548 5025 755 5081 eadem
788 5041 970 5096 opera
999 5022 1328 5079 difflantur.
1363 5022 1471 5089 Qui
1503 5023 1660 5078 enim
1683 5031 1886 5081 nostra
1914 5026 2002 5081 le-

341 5115 524 5190 gerit,
557 5121 615 5171 et
643 5115 883 5187 palpum
917 5114 1114 5169 siatim
1146 5112 1385 5179 videbit,
1436 5119 1493 5168 et
1521 5118 1607 5168 tot
1636 5114 2003 5173 Christiano-

344 5223 478 5264 rum
510 5221 871 5262 concursum
898 5204 1125 5261 factum
1157 5221 1287 5260 esse
1319 5220 1437 5259 non
1466 5203 1802 5260 mirabitur.

410 5295 611 5368 Capite
642 5298 709 5349 24
737 5311 805 5350 ea
824 5294 1113 5367 congerit,
1145 5310 1277 5364 quas
1310 5293 1371 5348 in
1396 5292 1665 5365 epistolis
1683 5300 2003 5350 occurrunt

341 5401 464 5440 non
496 5385 642 5440 satis
699 5400 834 5439 cum
892 5383 1173 5455 martyris
1223 5381 1515 5438 modestia
1562 5388 1999 5440 consentanea:

344 5489 479 5544 quas
512 5478 712 5528 tamen
740 5472 961 5529 fatetur
990 5488 1122 5527 esse
1152 5472 1353 5527 minus
1382 5470 1537 5526 elata
1568 5488 1747 5543 quam
1778 5490 1847 5530 ea
1867 5492 2000 5547 quas

343 5561 617 5634 superius
641 5561 991 5619 audivimus.
1026 5562 1160 5617 Haec
1190 5565 1390 5616 autem
1423 5560 1486 5617 in
1519 5566 1776 5631 quatuor
1806 5580 1996 5638 argu-

2118 4598 2175 4647 et
2203 4592 2551 4665 dignitatem
2584 4609 2763 4663 quam
2805 4600 2872 4649 ut
2919 4594 3230 4666 episcOpus
3278 4594 3535 4649 obtines.
3581 4594 3771 4659 Quem

2115 4682 2312 4738 locum
2344 4683 2473 4738 sine
2506 4682 2685 4738 dubio
2720 4684 3001 4757 Grigenes
3031 4684 3093 4738 in
3123 4684 3323 4739 animo
3357 4683 3584 4752 habuit,
3631 4700 3775 4740 cum

2114 4771 2178 4826 in
2211 4771 2632 4827 Commentariis
2672 4774 2745 4827 ad
2798 4773 3118 4828 Matlhwum
3177 4773 3453 4844 scripsit:
3513 4770 3663 4826 Ἐπεὶ
3714 4768 3779 4826 δὲ

2111 4857 2203 4913 τὸν
2252 4857 2422 4912 τόπον
2481 4864 2581 4927 τῆς
2638 4857 2944 4928 ἐπισγοπῆς
3000 4856 3339 4921 ἐκδικοῦντες
3392 4861 3636 4935 χρῶνται
3690 4864 3776 4932 τῷ

2117 4946 2290 5023 ῥητῷ.
2325 4949 2390 5003 Et
2418 4949 2708 5003 τοποθεσια
2739 4967 2807 5006 eo
2840 4967 3019 5005 sensu
3044 4956 3281 5023 sumpta
3323 4950 3399 5005 ad
3422 4950 3773 5024 angelorum

2114 5037 2361 5093 ordinea
2391 5039 2609 5093 rectius
2633 5038 2884 5095 fortasse
2904 5039 3190 5111 applicari
3224 5046 3459 5111 potest:
3494 5040 3652 5094 varia
3673 5056 3778 5095 au-

2113 5133 2233 5182 tem
2264 5142 2467 5183 eorum
2500 5127 2695 5183 ofﬁcia
2724 5127 3160 5202 dignitatesque
3192 5128 3575 5183 vetustissimi
3600 5128 3777 5182 Chri-

2115 5215 2292 5271 stiani
2324 5217 2741 5288 agnoscebant.
2805 5216 3097 5279 Συστάσεις
3148 5213 3523 5290 ἄρχοντικάςε
3570 5214 3777 5273 reddit

2112 5322 2349 5361 rursum
2382 5306 2629 5363 Dallzeus
2665 5331 2690 5359 ‹‹
2716 5308 3156 5380 principatuum
3179 5319 3460 5375 quaseam
3481 5304 3776 5361 stationes

2112 5400 2289 5467 atque
2322 5396 2500 5463 acies,
2529 5419 2555 5446 η
2588 5413 2723 5451 cum
2749 5396 2998 5455 σύστασις
3018 5410 3211 5465 neque
3232 5394 3551 5449 stationem
3570 5408 3775 5464 neque

2112 5485 2301 5542 aciem
2324 5485 2635 5557 signiﬁcet.
2669 5488 2749 5542 De
2782 5486 2875 5541 his
2906 5484 3094 5541 fusius
3142 5482 3465 5554 aliquando
3515 5482 3776 5541 fortasse

2113 5592 2377 5649 agemus.
2412 5576 2658 5633 Interim
2686 5578 2894 5647 fateor,
2923 5574 2996 5632 de
3029 5575 3381 5649 angelorum
3413 5578 3648 5643 natura,
3681 5575 3776 5630 of-
