4064 6134
323 309 437 370 397

332 442 502 510 ﬁciis,
537 439 930 514 dignitatibus
963 438 1390 509 ordinibusque
1433 435 1680 492 diversis
1710 434 1861 490 scire
1922 452 1984 491 se

333 531 529 602 aliqua
562 531 912 601 scriptorem
938 528 1202 600 epistola)
1228 528 1527 583 affirmare
1553 543 1682 597 quae
1727 525 1994 580 Trallen-

333 638 421 676 ses
453 636 667 691 capere
701 635 822 673 non
853 618 1113 688 potuisse
1147 618 1375 688 putavit
1413 633 1426 681 ;
1461 621 1518 670 et
1548 615 1658 669 hoc
1691 614 1889 684 potius
1919 614 1992 669 ad

336 711 527 764 locum
561 709 618 762 S.
671 707 842 761 Pauli
892 706 966 762 ab
1030 706 1266 761 Usserio
1358 704 1684 760 indicatum
1769 708 1995 774 spectat

336 819 508 875 quam
535 800 609 856 ad
642 799 817 854 illum
848 816 882 854 a
916 798 1156 866 Dallaao,
1191 797 1294 852 ubi
1328 814 1447 852 non
1491 796 1563 851 de
1597 796 1870 863 scientia,
1931 811 1992 849 se

337 894 402 949 de
435 890 714 962 religioso
739 888 901 943 cultu
924 887 1269 958 angelorum
1288 886 1694 955 agitur.Quare
1719 885 1828 938 hoc
1852 899 1988 938 sen-

338 984 412 1038 tio
446 978 741 1050 S.lguatio
767 977 949 1048 probe
975 976 1315 1044 convenire,
1342 982 1398 1030 et
1429 975 1500 1029 ab
1533 991 1600 1029 eo
1627 989 1744 1027 non
1777 975 1989 1027 immo-

337 1073 517 1137 deste,
552 1068 655 1123 sed
681 1084 818 1122 vere
840 1066 1064 1121 dictum
1085 1082 1234 1129 esse,
1257 1070 1316 1119 et
1348 1063 1421 1118 ad
1446 1080 1512 1118 ea
1543 1078 1674 1134 quae
1733 1078 1991 1131 sequun-

337 1168 430 1216 tur
457 1162 617 1213 recte
649 1153 1085 1211 accommodari
1118 1153 1594 1223 posse.lrenaaus
1630 1151 1993 1205 charismata

340 1253 395 1305 in
425 1248 724 1321 primitiva
746 1245 1007 1300 Ecclesia
1025 1259 1500 1299 commemorans
1513 1241 1789 1297 meminit
1805 1243 1910 1294 τῶν
1925 1239 1992 1292 τὰ

343 1339 616 1411 μυστήρια
641 1335 738 1389 τοῦ
767 1337 899 1388 Θεοῦ
927 1330 1391 1406 ἐκδιηγουμὲνων,
1431 1355 1451 1381 ι
1488 1347 1694 1386 eorum
1745 1331 1846 1400 qui
1897 1346 1992 1384 ar-

341 1445 484 1484 cana
503 1427 604 1482 Dei
627 1425 914 1497 mysteria
934 1422 1441 1494 exponebant.»Ut
1463 1420 1720 1493 lgnatius
1733 1419 1807 1474 ad
1827 1419 1993 1489 Poly-

340 1533 620 1590 carpum:
674 1520 754 1568 Τα
814 1510 870 1567 δὶ
929 1511 1134 1586 ἀόρατα
1191 1509 1329 1564 αἴτει
1394 1513 1481 1563 ἶνα
1539 1529 1624 1562 σοι
1681 1507 1990 1585 φανερωθῇ,

334 1605 476 1668 ὅπως
543 1601 778 1677 μηδενὸς
837 1599 1028 1674 λείπῃ,
1089 1599 1178 1653 καὶ
1245 1599 1447 1660 παντὸς
1496 1599 1842 1673 χαρίσματος
1892 1615 1991 1649 πε-

341 1693 606 1770 ρισσεύῃ).
651 1715 676 1746 ι
709 1691 1030 1747 Invisibilia
1059 1695 1256 1746 autem
1289 1694 1454 1760 petas
1486 1693 1550 1744 ut
1577 1687 1681 1743 tibi
1739 1686 1989 1742 manife-

338 1787 658 1850 stentur,ut
678 1780 844 1836 nullo
882 1778 1145 1849 deficias,
1168 1783 1226 1832 et
1247 1777 1408 1832 omni
1429 1776 1783 1833 charismate
1806 1775 1986 1830 abun-

341 1873 458 1928 des.
490 1893 518 1920 »
555 1871 610 1925 S.
645 1870 1100 1940 Chrysostomus
1131 1865 1414 1921 asseritS.
1447 1865 1740 1937 Ignatium
1769 1879 1988 1919 arcana

339 1959 608 2032 quaedam
641 1957 712 2012 ab
743 1955 1027 2028 apostolis
1067 1955 1382 2025 accepisse
1419 1970 1431 2008 :
1494 1949 1810 2026 Συνεγὲνετο
1868 1953 1989 2012 τοῖς

336 2045 668 2108 ἀποστόλοις
747 2042 1011 2118 γνησίως,
1095 2042 1186 2096 καὶ
1269 2044 1649 2114 πνευματικῶν
1736 2040 1990 2112 ναμάτῶν

338 2135 655 2197 ἁπὲλαυσεψ
691 2135 879 2189 ὁποῖον
906 2131 996 2186 οῦν
1065 2132 1200 2186 εἶναι
1263 2130 1406 2194 εἰκὸς
1459 2131 1550 2185 τὸν
1602 2129 1990 2208 συντραφέντα,

336 2227 420 2283 καὶ
453 2229 744 2300 πανταχοῦ
772 2223 1190 2299 συγγενόμενον,
1227 2221 1316 2276 καὶ
1350 2222 1530 2295 ῥητῶν
1583 2221 1670 2275 καὶ
1742 2219 1990 2297 ἀπορρή-

333 2323 438 2372 τῶν
478 2317 667 2376 αὐτοῖς
698 2314 1148 2383 κοινωνήσαντας
1175 2336 1200 2362 ι(
1243 2314 1388 2367 Cum
1421 2311 1708 2384 apostolis
1733 2313 1989 2385 genuine

341 2413 725 2466 conversatus
739 2406 912 2476 aquis
935 2401 1342 2474 spiritualibus
1363 2403 1584 2473 rigatus
1615 2406 1722 2456 est.
1744 2401 1990 2466 Qualem

341 2500 565 2556 idcirco
599 2512 732 2552 eum
766 2494 950 2550 fuisse
974 2509 1083 2562 par
1115 2492 1331 2561 est,qui
1366 2508 1499 2546 cum
1532 2491 1653 2546 illis
1709 2491 1990 2560 nutritus,

337 2595 395 2644 et
418 2589 639 2658 ubique
667 2588 1070 2646 conversatus,
1106 2586 1164 2636 et
1189 2581 1260 2636 de
1292 2579 1561 2635 dicendis
1592 2585 1650 2635 et
1670 2580 1742 2634 de
1760 2580 1990 2635 arcanis

338 2679 717 2753 participavit
738 2676 797 2730 ‘?»
833 2675 940 2730 Ubi
973 2673 1046 2727 de
1077 2673 1309 2727 arcanis
1338 2677 1536 2726 autem
1567 2671 1832 2741 loquitur
1869 2687 1990 2725 non

341 2769 541 2825 dubito
575 2765 720 2837 quin
752 2765 912 2818 hunc
942 2762 1159 2829 locum,
1186 2767 1242 2815 et
1273 2762 1410 2816 huic
1438 2761 1664 2816 similes
1686 2760 1747 2814 in
1778 2760 1990 2831 episto-

346 2859 417 2914 lis
454 2854 794 2928 respexerit.
846 2855 1141 2908 Praaterea
1168 2851 1227 2905 in
1251 2851 1552 2921 Excerptis
1582 2849 1899 2904 Clementis
1931 2847 1990 2903 ἐκ

350 2953 444 3015 τῆς
474 2943 801 3010 ἀνατολικῆς
835 2937 1246 3006 διδασκαλίας,‹‹
1277 2956 1346 2995 ex
1369 2939 1640 2996 orientali
1663 2940 1982 3005 doctrina,»

342 3055 472 3109 quae
494 3052 636 3092 sane
659 3032 950 3106 S.Ignatio
974 3030 1274 3102 incognita
1299 3046 1428 3085 esse
1459 3047 1579 3085 non
1609 3031 1988 3102 potuit,non-

335 3126 503 3183 nulla
529 3125 603 3180 de
645 3121 995 3194 angelorum
1028 3120 1204 3175 variis
1235 3119 1448 3174 officiis
1491 3124 1548 3174 et
1603 3118 1990 3191 dignitatibus

1050 301 1106 364 J.
1156 302 1571 366 PEARSONII
1623 301 1998 364 vmmcm
2039 289 2520 368 IGNATIANAE.
2569 340 2647 354 -
2687 307 2892 370 mas
2935 308 3014 370 ιι.

3629 313 3750 375 398

2013 457 2067 524 Α
2096 439 2275 510 igitur
2304 440 2532 512 aliquid
2566 443 2886 499 meditatus
2916 448 3134 511 erat,ut
3159 445 3441 516 quoniam
3457 447 3584 519 jam
3610 464 3746 504 con-

2105 527 2418 586 demnatus
2448 533 2954 604 esset,apostolica
2980 535 3235 605 quadam
3258 537 3606 592 auctoritate
3623 543 3749 594 ute-

2102 627 2284 677 retur.
2318 623 2429 678 Sed
2461 641 2532 678 ex
2563 642 2764 680 amore
2795 642 2931 698 erga
2962 626 3143 696 ipsos,
3175 631 3232 681 et
3263 644 3331 681 ex
3364 645 3482 682 sum
3541 629 3749 684 condi-

2104 712 2282 767 tionis
2337 729 2516 768 sensu
2574 715 2657 768 eis
2713 716 2920 786 parcit.
2979 711 3170 768 Πολλά
3201 719 3406 787 φρονῶ,
3439 719 3655 788 inquit,
3693 715 3744 770 ἐν

2103 804 2239 870 Θεῷ,
2280 820 2300 849 ι
2335 802 2524 858 multa
2546 805 2708 874 sapio
2741 804 2800 857 in
2825 805 3000 869 Deo,»
3029 806 3468 876 quamplurima
3497 807 3569 862 ab
3603 824 3742 879 apo-

2104 891 2271 945 stolis
2286 891 2428 962 ipsis
2450 893 2810 964 accepi,quaa
2836 909 2934 946 vos
2964 893 3180 959 latent;
3206 911 3439 965 possem
3460 912 3528 951 ex
3543 912 3748 952 eorum

2102 981 2450 1036 auctoritate
2483 981 2646 1036 vobis
2677 983 3018 1052 praecipere,
3064 979 3190 1034 ἀλλ’
3249 979 3482 1053 ἐμαυτὸν
3543 988 3744 1058 μετρῶ,

2104 1092 2131 1119 ‹‹
2157 1071 2259 1124 sed
2291 1072 2585 1141 meipsum
2617 1087 2920 1127 mensuro.
2955 1094 2982 1122 »
3018 1074 3150 1127 Haac
3181 1072 3297 1127 duo
3327 1074 3504 1144 paulo
3553 1075 3742 1130 fusius

2101 1162 2517 1231 persequitur;
2546 1160 2682 1215 dein
2715 1177 2816 1215 eos
2848 1162 3138 1227 hortatur,
3159 1179 3279 1216 non
3311 1179 3415 1217 suo
3474 1165 3738 1233 nomine,

2103 1250 2206 1305 sed
2236 1267 2343 1321 per
2373 1267 2636 1305 amorem
2663 1251 2898 1318 Christi,
2932 1257 2995 1306 ut
3028 1253 3100 1306 ab
3130 1252 3425 1308 haereticis
3474 1259 3736 1312 caveant.

2101 1342 2360 1404 Quorum
2394 1341 2441 1394 si
2475 1340 2840 1410 priorahaud
2864 1341 3161 1412 vulgarem
3186 1343 3245 1396 in
3268 1343 3744 1414 mysteriisChri-

2101 1430 2308 1485 stianm
2361 1429 2665 1500 religionis
2727 1430 3038 1486 scientiam
3084 1431 3370 1502 indicant,
3415 1433 3747 1503 posteriora

2101 1525 2257 1576 certe
2289 1519 2606 1591 singularis
2641 1519 2943 1574 modestiae
2979 1521 3603 1591 specimenexhibent.
3638 1523 3746 1577 Ob-

2091 1609 2277 1680 jectio
2301 1613 2497 1664 autem
2529 1608 2788 1678 illa,quaa
2821 1609 2946 1663 hinc
2977 1611 3166 1663 «satis
3196 1611 3483 1666 invidiose
3526 1633 3554 1661 »
3588 1611 3746 1666 dicta

2100 1698 2466 1770 pronuntiat,
2501 1697 2646 1752 adeo
2678 1698 3027 1768 scriptorem
3059 1715 3180 1753 non
3211 1699 3367 1768 ferit,
3398 1704 3465 1754 ut
3487 1701 3740 1770 seipsam

2094 1788 2342 1859 jugulet.
2381 1809 2402 1836 ι
2439 1790 2580 1841 Cum
2631 1787 2960 1857 proﬁtetur,
3018 1788 3232 1858 inquit,
3295 1789 3426 1857 ista,
3485 1806 3737 1859 quorum

2100 1877 2211 1932 sibi
2244 1877 2554 1931 scientiam
2584 1881 2837 1947 arrogat,
2867 1875 3015 1931 adeo
3038 1877 3444 1944 esseexcelsa,
3478 1878 3625 1933 adeo
3650 1896 3744 1934 su-

2099 1984 2204 2039 pra
2231 1966 2571 2021 mortalium
2603 1965 2783 2021 etiam
2815 1965 3082 2021 ﬁdelium
3113 1972 3349 2038 captum
3375 1967 3746 2036 sublimia,ut

2102 2073 2169 2112 ea
2199 2055 2510 2110 Trallianis
2543 2055 2664 2110 suis
2695 2054 2825 2126 capi
2874 2072 3048 2125 posse
3101 2055 3393 2126 desperet.
3428 2057 3607 2127 Cujus
3635 2075 3743 2112 ra-

2100 2147 2328 2201 tionem
2358 2145 2529 2200 affert
2557 2161 2678 2199 non
2708 2143 3021 2199 admodum
3049 2144 3558 2210 ofﬁciosam,hanc
3591 2145 3746 2200 scili-

2101 2241 2214 2304 cet,
2243 2233 2400 2306 quod
2432 2234 2527 2288 isti
2560 2234 2680 2288 sint
2732 2235 2946 2302 νήπιοι,
2991 2256 3018 2282 ››
3051 2234 3297 2304 parvuli,
3331 2236 3522 2304 pueri,
3552 2234 3747 2290 infan-

2102 2331 2209 2380 tes.
2246 2325 2374 2382 Non
2407 2323 2572 2379 video
2604 2321 2902 2394 quomodo
2944 2339 3222 2394 magnam
3275 2323 3388 2378 sibi
3433 2324 3745 2379 scientiam

2100 2420 2352 2486 arrogat,
2379 2415 2477 2484 qui
2514 2431 2575 2468 se
2608 2429 2786 2483 supra
2816 2429 3031 2483 pueros
3063 2429 3268 2483 sapere
3300 2413 3462 2468 dicit.
3496 2416 3622 2469 Non
3653 2414 3745 2468 in-

2100 2503 2299 2575 telligo
2332 2501 2630 2572 quomodo
2663 2501 2916 2571 quisilla
2940 2501 3086 2556 adeo
3119 2502 3352 2558 excelsa
3377 2520 3529 2574 esse,
3564 2508 3621 2558 et
3646 2520 3740 2558 su-

2101 2610 2207 2664 pra
2237 2591 2506 2647 omnium
2538 2590 2878 2645 mortalium
2904 2595 3138 2661 captum
3180 2591 3460 2646 sublimia
3499 2598 3743 2660 asserat,

2101 2699 2234 2754 quae
2268 2686 2498 2736 tantum
2528 2679 2600 2734 ab
2634 2679 2957 2734 infantibus
2989 2682 3117 2751 capi
3151 2697 3269 2734 non
3309 2698 3480 2752 posse
3543 2682 3746 2736 existi-

2099 2776 2242 2826 mat.
2274 2771 2397 2824 Non
2426 2769 2592 2840 capio
2626 2785 2808 2838 quare
2840 2768 3007 2839 pueri
3028 2790 3054 2817 «
3087 2769 3204 2822 Deo
3226 2769 3438 2841 digni»
3472 2769 3586 2823 dici
3619 2787 3741 2825 non

2101 2861 2349 2933 possint,
2383 2864 2484 2914 aut
2513 2881 2539 2907 «
2574 2863 2834 2913 mentem
2866 2857 3231 2929 inculpatam
3290 2864 3347 2914 et
3378 2859 3743 2931 inseparabi-

2099 2950 2218 3006 lem
2245 2951 2305 3004 in
2336 2948 2622 3019 patientia
2653 2968 2679 2995 ››
2721 2963 2840 3001 non
2875 2946 3150 3001 habeant.

2171 3039 2283 3096 Sed
2310 3055 2419 3093 nec
2451 3037 2593 3092 satis
2625 3035 2928 3091 modestus
2953 3036 3297 3092 censoribus
3323 3039 3563 3110 nuperis
3596 3038 3740 3093 scri-

2099 3134 2235 3201 ptor
2265 3126 2664 3194 videtur,dum
2699 3125 3052 3196 Polycarpo,
3106 3147 3133 3174 «
3197 3130 3482 3198 tanquam
3541 3127 3739 3199 tyroni

333 3216 696 3272 referuntur.
719 3212 921 3280 Neque
967 3225 1101 3264 vero
1123 3208 1282 3279 quod
1307 3225 1375 3264 ea
1406 3207 1621 3263 dixerit
1657 3208 1984 3264 Trallianos

2109 3219 2379 3290 magister
2412 3241 2431 3266 ι
2467 3215 2691 3284 scribit,
2725 3210 2878 3268 αῗτοῦ
2913 3211 3122 3268 σύνεσιν
3165 3211 3387 3270 πλείονα
3441 3218 3506 3284 ἧς
3573 3213 3742 3291 ἔχεις,

331 3300 950 3375 strangulatura,adeo
975 3299 1101 3354 haec
1125 3298 1405 3354 sublimia
1434 3315 1564 3353 esse
1596 3297 1840 3354 indicat.
1861 3297 1982 3353 Hoc

332 3397 492 3452 enim
510 3394 585 3449 ad
610 3410 710 3448 eos
727 3397 1009 3462 tanquam
1032 3389 1288 3445 infantes
1311 3389 1533 3444 dictum
1553 3389 1767 3460 est,qui
1796 3389 1982 3444 solido

331 3482 660 3541 cibofacile
693 3479 1136 3551 strangulantur
1168 3477 1360 3550 ;quod
1394 3477 1743 3533 tralatitium
1779 3482 1886 3532 est.
1915 3479 1986 3532 Ut

331 3572 736 3629 Tertullianus
762 3570 934 3640 epist.
989 3571 1080 3633 64,
1134 3567 1206 3623 de
1255 3567 1627 3638 Origenianis
1679 3566 1982 3637 loquitur:

334 3687 362 3713 ‹‹
399 3665 482 3718 Ex
513 3678 630 3733 quo
673 3659 875 3714 volunt
900 3657 1291 3729 intelligi,nos
1323 3657 1423 3728 qui
1457 3656 1712 3712 necdum
1770 3657 1983 3711 initiati

335 3768 563 3820 sumus,
597 3749 814 3804 debere
837 3747 1040 3803 audire
1065 3745 1544 3814 mendacium,ne
1565 3745 1789 3817 parvuli
1808 3752 1984 3816 atque

336 3842 628 3899 lactentes
659 3837 958 3893 solidioris
1007 3835 1122 3892 cibi
1155 3836 1354 3891 edulio
1403 3837 1780 3904 suﬂ'ocemur,
1815 3859 1843 3886 ››
1877 3836 1987 3891 hoc

338 3939 428 3990 est
465 3928 1040 4005 στραγγαλωθώμεθα.
1071 3931 1140 3983 Et
1187 3929 1440 3985 Dalla-zus
1492 3929 1619 4001 ipse
1677 3929 1866 4000 capite
1898 3931 1986 3996 29,

338 4021 480 4076 dum
506 4021 634 4075 haec
657 4017 867 4089 Ignatii
897 4016 1073 4071 verba
1098 4016 1326 4084 recitat,
1360 4016 1630 4070 observat
1659 4037 1686 4065 «
1735 4015 1797 4070 in
1831 4015 1975 4086 ipsis

339 4117 540 4183 aperte
574 4123 859 4180 expressa
880 4105 1113 4161 Paulini
1146 4122 1354 4160 sensus
1385 4105 1647 4178 vestigia.
1683 4125 1710 4154 »

412 4199 524 4254 Sed
551 4199 663 4253 hoc
691 4195 1115 4269 plane,inquit,
1180 4215 1207 4244 «
1241 4193 1720 4266 intempestivum
1768 4214 1795 4241 »
1843 4198 1988 4247 erat.

339 4291 460 4346 lmo
481 4305 622 4343 vero
642 4291 702 4343 et
724 4285 862 4340 huic
877 4284 1007 4339 loco
1028 4289 1086 4339 et
1126 4285 1374 4356 tempori
1399 4284 1653 4338 maxime
1701 4282 1990 4354 congruit.

341 4379 503 4446 Quod
535 4385 601 4433 ut
631 4393 753 4432 non
782 4374 1009 4430 videret
1039 4375 1567 4444 Dallmus,fmda,ut
1597 4374 1830 4444 opinor,
1855 4389 1994 4428 sen-

345 4469 542 4526 tentias
573 4464 968 4539 praacedentis
999 4464 1356 4535 corruptela,
1391 4464 1484 4519 cui
1516 4469 1634 4519 tam
1667 4462 1989 4518 infeliciter

344 4557 644 4615 medelam
677 4554 961 4611 adhibere
979 4559 1226 4610 conatus
1245 4559 1334 4610 est
1355 4553 1700 4622 Salmasius,
1725 4553 1786 4608 in
1817 4568 1997 4608 causa
2026 4582 2072 4646 Ι)

341 4649 474 4706 fuit.
515 4647 634 4702 Ista
662 4645 778 4700 duo
800 4643 1085 4699 vocabula
1114 4642 1302 4696 ἑαυτὸν
1328 4641 1654 4717 πότερονβὶ)
1686 4642 1790 4698 ἱΙΙο
1821 4643 1994 4698 toties

342 4741 551 4792 vexata
581 4739 641 4790 et
663 4734 873 4806 pejora
902 4735 1073 4798 facta,
1095 4733 1378 4788 facillime
1403 4733 1464 4787 in
1495 4748 1680 4787 unum
1712 4749 1780 4787 ex
1810 4732 1996 4787 inter-

344 4828 616 4901 polatore
647 4824 1129 4898 compinguntur,
1153 4829 1219 4878 ut
1239 4824 1488 4879 minima
1517 4823 1844 4878 mutatione
1867 4842 1994 4876 συν·

342 4917 644 4990 τονώτερον
679 4915 926 4987 legatur.
963 4914 1088 4979 Qua
1112 4931 1249 4969 voce
1299 4914 1591 4979 restituta,
1624 4912 1855 4984 reliqua
1883 4913 1996 4967 mi-

347 5009 510 5065 nimo
538 5007 775 5080 negotio
804 5011 1112 5062 sanantur.
1137 5006 1229 5061 Sic
1279 5005 1458 5078 igitur
1507 5003 1636 5076 lego
1670 5021 1683 5059 :
1739 5004 1997 5077 Ἀγαπῶν

347 5097 487 5171 ὑμᾶς
576 5092 855 5173 φείδομαι·
946 5094 1338 5168 συντονώτερον
1426 5089 1721 5163 δυνάμενος
1779 5091 1998 5169 γράφειν

345 5186 470 5261 περὶ
499 5184 700 5241 τούτου
733 5184 807 5246 εἰς
837 5187 998 5239 τοῦτο
1032 5185 1223 5256 ᾠήθην
1284 5181 1366 5238 ἵνα
1418 5180 1490 5236 ὢν
1544 5183 1865 5256 κατάκριτος
1924 5181 1998 5244 ὠς

345 5273 661 5336 ἀπόστολος
697 5275 824 5348 ὑμῖν
858 5271 1255 5347 διατάσσωμαι.
1280 5273 1581 5347 Significat
1612 5289 1673 5328 se
1704 5273 1764 5327 in
1801 5274 2000 5328 animo

345 5366 629 5422 habuisse
664 5366 889 5436 aliquid
921 5365 994 5421 ad
1025 5381 1126 5420 eos
1149 5381 1254 5436 pro
1285 5364 1563 5436 episcopo
1613 5379 1717 5416 suo
1758 5362 2000 5433 Polybio

346 5456 630 5525 scribere,
661 5472 842 5527 quem
864 5456 1152 5527 majorem
1172 5455 1352 5510 etiam
1371 5452 1528 5525 apud
1552 5452 1822 5507 ethnicos
1847 5469 2004 5508 reve-

345 5547 608 5602 rentiam
631 5544 1112 5617 obtinere,quam
1145 5543 1302 5617 apud
1331 5541 1778 5615 ipsos,indicat;
1808 5542 2004 5600 acrius

419 5635 468 5671 ⁴³
501 5637 640 5708 Cap.
675 5652 742 5703 ιι,
779 5652 827 5690 ν.
858 5638 944 5692 19.

2100 3325 2120 3354 ι
2155 3308 2287 3378 pete
2318 3302 2696 3376 prudentiam
2727 3301 3085 3373 ampliorem
3112 3319 3180 3357 ea
3233 3319 3413 3374 quam
3474 3303 3676 3359 habes.
3713 3326 3740 3354 »

2094 3397 2136 3450 Ο
2169 3394 2517 3466 praeclarum
2548 3391 2938 3447 immodestiae
2977 3392 3281 3463 specimen
3319 3392 3550 3447 iMonet
3603 3410 3741 3449 eum

2093 3489 2160 3540 ut
2180 3483 2484 3555 juniorem
2517 3481 2738 3547 senior,
2771 3485 2837 3535 ut
2867 3481 3112 3535 charum
3135 3480 3382 3545 amicus,
3415 3484 3482 3535 ut
3511 3482 3739 3552 episco-

2095 3590 2237 3645 pum
2277 3572 2603 3638 confessor,
2637 3576 2694 3624 et
2726 3570 2996 3624 hortatur
3036 3569 3110 3624 ad
3169 3570 3537 3624 incrementa
3564 3572 3739 3642 spiri—

2097 3662 2349 3718 tualium
2381 3662 2673 3715 donorum
2705 3658 3154 3730 acquirenda,et
3184 3675 3217 3714 a
3247 3661 3363 3714 Deo
3390 3659 3578 3714 omnis
3595 3659 3736 3714 boni

2095 3751 2256 3806 fonte
2287 3749 2564 3821 petenda.
2594 3748 2875 3802 Monitum
2909 3747 3083 3818 plane
3114 3748 3223 3802 hoc
3278 3765 3398 3803 non
3451 3747 3741 3804 immode-

2097 3847 2276 3909 stum,
2309 3838 2412 3894 sed
2443 3839 2606 3908 pium
2630 3836 2923 3908 imprimis
2947 3841 3004 3890 et
3025 3836 3200 3890 fidele
3231 3855 3244 3904 ;
3280 3838 3554 3908 quodque
3585 3843 3742 3893 vete-

2099 3947 2193 3985 res
2233 3929 2334 3999 qui
2363 3929 2492 3982 loca
2517 3926 2858 3981 communia
2909 3929 3250 3993 tractarunt,
3286 3926 3397 3981 sibi
3430 3927 3744 3999 diligenter

2100 4017 2554 4075 exscribendum
2587 4016 3100 4086 putabanta‘ieque
3132 4033 3264 4070 vero
3297 4017 3440 4073 levis
3462 4017 3745 4088 suspicio,

2100 4111 2226 4164 haec
2254 4108 2435 4164 fuisse
2469 4107 2772 4177 signanter
2802 4104 2978 4173 dicta,
3028 4110 3085 4158 et
3127 4105 3356 4176 aliquid
3413 4107 3505 4161 hic
3549 4106 3743 4175 innui,

2102 4198 2259 4270 quod
2289 4197 2455 4253 valde
2489 4200 2696 4250 notatu
2728 4195 2971 4266 dignum
3007 4199 3115 4250 est.
3150 4197 3295 4250 Nam
3323 4201 3379 4251 et
3421 4197 3482 4250 in
3539 4195 3749 4250 Inscri~

2102 4290 2301 4360 ptione
2360 4285 2667 4358 Polycarpi
2727 4284 2980 4339 scribit:
3032 4282 3354 4357 Ἐπισκὸπῳ
3413 4280 3746 4353 Ἐκκλησίας

2106 4373 2448 4449 Σμυρναίων,
2485 4371 2698 4446 μᾶλλον
2729 4369 3159 4446 ἐπεσκοπημένῳ
3202 4373 3304 4428 ὑπὸ
3349 4376 3482 4428 Θεοῦ
3540 4373 3748 4447 Πατρὸς

2103 4467 2193 4522 καὶ
2226 4463 2424 4541 Κυρίου
2455 4465 2641 4534 Ἰησοῦ
2669 4465 2938 4538 Χριστοῦ.
2981 4485 3009 4514 ‹‹
3065 4465 3354 4538 Episcopo
3414 4466 3754 4536 Smyrnam-

2104 4575 2258 4624 rum,
2286 4556 2470 4629 magis
2503 4559 2702 4610 autem
2732 4553 2966 4609 visitato
2998 4570 3032 4609 a
3065 4556 3184 4610 Deo
3216 4558 3386 4611 Patre
3420 4561 3476 4611 et
3506 4555 3754 4611 Domino

2101 4650 2238 4704 Jesu
2269 4647 2520 4702 Christo.
2558 4663 2582 4696 n
2616 4645 2871 4700 Innuere
2902 4649 3101 4699 autem
3133 4645 3363 4700 videtur
3378 4645 3573 4700 locum
3608 4649 3758 4716 Apo-

2104 4737 2411 4809 calypseos
2434 4733 2623 4806 ‘3,quo
2639 4733 2917 4789 scribitur
2935 4733 3011 4788 ad
3024 4734 3299 4808 angelum
3314 4736 3754 4804 Smyrnteorum

2105 4827 2382 4883 Ecclesia:
2410 4841 2424 4882 :
2444 4824 2619 4879 «Novi
2642 4839 2822 4895 Opera
2845 4825 3144 4889 tua.»Quae
3169 4825 3216 4878 si
3235 4823 3562 4879 observatio
3594 4827 3758 4877 recta

2107 4916 2204 4983 sit,
2238 4930 2359 4968 non
2391 4910 2783 4968 dubitandum
2815 4912 2948 4976 erit,
2984 4912 3130 4982 quin
3159 4911 3244 4966 illi
3283 4916 3508 4981 septem
3559 4909 3755 4980 angeli

2107 5003 2491 5061 ecclesiarum
2511 5001 2761 5058 totidem
2793 5001 3016 5056 fuerint
3039 5003 3273 5074 proprie
3307 5001 3447 5057 dicti
3471 4997 3758 5072 episcopi.

2744 5089 2972 5145 CAPUT
3004 5091 3124 5148 XII.

2108 5188 2452 5255 Argumenta
2477 5196 2510 5234 α
2539 5178 2780 5255 dictione
2793 5181 2976 5255 petita
3017 5182 3366 5255 refeltuntur.
3418 5181 3562 5255 Vera
3619 5179 3760 5255 vocis

2181 5248 2443 5329 (ἵεοιρόρου
2475 5253 2624 5329 notio
2656 5249 2808 5329 apud
2829 5248 3117 5329 antiquos.
3154 5254 3364 5329 Eagvox
3422 5251 3476 5304 S.
3538 5248 3762 5329 Ignatig

2185 5320 2315 5383 durit
2349 5320 2419 5378 "in
2450 5324 2588 5377 vivis
2632 5327 2784 5385 esset,
2820 5321 3028 5375 tributa
3086 5330 3182 5377 est.
3216 5324 3495 5378 Sermones
3551 5320 3763 5391 Ignatii

2184 5417 2304 5456 cum
2340 5398 2582 5464 Traiano
2607 5392 2782 5446 habiti
2815 5391 3186 5461 explicantur.
3219 5397 3487 5462 Martyres
3521 5411 3553 5447 a
3574 5408 3764 5463 paga-

2182 5475 2290 5536 nis,
2315 5461 2730 5536 κακοδαίμονες,
2765 5463 2967 5518 miseri
2998 5481 3102 5520 seu
3147 5461 3413 5520 infelices
3471 5461 3762 5520 nominati.

2185 5541 2394 5601 Fabula
2426 5540 2492 5594 de
2522 5539 2578 5593 S.
2606 5538 2824 5607 Ignatio
2851 5552 3028 5606 puero
3081 5539 3137 5592 in
3169 5538 3314 5594 ulnis
3373 5537 3581 5594 Christi
3613 5551 3764 5592 acce-
