4064 6134
294 271 414 332 399

1353 269 1419 330 S.
1464 269 1871 332 IGNATIUS.
1917 301 1996 314 --
2036 268 2660 335 PROLEGOMENA.

3598 286 3722 348 400

323 432 328 437 ε
354 410 457 491 pip
485 404 585 491 Ιιοο
616 400 780 458 titulo
803 402 964 491 longe
1008 401 1310 491 posterior.
1527 402 1792 491 traditio,
1850 403 1924 486 iit:

2051 401 2262 478 ἀνδρῶν
2283 403 2621 480 εἰρημένοις.
2653 408 2931 466 Oratione
2955 412 3021 466 37
3049 428 3063 467 :
3092 411 3188 473 Ὦς
3239 431 3321 474 τις
3369 417 3477 469 τῶν
3534 419 3719 491 μικρῷ

358 473 565 546 fabula:
603 490 803 542 coaeva,
862 475 1131 546 veteribus
1180 473 1487 544 incognita.
1519 476 1749 532 Fabulz
1768 477 1940 546 ipsius

360 545 685 603 Anastasius
745 552 795 600 et
841 545 1239 615 Metaphrastes
1309 547 1484 615 primi
1563 545 1947 602 meminerunt.

362 617 938 689 lgnatz'ipatriarclzze
986 616 1590 686 Constantinopolitani
1646 623 1813 673 aetate
1869 620 1952 686 fa-

368 689 506 744 bula
534 694 682 743 natae
726 688 1002 759 videntur.
1055 689 1246 742 Noster
1295 690 1545 758 lgnatius
1603 690 1953 759 presbyteros

364 760 539 835 ἱερέας
568 775 681 815 non
714 758 982 830 appellat.

367 871 557 939 Atque
588 866 714 921 haec
744 866 987 936 quidem
1018 865 1305 922 hactenus
1336 867 1409 922 de
1438 867 1617 924 rebus
1641 867 1949 939 ipsis,quaa

299 957 599 1029 epistolas,
628 971 773 1026 quas
804 955 1200 1022 defendimus,
1230 957 1284 1011 S.
1320 957 1549 1029 lgnatio
1584 957 1861 1029 episcopo
1895 962 1954 1011 et

298 1045 545 1117 martyri
576 1044 774 1100 aliena
802 1060 987 1099 manu
1017 1045 1265 1100 minime
1296 1046 1563 1101 subditas
1593 1046 1775 1101 fuisse
1811 1062 1948 1118 per-

300 1135 568 1192 suadent.
594 1134 732 1198 Quae
767 1138 1100 1204 sequuntur
1134 1157 1153 1184 ι
1189 1134 1541 1202 orationem,
1567 1141 1624 1191 et
1652 1135 1831 1190 verba
1880 1152 1954 1190 ex

300 1223 517 1297 quibus
548 1223 737 1279 oratio
770 1226 1043 1278 contexta
1074 1227 1182 1291 est,
1215 1244 1244 1273 »
1287 1224 1664 1295 spectant.De
1682 1224 1951 1279 oratione

299 1321 363 1375 in
391 1329 608 1388 genere
637 1312 921 1385 disputat,
947 1313 1051 1369 sed
1095 1314 1247 1369 nihil
1276 1315 1437 1370 aliud
1468 1315 1700 1382 asserit,
1750 1331 1952 1385 quam,

301 1403 585 1476 epistolas
608 1402 964 1457 duodecim«
982 1419 1105 1459 non
1125 1420 1253 1459 esse
1274 1404 1452 1459 unius
1467 1403 1736 1476 ejusdem
1751 1409 1953 1461 aucto-

299 1494 404 1563 ris,
438 1516 468 1543 »
502 1492 660 1564 quod
682 1491 735 1548 ei
754 1491 1153 1548 libentissime
1177 1493 1731 1550 concedimus.Cum
1754 1499 1953 1550 autem

300 1582 569 1638 omnium
596 1580 981 1653 epistolarum
1004 1582 1309 1654 ingenium
1331 1587 1389 1637 et
1410 1582 1606 1638 ideam
1628 1582 1829 1638 critice
1860 1599 1955 1640 re-

299 1674 643 1743 praesentat,
670 1670 1559 1740 antiquissimasillas,‘Eusebio
1584 1672 1956 1737 visas,maxi-

2060 493 2290 568 πρόσθεν
2315 496 2563 575 θεοφόρω
2593 494 3013 577 ἐφιλοσόφησεν.
3072 503 3374 560 Palladius
3431 507 3495 562 in
3553 509 3718 563 Prae-

2061 587 2290 644 ratione
2322 590 2617 646 Lausiacae
2638 591 2903 647 historia)
2929 610 2941 647 :
2968 592 3118 666 Παρὰ
3149 592 3425 670 θεοφόρων
3457 593 3720 666 ἀθλητῶν

2060 678 2157 730 τοῖ’)
2215 680 2454 750 Χριστοῦ
2509 679 2609 748 τὴν
2665 679 2918 755 οὐράνιον
2973 682 3181 736 τούτων
3215 684 3363 753 ζωὴν
3394 683 3712 757 ἐκμεμάθη-

2061 786 2149 821 κα.
2184 769 2435 834 Quintus
2459 771 2513 827 S.
2540 772 2741 843 Cyrilli
2795 772 3328 830 anathematismus
3357 775 3430 830 ab
3459 778 3716 833 Anasta-

2065 860 2151 915 sio
2174 877 2378 915 versus
2406 877 2418 913 :
2450 881 2479 910 «
2512 861 2568 916 Si
2596 862 2728 932 quis
2758 861 2939 917 audet
2968 862 3166 919 dicere
3198 864 3497 921 Christum
3514 867 3715 922 homi-

2062 961 2199 1004 nem
2255 947 2538 1024 ἄνθρωπον
2595 949 2875 1025 θεοφόρον,
2937 952 2996 1007 id
3064 958 3155 1008 est
3212 954 3517 1011 hominem
3592 959 3715 1014 Deo

2062 1044 2329 1095 utentem
2361 1056 2423 1095 se
2447 1045 2853 1111 asportantem
2875 1041 3016 1113 [lege
3046 1043 3163 1097 sive
3213 1047 3597 1118 portantem],
3658 1052 3722 1103 et

2062 1145 2185 1184 non
2216 1131 2401 1185 Deum
2427 1146 2557 1185 esse
2588 1132 2876 1186 veraciter
2899 1131 3137 1198 dixerit,
3181 1135 3499 1191 anathema
3555 1138 3653 1192 sit.
3684 1160 3714 1188 ››

2067 1217 2132 1272 Et
2161 1223 2359 1274 tamen
2391 1221 2452 1273 Β.
2485 1219 2907 1288 Theodoretus,
2937 1219 3030 1274 τὸν
3070 1220 3333 1297 θεοφόρον
3393 1219 3450 1276 δὲ
3515 1220 3720 1300 ἄνθρω-

2063 1325 2164 1359 πον
2195 1305 2269 1367 ὡς
2307 1304 2547 1370 πολλοῖς
2598 1312 2710 1362 τῶο
2770 1306 2941 1383 ἁγίων
3002 1312 3255 1384 Πατὲρων
3293 1310 3583 1384 εἰρημένον
3650 1312 3716 1370 οὐ

2064 1393 2493 1469 παραιτούμεθα·
2528 1419 2557 1447 ‹‹
2592 1398 2888 1454 Deiferum
2920 1399 3410 1470 hominem,sicut
3439 1419 3474 1458 a
3502 1403 3710 1460 multis

2065 1487 2286 1542 sanctis
2317 1487 2589 1543 Patribus
2621 1488 2812 1543 dictus
2840 1493 3074 1558 est,non
3100 1490 3425 1561 rejicimus.
3460 1514 3491 1542 »
3521 1493 3683 1566 Cyril

2064 1576 2159 1631 lus
2187 1580 2386 1632 autem
2418 1593 2431 1631 :
2467 1576 2653 1648 Φαμὲν
2680 1577 2781 1649 γὰρ
2812 1578 2976 1649 ἡμεῖς
3006 1579 3068 1633 τὸ
3103 1578 3179 1651 μή
3213 1585 3415 1653 χρῆναι
3461 1582 3599 1656 πρός
3622 1604 3681 1637 τι

2064 1684 2153 1726 νος
2184 1663 2442 1741 θεοφόρον
2475 1661 2758 1737 ἄνθρωπον
2794 1664 3149 1737 ὀνομάζεσθαι
3171 1666 3263 1721 τὸν
3319 1669 3576 1743 Χριστὸν,
3615 1671 3672 1724 ¹ίν

299 1778 397 1817 me
422 1760 711 1832 exagitat;
739 1776 943 1815 earum
976 1761 1194 1832 stylum
1215 1761 1384 1816 miris
1404 1762 1598 1817 modis
1614 1762 1859 1819 infamat
1880 1781 1914 1819 a

2068 1755 2145 1827 μὴ
2176 1751 2387 1819 καθ’ἓνα
2405 1758 2516 1810 τῶν
2537 1754 2706 1829 ἁγίων
2726 1759 2967 1813 νοοῖτο.‹‹
2990 1759 3251 1815 Dicimus
3274 1759 3432 1816 enim
3455 1778 3562 1818 nos
3584 1779 3700 1819 non

302 1848 767 1921 deturpat,illius
788 1850 1097 1905 sententia;
1121 1850 1528 1923 S.Hieronymi
1557 1852 1803 1908 minime
1832 1870 1948 1910 me-

297 1956 466 1995 mor:
494 1958 522 1989 «
553 1938 682 1993 Scio
714 1938 870 1993 inter
898 1939 1260 1995 Christianos
1291 1940 1607 1997 verborum
1652 1942 1793 1997 vitia
1822 1960 1943 1999 non

298 2028 490 2084 solere
519 2027 902 2099 reprehendi.
938 2050 967 2080 »

366 2118 567 2174 Prima
596 2116 874 2174 dictionis
906 2118 1071 2175 labes
1102 2135 1281 2191 quam
1312 2120 1583 2176 observat
1609 2125 1698 2177 est
1725 2138 1943 2195 cogno-

294 2212 564 2263 mentum
586 2207 851 2282 θεοφόρου
870 2209 1082 2281 Ignatii
1115 2208 1342 2265 nomini
1369 2225 1603 2282 semper
1624 2209 1937 2282 adjectum.

293 2302 366 2356 At
396 2305 554 2357 certe
586 2302 635 2356 si
664 2318 775 2356 vox
807 2298 1073 2377 θεοφόρος
1104 2305 1563 2373 cognomentum
1596 2302 1692 2368 sit,
1718 2302 1940 2374 stylum

293 2391 383 2446 vel
413 2391 734 2447 dictionem
759 2392 1005 2447 minime
1027 2390 1186 2447 laedit
1214 2409 1228 2459 ;
1270 2408 1465 2463 neque
1520 2391 1837 2463 quisquam
1870 2409 1937 2448 eo

290 2481 500 2536 rudius
531 2486 633 2536 aut
659 2480 945 2537 incultius
978 2481 1236 2536 scribere
1263 2480 1380 2536 dici
1411 2487 1624 2553 potest,
1659 2481 1818 2553 quod
1874 2499 1935 2538 se

286 2571 375 2627 vel
405 2587 524 2626 uno
551 2571 642 2627 vel
673 2571 944 2643 pluribus
966 2571 1310 2627 nominibus
1339 2571 1572 2644 probat.
1603 2572 1716 2628 Sed
1760 2595 1788 2623 «
1823 2574 1936 2630 hoc

283 2660 493 2731 Ignatii
524 2676 745 2716 nomen
783 2659 1135 2731 Theoplaorus
1186 2667 1244 2716 et
1295 2660 1453 2732 apud
1502 2662 1935 2720 vetustissimos

284 2765 491 2822 omnes
523 2754 613 2805 est
634 2750 1055 2819 inauditum,et
1074 2749 1251 2821 plane
1277 2749 1635 2820 fabulosum,
1661 2757 1719 2807 et
1749 2769 1817 2807 ex
1847 2752 1933 2808 fa-

284 2836 422 2893 bula
444 2841 816 2912 ortum.Ergo
840 2838 1118 2911 epistolas
1141 2838 1383 2895 alterius
1406 2839 1660 2912 alicujus
1678 2840 1778 2897 diu
1799 2848 1933 2913 post

285 2928 577 2999 Ignatium
598 2930 781 2984 fuisse
805 2945 1047 2983 necesse
1074 2932 1182 2983 est.
1216 2950 1244 2979 ››
1276 2929 1394 2984 Iloc
1418 2930 1596 3002 igitur
1619 2948 1931 3004 argumen-

290 3021 416 3072 tum
444 3034 550 3073 suo
582 3018 713 3073 loco
746 3017 1036 3073 dimotum
1058 3023 1231 3086 est,et
1259 3018 1331 3073 ad
1364 3034 1433 3074 ea
1462 3020 1738 3090 pertinet,
1798 3039 1929 3093 qum

280 3108 617 3176 temporum
654 3106 828 3161 ﬁdem
863 3106 1102 3177 pulsare
1134 3106 1462 3162 videantur.
1497 3108 1609 3163 Sed
1639 3108 1800 3164 salva
1829 3128 1924 3167 res

2054 1846 2269 1902 debere
2282 1846 2353 1902 ab
2367 1846 2565 1916 aliquo
2581 1845 2881 1903 Deiferum
2901 1847 3206 1904 hominem
3227 1850 3524 1907 nominari
3541 1853 3708 1909 Chri.

2053 1943 2233 2003 stum,
2256 1943 2323 1992 ut
2352 1953 2426 1992 ne
2456 1937 2610 1992 sicut
2639 1953 2798 1992 unus
2857 1944 3201 1994 sanctorum
3251 1940 3638 2014 intelligatur.
3674 1966 3704 1996 κ

2050 2027 2324 2100 Eulogius
2346 2026 2506 2098 apud
2540 2026 2817 2082 Photium
2844 2026 2916 2082 de
2938 2029 2993 2083 S.
3031 2028 3284 2100 Cyrillo:
3318 2029 3374 2081 Ὀ
3433 2027 3483 2083 δ’
3539 2029 3702 2094 αὐτὸς

2051 2115 2314 2192 θεοφόρος
2345 2114 2482 2187 ἆνὴρ
2513 2112 2609 2168 κᾶν
2636 2116 2717 2186 τῷ
2749 2111 2983 2190 δευτέρῷ
3012 2117 3439 2190 ἁναθεματισμῷ
3462 2119 3552 2191 [ea
3602 2120 3708 2176 αὐ-

2042 2223 2110 2257 τα
2142 2205 2266 2277 βοᾷ.
2300 2204 2567 2271 Pbotius,
2602 2204 2858 2275 epistola
2878 2206 3070 2277 prima
3096 2207 3169 2262 de
3200 2208 3411 2279 quinta
3430 2212 3655 2280 synodo
3683 2229 3700 2271 :

2049 2291 2212 2347 Πέντε
2268 2288 2328 2346 δὲ
2383 2292 2473 2346 καὶ
2532 2292 2792 2365 ἑξήκοντα
2842 2294 2933 2348 καὶ
2982 2295 3168 2350 ἑκατὸν
3217 2300 3493 2376 Θεοφόρων
3529 2304 3699 2357 πατὲ-

2049 2400 2156 2455 ρων
2183 2378 2451 2453 παρουσίᾳ
2481 2378 2571 2434 καὶ
2611 2376 2890 2456 συνδρομῇ
2951 2380 3292 2458 ἐκρατύνετο.
3352 2389 3433 2445 De
3491 2396 3693 2448 sexta:

2043 2463 2461 2542 Ἑϐδομήκοντα
2518 2464 2576 2523 δὲ
2627 2470 2717 2524 καὶ
2776 2470 2965 2525 ἑκατὸν
3022 2473 3309 2550 θεοφόροις
3354 2473 3574 2551 ἀνδράσι
3604 2480 3697 2534 τὸν

2043 2557 2229 2634 ἀγῶνα
2285 2554 2657 2632 ὕποδυομὲνη.
2725 2561 2808 2616 De
2863 2564 3158 2634 septima:
3222 2565 3348 2620 Τῶν
3420 2567 3697 2642 μακαρίων

2041 2646 2265 2702 ἐκείνων
2297 2647 2387 2703 καὶ
2421 2648 2581 2723 ἱερῶν
2612 2645 2825 2724 ἀνδρῶν
2857 2651 2891 2719 ἡ
2917 2652 3181 2727 θεοφόρος
3217 2654 3310 2708 καὶ
3367 2654 3497 2731 ἆγία
3562 2679 3698 2713 παν-

2044 2739 2259 2812 ήγυρις.
2291 2739 2838 2810 Frequentissimus
2868 2741 3050 2813 igitur
3080 2743 3262 2816 hujus
3311 2746 3577 2803 vocabuli
3636 2750 3700 2805 in

2039 2834 2306 2885 veterum
2329 2830 2565 2901 scriptis
2600 2847 2745 2886 usus
2801 2833 3119 2903 reperitur,
3171 2837 3345 2907 cujus
3376 2838 3694 2909 explicatio

2041 2917 2103 2971 in
2125 2918 2374 2973 Scholiis
2397 2919 2626 2974 Maximi
2648 2920 2722 2975 ad
2744 2920 2941 2976 locum
2967 2922 3485 2995 Dionysiicitatum
3500 2926 3688 2982 fusius

2042 3007 2329 3063 traditur:
2362 3006 2682 3079 Σημείωσαι
2716 3007 2799 3063 ὅτι
2856 3008 2945 3063 καὶ
2984 3010 3047 3064 τὸ
3099 3015 3202 3065 νῶν
3240 3013 3408 3085 ἁγίων
3469 3012 3674 3082 θρόνων

2035 3096 2216 3171 τάγμα
2246 3097 2504 3173 θεοφόρον
2536 3096 2707 3166 εἶπεν,
2741 3098 2815 3160 ὡς
2857 3099 3017 3178 φέρον
3070 3100 3473 3172 ἀναπαυόμενον
3538 3124 3677 3175 νοη-

276 3198 398 3259 est;
435 3199 492 3247 et
524 3195 708 3265 magis
739 3200 899 3249 certa
932 3196 1110 3267 hujus
1170 3196 1538 3268 cognominis
1595 3198 1919 3270 antiquitas

2037 3188 2139 3247 τῶς
2169 3183 2260 3239 τὸν
2292 3184 2445 3243 Θεόν.
2474 3186 2613 3261 Ὅρα
2645 3184 2736 3241 οὖν
2796 3186 2984 3256 ἐπειδὴ
3027 3190 3117 3244 καὶ
3176 3190 3203 3244 ὁ
3246 3190 3510 3267 μακάριος
3566 3196 3673 3249 Βα-

276 3297 452 3350 quam
483 3287 549 3336 ut
579 3283 835 3337 recentis
859 3282 1067 3337 fabulae
1092 3290 1377 3353 praetextu
1399 3285 1918 3359 rejiciatur,magis

274 3368 583 3440 explorata
612 3371 881 3426 vocabuli
912 3372 1075 3427 notio
1106 3372 1168 3426 in
1188 3378 1449 3428 veterum
1475 3374 1917 3446 scriptis,quam

270 3462 339 3512 ut
372 3459 767 3529 posteriorum
801 3460 1041 3532 ineptiis
1074 3460 1366 3517 eludatur.

340 3547 609 3624 Θεοφόρος
638 3565 744 3603 vox
777 3554 865 3604 est
895 3550 1168 3621 antiquis
1206 3550 1480 3606 Ecclesiaa
1529 3552 1916 3623 scriptoribus

276 3636 532 3694 maxime
554 3637 999 3702 familiaris;ut
1026 3640 1164 3696 huic
1194 3640 1305 3712 ipsi
1356 3641 1629 3714 scriptori
1679 3645 1914 3715 Ephesii

268 3724 541 3802 θεοφόροι,
571 3732 630 3783 et
658 3727 918 3804 ναοφὸροι
948 3728 1245 3786 dicuntur.
1268 3731 1357 3786 Ita
1377 3730 1648 3787 Clemens
1667 3732 1915 3789 Alexan-

274 3814 485 3870 drinus
514 3816 574 3870 in
606 3819 908 3890 Excerptis
934 3818 1431 3895 asseritﬁaoedpov
1447 3819 1685 3895 γίνεσθαι
1705 3820 1795 3876 τὸν
1820 3818 1914 3876 ἃν-

266 3902 485 3976 θρωπον
516 3908 807 3979 προσεχῶς
837 3902 1219 3980 ἐνεργούμενον
1256 3906 1358 3961 ὑπὸ
1382 3911 1479 3962 τοῦ
1537 3908 1758 3982 Κυρίου,
1821 3912 1911 3966 καὶ

265 3991 506 4066 καθάπερ
562 3997 721 4065 σῶμα
781 3993 943 4048 αὐτοῦ
998 3995 1301 4069 γινόμενον.
1364 3999 1434 4053 Et
1481 4000 1770 4066 Stromat.,
1803 4001 1907 4059 lib.

262 4098 336 4136 vn
364 4100 375 4137 :
408 4084 473 4137 Ἠ
497 4080 597 4136 οὐκ
628 4080 830 4151 οἷ’δατε,
863 4082 1025 4161 φησὶν
1056 4084 1083 4138 6
1114 4084 1476 4154 Ἀπόστολος,
1511 4087 1594 4142 ὅτι
1620 4089 1747 4150 ναός
1791 4088 1909 4144 ἐστε

264 4172 360 4222 τοῦ
392 4174 525 4224 Θεοῦ
556 4189 569 4239 ;
603 4176 762 4232 Θεῖος
793 4172 896 4246 ἄρα
925 4172 953 4226 6
985 4174 1289 4247 γνωστικὸς
1317 4175 1407 4230 καὶ
1437 4172 1545 4246 ἤδη
1583 4176 1739 4251 ἅγιος
1780 4179 1905 4233 ﬂeo-

256 4261 439 4331 φορῶν
477 4257 566 4311 καὶ
599 4261 1050 4336 οεοῖιορούμενος.
1087 4262 1246 4318 Idem
1281 4264 1439 4320 enim
1475 4271 1565 4321 est
1622 4269 1903 4340 templum

258 4346 359 4399 Dei
393 4361 543 4414 esse,
576 4352 635 4402 et
672 4346 931 4423 Θεοςρόρον
966 4366 1115 4416 esse,
1147 4352 1238 4406 vel
1287 4358 1590 4428 θεοφορεῖν.
1651 4357 1901 4415 Sanctus

2029 3273 2235 3336 σίλειος
2293 3275 2321 3328 6
2373 3270 2744 3345 Καππαδόκης
2807 3280 2912 3346 τήυ
2972 3279 3232 3355 θεοφόρον
3284 3282 3403 3336 εἷπε
3485 3281 3679 3359 σάρκα,

2025 3362 2329 3434 σκοπητὲον
2357 3369 2475 3426 πῶς
2505 3362 2740 3439 εἴρηται.
2779 3363 2940 3421 Ἀλλ’
2971 3369 3005 3436 ἡ
3043 3368 3136 3441 μὲν
3179 3369 3307 3443 σὰρξ
3353 3369 3517 3426 αὐτοῦ
3572 3377 3671 3427 τοῦ

2026 3454 2233 3528 Κυρίου
2262 3454 2380 3508 κατ’
2410 3453 2599 3509 οὐσίαν
2648 3455 2740 3509 καὶ
2784 3457 2905 3520 καθ’
2938 3457 3230 3513 ὑπόστασιν
3261 3461 3467 3529 ἥνωται
3529 3461 3678 3534 αὐτῷ

2025 3546 2103 3614 τῷ
2132 3547 2247 3615 Θεῷ
2287 3544 2468 3620 Λόγῳ’
2528 3540 2613 3597 διὸ
2673 3543 2761 3599 καὶ
2822 3552 3179 3620 σαρκοφορεῖν
3241 3548 3405 3612 αὐτὸς
3463 3548 3680 3626 λέγεται

2022 3632 2168 3708 παρὰ
2195 3636 2305 3688 τῶν
2365 3633 2651 3709 Ιιατὲρων,
2712 3635 2803 3690 καὶ
2864 3637 3033 3710 σάρκα
3090 3635 3431 3698 ἐνδύσασθαι.
3464 3641 3526 3697 Τί
3557 3644 3679 3698 ἄτο-

2022 3743 2121 3778 πον
2152 3719 2242 3777 οὖν
2268 3722 2314 3778 εί
2370 3724 2461 3778 καὶ
2505 3725 2540 3792 ἡ
2603 3723 2730 3799 σὰρξ
2788 3722 2952 3780 αὺτοῦ
3003 3724 3220 3800 λέγεται
3279 3730 3560 3807 θεοφόρος,
3603 3733 3680 3796 ὡς

2025 3811 2263 3889 φέρουσα
2290 3812 2383 3867 τὸν
2412 3811 2543 3867 Θεὸν
2575 3813 2753 3887 Λόγον
2780 3815 2899 3879 καθ’
2956 3810 3142 3872 ἕνωσιν
3199 3814 3539 3892 ἀδιάστατον,
3573 3822 3675 3877 αὖ-

2018 3900 2115 3957 τοῦ
2145 3901 2272 3977 σάρξ
2303 3902 2392 3956 καὶ
2454 3901 2728 3976 λεγομένη
2787 3903 2876 3958 καὶ
2936 3904 3260 3984 ὑπάρχουσα
3314 3909 3517 3983 κυρίως
3580 3910 3673 3966 καί

2017 3991 2154 4047 κατὰ
2181 3988 2460 4061 ἀλήθειαν.
2494 3991 2664 4047 Οὗτοι
2698 3988 2756 4046 δὲ
2785 3992 2921 4047 κατὰ
2952 3994 3112 4068 χάριν
3137 3990 3381 4070 ίὲχοντες
3436 3998 3490 4055 ἐν
3547 4000 3670 4055 ἑαυ-

2016 4084 2132 4141 τοῖς
2161 4080 2253 4134 τὸν
2283 4079 2411 4134 Θεὸν
2444 4077 2670 4155 ἀρῥῆτῷ
2693 4100 2751 4135 τε
2783 4078 2934 4157 λόγῳ
2964 4084 3053 4137 καὶ
3089 4085 3394 4160 άνεινοήτῳ
3452 4086 3666 4160 διανοίᾳ

2015 4167 2269 4246 θεοφόροι
2299 4167 2389 4223 καὶ
2436 4167 2591 4223 αὐτοὶ
2650 4165 2739 4223 διὰ
2773 4175 2935 4226 τοῦτο
2994 4168 3267 4250 λέγονται.
3324 4199 3353 4228 ‹‹
3409 4177 3668 4235 Observa.

2015 4275 2150 4315 eum
2184 4262 2526 4315 sanctorum
2558 4259 2910 4317 thronorum
2954 4263 3227 4319 ordinem
3265 4264 3525 4339 θεοφόρον
3554 4283 3666 4323 ηο-

2011 4348 2262 4412 minare,
2291 4347 2467 4404 veluti
2498 4351 2768 4418 ferentem
2797 4350 3282 4410 intellectualiter
3302 4355 3663 4413 residentem

253 4434 590 4504 Dionysius,
624 4435 863 4492 Ccrlestis
888 4438 1214 4495 hierarchia:
1240 4457 1367 4513 cap.
1402 4446 1454 4510 7,
1480 4442 1650 4500 docet
1678 4463 1900 4505 nomen
2007 4439 2197 4493 Deum-
2223 4438 2411 4504 Quare
2434 4455 2568 4493 cum
2592 4440 2770 4494 etiam
2794 4441 2854 4495 Β·
2894 4442 3144 4497 Βίιείιίιιε
3166 4444 3480 4517 Cappadox
3542 4454 3665 4509 θεο-

250 4522 452 4576 throni
485 4522 642 4577 inter
671 4524 911 4581 ordines
943 4527 1242 4599 angelicos
1271 4530 1553 4587 denotare
1590 4532 1653 4587 τὸ
1710 4535 1899 4611 Θεοφό-
1934 4530 1981 4595 D
2011 4526 2180 4603 φόρον
2212 4543 2451 4583 Carnem
2481 4527 3152 4595 di1i1.00n5idel‘andum
3177 4534 3477 4605 quomodo
3514 4536 3661 4593 illud

248 4629 366 4683 ρον.
401 4611 716 4669 S.Basilius
747 4616 822 4669 De
852 4617 1069 4686 Spiritu
1089 4619 1170 4685 S.,
1203 4634 1328 4689 cap.
1368 4622 1438 4673 5:
1496 4620 1597 4677 Ἐκ
1650 4627 1749 4677 τοῦ
1805 4627 1899 4680 ἁν-

252 4698 528 4771 Θρωπείου
556 4701 873 4779 φυράματος
906 4704 940 4771 ἡ
982 4702 1244 4778 θεοφόρος
1303 4704 1427 4780 σὰρξ
1488 4711 1779 4784 συνεπάγη,
1842 4721 1901 4770 et

250 4790 500 4847 homilia
548 4791 610 4847 in
659 4792 1065 4851 Nativilatcm:
1124 4791 1271 4849 Ἔδει
1328 4795 1391 4850 τὸ
1423 4801 1640 4872 Πνεῦμα
1679 4802 1768 4856 καὶ
1798 4804 1899 4873 τὴν

251 4876 480 4953 δύναμιν
509 4883 607 4935 τοῦ
638 4881 890 4956 Ὑψίστου
918 4884 1019 4953 τήν
1048 4882 1307 4960 θεοφόρον
1359 4882 1565 4955 ἐκείνην
1624 4894 1901 4962 συστήσας

248 4969 371 5024 σθαι
424 4970 615 5044 σάρκα.
663 4976 744 5029 Αο
797 4990 1006 5030 rursus
1056 4975 1304 5030 homilia
1348 4976 1409 5030 in
1453 4979 1745 5048 psalmum
1769 5000 1892 5043 le:

238 5055 519 5142 γ’πόδημα
570 5057 627 5115 δὲ
682 5061 784 5129 τῆς
841 5062 1101 5131 θεότητος
1155 5063 1191 5131 ἡ
1244 5062 1504 5139 θεοφόρος
1537 5066 1686 5142 σὰρξ,
1734 5067 1806 5125 δι’
1833 5075 1899 5142 ἧς

243 5138 418 5218 ἐπάϐη
451 5151 568 5209 τοῖς
608 5148 931 5225 ἀνθρώποις.
979 5153 1291 5226 Gregorius
1332 5138 1731 5216 Nazianzenus
1777 5138 1895 5235 epi-

2016 4617 2239 4672 dictum
2272 4618 2366 4674 sit.
2401 4618 2547 4673 Caro
2578 4624 2778 4674 autem
2809 4620 3000 4692 ipsius
3046 4623 3284 4679 Domini
3336 4626 3666 4684 secundum

2016 4707 2409 4762 substantiam
2455 4713 2513 4763 et
2541 4708 2869 4765 secundum
2899 4711 3348 4771 subsistentiam
3379 4717 3547 4771 unita
3576 4721 3668 4771 est

2013 4795 2127 4867 ipsi
2160 4797 2281 4851 Deo
2311 4796 2502 4852 Verbo
2528 4814 2540 4853 :
2567 4804 2929 4870 quapropter
2962 4806 3021 4857 et
3050 4808 3664 4878 σαρκοφορεῖν,οανιιοηι

2008 4887 2125 4954 fere
2183 4885 2308 4956 ipse
2350 4885 2567 4941 dicitur
2622 4903 2656 4941 ιι
2708 4888 3003 4958 Patribus,
3065 4896 3122 4945 et
3162 4908 3382 4948 carnem
3410 4895 3662 4951 induere.

2009 4972 2148 5037 Qum
2179 4972 2358 5044 igitur
2377 4973 2735 5043 absurditas,
2770 4976 2819 5030 si
2852 4977 3030 5033 etiam
3063 4995 3201 5034 caro
3242 4981 3372 5052 ejus
3433 4981 3668 5038 dicatur

2009 5059 2289 5136 θεοφόρος,
2322 5068 2606 5133 tanquam
2635 5067 2820 5133 ferens
2848 5067 3019 5121 Deum
3042 5068 3295 5125 Verbum
3334 5072 3664 5129 secundum

2005 5150 2289 5206 unionem
2312 5151 2770 5224 inseparabilem
2794 5171 2807 5222 ;
2834 5171 2966 5211 cum
2991 5156 3178 5229 ipsius
3201 5175 3335 5215 caro
3356 5166 3413 5214 et
3431 5160 3666 5215 dicatur

238 5237 393 5293 stola
423 5240 492 5296 ad
525 5239 841 5298 Cledonium
872 5244 924 5309 2,
987 5241 1058 5299 de
1116 5242 1596 5316 Apollinaristis:
1647 5249 1723 5304 Τὸ
1784 5246 1896 5306 δεῖν
2005 5245 2066 5295 et
2093 5239 2169 5295 sit
2194 5241 2432 5312 proprie
2464 5247 2523 5297 et
2566 5244 2896 5301 secundum
2954 5248 3312 5302 veritatem?
3358 5248 3423 5301 Hi
3456 5254 3658 5305 autem

236 5331 554 5397 προσκυνεῖν
588 5330 664 5400 μή
699 5326 982 5403 ἄνθρωπον
1028 5330 1313 5408 θεοφόρον,
1372 5328 1521 5387 ἀλλὰ
1575 5335 1703 5390 Θεὸν
1761 5359 1889 5415 σαρ-

233 5411 491 5502 κνιφόρον·
520 5423 576 5471 et
603 5435 615 5472 :
647 5418 738 5486 Μὴ
781 5417 953 5493 σάρκα
981 5419 1266 5496 θεοφόρον,
1300 5418 1447 5476 ἀλλὰ
1487 5422 1617 5479 Θεὸν
1670 5411 1887 5502 ἀνθρω-

230 5500 497 5576 ποιρόρον.
537 5506 812 5564 Oratione
843 5510 1020 5565 tertia
1053 5526 1067 5567 :
1101 5506 1367 5563 Βοόλεται
1396 5509 1496 5584 γὰρ
1528 5512 1664 5585 ἡμῖν
1700 5516 1728 5569 6
1774 5500 1872 5573 λο-

227 5609 324 5666 γος
379 5592 455 5666 μὴ
510 5589 703 5663 ἐξεῖναι
758 5591 1054 5652 διαπιστεῖν
1106 5602 1221 5660 τοῖς
1279 5595 1384 5652 ὑπὸ
1439 5602 1547 5654 τῶν
1608 5604 1883 5680 θεοφόρων

2002 5345 2108 5400 per
2135 5330 2384 5401 gratiam
2416 5331 2699 5389 habentes
2719 5334 2776 5388 in
2800 5334 3013 5405 seipsis
3034 5335 3535 5403 Deum,ineﬂ‘abili
3559 5353 3661 5395 ra-

2000 5418 2162 5473 tione
2191 5424 2250 5473 et
2280 5419 2641 5492 incogitabili
2685 5422 3011 5494 intellectu,
3047 5423 3228 5480 etiam
3252 5425 3366 5498 ipsi
3398 5426 3656 5504 θεοφόροι

1997 5512 2313 5579 propterea
2351 5509 2650 5568 dicuntur.
2686 5535 2715 5564 ››

2068 5615 2228 5674 Hanc
2258 5634 2461 5679 veram
2489 5621 2758 5682 vocabuli
2789 5620 3097 5683 notionem
3120 5640 3259 5685 cum
3281 5631 3507 5687 veteres
3524 5632 3650 5687 tan-
