4064 6134
335 379 453 439 401

1066 379 1126 440 J.
1171 377 1592 442 PEARSONll
1636 380 2004 446 VlNDlGli‘E
2047 381 2533 447 IGNATIANJE.
2580 412 2657 439 --'-
2699 389 2896 451 PARS
2920 390 2995 451 II.

3605 393 3758 457 r402

341 520 399 571 to
431 530 734 572 consensu
764 498 1108 589 agnoscant,
1158 534 1354 590 neque
1385 535 1460 574 an
1493 517 1651 575 idem
1684 520 1737 575 S.
1769 521 1995 593 Ignatio
2026 523 2082 590 Α
2113 520 2295 577 dixit:
2329 524 2413 578 Tu
2442 523 2619 597 igitur
2667 525 2731 580 in
2776 525 2966 597 teipso
3024 524 3324 581 Christum
3360 524 3763 582 circumfers?

342 604 730 678 peculiariter
749 605 1098 663 attributum
1122 607 1199 663 sit
1220 610 1537 680 quisquam
1560 608 1820 676 dubitet;
1847 627 2004 680 quae-

342 696 494 753 ritur
524 700 757 752 tantum
785 714 914 768 quae
937 697 1014 753 sit
1033 698 1357 769 antiquitas
1390 697 1572 770 hujus
1599 700 1997 772 cognominis,

345 806 419 845 an
449 788 652 845 fabula
680 789 968 845 vetustius
998 796 1304 862 appareat,
1335 795 1395 845 et
1418 791 1644 863 Ignatio
1672 792 1795 847 vivo
1814 792 2000 864 impo-

349 879 526 934 situm
556 878 775 945 fuerit;
804 895 878 933 an
910 878 1108 951 potius
1152 878 1351 934 fabula
1387 880 1684 951 posterius
1715 884 1774 936 et
1803 896 1872 935 ex
1902 879 2001 936 illa

344 972 572 1022 natum.
605 966 807 1022 Primo
840 966 1021 1038 igitur
1050 967 1161 1022 hoc
1192 966 1339 1021 mihi
1371 966 1617 1022 concedi
1647 966 1902 1040 postulo,
1934 971 2000 1022 ut

346 1060 479 1114 ante
502 1055 786 1127 scriptam
815 1056 1054 1112 Eusebii
1086 1056 1397 1112 historiam
1428 1073 1648 1112 nomen
1676 1058 1772 1110 τοῦ
1805 1055 1999 1134 θεοφό-

346 1163 441 1220 pou
464 1146 694 1219 Ignatio
716 1145 1068 1202 attributum
1091 1146 1167 1202 sit
1189 1162 1202 1213 ;
1228 1147 1277 1202 si
1300 1147 1458 1203 enim
1481 1152 1687 1218 postea
1707 1147 1998 1202 insertum

346 1242 521 1304 esset,
567 1236 956 1310 epistolarum
988 1254 1133 1309 quas
1164 1236 1537 1294 defendimus
1581 1238 1997 1295 auctoritatem

342 1328 612 1383 minuere
643 1344 764 1382 non
808 1332 1029 1400 posset,
1078 1343 1213 1384 cum
1244 1327 1379 1384 illas
1425 1327 1657 1384 easdem
1688 1344 1814 1384 esse
1848 1343 1996 1398 quas

346 1418 489 1473 vidit
507 1417 820 1486 Eusebius,
844 1418 1020 1474 etiam
1043 1417 1364 1474 adversarii
1386 1423 1727 1493 agnoscant.
1747 1419 1871 1474 Imo
1893 1434 1995 1473 no-

341 1523 481 1563 men
512 1507 623 1563 hoc
649 1507 920 1580 epistolis
950 1523 1212 1564 coaevum
1252 1508 1434 1564 fuisse
1479 1508 1625 1563 mihi
1663 1508 1896 1563 videtur
1925 1524 1995 1564 ex

342 1595 485 1669 ipsis
517 1597 785 1669 epistolis
807 1597 1003 1671 colligi
1025 1614 1148 1653 non
1169 1598 1366 1670 inepte
1397 1615 1592 1670 posse.
1617 1599 1710 1654 Sic
1737 1599 1898 1655 enim
1921 1598 1995 1654 ad

344 1685 676 1757 Smyrnaaos
707 1687 962 1759 scriptor
987 1686 1289 1758 loquitur:
1317 1687 1385 1743 Τί
1419 1685 1522 1763 γὰρ
1558 1707 1624 1759 με
1654 1684 1860 1763 ὠφελεῖ
1889 1707 1991 1757 τις,

346 1773 390 1828 εἷ
418 1772 516 1846 ἐμὲ
546 1772 774 1845 ἐπαινεῖ,
803 1774 896 1830 τὸν
940 1770 995 1829 δὲ
1027 1774 1223 1849 Κύριόν
1257 1795 1360 1849 μοι)
1395 1773 1716 1854 βλασφημεῖ
1744 1777 1819 1851 μὴ
1855 1776 1993 1850 ὁμο-

2106 611 2368 683 Ignatius
2399 612 2544 667 dixit
2570 630 2584 668 :
2648 615 2943 686 Scriptum
2974 618 3064 670 est
3095 615 3292 671 enim:
3333 615 3671 672 Inhabitudo
3697 618 3759 671 in

2107 697 2244 770 ipsis
2273 707 2326 756 et
2356 702 2706 758 inambulabo
2729 702 2796 759 ⁴⁴.
2828 723 2857 754 »
2909 703 3018 768 Qui
3075 703 3240 759 locus
3296 704 3602 777 propheta)
3635 721 3669 760 a
3698 706 3755 761 S.

2106 788 2321 859 Cyrillo
2353 791 2428 846 ad
2458 794 2555 844 τοῦ
2605 791 2868 868 Θεοφὸρου
2928 793 3384 865 explicationem
3416 793 3753 849 adhibetur.

2106 876 2206 932 His
2237 878 2432 934 verbis
2463 884 2522 935 et
2552 896 2687 937 vera
2715 881 3039 953 antiquitas
3070 883 3351 950 nominis,
3386 888 3443 939 et
3477 899 3608 938 vera
3639 899 3755 939 no-

2105 966 2186 1020 tio
2217 968 2521 1025 asseritur.
2549 970 2661 1026 Sed
2684 970 2940 1027 Dallaaus
2955 972 3237 1027 Actorum
3268 977 3570 1028 auctorem
3592 995 3620 1024 ››
3654 973 3756 1028 diu

2102 1061 2239 1127 post
2269 1058 2478 1130 lgnatii
2512 1065 2779 1131 tempora
2810 1082 2838 1110 »
2870 1060 3082 1117 vixisse
3105 1067 3292 1133 putat,
3319 1083 3346 1112 «
3371 1060 3529 1133 quod
3558 1068 3616 1117 et
3641 1061 3757 1119 alia

2103 1146 2478 1216 confirmant,
2503 1148 2717 1221 inquit,
2743 1155 2800 1205 et
2829 1149 2986 1207 inter
3014 1156 3229 1207 caitera
3249 1168 3578 1220 sermones,
3606 1168 3754 1223 quos

2102 1250 2238 1289 cum
2269 1236 2520 1309 Trajano
2569 1254 2605 1294 a
2645 1243 2903 1313 martyre
2961 1240 3195 1297 habitos
3223 1243 3370 1298 Acta
3394 1242 3509 1296 ista
3539 1246 3757 1313 praeter

2100 1340 2341 1381 omnem
2357 1326 2477 1382 veri
2499 1344 2567 1383 ac
2582 1327 2781 1384 decori
2803 1329 3063 1401 speciem
3085 1331 3370 1404 fingunt.»
3388 1331 3566 1386 Miror
3585 1330 3756 1402 equi-

2099 1413 2236 1470 dem
2258 1431 2394 1471 eum
2420 1416 2548 1473 hanc
2578 1419 2791 1491 Ignatii
2816 1421 2961 1476 Acta
2990 1436 3299 1491 nunquam
3341 1420 3413 1476 de
3460 1420 3755 1476 industria

2099 1502 2390 1561 refutasse
2415 1521 2428 1572 ;
2460 1508 2792 1578 praisertim
2820 1524 2957 1564 eum
2981 1526 3051 1566 ea
3077 1514 3197 1565 tam
3224 1510 3454 1566 illustre
3485 1509 3752 1582 epistolae

2100 1591 2174 1647 ad
2209 1594 2498 1650 Romanos
2521 1596 2933 1653 testimonium
2955 1598 3468 1671 prmbeant,quam
3499 1598 3599 1655 ille
3630 1604 3751 1655 tam

2098 1679 2406 1740 fastidiose
2436 1685 2653 1758 rejicit.
2679 1687 2964 1752 Quaenam
2996 1688 3096 1744 illa
3118 1689 3233 1745 alia
3256 1690 3376 1745 sint
3403 1689 3756 1758 nescio,ser-

2098 1790 2307 1832 mones
2338 1781 2498 1832 certe
2528 1794 2722 1849 neque
2751 1779 2870 1835 veri
2896 1796 3092 1852 neque
3114 1780 3313 1837 decori
3344 1781 3604 1836 rationes
3632 1787 3753 1837 tur-

344 1859 522 1960 ξογῶν
555 1862 715 1919 αὐτὸν
747 1865 1124 1942 σαρκοφόρονς
1173 1864 1235 1922 Ὁ
1292 1862 1349 1919 δὲ
1403 1869 1564 1921 τοῦτο
1596 1868 1671 1940 μή
1706 1863 1879 1942 λέγων
1908 1887 1991 1922 τε·

2101 1862 2427 1960 bant._Una
2456 1871 2687 1924 tantum
2710 1885 2816 1925 vox
2845 1886 2881 1925 a
2910 1871 3162 1942 Trajano
3193 1875 3479 1943 usurpata
3506 1870 3754 1940 reliquis

344 1949 508 2014 λείως
540 1952 707 2008 αὐτὸν
737 1952 1052 2028 ἀπήρνηται
1079 1953 1154 2015 ὡς
1184 1954 1531 2029 νεκροφόροςο
1563 1955 1630 2009 τὰ
1660 1951 1718 2010 δὲ
1749 1954 1991 2030 ὀνόματα

337 2041 512 2097 αὐτῶν
562 2037 688 2097 ὄντα
734 2038 933 2097 ἄπιστα
981 2040 1082 2097 οὐκ
1136 2036 1288 2113 ἔδοξέ
1344 2062 1437 2117 μοι
1482 2044 1707 2119 γράψαι.
1764 2067 1786 2096 ι
1840 2046 1991 2112 Quid

342 2133 497 2189 enim
522 2133 693 2204 juvat
720 2149 815 2189 me
838 2134 972 2205 quis
1003 2133 1052 2189 si
1082 2149 1177 2188 me
1196 2132 1419 2202 laudat,
1446 2134 1760 2190 Dominum
1792 2140 1991 2191 autem

337 2239 540 2279 meum
561 2222 958 2296 blasphemat,
974 2240 1096 2279 non
1118 2224 1409 2280 confitens
1433 2240 1567 2281 eum
1589 2224 1949 2282 carniferum
1964 2226 1991 2281 ‘2

340 2312 445 2378 Qui
474 2318 678 2371 autem
709 2313 822 2370 hoc
850 2330 971 2370 non
1020 2314 1164 2370 dicit
1219 2315 1413 2387 ipsum
1442 2315 1701 2388 perfecte
1732 2316 1991 2390 abnega-

335 2403 435 2470 vit,
470 2404 763 2459 exsistens
822 2402 1111 2460 mortifer.
1171 2404 1423 2460 Nomina
1479 2411 1677 2461 autem
1724 2406 1989 2477 ipsorum

340 2492 683 2547 exsistentia
699 2492 965 2548 inﬁdelia
981 2509 1102 2548 non
1119 2492 1310 2549 visum
1327 2498 1418 2550 est
1434 2494 1583 2549 mihi
1602 2494 1989 2552 inscribere.»

342 2582 479 2646 Quis
506 2581 667 2637 enim
694 2598 816 2637 non
860 2581 1017 2637 videt
1044 2583 1335 2654 Ignatium
1368 2581 1443 2639 ad
1473 2600 1693 2640 nomen
1724 2582 1988 2660 οεοφόρου

341 2670 605 2742 epistolas
634 2671 949 2743 praefixum
981 2671 1265 2739 alludere,
1307 2672 1465 2742 quod
1497 2673 1732 2745 agnovit
1769 2673 1882 2729 sibi
1914 2690 1990 2729 ne

342 2762 580 2834 quidem
606 2779 643 2819 a
674 2763 908 2819 Docetis
938 2768 1219 2836 negatum
1247 2763 1429 2819 fuisse
1450 2764 1478 2820 ‘?
1516 2764 1760 2823 Illorum
1791 2768 1988 2821 autem

341 2850 540 2908 laudes
570 2869 693 2909 non
749 2852 1114 2926 acceptabat,
1148 2852 1289 2909 dum
1338 2870 1475 2910 eum
1524 2852 1782 2931 θεοφόρον
1817 2871 1989 2911 voca-

344 2946 490 3008 rent,
519 2947 807 3016 negarent
838 2946 1035 2999 autem
1091 2941 1391 2999 Christum
1447 2939 1783 3018 σαρκοφόρον
1837 2949 1895 2999 et
1926 2960 1987 3000 se

332 3030 655 3103 probarent
682 3028 1064 3106 νεκροφόρους⁶
1102 3048 1295 3104 neque
1327 3048 1532 3088 eorum
1562 3032 1808 3089 nomina
1836 3033 1987 3089 reci-

334 3128 456 3179 tare
487 3123 743 3181 volebat.
772 3125 842 3179 Et
870 3123 933 3178 in
964 3123 1220 3195 epistola
1266 3123 1341 3179 ad
1388 3123 1754 3196 Magnesios:
1802 3127 1986 3178 Κατα-

329 3212 542 3281 ξιωθεὶς
597 3213 702 3288 γὰρ
763 3209 1028 3284 ὀνόματος
1084 3211 1548 3287 θεοπρεπεστάτου
1607 3209 1658 3267 ἐν
1711 3213 1795 3275 οἷς
1833 3231 1989 3287 περι-

330 3298 476 3376 φέρω
505 3298 738 3373 δεσμοῖς
797 3297 913 3371 ᾅδω
970 3300 1067 3363 τὰς
1127 3297 1482 3371 Ἐκκλησίας.
1541 3324 1569 3353 ‹‹
1601 3302 1987 3375 Digniﬁcatus

333 3392 494 3447 enim
526 3391 776 3448 nomine
826 3390 1370 3447 Deodecentissimo
1401 3391 1464 3447 in
1494 3392 1710 3463 quibus
1739 3391 1990 3450 circum-

333 3481 461 3538 fero
489 3482 747 3538 vinculis
777 3485 951 3536 canto
980 3480 1289 3536 Ecclesias.
1324 3502 1354 3532 ››
1389 3480 1494 3537 Ubi
1524 3481 1631 3536 viri
1663 3481 1819 3538 docti
1843 3483 1986 3555 jun-

334 3577 481 3646 gunt
510 3572 666 3627 illud
697 3588 919 3627 nomen
960 3587 1095 3628 cum
1148 3566 1199 3624 ἒν
1259 3572 1364 3637 οἷς,
1396 3577 1453 3627 et
1482 3576 1694 3642 putant
1742 3588 1870 3629 esse
1901 3572 1990 3630 vel

337 3662 764 3727 Christianum,
800 3660 968 3733 quasi
1010 3659 1377 3716 Christianus
1424 3676 1548 3717 non
1592 3660 1790 3730 fuerit,
1823 3666 1989 3718 ante-

338 3767 519 3822 quam
542 3752 607 3806 in
630 3750 867 3806 vincula
886 3766 995 3806 con
995 3749 1190 3821 jectus
1207 3754 1327 3819 est;
1356 3748 1446 3804 vel
1467 3749 1866 3806 confessorem
1889 3756 1991 3807 aut

334 3844 687 3911 martyrem,
709 3856 846 3895 cum
869 3838 1226 3896 confessoris
1248 3855 1467 3894 nomen
1496 3839 1644 3896 adeo
1674 3840 1988 3911 antiquum

334 3944 468 3983 esse
498 3927 749 3982 minime
771 3926 1069 3994 videatur;
1094 3931 1416 3998 martyrem
1448 3930 1647 3982 autem
1678 3943 1987 3998 nunquam

331 4032 397 4071 se
430 4015 694 4088 appellat
718 4014 1002 4087 Ignatius.
1061 4016 1131 4070 Et
1187 4014 1427 4069 omnino
1473 4014 1578 4071 illa
1606 4014 1786 4071 verba
1814 4011 1868 4068 ἐν
1900 4015 1985 4077 οἷς

330 4105 613 4181 περιφέρω
631 4101 854 4177 δεσμοῖς
876 4104 1074 4176 potius
1098 4105 1486 4176 sequentibus
1504 4100 1618 4174 ᾅδω
1640 4102 1734 4166 τὰς
1757 4100 1989 4175 Ἐκκλη-

333 4194 456 4256 σίας
505 4194 849 4268 ajungenda
875 4194 1169 4251 videntur.
1198 4193 1363 4259 Quod
1392 4198 1451 4250 et
1480 4210 1551 4249 ex
1590 4195 1886 4251 sententia
1912 4194 1986 4251 ab

330 4286 696 4356 imperatore
715 4283 836 4340 lata
846 4283 1060 4340 melius
1077 4283 1269 4339 adhuc
1285 4283 1669 4356 intelligitur;
1694 4282 1803 4340 sub
1826 4284 1987 4339 enim

332 4376 448 4431 hoc
479 4374 727 4431 nomine
758 4372 1045 4446 θεοφόρου,
1081 4377 1140 4429 et
1169 4372 1242 4428 ad
1275 4371 1403 4444 ejus
1435 4372 1869 4445 expositionem
1898 4390 1988 4428 re-

329 4464 559 4521 latione
585 4462 877 4531 habita,in
898 4462 1132 4519 vincula
1151 4462 1458 4535 conjectus
1481 4466 1589 4532 est,
1615 4462 1701 4519 uti
1733 4462 1793 4518 in
1824 4463 1986 4519 Actis

329 4554 627 4628 legimus:
659 4575 689 4603 ‹‹
708 4552 997 4624 Trajanus
1017 4552 1396 4609 sententiavit
1419 4568 1432 4606 :
1455 4553 1746 4624 Ignatium
1774 4553 1986 4625 praeci-

330 4644 535 4715 pimus
566 4644 628 4699 in
661 4642 856 4715 seipso
890 4642 1189 4699 dicentem
1210 4640 1593 4698 circumferre
1619 4643 1990 4713 crucifixum,

332 4733 602 4789 vinctum
619 4749 655 4789 a
671 4731 966 4788 militibus
983 4732 1118 4788 duci
1132 4733 1192 4787 in
1212 4748 1487 4805 magnam
1502 4734 1773 4789 Romam.
1790 4755 1819 4784 »
1833 4733 1994 4790 Adeo

332 4840 459 4880 non
491 4823 620 4879 sine
643 4838 942 4879 sarcasmo
968 4821 1292 4894 imperator
1313 4821 1606 4895 Ignatium
1638 4823 1996 4880 condemna-

333 4914 438 4969 vit.
472 4911 586 4969 Sed
616 4912 906 4969 habemus
936 4915 1120 4968 testes
1152 4910 1390 4968 Eusebii
1424 4912 1791 4984 temporibus
1821 4912 1992 4987 longe

334 5004 730 5075 antiquiores.
750 5003 1164 5059 Vetustissima
1184 5002 1344 5058 enim
1366 5003 1510 5058 Acta
1528 5002 1654 5058 huic
1679 5002 1898 5059 diserte
1921 5004 1993 5059 de

333 5098 392 5152 S.
424 5096 654 5169 Ignatio
713 5112 912 5152 coram
969 5095 1222 5168 Trajano
1275 5095 1631 5167 imperatore
1671 5095 1992 5151 constituto

332 5190 607 5243 narrant.
643 5207 672 5236 ι‹
706 5186 993 5258 Trajanus
1014 5184 1194 5240 dixit:
1219 5184 1359 5250 Quis
1382 5200 1444 5239 es
1470 5189 1557 5253 tu,
1588 5184 1990 5252 cacodasmon,

330 5277 440 5350 qui
470 5280 681 5332 nostra
709 5279 1006 5347 praecepta
1058 5273 1308 5330 festinas
1364 5274 1735 5346 transgredi;
1772 5278 1830 5330 et
1858 5274 1993 5329 aliis

328 5365 665 5439 persuades
692 5369 761 5421 ut
788 5365 946 5421 male
976 5363 1270 5437 pereant?
1299 5363 1560 5435 Ignatius
1591 5363 1775 5418 dixit:
1810 5365 1991 5420 Nemo

327 5456 755 5527 Theophorum
772 5454 1249 5513 cacodaemonem
1270 5457 1488 5510 vocat.»
1512 5455 1768 5509 Rursus:
1795 5475 1824 5504 α
1849 5455 1992 5510 Tra-

319 5548 511 5621 janus
541 5546 728 5602 dixit:
797 5547 871 5602 Et
925 5545 1059 5619 quis
1116 5549 1205 5602 est
1262 5542 1695 5616 Theophorus?
1729 5544 1992 5615 Ignatius

327 5635 525 5694 dixit:
557 5636 669 5704 Qui
698 5634 1001 5695 Christum
1053 5635 1233 5694 habet
1288 5632 1351 5690 in
1406 5637 1665 5706 pectore.
1708 5632 1993 5706 Traianus

403 5753 459 5796 “
492 5753 546 5811 II
575 5754 706 5812 Cor.
736 5769 815 5819 vi,
849 5754 935 5812 16.

2101 1953 2383 2011 omnibus
2413 1958 2787 2014 occasionem
2808 1958 3099 2030 praebuit;
3132 1975 3312 2031 quam
3332 1975 3508 2015 nemo
3540 1958 3756 2015 dixerit

2101 2044 2447 2117 imperatori
2474 2047 2722 2104 minime
2744 2048 3086 2119 convenire,
3109 2049 3210 2120 qui
3233 2065 3366 2106 eam
3396 2054 3558 2106 recte
3586 2049 3758 2105 intel-

2099 2134 2329 2192 lexerit.
2362 2138 2573 2194 Mirum
2602 2138 2854 2195 fortasse
2885 2138 3064 2194 alieni
3095 2138 3410 2204 videbitur,
3437 2137 3754 2210 Trajanum

2102 2224 2186 2279 sic
2216 2225 2506 2297 Ignatium
2563 2226 2989 2298 compellasse:
3039 2248 3067 2278 α
3099 2227 3240 2292 Quis
3278 2230 3344 2282 tu
3374 2242 3458 2293 es,
3491 2225 3756 2283 cacodae-

2103 2326 2243 2366 mon
2260 2312 2288 2367 ‘?
2309 2333 2338 2362 »
2362 2312 2476 2367 Sed
2493 2314 2594 2383 qui
2612 2313 2776 2369 novit
2794 2313 2938 2385 quid
2960 2313 3036 2368 sit
3055 2309 3495 2385 mxoSaipwv,et
3514 2329 3757 2385 quomo-

2103 2400 2177 2456 do
2208 2401 2576 2458 Christianos
2614 2403 2676 2458 in
2683 2402 2911 2473 judicio
2926 2403 3269 2475 compellare
3283 2402 3758 2460 solebantethni-

2103 2491 2177 2557 ci,
2207 2490 2381 2548 facile
2413 2493 2630 2550 sentiet
2658 2498 2717 2549 et
2740 2511 2942 2550 verum
2975 2495 3088 2551 hoc
3109 2500 3170 2550 et
3189 2495 3474 2552 decorum
3504 2494 3755 2552 esse.Sic

2104 2581 2345 2637 Latinus
2374 2581 2668 2654 interpres
2697 2584 2759 2638 in
2789 2583 3074 2640 Passione
3105 2584 3469 2642 Andronici:
3505 2606 3533 2637 «
3564 2585 3753 2640 Maxi-

2103 2686 2236 2725 mus
2267 2670 2445 2725 dixit:
2481 2672 2632 2737 Quid
2656 2672 2783 2743 jam
2815 2672 2997 2729 habes
3021 2672 3238 2741 facere,
3268 2673 3421 2730 male
3443 2673 3699 2741 daemon,
3724 2696 3752 2725 »

2105 2776 2240 2815 cum
2273 2777 2493 2832 presses
2523 2762 2626 2817 ille
2659 2760 2810 2817 nihil
2834 2760 2995 2818 aliud
3025 2761 3248 2818 dixisse
3277 2761 3754 2834 videatur,quam

2100 2846 2461 2921 κακοδαιμον.
2485 2852 2587 2906 Est
2609 2856 2809 2907 autem
2833 2846 3188 2923 κακοδαίμων
3213 2851 3362 2907 nihil
3383 2850 3544 2908 aliud
3575 2868 3754 2923 quam

2104 2938 2313 2995 infelix
2341 2939 2542 2996 homo.
2593 2941 2779 2997 Gloss.
2832 2942 2956 2998 Vet.
3000 2935 3352 3013 κακοδαίμων
3389 2962 3418 2992 ‹‹
3447 2941 3755 2998 calamito-

2103 3045 2222 3085 sus.
2258 3050 2286 3079 ››
2319 3030 2390 3085 Ut
2420 3029 2525 3085 Dio
2556 3031 3008 3102 Chrysostomus
3041 3031 3142 3102 qui
3194 3031 3341 3086 vixit
3363 3030 3473 3087 sub
3502 3031 3752 3104 imperio

2103 3118 2336 3190 Trajani
2375 3119 2812 3177 Alexandrinos
2869 3120 3196 3193 alloquitur
3250 3122 3519 3178 oratione
3550 3124 3655 3176 32:
3686 3120 3751 3177 Τί

2767 3208 2796 3230 ’τ’

2105 3207 2198 3262 οὗν
2230 3212 2391 3263 τοῦτο
2422 3205 2700 3284 λαμπρὸν,
2757 3208 2804 3262 ὦ
2860 3205 3255 3283 κακοδαίμονες
3280 3226 3295 3279 ;
3337 3232 3367 3262 ‹‹
3398 3210 3548 3277 Quid
3578 3210 3757 3284 igitur
3860 3285 3864 3288 Q

2099 3299 2211 3354 hoc
2240 3299 2509 3370 praeclari
2535 3303 2645 3370 est,
2668 3316 2702 3355 o
2723 3298 2994 3356 infelices
3015 3300 3044 3355 ?
3061 3322 3090 3352 ν
3115 3302 3230 3356 Eos
3250 3305 3448 3357 autem
3477 3301 3561 3357 ita
3589 3318 3756 3358 com-

2097 3387 2302 3460 pellat,
2335 3395 2579 3461 prapter
2606 3389 2741 3445 illos
2769 3391 2870 3462 qui
2900 3391 3081 3446 vitam
3126 3407 3295 3446 suam
3326 3396 3542 3462 praeter
3572 3391 3750 3448 ratio-

2098 3493 2238 3533 nem
2266 3479 2669 3550 projecerunt.
2702 3478 2843 3534 Φασὶ
2872 3482 3001 3554 γοῦν
3034 3475 3146 3548 ἤδη
3179 3478 3335 3540 τινὰς
3374 3482 3485 3534 τῶν
3521 3476 3753 3535 ἀπολω-

2099 3564 2278 3621 λότων
2316 3562 2407 3622 διὰ
2433 3568 2534 3637 τήν
2590 3569 2847 3639 τοιαύτην
2907 3568 3178 3646 πρόφασιν
3210 3567 3635 3638 νεανιεύσασθαι,
3673 3567 3750 3640 μὴ

2097 3654 2564 3729 παραιτουμένους
2592 3656 2684 3712 τὸν
2722 3656 2972 3726 θάνατον,
3021 3654 3170 3712 ἀλλᾶ
3217 3655 3745 3732 προσλιπαροῦντας,

2098 3745 2249 3807 ὅπως
2278 3744 2579 3801 ἀκούσωσιν
2613 3744 2896 3806 ἐπιπλέον.
2934 3767 2958 3799 ι
2991 3748 3174 3803 Aiunt
3202 3747 3384 3819 igitur
3405 3748 3533 3820 jam
3564 3763 3746 3818 quos-

2098 3836 2235 3892 dam
2266 3853 2473 3892 eorum
2504 3838 2605 3909 qui
2635 3836 2943 3909 perierunt
2965 3855 3036 3894 ex
3057 3838 3159 3894 tali
3191 3854 3370 3895 causa
3396 3837 3665 3894 animose
3684 3854 3747 3893 se

2095 3927 2371 4000 gessisse,
2403 3943 2526 3982 non
2554 3926 2943 3998 deprecantes
2969 3933 3246 3997 mortem,
3276 3926 3382 3985 sed
3412 3927 3750 3999 supplican-

2097 4021 2206 4084 tes,
2233 4020 2301 4071 ut
2329 4014 2550 4071 diutius
2590 4014 2794 4071 audire
2839 4015 3066 4073 liceret.
3100 4037 3130 4068 ι»
3163 4018 3280 4073 Hos
3320 4011 3627 4088 δυστυχεῖς,
3657 4034 3748 4069 τα-

2097 4102 2434 4178 λαιπώρους,
2465 4099 2866 4175 κακοδαίμονας
2896 4105 3194 4177 appellat;
3265 4109 3324 4161 et
3381 4103 3748 4161 Christianos

2095 4194 2171 4251 ad
2201 4194 2487 4267 martyria
2515 4193 2867 4250 festinantes
2898 4194 3048 4250 tales
3079 4195 3320 4251 omnino
3350 4193 3658 4267 putabant,
3692 4200 3751 4249 et

2094 4287 2318 4341 miseros
2347 4301 2416 4340 ac
2443 4285 2690 4354 infelices
2718 4284 2994 4341 homines
3018 4288 3159 4341 tunc
3179 4285 3467 4358 temporis
3487 4284 3750 4357 plerum-

2096 4392 2212 4448 que
2242 4375 2551 4433 vocabant.
2606 4377 2679 4432 Ut
2732 4376 2939 4432 Arrius
2970 4377 3309 4437 Antoninus
3341 4376 3500 4449 apud
3527 4376 3753 4433 Tertul-

2096 4465 2325 4523 lianum
2356 4466 2418 4521 in
2444 4465 2584 4522 Asia
2604 4470 2896 4538 martyres
2917 4466 3212 4523 allocutus
3234 4470 3359 4522 est:
3392 4469 3457 4519 Ὢ
3488 4461 3753 4534 δειλοί,ἱά

2098 4562 2210 4626 est,
2249 4578 2271 4607 ι
2304 4573 2339 4612 o
2371 4556 2575 4613 miseri
2636 4562 2695 4612 et
2749 4556 3025 4614 infelices
3081 4557 3395 4614 homines!
3432 4578 3461 4607 »
3512 4556 3751 4613 Homeri

2019 4630 2069 4696 D
2100 4646 2475 4715 Scholiastes,
2510 4642 2556 4698 ὧ
2586 4640 2788 4702 ἄθλιοι.
2822 4646 3148 4717 Hesychius
3170 4662 3191 4703 :
3237 4646 3317 4704 'A
3347 4641 3543 4718 δειλοὶ,
3577 4643 3624 4698 ὦ
3654 4642 3757 4700 δει-

2103 4730 2217 4804 λοὶ,
2247 4732 2338 4788 καὶ
2365 4730 2780 4807 κακοδαίμονες.
2812 4735 2977 4791 Unde
3002 4735 3162 4791 idem
3194 4733 3613 4791 emendandus
3642 4739 3758 4790 sta-

2102 4824 2210 4879 tim
2241 4824 2313 4880 ab
2344 4823 2540 4890 initio,
2568 4821 2660 4877 καὶ
2703 4821 2766 4878 τὰ
2823 4843 2856 4878 α
2913 4820 3136 4898 ἄρθρον,
3169 4823 3244 4885 ὠς
3275 4824 3406 4897 παρ’
3436 4822 3690 4895 Ὁμήρῳ,
3724 4823 3757 4874 ἆ

2103 4908 2288 4983 δηλοῖ.
2319 4914 2658 4987 Legendum
2691 4915 2852 4970 enim
2902 4920 3011 4984 est,
3042 4913 3134 4968 καὶ
3163 4912 3227 4967 τὸ
3258 4933 3303 4966 ω
3334 4910 3533 4985 ἄρθρον
3568 4912 3760 4983 (nem-

2101 5019 2174 5075 pe
2208 4999 2414 5074 δηλοῖ),
2447 5001 2522 5062 ὡς
2553 5002 2679 5077 παρ’
2709 5001 2959 5074 Ὁμήρῳ,
2990 5002 3065 5058 Ἀ
3095 4998 3292 5055 δειλοί.
3320 5000 3539 5071 Nuperi
3567 4999 3755 5054 edito-

2101 5108 2195 5147 res
2225 5096 2475 5146 monent
2531 5091 2627 5146 hic
2683 5088 2717 5143 ἆ
2777 5107 2899 5145 non
2958 5105 3086 5146 esse
3129 5086 3350 5161 ἄρθρον,
3385 5087 3489 5144 sed
3521 5087 3756 5144 omnino

2100 5181 2281 5237 voluit
2322 5180 2647 5251 Hesychius
2686 5180 2719 5232 ἆ
2776 5180 2932 5251 apud
2991 5180 3308 5234 Homerum
3370 5194 3477 5249 pro
3517 5174 3563 5230 ὦ
3617 5177 3758 5233 arti-

2103 5270 2233 5329 culo
2267 5270 2526 5343 positum
2558 5284 2721 5335 esse;
2780 5270 2907 5339 ipse
2965 5269 3124 5323 enim
3183 5283 3290 5324 suo
3320 5266 3487 5323 loco:
3545 5270 3611 5320 Ὢ
3656 5264 3755 5343 ἄρ-

2100 5362 2247 5433 θρον,
2306 5358 2579 5429 κλητικῆς
2637 5356 2921 5425 πτώσεως,
2981 5358 3096 5411 οἷον
3151 5357 3218 5410 Ὧ
3275 5356 3546 5430 ἄνθρωπε.
3607 5358 3753 5432 Lege

2102 5450 2282 5522 igitur
2338 5446 2428 5502 καὶ
2483 5445 2546 5502 τὸ
2604 5443 2671 5515 ὦ,
2728 5445 3233 5517 quemadmodum
3300 5444 3458 5517 apud
3516 5444 3757 5503 Suidam

2103 5539 2381 5611 legimus,
2413 5536 2505 5591 καὶ
2535 5535 2599 5591 τὸ
2630 5532 2696 5607 ὦ,
2750 5535 3023 5611 Ὅμηρος,
3082 5534 3116 5588 ἆ
3173 5530 3389 5605 δειλήτι
3417 5537 3624 5605 κακῶν,
3655 5535 3760 5592 ubi

2105 5631 2284 5688 etiam
2314 5625 2744 5703 legendum,’A
2770 5621 2969 5697 δειλοὶ,
2996 5621 3050 5681 τί
3076 5627 3294 5695 κακῶς
3326 5624 3516 5697 Odyss.
3547 5623 3756 5695 Κ,431;
