4064 6134
306 390 425 450 40⁸7

1376 388 1440 448 S.
1487 383 1860 447 lGNATlUS
1903 413 1980 426 —
2027 381 2640 447 PROLEGOMENA.

3606 389 3725 452 408

307 521 449 589 τὶος,
475 526 531 577 et
560 512 956 593 Κορυθαίολος.
994 519 1126 574 Haec
1159 519 1228 575 de
1255 517 1598 574 nominibus
1620 515 1950 590 hujusmodi

2075 522 2282 590 postea
2307 518 2544 576 habitus
2573 519 2799 586 fuisset,
2825 521 2924 590 qui
2943 537 3011 576 eo
3035 522 3278 577 nomine
3305 521 3516 593 dignus
3547 539 3581 577 a
3607 539 3723 579 ne-

309 611 614 683 adjectivis
646 614 932 681 perpetua
965 610 1301 664 Graecorum
1333 607 1684 674 observatio,
1727 606 1824 660 ubi
1858 622 1966 676 pa-

309 705 597 770 roxytona
629 704 786 766 sunt,
824 699 1145 770 signiﬁcari
1176 697 1237 752 τὸ
1269 694 1640 773 ἐνεργητικόν,
1675 701 1740 750 ut
1769 695 1966 765 loqui-

315 794 410 844 tur
428 789 663 844 Homeri
689 788 1174 857 Scholiastes,ubi
1190 784 1964 859 proparoxytona,denotari

307 878 499 947 πάθος,
534 885 598 934 ut
637 881 1008 934 Ammonius.
1044 881 1110 934 In
1142 880 1399 951 propriis
1431 877 1772 934 nominibus
1805 874 1963 930 idem

309 971 467 1028 haud
489 971 850 1036 observatur,
884 988 1016 1042 quae
1044 976 1354 1026 accentum
1377 974 1630 1036 mutant,
1664 967 1961 1040 signiﬁca.

306 1064 468 1118 tione
495 1079 615 1119 non
653 1067 902 1118 mutata.
930 1064 1250 1134 Perperam
1282 1062 1460 1134 igitur
1517 1059 1759 1116 omnino
1808 1059 1963 1114 hanc

311 1154 644 1226 Theophori
675 1154 1175 1226 signiﬁcationem
1216 1159 1273 1210 et
1303 1171 1374 1210 ex
1406 1171 1474 1211 ea
1504 1153 1764 1210 fabulam
1797 1167 1957 1207 com-

306 1245 493 1300 menti
525 1249 665 1301 sunt
695 1245 946 1300 Graeculi
981 1246 1362 1317 posteriores.
1399 1245 1490 1300 Sic
1529 1244 1688 1299 enim
1735 1242 1960 1315 Χριστο-

303 1333 468 1410 φόρος
501 1352 608 1390 vox
641 1335 937 1390 veteribus
966 1335 1206 1402 usitata,
1242 1341 1305 1391 ut
1346 1331 1637 1410 Θεοφόρος.
1671 1333 1756 1388 Ab
1786 1333 1961 1403 Igna-

305 1426 385 1478 tio
418 1429 621 1480 nostro
654 1425 893 1496 Ephesii
920 1425 1298 1495 appellantur
1315 1421 1704 1500 Χριστοφόροι.
1731 1421 1960 1477 Phileas

303 1515 557 1586 scriptor
586 1516 868 1586 antiquus
903 1515 1060 1586 apud
1091 1514 1410 1571 Eusebium
1440 1515 1541 1569 lib.
1575 1531 1632 1581 x,
1666 1530 1714 1573 c.
1744 1513 1797 1581 8,
1829 1511 1961 1582 Epi-

305 1603 458 1658 stola
514 1602 587 1657 ad
645 1603 989 1658 Thmuitas:
1053 1601 1145 1655 Διὸ
1206 1601 1551 1670 ζηλώσαντες
1608 1598 1675 1653 τὰ
1736 1597 1959 1670 μείζονα

304 1691 624 1768 χαρίσματα
647 1691 698 1743 οἱ
715 1690 1083 1769 Χριστοφόροι
1111 1692 1397 1765 μάρτυρες.
1423 1715 1449 1742 ‹‹
1474 1689 1729 1745 Proinde
1745 1688 1959 1742 melio-

305 1800 372 1837 ra
394 1782 753 1837 charismata
775 1787 1181 1836 consectantes
1208 1787 1494 1852 martyres
1527 1780 1627 1850 qui
1659 1777 1956 1834 Christum

2075 608 2236 663 mine
2268 609 2696 680 reputabatur;
2757 626 2876 665 non
2927 611 3285 680 Thaumasii,
3337 613 3567 683 opinor,
3621 612 3726 668 sed

2073 699 2371 754 Ammonii
2396 717 2616 755 nomen
2638 700 2843 756 liberis
2860 702 2982 757 suis
3005 703 3428 774 imposuissent
3442 708 3723 774 parentes

2073 789 2411 846 Christiani.
2445 791 2591 845 Hinc
2619 791 2795 863 igitur
2816 797 2917 847 aut
2940 791 3325 864 epistolarum
3349 794 3722 865 scriptorem,

2073 884 2175 932 aut
2222 879 2662 952 Ignatianorum
2720 883 3000 938 Actorum
3061 889 3362 938 auctorem
3431 882 3531 940 diu
3587 888 3726 955 post

2070 967 2281 1040 Ignatii
2313 974 2582 1041 tempora
2610 970 2824 1026 vixisse
2855 971 3020 1027 nullo
3048 971 3224 1028 modo
3257 972 3589 1028 conﬁcitur.

2141 1059 2268 1113 Jam
2299 1064 2365 1115 ut
2390 1060 2722 1116 institutam
2753 1061 2826 1116 de
2871 1057 3010 1129 λέξει
3061 1061 3524 1134 disputationem
3572 1081 3718 1137 per-

2070 1151 2248 1214 texat,
2273 1148 2567 1220 observat,
2601 1168 2702 1207 eos
2719 1168 2866 1223 quos
2888 1151 3272 1208 vetustissimi
3301 1153 3387 1208 vel
3409 1153 3718 1228 episcopos

2069 1236 2156 1292 vel
2173 1239 2554 1312 presbyteros
2575 1243 2970 1312 vocant,hunc
2983 1239 3156 1315 ϊερέας
3172 1258 3276 1298 seu
3292 1264 3319 1294 α
3334 1243 3672 1301 sacerdotes
3688 1267 3717 1297 »

2071 1328 2392 1400 appellare.
2423 1331 2504 1384 Ex
2537 1331 2756 1402 spuriis
2787 1331 3038 1403 aliquot,
3072 1349 3143 1388 ex
3167 1332 3385 1389 nostris
3413 1350 3599 1389 unum
3621 1334 3716 1390 lo-

2068 1433 2203 1473 cum
2228 1419 2641 1493 aﬁ‘ert,nempe
2663 1421 2788 1477 haec
2808 1439 2876 1477 ex
2904 1421 3156 1494 epistola
3176 1422 3250 1478 ad
3267 1422 3722 1496 Philadelphen-

2068 1525 2163 1562 ses
2202 1507 2408 1565 verba:
2442 1507 2610 1563 Καλοὶ
2643 1508 2734 1562 καὶ
2767 1509 2819 1562 οἱ
2847 1509 3032 1584 ἱερεῖς.
3064 1512 3220 1584 Nego
3253 1512 3363 1568 hoc
3393 1512 3522 1569 loco
3552 1512 3718 1587 ἱερεις

2067 1596 2157 1651 vel
2191 1597 2502 1671 episcopos
2532 1599 2621 1654 vel
2652 1599 3027 1672 presbyteros
3055 1601 3426 1674 signiﬁcare;
3484 1605 3721 1676 negavit

2066 1692 2202 1742 ante
2234 1704 2328 1743 me
2357 1689 2781 1744 llammondus.
2803 1689 2987 1744 Wallo
3005 1691 3352 1748 Messalinus
3374 1691 3582 1748 eadem
3605 1693 3719 1748 ob-

2058 1771 2321 1844 jectione
2361 1790 2524 1846 usus,
2557 1774 2656 1829 sed
2690 1779 2825 1830 ante
2855 1775 3045 1831 visum
3068 1777 3333 1832 codicem
3364 1778 3712 1834 Mediceum.

301 1871 868 1941 gestabant.»Quam
889 1871 1386 1942 signiﬁcationem
1406 1871 1713 1942 proprium
1736 1883 1955 1923 nomen
1983 1887 2032 1953 Β
2068 1861 2411 1919 Blondellus
2441 1863 2541 1919 illo
2573 1865 2773 1920 codice
2806 1865 3070 1937 inspecto
3102 1866 3174 1921 ab
3215 1867 3324 1922 hac
3375 1867 3713 1938 objectione

293 1960 692 2037 Χριστοφόρος,
725 1961 817 2016 vel
872 1962 1050 2016 etiam
1099 1960 1472 2036 Χριστόφορος
1523 1963 1773 2016 accentu
1819 1974 1952 2013 mu-

291 2056 433 2120 tato,
467 2052 750 2107 retinuit:
787 2051 947 2106 unde
981 2056 1040 2107 et
1070 2069 1218 2107 nova
1248 2050 1451 2107 fabula
1483 2055 1614 2106 orta
1645 2053 1754 2105 est.

368 2142 481 2198 Sed
504 2142 717 2212 quaarit
737 2141 1013 2209 Dallaeus,
1038 2158 1220 2213 quare
1253 2141 1355 2197 alii
1378 2139 1776 2212 aTheophoro
1804 2136 1945 2192 dicti

302 2247 423 2287 non
454 2236 593 2286 sunt
608 2230 964 2301 Theophori,
989 2237 1108 2285 uta
1125 2231 1545 2301 Christophoro
1570 2234 1656 2284 tot
1678 2226 1952 2300 appellati

297 2327 436 2376 sunt
464 2319 900 2391 Christophori,
935 2337 1068 2376 cum
1102 2321 1347 2375 nomina
1389 2323 1716 2390 martyrum
1766 2315 1953 2371 nostri

298 2411 420 2465 suis
452 2410 709 2465 libenter
735 2409 999 2465 donent?
1020 2410 1229 2466 Fateor
1247 2409 1524 2480 equidem
1545 2412 1771 2463 veteres
1787 2405 1952 2460 Chri-

303 2500 528 2554 stianos
559 2507 880 2572 martyrum
930 2500 1174 2555 nomina
1220 2500 1478 2554 libenter
1508 2499 1631 2553 suis
1679 2497 1951 2552 donasse.

301 2589 582 2645 Observat
639 2591 698 2644 Β.
755 2587 1156 2644 Theodoretus
1202 2605 1476 2644 sermone
1504 2589 1535 2641 8
1565 2603 1577 2642 :
1611 2585 1720 2646 Τὰς
1761 2580 1817 2637 δὲ
1845 2586 1952 2639 τῶν

301 2677 587 2751 μαρτύρων
631 2675 1001 2752 προσηγορίας
1072 2675 1283 2750 μᾶλλον
1333 2674 1505 2731 ἴσασιν
1562 2673 1797 2734 ’ἅπαντας
1827 2669 1955 2741 ἤτᾶ

296 2771 405 2822 τῶν
440 2765 712 2843 φιλτάτων
745 2765 1009 2839 ὀνόματα’
1043 2767 1135 2821 καὶ
1165 2771 1282 2827 τοῖς
1334 2765 1490 2821 παισὶ
1521 2762 1578 2818 δὶ
1607 2763 1701 2824 τὰς
1749 2760 1954 2816 τούτων

297 2856 672 2932 προσηγορίας
703 2853 1002 2920 ἐπιτιθέναι
1049 2852 1461 2928 σπουδάξουσιν,
1518 2851 1810 2930 ἂσφάλειαν
1857 2849 1956 2906 αὖ-

296 2950 418 3006 τοῖς
447 2947 536 3000 καὶ
568 2943 821 3024 φυλακὴν
851 2941 1096 3000 ἐντεῦθεν
1129 2944 1546 3018 μηχανώμενοι.
1582 2965 1609 2993 ‹‹
1635 2944 1954 3014 Martyrum

299 3043 498 3094 autem
513 3037 760 3092 nomina
782 3036 1016 3091 notiora
1043 3042 1178 3091 sunt
1200 3034 1478 3090 omnibus
1498 3049 1677 3104 quam
1694 3029 1952 3088 familia-

297 3128 636 3192 rium.Quin
654 3126 864 3181 etﬁliis
880 3127 1094 3181 horum
1108 3126 1354 3180 nomina
1367 3124 1673 3195 imponere
1689 3120 1950 3188 student,

299 3217 682 3272 securitatem
712 3213 848 3269 inde
881 3215 1024 3286 ipsis
1057 3215 1419 3286 tutelamque
1451 3216 1886 3284 comparantes.
1921 3229 1946 3260 ι

299 3305 470 3361 Ratio
501 3309 701 3359 tamen
733 3303 910 3375 hujus
941 3303 1296 3358 diversitatis
1328 3302 1663 3358 manifesta.
1690 3299 1948 3356 Christo-

298 3395 524 3466 phorus
557 3393 715 3450 enim
738 3393 1016 3464 martyris
1049 3393 1356 3465 proprium
1388 3409 1606 3448 nomen
1627 3390 1954 3461 fuit,Theo-

301 3485 1014 3560 phorusneutiquamJlle
1033 3486 1133 3557 qui
1156 3502 1310 3557 saepe
1334 3484 1640 3542 dicebatur
1656 3481 1949 3558 Θεοφὸρος,

301 3576 609 3650 proprium
641 3593 859 3632 nomen
895 3581 1022 3630 erat
1071 3573 1349 3649 Ἰγνάτιος.
1403 3578 1522 3631 Ηοο
1574 3579 1773 3630 autem
1822 3573 1950 3643 ejus

298 3683 520 3723 nomen
546 3666 789 3739 plurimi
813 3667 1001 3721 sortiti
1035 3669 1191 3720 sunt.
1224 3667 1349 3720 Non
1382 3664 1483 3720 diu
1512 3670 1646 3737 post
1692 3663 1821 3736 ejus
1853 3662 1952 3717 ob-

295 3759 448 3812 itum
470 3756 728 3829 lgnatius
759 3755 1001 3826 quidam
1025 3754 1215 3811 dictus
1239 3760 1346 3822 est,
1370 3753 1756 3824 Celerini,qui
1779 3757 1949 3808 mtate

295 3848 571 3920 Cypriani
605 3847 910 3903 confessor
938 3847 1069 3913 fuit,
1103 3845 1446 3909 avunculus,
1475 3849 1532 3901 et
1555 3846 1678 3916 ipse
1703 3849 1945 3915 martyr.

296 3940 506 3992 Postea
544 3937 804 4008 Ignatius
835 3936 1172 4009 patriarcha
1233 3934 1945 4006 ConstantinOpolitanus.

292 4027 557 4099 Ignatius
589 4026 896 4094 diaconus,
930 4026 1031 4097 qui
1063 4026 1284 4081 Tarasii
1319 4031 1377 4080 et
1427 4024 1740 4096 Nicephori
1789 4024 1947 4078 Vitas

296 4118 553 4189 scripsit.
586 4117 846 4188 Ignatius
879 4115 1288 4187 Xanthopolus
1319 4132 1453 4170 cum
1485 4115 1746 4181 Callisto,
1782 4113 1882 4184 qui
1915 4129 1949 4168 a

294 4207 584 4277 Symeone
613 4205 1119 4261 Thessalonicensi
1153 4205 1416 4280 Θεηγὸροι
1450 4203 1539 4256 καὶ
1573 4202 1834 4281 Θεοφόροι
1856 4200 1945 4255 καὶ

295 4293 662 4367 Χριστοφὸροι
696 4293 784 4346 καὶ
819 4286 984 4346 ἔνθεοι
1018 4294 1315 4350 dicuntur.
1347 4294 1513 4348 Alius
1540 4293 1822 4365 Ignatius,
1853 4292 1946 4348 cui

293 4383 605 4438 dedicatur
666 4398 814 4452 opus
874 4381 1004 4454 Περὶ
1059 4385 1164 4435 τῶν
1221 4385 1315 4436 τοῦ
1401 4380 1568 4457 λογου
1642 4381 1946 4458 σχημάτων

295 4469 450 4522 inter
481 4483 622 4521 mss.
679 4467 1033 4522 Barocianos
1085 4468 1148 4521 in
1197 4467 1559 4523 bibliotheca
1607 4469 1944 4524 Oxoniensi.

293 4555 559 4628 Ignatius
576 4553 896 4609 modernus
913 4555 1250 4626 patriarcha
1268 4557 1697 4623 Antiochenus;
1719 4561 1777 4612 et
1799 4558 1950 4628 ejus-

2064 1969 2308 2022 prorsus
2338 1953 2646 2025 abstinuit,
2678 1961 2743 2010 ut
2771 1961 2831 2011 et
2882 1955 3222 2013 Salmasius.
3278 1959 3454 2013 Miror
3508 1959 3712 2031 itaque

2066 2041 2347 2098 Dallaeum
2362 2043 2553 2100 adhuc
2567 2045 2760 2100 eidem
2775 2045 3357 2119 iuhmreremihilqne
3379 2050 3590 2105 aﬁ'erre
3604 2067 3712 2122 pro

2066 2135 2364 2190 sententia
2389 2152 2515 2203 sua,
2548 2141 2765 2208 praeter
2785 2137 3005 2193 nudam
3037 2139 3448 2195 assertionem.
3474 2163 3502 2190 «
3526 2142 3718 2214 Appa-

2065 2227 2174 2290 ret,
2209 2223 2429 2295 inquit,
2464 2219 2638 2298 ἱερέας
2671 2226 2802 2283 loco
2835 2227 3072 2284 laudato
3121 2228 3237 2285 dici
3283 2247 3382 2286 eos
3431 2231 3532 2302 qui
3579 2235 3721 2286 sunt

2064 2311 2422 2384 presbyteri.
2449 2336 2478 2364 »
2519 2315 2645 2370 Imo
2677 2333 2812 2371 vero
2845 2324 3090 2389 apparet
3119 2317 3290 2391 ἱερέας
3325 2336 3392 2374 eo
3423 2319 3553 2374 loco
3584 2335 3716 2392 pre-

2066 2400 2338 2471 sbyteros
2372 2421 2492 2459 non
2525 2403 2679 2460 dici:
2715 2407 3112 2462 certissimum
3145 2408 3303 2463 enim
3338 2414 3424 2464 est
3450 2410 3717 2481 epistola)

2067 2491 2418 2563 scriptorem
2452 2512 2518 2550 eo
2552 2495 2665 2551 loci
2698 2495 2769 2552 de
2801 2498 3092 2553 ministris
3115 2500 3410 2571 Evangelii
3463 2499 3709 2556 minime

2066 2579 2250 2651 loqui.
2289 2584 2557 2657 Disputat
2577 2586 2856 2642 adversus
2873 2587 3196 2657 Ebionitas,
3226 2590 3326 2660 qui
3348 2591 3713 2647 Christianos

2065 2672 2139 2727 ad
2169 2675 2452 2730 Mosaicas
2484 2679 2867 2733 caeremonias
2898 2679 3272 2750 revocabant,
3305 2686 3364 2736 et
3405 2681 3476 2736 ab
3525 2683 3717 2737 Evan-

2064 2762 2216 2833 gelio
2249 2765 2322 2819 ad
2353 2765 2544 2838 legem
2575 2768 2989 2838 provocabant,
3023 2769 3456 2841 dicebantque:
3490 2792 3519 2819 «
3560 2771 3617 2826 Si
3651 2771 3713 2825 in

2065 2852 2361 2909 veteribus
2392 2873 2514 2912 non
2546 2857 2804 2926 invenio,
2837 2859 2898 2913 in
2929 2859 3241 2931 Evangelio
3291 2876 3410 2916 non
3453 2859 3648 2916 credo.
3685 2882 3714 2908 ››

2063 2943 2426 3014 Argumento
2459 2947 2570 3002 hoc
2601 2948 2881 3005 adversus
2909 2966 3009 3006 eos
3040 2950 3262 3006 utitur:
3297 2972 3324 3000 «
3359 2949 3499 3004 Boni
3531 2954 3589 3003 et
3618 2965 3714 3004 sa-

2065 3031 2372 3089 cerdotes:
2409 3036 2625 3092 melius
2666 3043 2866 3094 autem
2898 3040 3172 3111 princeps
3214 3039 3579 3095 sacerdotum
3609 3038 3705 3093 cui

2064 3121 2290 3177 credita
2321 3129 2461 3178 sunt
2492 3125 2703 3181 Sancta
2735 3133 3146 3183 sanctorum.»
3166 3129 3247 3182 Ita
3269 3126 3478 3198 exlege
3501 3125 3704 3197 dispu-

2064 3213 2287 3266 tat.Per
2305 3213 2637 3285 principem
2659 3221 2855 3272 autem
2880 3217 3250 3274 sacerdotum
3271 3214 3710 3288 intelligendum

2065 3316 2194 3355 esse
2225 3302 2521 3360 Christum
2553 3305 2772 3374 innuit,
2824 3324 2946 3363 non
3007 3312 3240 3364 tantum
3291 3307 3417 3362 haec
3459 3305 3708 3374 addens,

2064 3414 2092 3444 ‹‹
2127 3391 2220 3446 cui
2252 3392 2361 3447 soli
2395 3394 2618 3450 credita
2650 3402 2788 3451 sunt
2843 3397 3074 3452 occulta
3115 3398 3241 3466 Dei,
3275 3418 3304 3447 ››
3355 3396 3456 3451 sed
3505 3401 3562 3451 et
3607 3394 3713 3450 illa

2063 3483 2262 3550 etiam,
2298 3505 2326 3532 «
2361 3483 2461 3554 qui
2494 3485 2616 3556 ipse
2659 3490 2748 3541 est
2770 3485 2955 3556 janua
2992 3487 3206 3555 Patris,
3257 3503 3366 3558 per
3407 3501 3584 3556 quam
3616 3485 3712 3538 in-

2060 3572 2413 3642 grediuntur
2442 3574 2762 3644 Abraham,
2795 3580 2958 3631 Isaac
2990 3581 3049 3630 et
3077 3575 3276 3643 Jacob,
3312 3580 3370 3629 et
3407 3575 3708 3646 prophetas

2061 3665 2119 3715 et
2149 3661 2423 3732 apostoli,
2457 3667 2514 3718 et
2545 3664 2830 3720 Ecclesia.
2864 3687 2894 3716 »
2926 3666 3167 3720 Summa
3216 3663 3548 3736 argumenti
3581 3664 3707 3718 haec

2061 3756 2188 3807 est:
2221 3753 2348 3807 Non
2381 3769 2510 3808 esse
2549 3753 2921 3809 redeundum
2953 3755 3023 3810 ab
3050 3753 3359 3826 Evangelio
3391 3753 3466 3809 ad
3495 3754 3708 3824 legem,

2059 3841 2164 3897 sed
2194 3857 2227 3896 a
2259 3841 2384 3912 lege
2440 3843 2909 3914 perveniendum
2955 3843 3029 3899 ad
3085 3844 3481 3916 Evangelium.
3555 3843 3712 3897 Licet

2060 3930 2221 3984 enim
2252 3931 2540 4002 praeclara
2568 3932 2747 3988 fuerit
2777 3933 2885 3988 sub
2917 3933 3043 4006 lege
3064 3933 3424 3988 ministratio
3448 3931 3710 3989 sacerdo-

2058 4025 2452 4092 tum,semper
2468 4026 2666 4077 tamen
2685 4023 2757 4077 iis
2775 4023 2967 4095 major
2984 4027 3110 4078 erat
3132 4040 3400 4078 summus
3413 4022 3705 4091 Pontifex,

2059 4110 2159 4181 qui
2201 4111 2360 4166 solus
2391 4111 2632 4167 intravit
2661 4112 2720 4167 in
2751 4113 2965 4168 Sancta
2994 4119 3335 4169 sanctorum
3363 4131 3376 4168 :
3429 4119 3552 4168 erat
3592 4128 3705 4166 au-

2059 4204 2177 4253 tem
2209 4200 2310 4255 ille
2340 4200 2555 4256 Christi
2591 4207 2782 4273 typus,
2817 4203 2916 4272 qui
2948 4220 3084 4258 vero
3124 4219 3394 4258 summus
3440 4201 3703 4272 pontifex

2060 4294 2169 4358 est,
2213 4309 2318 4362 per
2348 4308 2525 4362 quem
2565 4296 2622 4345 et
2653 4292 2751 4362 qui
2785 4298 2920 4348 ante
2953 4293 3164 4365 legem,
3200 4299 3258 4348 et
3287 4293 3386 4363 qui
3419 4290 3526 4345 sub
3550 4289 3703 4361 lege,

2059 4383 2117 4433 et
2149 4381 2250 4450 qui
2276 4381 2383 4435 sub
2417 4381 2749 4452 Evangelio,
2784 4381 3032 4438 salutem
3065 4384 3366 4439 consecuti
3401 4386 3556 4438 sunt.
3591 4385 3703 4451 Ap-

2060 4475 2228 4542 paret
2260 4469 2479 4525 idcirco
2512 4475 2813 4526 auctorem
2839 4473 3101 4544 epistolae
3124 4474 3232 4528 sub
3255 4473 3497 4529 nomine
3518 4469 3704 4544 ἱερέων

2059 4559 2396 4615 sacerdotes
2428 4560 2537 4615 sub
2569 4560 2696 4633 lege
2724 4561 3108 4631 intellexisse,
3143 4568 3202 4618 et
3232 4565 3293 4618 in
3342 4563 3452 4619 hac
3501 4561 3701 4633 dispu-

298 4648 433 4702 dem
466 4644 746 4710 nominis,
780 4644 893 4698 nisi
926 4645 1125 4710 fallor,
1157 4645 1218 4698 in
1271 4646 1561 4702 Chronico
1610 4646 1946 4701 Cassinensi
1976 4639 2023 4704 D
2059 4643 2304 4712 tatione,
2337 4644 2410 4699 de
2439 4643 2803 4716 presbyteris
2834 4651 2935 4701 aut
2963 4647 3102 4701 ullis
3133 4645 3426 4702 ministris
3458 4661 3703 4716 evange-

299 4735 575 4794 Innacius
595 4734 907 4806 episcopus
931 4733 1502 4791 Monorbinensis.Ut
1523 4737 1702 4808 igitur
1723 4752 1756 4790 a
1785 4736 1946 4790 Chri-

297 4825 577 4898 stophoro
611 4827 696 4876 tot
728 4821 1156 4892 ChristOphori,
1188 4823 1271 4878 ita
1292 4824 1363 4878 ab
1396 4823 1620 4896 Ignatio
1660 4830 1946 4896 tanquam

293 4917 530 4990 proprio
551 4914 826 4986 martyris
846 4913 1088 4968 nomine
1103 4914 1274 4969 multi
1298 4915 1438 4970 dicti
1463 4917 1842 4988 suntlgnatii.
1875 4919 1947 4973 Ut

293 5013 491 5062 autem
515 5005 586 5061 ab
602 5021 719 5059 uno
744 5010 1001 5076 martyre
1022 5004 1136 5059 duo
1153 5004 1396 5060 nomina
1413 5006 1570 5077 apud
1594 5007 1822 5061 Grmcos
1840 5006 1944 5062 de-

292 5093 1409 5165 rivarentur,postulareiniquissimum
1425 5100 1532 5149 est.
1559 5095 1942 5150 Ammonium

291 5187 650 5242 monachum
692 5183 1010 5255 quemdam
1043 5183 1114 5238 ab
1148 5185 1349 5240 Oreste
1381 5186 1656 5254 praefecto
1696 5185 1939 5240 Alexan-

291 5275 432 5330 dria:
459 5276 516 5330 in
542 5273 856 5329 tormentis
873 5273 1228 5328 trucidatum
1250 5275 1574 5346 S.Cyrillus
1597 5275 1659 5328 in
1691 5275 1942 5330 ecclesia

291 5365 608 5434 quamdam
632 5364 961 5436 deponens,
985 5358 1160 5434 ὄνομα
1184 5360 1364 5437 ἕτερον
1390 5363 1539 5434 αὐτῷ
1562 5362 1784 5430 ἐπιθεὶς,
1809 5368 1942 5417 Θαυο

290 5451 481 5523 μάσιον
545 5449 853 5520 ἐπεκάλεσε,
914 5451 1004 5505 καὶ
1075 5451 1319 5525 μάρτυρα
1401 5453 1762 5528 χρηματίζειν
1823 5449 1938 5506 ἐκέο

285 5536 466 5605 λευσε,
497 5561 523 5587 ‹‹
560 5538 722 5594 aliud
752 5557 971 5595 nomen
1016 5541 1068 5594 ei
1130 5540 1464 5612 imponens,
1521 5541 1938 5599 Thaumasium

287 5627 626 5700 appellavit,
647 5633 705 5683 et
725 5635 1046 5702 martyrem
1071 5630 1264 5686 vocari
1285 5631 1489 5704 jussit,
1510 5653 1538 5681 ››
1560 5637 1626 5687 ut
1643 5631 1822 5688 refert
1843 5633 1941 5687 So—

289 5722 502 5790 crates,
541 5715 642 5774 lib.
676 5734 768 5789 vn,
802 5735 852 5775 ο.
888 5721 972 5774 14.
997 5717 1159 5786 Quod
1182 5720 1230 5776 si
1264 5719 1366 5778 ille
1388 5738 1495 5797 pro
1522 5737 1658 5780 vero
1678 5726 1935 5800 martyre

2056 4737 2189 4794 licis
2220 4755 2294 4794 ne
2325 4740 2611 4811 cogitasse
2643 4739 2904 4810 quidem.
2936 4741 3090 4795 Vidit
3119 4741 3246 4797 haec
3290 4740 3515 4810 omnia,
3565 4739 3700 4810 opi-

2055 4843 2184 4897 ner,
2218 4845 2352 4884 vera
2383 4846 2509 4884 esse
2541 4827 2833 4896 Dallaaus;
2866 4847 3004 4886 nam
3037 4847 3170 4886 cum
3203 4830 3376 4902 paulo
3408 4834 3542 4902 post
3571 4828 3703 4884 loca

2055 4918 2310 4975 adducat
2340 4937 2411 4975 ex
2443 4921 2681 4992 spuriis,
2717 4922 2932 4993 quibus
2963 4923 3172 4994 probet
3201 4924 3541 4994 episcopum
3586 4920 3700 4975 dici

2055 5009 2337 5083 ἂργιερέα,
2378 5011 2503 5065 haec
2549 5011 2745 5079 verba,
2802 5016 3049 5084 κρεῖσσον
3105 5012 3132 5065 ὁ
3191 5010 3501 5087 ἀρχιερεὺς,
3563 5027 3700 5082 ριίι·

2054 5099 2202 5155 dens
2234 5099 2451 5167 mittit;
2486 5101 2595 5156 hac
2627 5101 2854 5156 ratione
2876 5102 3096 5170 addita,
3126 5102 3283 5173 quod
3316 5126 3344 5152 «
3368 5121 3437 5158 ea
3468 5101 3701 5158 tametsi

2056 5189 2126 5243 de
2160 5189 2434 5261 episc0po
2466 5189 2584 5244 dici
2607 5191 2938 5257 videantur,
2968 5192 3064 5246 alii
3095 5192 3166 5248 de
3199 5193 3429 5247 Christo
3451 5191 3698 5245 Domino

2053 5296 2173 5334 non
2220 5279 2476 5334 absurde
2544 5281 3086 5352 interpretentur.»
3142 5283 3262 5336 lmo
3302 5297 3436 5334 vero
3481 5279 3579 5334 alii
3628 5278 3700 5334 de

2051 5367 2281 5421 Christo
2311 5368 2558 5422 Domino
2591 5373 2648 5422 et
2677 5369 2960 5424 Pontiﬁce
2992 5386 3221 5424 summo
3252 5369 3583 5423 rectissime
3615 5370 3700 5424 in-

2051 5461 2492 5526 terpretantur;
2527 5473 2721 5528 neque
2767 5459 3080 5528 quisquam
3111 5458 3184 5512 de
3212 5457 3486 5530 episcopo
3520 5475 3701 5515 evan-

2049 5545 2236 5618 gelico
2271 5547 2386 5601 nisi
2449 5546 2790 5602 absurdisse
2851 5547 3230 5618 interpretari
3289 5553 3505 5620 potest.
3556 5550 3697 5616 Quis

2050 5634 2210 5690 enim
2239 5649 2503 5706 unquam
2526 5635 2871 5707 episcopum
2902 5633 3160 5706 aliquem
3189 5635 3346 5693 inter
3387 5638 3695 5695 ministros

2051 5722 2412 5798 evangelicos
2444 5724 2524 5780 ita
2555 5722 2812 5798 efferret,
2843 5728 2909 5782 ut
2939 5740 3075 5784 eum
3107 5725 3332 5788 diceret
3380 5750 3408 5782 «
3436 5746 3564 5788 esse
3603 5729 3693 5808 ja-
