4064 6134
313 351 436 414 409

1041 351 1112 436 J.
1145 351 1564 414 PEARSONII
1610 349 1733 415 VIN
1745 351 1964 413 01cm

2077 347 2493 411 ιΝΑΤΙΑΝΑε.
2543 381 2619 394 -
2661 349 2866 412 PARS
2911 349 2991 411 Π.

3615 348 3736 412 410

317 498 503 538 nuam
535 481 752 551 Patris,
785 499 889 555 per
946 498 1124 554 quam
1182 483 1594 557 ingrediuntur
1645 483 1964 551 Abraham,
1996 485 2049 552 Α
2079 497 2305 554 nesque
2321 480 2567 538 secundi
2595 481 2794 538 saeculi
2815 481 3353 554 scriptores;tertii
3379 479 3581 537 saeculi
3603 487 3736 537 tan-

323 579 384 628 et
407 573 595 640 Isaac,
627 576 686 626 et
713 571 912 638 Jacob,
938 577 997 628 et
1025 574 1350 645 prophetm,
1386 579 1444 630 et
1472 573 1748 646 apostoli,
1778 580 1836 629 et
1864 576 1972 628 Ec-

320 661 506 717 clesia
534 661 563 716 ?
596 683 625 710 »
648 661 986 716 Praesertim
1046 679 1180 718 cum
1239 663 1506 719 Christus
1554 663 1678 734 ipse
1709 662 1926 718 dixerit
1957 679 1970 718 :

316 751 470 825 Ἐγώ
503 750 620 822 εἰμι
652 752 687 819 ἡ
721 748 878 827 Οὖρα,
913 757 971 807 et
1018 753 1125 808 illa
1155 770 1264 809 vox
1322 753 1394 809 de
1445 754 1675 810 Christo
1735 759 1970 826 aposto-

317 842 452 898 licis
483 840 857 913 temporibus
891 843 1148 898 maxime
1181 849 1463 915 usurpata
1504 844 1580 899 sit
1612 859 1626 912 ;
1679 843 1838 900 unde
1869 844 1973 900 illa

313 931 657 990 Iudaeorum
689 930 763 986 ad
793 931 1074 988 Iacobum
1107 933 1339 1005 justum
1366 949 1380 988 :
1441 929 1798 1007 Ἀπάγγειλον
1831 933 1968 1006 ἡμῖν

316 1022 400 1086 τίς
433 1025 468 1092 ἡ
509 1021 646 1097 Οὖρα
700 1025 798 1076 τοῦ
849 1023 1035 1094 Ἰησοῦ
1097 1028 1196 1079 τοῦ
1247 1025 1669 1099 σταυρωθέντοςο
1740 1045 1773 1097 «ι
1816 1026 1968 1081 Doce

316 1133 424 1172 nos
456 1113 616 1186 quod
650 1114 727 1170 sit
785 1115 1007 1171 ostium
1063 1117 1200 1173 Jesu
1252 1117 1520 1174 cruciﬁxi
1553 1131 1568 1185 ;
1600 1139 1630 1168 ››
1669 1120 1735 1173 ut
1789 1117 1972 1172 refert

320 1205 680 1278 Hegesippus
713 1204 872 1276 apud
925 1205 1242 1262 Eusebium
1273 1206 1376 1262 lib.
1409 1223 1470 1277 ιι,
1500 1221 1552 1264 c.
1601 1208 1688 1261 23.
1723 1205 1888 1271 Quod
1919 1205 1964 1260 si

312 1291 597 1368 ἀρχιερεύς
629 1293 710 1348 ibi
743 1311 866 1350 non
899 1295 975 1350 sit
1005 1296 1339 1368 episcopus,
1367 1311 1562 1368 neque
1607 1295 1770 1368 ἱερεῖς
1795 1299 1971 1350 erunt

316 1382 643 1458 presbyteri
678 1398 692 1438 :
727 1382 864 1438 illos
923 1383 1102 1456 igitur
1142 1383 1317 1459 ἱερέας
1359 1403 1480 1441 non
1527 1385 1729 1440 minus
1788 1401 1966 1456 quam

319 1473 662 1546 pontiﬁcem
680 1472 1034 1545 prudentius
1045 1475 1404 1530 misissetvir
1415 1475 1792 1532 doctissimus
1809 1491 1821 1540 ;
1843 1480 1966 1531 tum

322 1564 471 1636 quod
499 1580 596 1620 res
629 1563 761 1636 ipsa
790 1564 904 1620 hoc
932 1564 1005 1621 ab
1038 1582 1106 1621 eo
1138 1567 1477 1638 postulavit,
1510 1571 1636 1623 tum
1683 1583 1758 1622 ne
1791 1568 1967 1622 l-lam-

316 1653 595 1711 mondnm
621 1652 966 1723 sugillandi,
998 1654 1099 1710 ubi
1132 1655 1298 1711 nulla
1339 1656 1589 1712 rationis
1618 1656 1709 1711 vel
1739 1656 1966 1727 species

314 1762 371 1802 se
399 1743 702 1814 offerebat,
739 1744 1117 1802 occasionem
1164 1747 1426 1818 arripere
1457 1746 1780 1803 videretur.

941 1877 1170 1933 CAPUT
1225 1877 1374 1934 XIII.

333 1986 729 2056 Argumentum
750 1983 1094 2056 palmarium
1125 1986 1445 2041 discutitur.
1475 1986 1618 2056 Ejus
1637 1986 1974 2055 fundamen-

399 2063 509 2110 tum
541 2058 600 2110 in
631 2055 816 2110 ruinis
840 2057 1363 2126 presbyteranarum
1383 2055 1630 2128 partium
1641 2060 1972 2128 poniosten-

397 2128 566 2183 ditur.
604 2130 682 2182 De
713 2128 988 2183 distinctis
1018 2130 1332 2184 nominibus
1362 2136 1413 2183 et
1467 2130 1666 2199 ofﬁciis
1699 2133 1867 2185 trium
1896 2147 1976 2186 sa-

398 2215 614 2253 crorum
673 2200 934 2254 ordinum
979 2207 1223 2271 quatuor
1267 2203 1588 2256 assertiones
1633 2208 1970 2257 statuuntur.

393 2272 637 2326 Assertio
683 2272 729 2325 Ι.
760 2272 948 2342 ίΑιίοε
1005 2273 1442 2342 quamplurimas
1506 2273 1732 2328 secundi
1786 2274 1974 2329 saeculi

391 2345 684 2412 scriptores
709 2341 852 2416 idem
911 2341 1204 2398 discrimen
1257 2346 1402 2399 inter
1446 2344 1711 2400 vocabula
1743 2345 1970 2416 episco-

393 2420 562 2485 patus
594 2420 647 2468 et
671 2414 1118 2486 presbyteratus
1175 2416 1498 2483 observasse,
1531 2417 1679 2486 quod
1725 2414 1971 2472 observat

394 2487 641 2554 Ignatius
671 2492 877 2540 noster.
939 2487 1097 2550 Quod
1126 2489 1403 2556 probatur
1443 2489 1766 2542 testimoniis
1797 2490 1972 2543 Acto-

395 2574 514 2611 rum
571 2559 782 2626 Ignat-ii
838 2563 907 2629 et,
942 2557 1262 2629 Polycarpi,
1309 2561 1656 2629 imperatoris
1709 2559 1965 2626 Adriani,

395 2629 641 2697 Dionysii
692 2628 1106 2684 Corinthiorum
1173 2628 1446 2700 episcopi,
1515 2631 1968 2700 Lugdunensium

394 2706 693 2768 martyrum
727 2701 984 2770 (quorum
1016 2701 1386 2757 testimonium
1430 2719 1463 2755 a
1491 2701 1770 2756 Blondelli
1797 2703 1964 2757 chro-

397 2771 657 2843 iwloyicis
696 2771 1094 2840 objectionibus
1124 2774 1438 2827 vindicatur
1440 2774 1487 2843 ),
1519 2775 1833 2843 Hcgesippi,
1866 2776 1966 2829 Po-

404 2841 630 2914 lycratis,
662 2843 1002 2912 Serapionis,
1047 2845 1326 2912 Anonymi
1365 2841 1515 2914 apud
1571 2841 1882 2912 Eusebium,
1917 2853 1967 2900 et

407 2915 672 2969 Canonum
714 2915 1159 2984 apostolicorum.
1193 2918 1438 2972 Assertio
1483 2917 1554 2971 II.
1613 2915 1835 2970 Nullum
1880 2933 1966 2972 se-

399 2986 557 3040 cundi
613 2987 802 3041 saeculi
847 2988 1172 3056 scriptorem
1226 2986 1469 3057 simplici
1507 2987 1844 3058 presbytero,
1905 2991 1964 3044 in

390 3059 619 3112 secundo
658 3059 955 3112 ministerii
987 3059 1178 3113 ordine
1227 3061 1541 3125 constituto,
1592 3061 1830 3129 episcopi
1859 3077 1951 3115 no-

389 3145 505 3183 men
537 3129 825 3184 tribuisse.
885 3131 1046 3184 Ratio
1104 3132 1422 3200 manifesta,
1481 3147 1657 3200 qua-re
1712 3133 1962 3199 Ignatius

390 3201 680 3255 discrimen
737 3201 885 3256 illud
940 3208 1084 3256 caste
1160 3203 1484 3257 observaret.
1544 3204 1957 3258 Assertiolll.

2085 579 2210 628 tum
2255 578 2312 627 et
2343 573 2720 644 sequentium
2751 571 3072 628 Christiani
3102 572 3424 628 discrimen
3457 571 3602 627 illud
3625 573 3730 627 ob-

2081 662 2413 720 servabant.
2439 664 2658 719 Auctor
2690 662 2867 734 igitur
2889 660 3274 734 epistolarum
3306 659 3478 716 tertio
3510 660 3600 716 vel
3634 679 3730 716 se-

2080 757 2299 823 quente
2321 753 2537 809 saeculo
2570 753 2959 823 scripsit.Non
2979 751 3174 823 potuit
3203 749 3381 823 igitur
3411 765 3538 806 esse
3559 751 3732 822 Igna-

2078 840 2196 904 tius
2230 847 2478 914 martyr,
2513 843 2613 914 qui
2643 843 2774 915 ipso
2823 858 2974 914 pene
3031 839 3276 897 secundi
3327 839 3529 895 seaculi
3573 839 3739 894 initio

2077 947 2286 1002 passus
2326 937 2436 988 est.

2148 1037 2302 1094 lllud
2332 1043 2533 1094 autem
2579 1036 2862 1110 inprimis
2921 1036 3352 1093 observandum
3384 1040 3494 1105 est,
3528 1036 3575 1092 si
3609 1053 3740 1108 qum

2076 1127 2160 1182 vis
2194 1127 2333 1183 huic
2363 1133 2712 1200 argumento
2743 1129 2937 1183 inesse
2959 1127 3385 1196 videatur,eam
3417 1143 3656 1182 omnem
3679 1127 3741 1181 in

2081 1233 2324 1274 suarum
2355 1218 2612 1289 partium
2649 1218 2842 1274 ruinis
2871 1217 2944 1273 ab
3003 1234 3070 1273 eo
3128 1217 3380 1288 positam
3413 1234 3562 1272 esse.
3594 1216 3739 1272 Nam

2074 1307 2216 1362 dum
2242 1313 2545 1364 auctorem
2597 1307 2992 1379 epistolarum
3057 1306 3316 1362 secundo
3375 1305 3587 1362 saeculo
3620 1323 3740 1361 non

2074 1398 2383 1469 scripsisse
2401 1399 2716 1469 vult,quod
2740 1414 2808 1453 eo
2841 1402 2963 1452 toto
2994 1397 3169 1453 aliter
3188 1396 3736 1452 Christianiomnes

2072 1487 2255 1544 locuti
2289 1487 2408 1544 sint
2441 1506 2455 1556 ;
2488 1488 2765 1544 Salmasii
2797 1493 2857 1544 et
2884 1487 3176 1543 Albertini
3209 1487 3569 1544 sententiam
3597 1504 3735 1543 con-

2078 1576 2376 1648 vellit,qui
2409 1594 2544 1634 eum
2577 1577 2773 1633 medio
2797 1577 3042 1633 secundi
3074 1577 3274 1633 seaculi
3314 1583 3581 1649 tempore
3605 1576 3731 1648 epi—

2072 1667 2252 1722 stolas
2274 1666 2532 1722 edidisse
2555 1667 2903 1723 docuerunt.
2939 1668 3048 1722 Dat
3098 1667 3277 1722 etiam
3327 1667 3735 1736 Hammondo,

2070 1762 2189 1814 tres
2206 1756 2313 1812 sub
2327 1757 2740 1828 apostolorum
2779 1763 3064 1828 tempore,
3089 1756 3188 1826 qui
3208 1756 3453 1811 nomina
3475 1755 3735 1827 episcopi

2009 1875 2056 1940 Β
2090 1850 2148 1900 et
2180 1844 2510 1918 presbyteri
2543 1845 2848 1917 pomiscue
2903 1861 3222 1915 usurpasse
3279 1844 3582 1912 dicuntur,
3616 1850 3738 1898 tres

2089 1935 2328 1991 ordines
2361 1952 2464 1991 seu
2495 1934 2712 2008 gradus
2770 1935 2832 1990 in
2889 1934 3152 1991 Ecclesia
3209 1934 3507 1990 exstitisse
3535 1951 3548 2001 ;
3579 1932 3737 2004 quod

2087 2025 2433 2095 Salmasius,
2468 2025 2831 2094 Blondellus,
2865 2025 3088 2096 aliique
3140 2024 3286 2080 adeo
3338 2041 3409 2079 ex
3441 2023 3737 2080 industria

2084 2120 2402 2188 negant,et
2427 2133 2595 2172 suam
2631 2132 2700 2171 ex
2731 2115 2860 2187 ipsa
2889 2114 3238 2170 confusione
3261 2113 3573 2168 nominum
3598 2129 3734 2168 sen-

2083 2206 2332 2262 tentiam
2364 2206 2620 2261 maxime
2652 2203 3002 2260 defendunt.
3029 2203 3195 2258 Novit
3225 2208 3425 2258 autem
3455 2201 3734 2272 Dallaeus,

2081 2295 2196 2350 nisi
2229 2295 2340 2350 hoc
2372 2295 2560 2362 daret,
2595 2311 2666 2350 ex
2703 2293 3034 2349 imitatione
3081 2293 3388 2363 apostolici
3439 2291 3732 2347 sermonis

2081 2384 2362 2440 adversus
2385 2384 2591 2457 lgnatii
2625 2382 2903 2454 epistolas
2925 2381 3156 2437 nullum
3191 2386 3605 2454 argumentum
3619 2381 3736 2436 for-

2079 2474 2227 2528 mari
2260 2474 2544 2545 potuisse.
2579 2473 2635 2528 Si
2668 2473 2828 2528 enim
2881 2472 2996 2527 duo
3049 2475 3280 2527 tantum
3337 2471 3577 2529 ordines
3632 2475 3733 2526 aut

2077 2561 2294 2633 gradus
2311 2563 2372 2618 in
2386 2561 2716 2618 ministerio
2750 2561 3148 2616 ecclesiastico
3167 2561 3568 2632 apostolorum
3588 2565 3734 2615 tem-

2076 2667 2218 2723 pore
2253 2652 2642 2720 exstitissent,
2675 2651 2974 2722 quomodo
2998 2650 3372 2706 illosimitari
3405 2655 3728 2720 potuerunt

2075 2739 2137 2794 in
2156 2739 2504 2796 confusione
2532 2740 2866 2808 nominum,
2891 2739 2993 2809 qui
3021 2745 3160 2793 tunc
3198 2738 3482 2809 temporis
3508 2739 3728 2792 scribe-

2076 2835 2370 2899 rent,cum
2394 2836 2514 2885 tres
2541 2830 2670 2902 jam
2693 2829 2930 2886 tandem
2955 2833 3153 2884 essent
3173 2828 3199 2883 ‘2
3219 2829 3276 2883 Si
3307 2845 3464 2883 unus
3499 2831 3726 2882 tantum

2076 2919 2220 2974 ordo
2238 2919 2330 2975 vel
2351 2919 2569 2992 gradus
2596 2936 2776 2992 supra
2797 2919 3174 2974 diaconatum
3214 2918 3286 2974 ab
3325 2917 3610 2989 apostolis
3633 2917 3726 2972 in-

2075 3007 2316 3064 stitutus
2339 3014 2448 3078 est,
2483 3026 2659 3080 quem
2692 3025 2852 3065 nunc
2871 3009 3272 3080 episcopatum
3307 3024 3465 3063 nunc
3480 3007 3726 3080 presby-

2075 3102 2331 3154 teratum
2403 3099 2784 3170 appellabant
2823 3099 2935 3169 ipsi
2995 3097 3095 3168 qui
3153 3113 3290 3152 eum
3333 3095 3726 3151 instituebant

2073 3187 2453 3258 apostoli;an
2471 3187 2556 3242 illi
2579 3188 2679 3259 qui
2704 3187 2964 3243 secundo
2998 3186 3215 3241 saeculo
3243 3186 3555 3258 scripsere,
3588 3201 3722 3241 cum

389 3272 609 3346 Nullum
657 3275 878 3327 omnino
936 3255 1175 3328 secundi,
1200 3255 1391 3346 δὲέὰιῖ
1423 3255 1787 3346 scriptorem,
1837 3291 1961 3330 cum
1991 3255 2043 3320 Ο
2064 3277 2192 3346 jam
2215 3276 2312 3332 ille
2344 3276 2487 3331 ordo
2512 3278 2574 3332 in
2598 3277 2746 3332 duos
2793 3277 3109 3332 distinctus
3155 3293 3284 3331 esse
3317 3275 3552 3343 dicitur,
3584 3290 3720 3330 cum

383 3344 587 3413 gradus
619 3351 1157 3417 e_numerat,autcum
1173 3345 1240 3399 de
1261 3344 1633 3415 singularibus
1645 3348 1734 3402 sui
1756 3353 1962 3417 tempo-

384 3418 472 3488 ris
505 3415 777 3471 ministris
829 3417 1096 3486 loquitur,
1155 3433 1349 3472 nomen
1383 3417 1690 3487 presbyteri
1739 3421 1790 3473 ei
1857 3415 1966 3488 qui

385 3486 668 3560 episcopus
726 3495 877 3560 esset,
940 3489 1210 3560 tribuisse.
1243 3486 1412 3560 iLoca
1468 3489 1684 3558 Papiae,
1745 3486 1960 3560 Irenazi,

387 3559 674 3614 Clementis
703 3558 1094 3629 Alexandrini,
1155 3559 1472 3630 Polycarpi,
1532 3562 1624 3615 Pii
1670 3565 1722 3614 et
1751 3558 1962 3617 Hermx

386 3632 796 3684 examinantur.
827 3633 1070 3686 Assertio
1093 3632 1193 3686 IV.
1249 3634 1333 3686 Ea
1361 3638 1540 3700 aetate,
1574 3648 1684 3702 qua
1712 3633 1769 3688 S.
1793 3634 1964 3702 Igna-

388 3703 494 3756 tius
530 3702 811 3770 scripsisse
840 3703 1064 3771 dicitur,
1095 3708 1201 3756 tres
1257 3719 1433 3759 sacres
1485 3703 1708 3759 ordines
1759 3704 1960 3760 distin-

388 3780 495 3828 ctos
527 3772 588 3827 in
618 3774 863 3828 Ecclesia
882 3776 1174 3829 exstitisse.
1213 3775 1374 3844 Quod
1403 3790 1523 3829 cum
1555 3776 1811 3841 aliorum,
1847 3783 1962 3832 tum

386 3847 550 3899 etiam
576 3861 763 3899 eorum
785 3847 1050 3912 omnium,
1084 3847 1182 3915 qui
1212 3849 1647 3901 communionem
1677 3846 1963 3903 nominum

386 3917 443 3989 in
472 3917 792 3989 apostolicis
821 3919 1042 3987 scriptis
1071 3918 1452 3989 observabant,
1487 3921 1810 3974 testimoniis
1821 3934 1960 3989 pro-

387 3987 565 4044 batur.
598 3988 799 4045 Dallaei
820 3990 996 4059 effusa
1026 3987 1208 4044 oratio
1238 3989 1676 4059 sufﬂaminatur.

386 4095 702 4149 Prmmissa
723 4093 834 4149 levi
859 4099 1160 4152 armatura
1179 4093 1254 4150 ad
1270 4094 1628 4167 palmarium
1654 4111 1963 4169 argumen-

306 4190 432 4239 tum
465 4201 500 4239 a
531 4182 790 4240 dictione
828 4187 1080 4258 petitum
1123 4186 1543 4258 progreditur:
1578 4187 1736 4258 quod
1793 4186 1962 4260 longe

305 4274 550 4330 maximi
570 4275 858 4330 momenti
885 4292 1012 4331 esse
1033 4281 1286 4348 putat,et
1307 4276 1526 4332 idcirco
1541 4281 1664 4332 toto
1687 4277 1879 4348 capite
1894 4279 1961 4331 26

300 4363 537 4436 prolixo
562 4382 704 4420 sane
728 4370 786 4420 et
807 4364 1104 4421 laborioso
1138 4365 1254 4422 late
1273 4367 1672 4439 persequitur.
1689 4365 1835 4422 Cum
1860 4367 1964 4422 ita-

305 4469 422 4525 que
450 4454 512 4509 in
547 4455 661 4510 hac
692 4454 1029 4527 objectione
1059 4455 1227 4528 quasi
1286 4457 1651 4528 triumphare
1673 4455 1962 4523 videatur,

305 4547 644 4602 accuratius
678 4546 849 4601 nobis
871 4546 1297 4619 perpendenda
1328 4554 1451 4615 est;
1486 4565 1606 4603 non
1634 4547 1870 4619 quodin
1893 4564 1963 4602 ea

2073 3382 2201 3420 rem
2235 3366 2427 3436 ipsam
2448 3366 2710 3422 Ecclesia
2729 3371 2993 3421 mutasse
3024 3365 3356 3436 putatur,in
3378 3364 3724 3419 confusione

2071 3456 2404 3526 nominum,
2438 3473 2690 3528 quorum
2714 3456 2950 3528 utrique
2973 3461 3101 3510 tum
3138 3471 3279 3510 suus
3303 3454 3445 3509 ordo
3477 3470 3726 3526 respon-

2074 3543 2274 3614 debat,
2316 3545 2617 3617 apostolos
2648 3544 2868 3600 imitari
2905 3544 3286 3600 debuerunt?
3324 3543 3602 3598 Confusio
3624 3560 3727 3598 no-

2073 3635 2304 3690 minum
2345 3637 2688 3706 apostolica,
2741 3635 3067 3691 secundum
3117 3650 3312 3691 eorum
3375 3634 3726 3704 suppositio-

2075 3725 2302 3793 nem,in
2325 3741 2394 3780 eo
2420 3725 2966 3795 consistebat,quod
2988 3725 3164 3779 unico
3182 3723 3377 3779 ordini
3397 3722 3512 3778 duo
3526 3723 3720 3776 nomi-

2076 3830 2154 3868 na
2180 3813 2598 3868 indifferenter
2616 3819 2674 3868 et
2701 3814 3039 3884 promiscue
3073 3814 3132 3867 in
3155 3815 3307 3867 Novo
3342 3812 3720 3867 Testamento

2074 3903 2504 3970 tribuerentur,
2527 3904 2675 3959 adeo
2703 3911 2767 3959 ut
2797 3904 2952 3959 idem
2977 3905 3156 3958 homo
3189 3903 3262 3959 ob
3280 3920 3466 3958 unum
3486 3908 3543 3958 et
3563 3903 3720 3958 idem

2073 3992 2362 4059 ofﬁcium,
2403 3991 2476 4046 ob
2498 4009 2687 4047 unum
2711 3999 2770 4048 et
2799 3993 3073 4048 eumdem
3093 3993 3362 4048 ordinem
3383 3997 3441 4045 et
3471 3990 3719 4062 dignita-

2070 4087 2216 4152 tem,
2249 4098 2408 4138 nunc
2452 4083 2787 4154 episcopus,
2827 4099 2991 4138 nunc
3046 4083 3356 4154 presbyter
3391 4086 3718 4137 vocaretur.

2072 4175 2162 4228 An
2185 4173 2346 4228 licite
2377 4189 2505 4227 rem
2531 4173 2720 4244 ipsam
2745 4172 2817 4227 ab
2849 4173 3154 4244 apostolis,
3184 4177 3247 4227 ut
3287 4172 3522 4240 dicitur,
3547 4171 3718 4226 insti-

2073 4267 2260 4318 tutam
2311 4262 2613 4317 communi
2649 4261 2885 4317 decreto
2929 4261 3187 4317 Ecclesia
3241 4267 3474 4317 mutare
3521 4277 3716 4333 posse,

2072 4369 2196 4408 non
2222 4368 2397 4408 nemo
2419 4351 2666 4407 fortasse
2691 4351 2978 4424 ambigat;
3007 4368 3083 4406 an
3115 4369 3176 4407 re
3191 4356 3416 4407 mutata
3433 4349 3717 4407 vocabula

2073 4443 2247 4498 aliter
2265 4458 2555 4514 usurpare
2586 4442 2813 4513 liceret,
2865 4441 3120 4498 dubitari
3170 4458 3292 4498 non
3349 4446 3560 4514 potest.
3593 4440 3716 4496 lmo

2074 4550 2208 4589 cum
2230 4533 2489 4605 primum
2538 4532 2624 4588 rei
2655 4531 2904 4587 mutatio
2951 4532 3107 4588 facta
3149 4537 3258 4601 est,
3310 4537 3366 4587 et
3408 4531 3719 4588 nominum

306 4635 393 4690 vis
425 4637 620 4710 major
651 4653 829 4708 quam
860 4637 922 4692 in
955 4638 1183 4693 οωιειιίε
1204 4639 1281 4694 sit
1308 4638 1479 4710 (mihi
1511 4637 1670 4694 enim
1689 4639 1957 4694 omnium
1990 4634 2035 4700 D
2068 4625 2248 4680 etiam
2297 4622 2690 4678 mutationem
2747 4623 3081 4677 necessario
3111 4623 3328 4678 factam
3374 4623 3557 4677 fuisse
3594 4620 3719 4675 vult

308 4725 611 4781 levissima
640 4725 1031 4799 videtur),sed
1062 4726 1218 4798 quod
1247 4745 1381 4784 cum
1415 4731 1578 4784 tanta
1607 4744 1962 4800 pompa,nec

307 4816 526 4872 minori
550 4817 767 4872 astutia
796 4817 1150 4889 proferatur.
1188 4820 1284 4874 Vis
1315 4820 1474 4875 enim
1524 4821 1878 4892 argumenti,
1913 4820 1962 4876 si

309 4923 427 4978 qua
456 4906 553 4974 sit,
575 4905 834 4962 breviter
862 4908 926 4963 in
947 4908 1105 4964 hunc
1126 4908 1368 4965 modum
1401 4915 1524 4964 tota
1553 4909 1840 4965 declarari
1859 4925 1963 4982 po-

304 5000 441 5052 test.
474 4998 696 5052 Auctor
754 4996 1135 5067 epistolarum
1195 4998 1370 5053 aliter
1415 5003 1664 5070 usurpat
1719 4999 1963 5054 nomina

301 5085 635 5158 presbyteri
668 5091 726 5140 et
755 5085 1222 5158 episcopi,quam
1256 5087 1508 5159 apostoli
1541 5093 1598 5143 et
1655 5089 1960 5160 apostolici

302 5177 410 5231 viri
445 5181 503 5231 et
532 5192 739 5231 eorum
768 5176 1074 5249 discipuli;
1100 5177 1220 5234 imo
1253 5179 1463 5234 eodem
1495 5179 1672 5234 modo
1688 5184 1959 5252 usurpat,

300 5285 418 5338 quo
442 5267 602 5321 tertii
620 5266 826 5321 saeculi
848 5271 904 5321 et
919 5269 1297 5338 sequentium
1317 5269 1658 5324 Christiani.
1682 5271 1827 5324 Nam
1863 5269 1960 5324 ille

296 5363 459 5414 caste
485 5356 764 5412 observat
786 5357 1100 5414 nominum
1124 5359 1671 5432 discrimen,neque
1691 5375 1957 5431 unquam

297 5447 475 5504 aliter
496 5447 788 5518 loquitur.
807 5452 881 5502 At
901 5447 1116 5520 primo,
1150 5450 1401 5520 apostoli
1425 5450 1550 5505 haec
1574 5449 1690 5504 duo
1714 5449 1962 5506 nomina

297 5553 408 5611 pro
457 5536 818 5608 promiscuis
853 5542 912 5592 et
942 5538 1204 5594 confusis
1237 5537 1496 5607 habent;
1531 5537 1774 5595 eosdem
1798 5555 1959 5595 nunc

301 5628 636 5702 episcopos,
669 5643 826 5684 nunc
867 5628 1246 5703 presbyteros
1277 5628 1680 5703 appellantes;
1713 5635 1770 5685 et
1824 5645 1958 5686 ser-

299 5733 550 5780 monem
581 5714 972 5793 apostolicum
1004 5719 1188 5778 secuti
1215 5719 1526 5794 apostolici
1576 5735 1805 5795 omnes,
1839 5736 1956 5780 om-

2071 4713 2394 4769 Salmasius
2417 4729 2430 4767 :
2469 4733 2494 4766 α
2529 4711 2740 4770 Omnia
2761 4711 2898 4767 licet
2915 4713 3160 4767 advocet
3188 4728 3354 4768 arma
3375 4717 3432 4766 et
3451 4715 3606 4766 artes
3625 4727 3717 4764 so-

2071 4804 2342 4876 phisticus
2375 4818 2495 4858 suae
2529 4803 2823 4871 Petavius,
2874 4818 3185 4874 nunquam
3219 4803 3454 4869 efﬁciet,
3502 4804 3716 4870 utpost

2071 4893 2474 4965 episcopatum
2491 4890 2662 4963 plene
2685 4908 2752 4946 ac
2774 4891 2946 4963 plane
2979 4892 3324 4947 distinctum
3347 4907 3381 4946 a
3409 4890 3712 4962 presbyte-

2069 4989 2221 5054 ratu,
2255 4981 2516 5054 episcopi
2562 4981 2757 5037 vocari
2809 4981 3204 5036 sustinuerint
3233 4979 3713 5052 presbyterorum

2070 5089 2334 5130 nomine.
2368 5094 2396 5121 »

2141 5179 2252 5235 Sed
2275 5184 2340 5234 ut
2360 5183 2732 5251 argumento,
2782 5177 2956 5248 quale
2999 5177 3173 5249 quale
3217 5182 3324 5247 est,
3351 5181 3409 5233 et
3440 5175 3623 5233 solide
3657 5181 3714 5233 et

2069 5270 2383 5344 perspicue
2407 5267 2856 5340 respondeatur,
2891 5269 3316 5325 assertionibus
3361 5270 3714 5341 quibusdam

2069 5360 2300 5433 positis,
2324 5375 2451 5414 rem
2500 5362 2686 5412 totam
2736 5357 3165 5428 explicabimus
3196 5359 3714 5416 conﬁrmabimus-

2071 5467 2206 5523 que.
2238 5450 2436 5504 Primo
2469 5446 2654 5517 enim,
2688 5446 2736 5502 si
2760 5445 2969 5502 demus
2991 5454 3293 5504 auctorem
3327 5450 3713 5523 epistolarum

2071 5557 2307 5613 semper
2335 5538 2656 5594 discrimen
2687 5535 2835 5593 illud
2861 5537 3020 5609 quod
3041 5537 3238 5595 innuit
3257 5540 3716 5612 Dallseus,invo-

2069 5629 2296 5686 cabulis
2319 5629 2695 5703 episcopatus
2717 5631 2776 5683 et
2791 5625 3146 5700 presbyterii
3195 5629 3560 5701 observasse,
3611 5648 3714 5688 ne-

2071 5737 2184 5794 que
2214 5719 2388 5780 aliter
2415 5733 2682 5794 unquam
2701 5717 2966 5778 locutum
2998 5734 3127 5778 esse
3152 5721 3712 5793 ;asserimustamen
