4064 6134
338 364 473 438 'm

1431 372 1495 431 S.
1543 366 1932 432 IGNATIUS.
1980 402 2057 414 —
2098 368 2701 432 PROLEGOMENA.

3653 365 3773 424 HS

362 512 513 568 alios
544 508 1017 583 quamplurimas
1039 504 1497 563 secundismculi
1518 504 2006 576 scriptoresidem
2041 513 2082 579 Α
2120 504 2263 561 bant
2285 506 2399 560 Deo
2419 504 2766 575 episcopum
2786 499 3190 567 constituenti,
3224 498 3312 553 vel
3360 496 3594 554 diabolo
3634 514 3758 554 cre-

364 600 685 656 discrimen
717 600 874 653 inter
892 596 1173 652 vocabula
1191 595 1566 667 episcopatus
1581 594 2006 665 etpresbyterii

365 690 731 757 observasse,
756 685 916 758 quod
942 686 1214 740 observat
1243 684 1506 755 Ignatius
1557 690 1761 738 noster
1791 700 1805 750 ;
1839 684 2013 738 adeo-

364 796 480 851 que
510 778 727 834 falsum
759 794 886 833 esse
927 776 1085 847 quod
1114 775 1329 831 asserit
1356 774 1609 829 Dallaaus
1640 778 1699 828 et
1727 780 2011 844 tanquam

364 868 697 941 argumenti
727 866 1184 922 fundamentum
1206 864 1609 935 ponit,omnes
1640 863 1882 918 secundi
1908 880 2011 918 sae-

365 958 483 1015 culi
514 958 828 1029 scriptores
849 956 1184 1027 promiscue
1217 970 1318 1008 eas
1353 969 1519 1009 voces
1541 969 1879 1024 usurpasse.
1906 952 2009 1006 Se-

364 1046 560 1103 cunda
589 1045 838 1101 assertio
872 1045 950 1099 sit
973 1061 985 1098 :
1005 1043 1243 1099 Nullum
1273 1042 1516 1098 secundi
1549 1042 1751 1097 seaculi
1772 1041 2014 1114 scripto-

358 1162 485 1202 rem
516 1145 664 1201 adeo
697 1144 1033 1215 promiscue
1064 1141 1367 1198 vocabulis
1392 1142 1654 1214 episc0pi
1681 1147 1741 1196 et
1774 1140 2013 1213 presby-

357 1233 471 1289 teri
515 1248 691 1287 usum
736 1247 886 1299 esse,
938 1236 1007 1285 ut
1054 1228 1311 1300 simplici
1377 1229 1722 1301 presbytero
1780 1229 1841 1283 in
1923 1246 2012 1284 se-

360 1322 552 1378 cundo
583 1320 903 1376 ministerii
919 1319 1107 1392 gradu
1129 1319 1449 1374 constituto
1462 1334 1728 1389 unquam
1749 1318 2008 1389 episcopi

357 1412 595 1467 titulum
625 1411 934 1465 tribueret.
966 1409 1192 1465 Tertia:
1220 1407 1456 1463 Nullum
1486 1408 1732 1463 omnino
1764 1407 2009 1464 secundi

359 1500 557 1556 saeculi
580 1500 954 1571 scriptorem,
978 1515 1111 1554 cum
1133 1497 1350 1571 gradus
1380 1502 1710 1564 enumerat,
1742 1503 1845 1553 aut
1873 1514 2009 1553 cum

358 1589 429 1646 de
460 1590 866 1662 singularibus
894 1589 1286 1659 suitemporis
1304 1588 1595 1643 ministris
1615 1588 2007 1658 loquitur,no-

358 1706 497 1745 men
538 1688 872 1760 presbyteri
928 1687 981 1741 ei
1013 1688 1112 1758 qui
1146 1687 1459 1758 episcopus
1492 1692 1647 1742 esset
1700 1686 2001 1742 tribuisse.

358 1781 578 1845 Quarta
610 1778 858 1833 assertio
892 1781 1025 1832 est:
1087 1780 1168 1833 Ea
1214 1782 1406 1843 mtate,
1467 1793 1583 1847 qua
1632 1778 1686 1831 S.
1746 1778 2008 1848 lgnatius

362 1868 646 1939 epistolas
678 1867 986 1939 scripsisse
1009 1867 1245 1935 dicitur,
1271 1871 1391 1922 tres
1413 1883 1610 1922 sacros
1629 1867 1871 1922 ordines
1902 1883 2008 1922 seu

2118 1844 2241 1899 sius
2270 1844 2627 1915 Areopagita
2683 1845 2898 1915 πρῶτος
2953 1846 3020 1909 τῆ

361 1958 581 2029 gradus
611 1956 923 2012 distinctos
944 1957 1005 2011 in
1027 1956 1292 2012 Ecclesia
1320 1956 1524 2011 fuisse.
1550 1956 1651 2011 His
1666 1961 1865 2011 autem
1886 1972 2006 2011 om-

359 2046 536 2103 nibus
558 2047 767 2118 positis
798 2051 857 2101 et
886 2045 1283 2117 comprobatis
1304 2046 1529 2100 nemini
1556 2046 1774 2101 mirum
1787 2045 2008 2101 videbi-

355 2142 473 2204 tur,
498 2137 546 2191 si
579 2136 839 2208 Ignatius
869 2141 1075 2191 noster
1115 2139 1235 2192 tam
1264 2135 1630 2206 frequenter,
1673 2140 1793 2190 tam
1824 2141 2004 2204 caste,

358 2225 607 2281 nomina
628 2230 686 2281 et
715 2225 913 2280 officia
943 2225 1225 2296 episcopi,
1268 2225 1600 2296 presbyteri
1660 2229 1717 2279 et
1773 2224 2006 2280 diaconi

360 2314 700 2388 distinguat.
730 2315 784 2369 Si
810 2315 971 2369 enim
999 2314 1096 2369 alii
1123 2313 1551 2385 quamplurimi
1583 2312 1849 2385 ejusdem
1896 2330 2006 2368 sa:-

361 2415 479 2471 culi
525 2414 843 2486 scriptores
876 2414 1032 2468 idem
1090 2413 1411 2468 discrimen
1459 2412 1869 2478 observabant,
1902 2429 2008 2468 cur

363 2521 485 2560 non
511 2509 570 2559 et
596 2504 854 2574 Ignatius
882 2503 981 2560 ?Si
1016 2503 1215 2558 nullus
1247 2503 1491 2558 omnino
1524 2500 1769 2557 secundi
1802 2502 2005 2557 saeculi

360 2594 614 2665 scriptor
636 2609 857 2648 nomen
877 2593 1136 2665 episcopi
1170 2593 1512 2664 presbytero
1544 2591 1840 2659 tribuerit,
1881 2607 2008 2646 me-

355 2684 471 2739 rito
504 2687 560 2738 et
597 2682 852 2755 lgnatius
893 2680 1052 2736 solos
1102 2680 1409 2752 episcopos
1454 2696 1521 2734 eo
1552 2679 1795 2734 nomine
1846 2694 2007 2733 com-

359 2771 637 2844 pellabat.
671 2772 727 2826 Si
758 2770 931 2843 pauci
964 2770 1074 2839 illi,
1102 2770 1203 2841 qui
1244 2785 1464 2823 nomen
1512 2768 1844 2839 presbyteri
1883 2767 2006 2838 epi-

363 2878 542 2933 scopo
566 2859 888 2933 aliquando
908 2859 1147 2926 dabant,
1181 2857 1355 2913 aliter
1384 2873 1622 2929 semper
1654 2856 1833 2913 locuti
1865 2857 2005 2923 sint,

362 2968 499 3008 cum
532 2952 780 3008 materia
799 2950 1139 3022 scriptionis
1160 2949 1477 3022 Ignatianas
1490 2952 1843 3021 congrueret
1861 2965 1874 3015 ;
1891 2947 2007 3019 epi-

360 3040 646 3097 stolarum
677 3040 999 3110 antiquitas
1031 3056 1101 3094 ex
1121 3055 1189 3094 ea
1219 3055 1281 3094 re
1311 3039 1373 3093 in
1403 3037 1648 3094 dubium
1670 3037 1863 3093 vocari
1887 3052 2006 3091 non

360 3136 561 3205 potest
595 3148 609 3197 ;
640 3130 744 3185 ille
771 3129 932 3185 enim
964 3129 1176 3184 modus
1221 3128 1503 3201 loquendi
1547 3145 1725 3201 quem
1769 3131 2005 3183 secutus

362 3225 470 3289 est,
497 3226 555 3275 et
585 3220 836 3291 tempori
891 3223 951 3274 et
1002 3219 1297 3276 occasioni
1347 3224 1404 3275 et
1468 3219 1655 3290 ipsius
1702 3218 2003 3291 proposito
2034 3243 2078 3310 ρ

356 3312 613 3368 maxime
640 3311 1042 3367 conveniebat.

432 3439 627 3495 Prima
662 3438 843 3512 igitur
872 3439 1121 3494 assertio
1154 3438 1229 3493 sit
1270 3455 1283 3493 :
1343 3437 1505 3494 Alios
1537 3437 2004 3509 quamplurimas

361 3528 607 3586 secundi
631 3528 829 3585 saaculi
854 3528 1172 3599 scriptores
1194 3526 1353 3583 idem
1377 3527 1696 3583 discrimen
1733 3528 1888 3581 inter
1907 3544 2006 3583 vo-

360 3618 571 3675 cabula
600 3618 974 3690 episcOpatus
1028 3621 1086 3671 et
1141 3615 1582 3688 presbyteratus
1639 3615 2002 3685 observasse,

360 3707 520 3780 quod
549 3706 821 3762 observat
846 3705 1107 3777 Ignatius
1136 3710 1337 3760 noster
1368 3722 1383 3772 ;
1409 3722 1558 3775 quos
1580 3722 1885 3776 nunquam
1904 3705 2007 3760 ali-

360 3804 451 3853 ter
481 3798 709 3852 locutos
759 3810 889 3851 esse
938 3793 1300 3866 deprehendi
1346 3799 1560 3866 potest.
1595 3794 2006 3850 Vetustissima

361 3888 418 3943 S.
454 3885 665 3958 Ignatii
688 3887 833 3941 Acta
868 3902 883 3939 :
918 3908 937 3933 -
965 3884 1109 3939 Cum
1157 3884 1342 3939 multo
1373 3884 1586 3955 gaudio
1636 3883 2005 3939 descendens

361 3976 435 4032 de
453 3976 583 4031 navi
616 3975 934 4031 festinabat
963 3975 1019 4030 S.
1052 3973 1443 4045 Polycarpum
1465 3974 1809 4045 episcopum
1831 3990 2005 4029 coau-

361 4075 617 4131 ditorem
643 4073 859 4129 videre.
905 4094 932 4122 »
964 4075 1034 4127 Et
1088 4072 1265 4144 paulo
1311 4076 1485 4144 post:
1536 4093 1565 4121 «
1626 4072 2008 4131 Honorabant

363 4165 523 4220 enim
571 4168 841 4219 sanctum
871 4179 978 4233 per
1016 4162 1346 4233 episcopos,
1402 4160 1779 4233 presbyteros
1810 4168 1868 4218 et
1889 4163 2009 4220 dia-

362 4269 542 4309 conos
581 4252 730 4307 Asim
762 4252 1026 4307 civitates
1058 4257 1118 4305 et
1160 4250 1452 4308 Ecclesia).
1489 4273 1517 4301 »
1548 4252 1735 4307 [litate
1763 4252 2006 4308 Adriani

365 4341 645 4396 distincta
673 4340 855 4395 fuisse
899 4346 964 4394 ut
992 4339 1299 4407 ofﬁcia,ita
1327 4344 1385 4395 et
1412 4340 1696 4396 vocabula
1743 4342 2006 4415 episcOpi

366 4434 425 4484 et
453 4428 806 4500 presbyteri,
840 4428 1159 4484 ostendunt
1186 4428 1363 4483 verba
1382 4429 1757 4499 imperatoris
1787 4433 1851 4487 in
1880 4432 2008 4504 epi-

368 4517 522 4572 stola
568 4517 642 4572 ad
673 4517 1012 4571 Servianum
1072 4516 1373 4571 consulem
1403 4519 1656 4589 scripta:
1690 4541 1719 4570 «
1780 4519 1873 4574 llli
1907 4521 2008 4590 qui

2117 594 2327 650 derent
2355 594 2701 666 episcopum
2731 589 3143 664 proscribenti.
3172 610 3200 639 ››
3229 588 3457 644 Pariter
3485 590 3630 643 Acta
3659 604 3761 644 an-

2118 684 2453 755 tiquissima
2483 685 2539 740 S.
2570 682 2897 755 Polycarpi,
2923 681 3042 736 sive
3075 678 3450 751 Smyrnensis
3482 677 3761 734 Ecclesiae

2118 773 2370 844 epistola
2402 772 2502 829 εὈ
2527 768 2978 843 θαυμασιώτατος
3028 766 3231 841 μάρτυς
3291 766 3657 841 Πολύκαρπος
3706 765 3759 820 ἐν

2113 865 2230 923 τοῖς
2260 862 2376 915 καθ’
2408 863 2554 934 ἡμᾶς
2585 858 2811 935 χρόνοις
2871 855 3199 919 διδάσκαλος
3253 854 3619 917 ἀποσιολικὸς
3670 855 3765 911 καὶ

2115 952 2455 1027 προφητικὸς
2488 950 2792 1024 γινόμενος,
2833 945 3131 1009 ἰπισκοπός
3179 966 3239 1001 τε
3291 952 3395 1015 τῆς
3452 945 3504 999 ἐν
3539 943 3763 1018 Σμῦρνῃ

2114 1038 2414 1108 καθολικῆς
2447 1036 2798 1107 Ἐκκλησίας.
2833 1060 2861 1088 ‹‹
2896 1035 3298 1092 Admiraudus
3330 1040 3557 1107 martyr
3584 1035 3761 1106 Poly-

2117 1145 2328 1200 carpus
2358 1134 2563 1185 nostra
2590 1133 2762 1185 aetate
2793 1126 3154 1199 apostolicus
3185 1129 3244 1180 et
3269 1124 3649 1196 propheticus
3663 1123 3775 1179 do-

2116 1224 2329 1288 ctor,et
2359 1218 2666 1274 catholicas
2697 1215 3072 1289 Smyrnensis
3089 1213 3360 1269 Ecclesiae
3391 1213 3731 1285 episcopus.
3751 1235 3774 1264 ι

2116 1310 2188 1363 Ut
2218 1309 2396 1380 igitur
2415 1308 2675 1379 Ignatius
2688 1306 3083 1378 Polycarpum
3108 1300 3405 1357 ἐπίσκοπον
3440 1299 3776 1371 Ἐκκλησίας

2119 1396 2445 1470 Σμυρναίων
2477 1397 2847 1470 appellat,ita
2877 1401 2936 1450 et
2961 1395 3353 1466 Smyrnenses
3382 1410 3396 1461 ;
3431 1409 3623 1463 neque
3655 1409 3783 1448 un-

2113 1504 2294 1559 quam
2326 1503 2461 1543 eum
2512 1486 2931 1559 presbyterum
2982 1488 3213 1539 vocant.
3270 1483 3387 1538 Sub
3419 1481 3777 1553 pontificatu

2114 1576 2335 1632 Soteris
2361 1577 2626 1649 episcopi
2686 1575 2941 1632 Romani
2970 1573 3287 1645 Dionysius
3326 1572 3775 1627 Corinthiorum

2114 1667 2430 1737 episcopus
2440 1665 2718 1720 Publium
2732 1664 3165 1730 etQuadratum
3178 1661 3637 1718 Atheniensium
3653 1661 3782 1732 epi-

2115 1771 2325 1825 scopos
2371 1755 2897 1819 commemoravit;
2929 1752 3190 1807 ostendit
3221 1749 3516 1820 quomodo
3554 1749 3778 1820 Diony-

3031 1861 3055 1901 ς
3117 1836 3424 1909 Ἀθηναίων
3480 1836 3777 1911 παροικίας

2113 1932 2215 2000 τὴν
2245 1931 2550 2000 summu-5v
2598 1929 2997 2008 ἓγκεχείριστο,
3031 1952 3058 1980 ‹‹
3118 1930 3348 2002 primus
3388 1928 3778 1983 Atheniensis

2110 2022 2389 2076 Ecclesia;
2421 2021 2649 2094 episcol
2670 2026 2832 2076 atum
2864 2019 3144 2091 suscepit.
3170 2042 3198 2069 ››
3224 2018 3500 2074 Scribens
3530 2017 3604 2074 ad
3622 2019 3776 2073 Gor-

2112 2110 2455 2182 tynensium
2501 2110 2829 2165 Ecclesiam
2889 2105 3174 2163 Φίλιππον
3233 2103 3527 2161 ἐπίσκοπον
3582 2103 3764 2159 αὐτῶν

2109 2195 2462 2272 ἀποδέχεται,
2495 2222 2524 2250 ‹‹
2549 2198 2888 2270 Philippum
2918 2199 3261 2270 episcopum
3294 2212 3500 2252 eorum
3550 2195 3775 2267 prandi-

2110 2295 2224 2359 cat,
2254 2311 2283 2340 »
2319 2295 2378 2343 et
2405 2305 2536 2343 eam
2569 2305 2701 2360 quea
2734 2310 2762 2339 «
2796 2287 2905 2343 sub
2927 2288 3054 2359 ipso
3087 2309 3114 2337 η
3146 2293 3270 2343 erat
3299 2286 3620 2341 Ecclesiam
3647 2302 3661 2352 ;
3696 2285 3774 2340 ad

2109 2378 2542 2446 Amastrianos,
2591 2375 2922 2432 Ἐπίσκοπον
3006 2375 3184 2429 αὐτῶν
3248 2372 3481 2446 ὀνόματι
3538 2371 3775 2446 Πάλμαν

2112 2465 2495 2539 ὑποσημαίνειι
2532 2490 2559 2517 ‹‹
2593 2467 2949 2539 Episc0pum
2977 2467 3241 2538 ipsorum
3271 2464 3539 2520 Palmam
3572 2464 3771 2519 nomi-

2109 2558 2297 2613 natim
2323 2557 2623 2628 appellat;
2658 2578 2687 2606 »
2712 2556 2786 2612 ad
2818 2556 3101 2612 Gnossios
3132 2572 3144 2609 :
3174 2552 3402 2608 uivutov
3458 2555 3557 2617 τῆς
3618 2572 3765 2625 παρ-

2111 2644 2288 2708 οικίας
2317 2643 2612 2699 ἐπίσκοπον
2672 2644 3001 2718 παρακαλεῖ,
3060 2667 3088 2695 ι(
3148 2646 3430 2717 Pinytum
3487 2643 3766 2699 Ecclesiae

2111 2737 2453 2809 episcopum
2490 2742 2731 2804 monet;
2758 2760 2785 2787 ››
2823 2736 2917 2791 cui
2947 2735 3223 2792 rescribit
3255 2736 3500 2807 Pinytus
3543 2735 3757 2789 exhor-

2112 2832 2243 2882 tans
2273 2832 2339 2882 ut
2368 2826 2650 2883 solidiore
2682 2826 2814 2882 cibo
2846 2824 2939 2879 τὸν
2975 2824 3064 2878 ὑπ’
3091 2822 3240 2895 αὐτῷ
3271 2822 3425 2896 λαὸν,
3463 2848 3483 2873 ι
3518 2822 3755 2895 plebem

2112 2916 2221 2971 sibi
2264 2916 2651 2988 subjectam,»
2688 2915 2850 2972 alere
2886 2915 3042 2971 velit.
3077 2915 3343 2987 Epistola
3371 2913 3624 2983 denique
3681 2911 3754 2967 ab

2111 3006 2320 3061 eodem
2352 3006 2427 3061 ad
2457 3011 2757 3063 Romanos
2818 3004 2957 3061 data
3013 3010 3124 3071 est,
3178 3002 3451 3073 ἐπισκόπῳ
3500 3003 3577 3070 τῷ
3633 2998 3759 3052 τότε

2113 3094 2336 3168 Σώτηρι
2366 3097 2786 3172 προσφωνοῢσα,
2813 3115 2836 3146 ι
2902 3094 3091 3149 Soteri
3141 3100 3280 3149 tunc
3309 3090 3591 3163 temporis
3623 3089 3753 3160 epi-

2111 3201 2286 3256 scopo
2316 3189 2684 3255 nuncupata,
2718 3204 2743 3235 ι
2783 3183 2956 3255 cujus
2982 3185 3109 3239 haec
3155 3182 3332 3238 verba
3362 3197 3375 3235 :
3406 3179 3474 3236 ’Ὀ
3506 3175 3568 3232 οὐ
3599 3176 3762 3250 μόνον

2108 3269 2493 3347 διατετήρηκεν
2550 3274 2578 3327 ὁ
2641 3271 2911 3347 μακάριος
2983 3272 3136 3343 ὑμῶν
3192 3268 3485 3328 ἒπῐσχοπος
3533 3265 3761 3341 Σώτηρ,

2109 3360 2257 3417 ἀλλὰ
2285 3360 2374 3417 καὶ
2405 3360 2725 3432 ἐπηύξησεν.
2773 3384 2801 3413 ‹‹
2866 3363 3051 3426 Quem
3110 3377 3340 3417 morem
3396 3358 3607 3414 beatus
3637 3355 3763 3426 epi-

2112 3469 2325 3524 scopus
2355 3457 2547 3508 vester
2576 3452 2745 3508 Soter
2796 3468 2919 3506 non
2979 3451 3230 3506 servavit
3286 3449 3500 3520 solum,
3557 3461 3761 3501 verum

2110 3543 2289 3597 etiam
2320 3542 2580 3608 adauxit,
2604 3564 2633 3592 »
2664 3546 2731 3597 ut
2759 3540 2942 3596 refert
2987 3539 3299 3606 Eusebius,
3333 3538 3438 3593 lib.
3472 3556 3550 3609 iv,
3585 3554 3634 3593 c.
3669 3539 3759 3591 23.

2111 3632 2245 3686 Haec
2276 3636 2416 3686 tunc
2446 3629 2714 3702 Dionysii
2746 3628 2924 3684 dictio
2953 3628 3067 3684 fuit
3095 3645 3108 3682 :
3133 3644 3329 3698 neque
3362 3644 3630 3699 unquam
3658 3628 3766 3683 ali-

2113 3724 2203 3775 ter
2231 3720 2461 3775 locutus
2493 3736 2619 3774 esse
2651 3716 3137 3790 deprehenditur.
3179 3717 3606 3789 Lugdunenses
3634 3718 3764 3774 fra-

2111 3816 2230 3865 tres
2262 3811 2372 3865 hoc
2430 3810 2610 3865 etiam
2671 3808 2997 3865 discrimen
3043 3813 3202 3863 caste
3251 3807 3585 3877 observant,
3619 3808 3763 3863 dum

2110 3899 2430 3956 Pothinum
2463 3900 2808 3971 episcopum
2862 3914 3037 3954 suum
3096 3897 3422 3969 appellant,
3469 3900 3763 3954 Irenaeum

2110 4009 2247 4047 vero
2280 3990 2904 4063 presbyterum,quem
2937 4006 3145 4045 omnes
3175 3989 3431 4045 Pothino
3455 3990 3768 4062 episcopa-

2116 4085 2240 4135 tum
2261 4079 2525 4153 Lugduni
2560 4080 2862 4135 obtinente
2894 4078 3115 4133 ibidem
3134 4077 3547 4150 presbyterum
3579 4077 3763 4134 fuisse

2114 4170 2551 4238 agnoscunt.De
2581 4169 2771 4241 priori
2802 4168 2864 4223 in
2895 4167 3150 4238 epistola
3178 4166 3252 4223 ad
3283 4168 3437 4223 Asia;
3462 4167 3762 4239 Phrygia:-

2114 4278 2229 4333 que
2262 4259 2554 4316 Ecclesias
2586 4260 2666 4315 ita
2696 4258 3025 4330 loquuntur
3058 4275 3071 4312 :
3102 4258 3163 4313 Ὀ
3190 4252 3246 4311 δὲ
3279 4256 3545 4330 μακάριος
3569 4254 3762 4310 Πόθει-

2113 4370 2203 4412 νος
2266 4349 2293 4402 ὁ
2340 4350 2439 4417 τὴν
2480 4334 2751 4402 διακονίαν
2804 4353 2904 4415 τῆς
2967 4345 3269 4410 ἐπισκοπῆς
3326 4344 3377 4400 ἐν
3434 4340 3758 4421 Λουγδοῦνῳ

2113 4436 2562 4509 πεπιστευμένος,
2594 4460 2622 4489 ιι
2655 4437 2868 4493 Beatus
2901 4443 3101 4493 autem
3156 4437 3465 4507 Pothinus,
3522 4437 3614 4492 cui
3649 4436 3761 4491 mi—

2113 4528 2385 4584 nistratio
2407 4527 2779 4599 episcopatus
2798 4524 3140 4582 concredita
3158 4531 3264 4583 est.
3300 4548 3327 4577 ››
3349 4527 3429 4582 De
3448 4526 3760 4599 posteriori

371 4604 616 4676 Serapi“
662 4603 882 4671 οοῙῑιηις
939 4604 1256 4659 Christiani
1305 4610 1446 4660 sunt
1475 4624 1489 4674 ὅ
1524 4612 1584 4663 et
1640 4608 1832 4663 ἀθνοῐί
1873 4614 2012 4664 sunt
2043 4614 2089 4679 D
2120 4620 2180 4675 in
2200 4619 2388 4675 altera
2408 4618 2482 4675 ad
2500 4618 2882 4674 Eleutherum
2904 4620 3186 4674 Romanas
3232 4617 3509 4674 Ecclesiae
3538 4617 3763 4691 episco-

369 4694 570 4765 Serapi
603 4694 702 4764 qui
736 4709 796 4748 se
828 4692 1041 4748 Christi
1065 4693 1370 4765 episcopos
1396 4694 1619 4753 dicunt.
1651 4697 1833 4753 Nemo
1883 4698 2003 4754 illic

365 4783 864 4855 archisynagogus
893 4781 1433 4854 Judmorum,nemo
1466 4785 1802 4857 Samarites,
1827 4805 2002 4843 nemo

368 4883 837 4939 Christianorum
866 4881 1195 4953 presbyter,
1228 4898 1348 4938 non
1378 4884 1860 4957 mathematicus,
1893 4904 2013 4942 non

367 4989 645 5043 aruspex,
679 4988 800 5027 non
833 4970 1062 5042 aliptes.
1088 4991 1115 5021 »
1144 4971 1307 5026 Unde
1351 4976 1559 5042 postea
1605 4975 1853 5029 Romani
1884 4993 2013 5048 pro-

368 5062 647 5118 consules
666 5059 1021 5133 etpraesides
1043 5059 1135 5115 his
1153 5059 1450 5115 distinctis
1473 5061 1661 5117 titulis
1682 5065 2012 5121 secundum

367 5151 644 5208 Ecclesiae
702 5150 1193 5206 consuetudinem
1236 5149 1296 5204 in
1328 5151 1861 5223 proscriptionibus
1892 5160 2015 5209 ute-

367 5241 601 5297 bantur.
640 5240 803 5296 Unde
826 5240 881 5295 S.
926 5239 1253 5310 Cyprianus
1275 5238 1447 5294 docet
1476 5256 1536 5295 se
1560 5240 1741 5296 fuisse
1764 5243 2015 5312 proscri—

367 5329 843 5402 ptum,applicito
873 5333 931 5383 et
952 5328 1236 5400 adjuncto
1256 5328 1631 5401 episcopatus
1645 5330 1733 5384 sui
1749 5331 2011 5395 nomine,

371 5419 621 5489 epistola
651 5421 737 5472 55.
774 5417 1231 5488 Proscriptionis
1275 5416 1451 5473 verba
1507 5417 1718 5473 recitat
1766 5419 2016 5491 epistola

373 5509 441 5562 69
477 5524 489 5562 :
525 5529 552 5558 «
584 5508 638 5561 Si
664 5508 795 5578 quis
829 5513 989 5563 tenet
1021 5506 1111 5562 vel
1158 5505 1424 5577 possidet
1478 5506 1549 5561 de
1595 5507 1767 5561 bonis
1795 5507 2013 5562 Cmcilii

371 5596 648 5669 Cypriani
682 5596 941 5667 episcopi
973 5595 1464 5652 Christianorum.
1500 5617 1527 5644 »
1555 5595 1717 5651 Unde
1761 5595 1863 5651 illa
1892 5596 2015 5652 col-

367 5686 778 5765 ligitoptimus
804 5685 1052 5761 praesul:
1079 5708 1107 5737 ‹‹
1142 5687 1214 5743 Ut
1242 5684 1421 5746 etiam
1480 5684 1579 5762 qui
1636 5701 1758 5749 non
1809 5685 2015 5743 crede-

2124 4726 2266 4781 pum
2297 4709 2435 4764 data
2469 4726 2481 4762 :
2537 4705 2599 4763 Et
2657 4704 2757 4780 γὰρ
2816 4701 3040 4779 ᾔδειμεν
3088 4703 3256 4760 τόπον
3285 4704 3387 4759 τινὶ
3420 4702 3762 4774 δικαιςσύνην

2123 4796 2544 4871 περιποιεῖσθαι,
2576 4794 2651 4856 ὡς
2682 4788 3049 4869 πρεσϐύτερον
3071 4791 3423 4864 Ἐκκλησίας,
3458 4792 3589 4867 ὅπερ
3623 4791 3763 4848 ἐστιν

2122 4882 2207 4939 ἐπ’
2231 4882 2398 4957 αὐτῷ,
2435 4883 2486 4938 ἐν
2513 4883 2755 4958 πρώτοις
2810 4880 2871 4936 ἄν
2908 4883 3267 4957 παρεθέμεθα.
3299 4907 3325 4934 (ι
3359 4883 3523 4949 Quod
3556 4883 3605 4940 si
3660 4899 3767 4938 no-

2121 4974 2213 5029 bis
2240 4978 2609 5046 compertum
2628 4978 2785 5028 esset
2799 4973 2995 5027 locum
3011 4973 3287 5043 cuiquam
3306 4971 3767 5043 conferrejusti-

2122 5065 2286 5131 tiam,
2322 5080 2457 5118 eum
2494 5069 2779 5134 tanquam
2836 5061 3249 5134 presbyterum
3282 5061 3555 5117 Ecclesia)
3588 5061 3769 5133 (hunc

2123 5154 2281 5209 enim
2315 5153 2561 5224 gradum
2585 5151 2948 5221 obtinet)tibi
2975 5151 3271 5223 imprimis
3285 5150 3766 5205 commendasse-

2122 5259 2276 5299 mus.
2300 5265 2327 5293 »
2360 5243 2582 5298 Diserte
2615 5242 2793 5313 igitur
2813 5241 3185 5313 distinguunt
3212 5239 3530 5293 Pothinum
3562 5237 3769 5292 Eccle-

2124 5332 2225 5386 siae
2259 5330 2666 5403 Lugdunensis
2690 5329 3123 5401 episcopum,et
3152 5329 3435 5381 Irenaeum
3462 5331 3603 5379 tunc
3625 5331 3768 5381 tem-

2122 5423 2283 5492 poris
2316 5420 2586 5493 ejusdem
2618 5420 2895 5477 Ecclesiaa
2927 5417 3337 5490 presbyterum
3372 5433 3385 5482 ;
3420 5416 3771 5490 episc0pum

2125 5510 2303 5565 etiam
2336 5510 2721 5567 Eleutherum
2752 5515 2981 5582 patrem
3029 5510 3258 5570 vocant,
3318 5505 3610 5562 Irenmum
3644 5513 3775 5563 tan-

2124 5599 2431 5655 tummodo
2461 5600 2728 5670 fratrem,
2775 5604 2833 5655 et
2880 5598 3126 5667 socium,
3182 5594 3275 5650 vel
3330 5595 3641 5669 collegam,
3674 5602 3775 5653 aut

2125 5694 2479 5747 consortem.
2532 5690 2603 5746 Et
2645 5687 2886 5762 quidem
2941 5683 3251 5760 Eusebius,
3310 5686 3411 5760 qui
3463 5687 3773 5760 utriusque
