4064 6134
356 388 478 448 413

1086 383 1146 444 J.
1189 377 1616 443 PEAltSONIl
1660 372 2030 444 VlNDlCUE
2073 374 2561 441 IGNATIANE.
2610 410 2687 423 —
2728 376 2934 440 PARS
2976 376 3057 437 II.

3663 377 3781 437 414

363 517 628 592 epistolae
691 520 969 588 excerpta
1025 515 1088 570 in
1145 514 1465 572 Historiam
1518 514 1914 585 transcripsit,
1961 515 2019 567 et
2046 512 2099 581 Α
2128 509 2203 565 ad
2226 532 2255 561 «
2279 512 2631 583 Ecclesias,»
2655 511 2757 567 sed
2775 509 2848 566 ad
2869 488 3327 582 «martyres,qui
3352 507 3507 579 apud
3528 524 3629 565 eos
3647 524 3781 564 con-

361 615 679 678 utramque
709 607 1001 679 integram
1033 605 1204 677 Operi
1254 607 1329 659 De
1374 605 1708 674 martyribus
1739 602 2008 671 inseruit,

357 706 561 773 aperte
594 704 848 754 testatur
880 698 1170 752 Irenaeum
1222 713 1356 751 cum
1388 697 1499 751 ista
1528 696 1602 752 ad
1630 695 2012 773 Eleutherum

358 762 787 855 scriberentur,
819 785 1232 858 presbyterum
1282 783 1489 853 fuisse,
1530 783 1633 838 lib.
1669 800 1722 851 v,
1754 798 1803 837 c.
1838 782 1911 836 4:
1944 762 2011 835 Ol

361 874 405 931 δ’
458 876 611 931 αὐτοὶ
673 873 945 948 μάρτυρες
1005 871 1095 926 καὶ
1153 871 1243 926 τὸν
1301 863 2009 945 Εἷρηνκῖον,πρεσ¹ὃι5τερον

356 966 472 1021 τότ’
504 959 636 1019 ὄντα
689 964 790 1032 τῆς
841 963 899 1016 ’ev
958 957 1282 1036 Λουγδοῦνῳ
1339 959 1647 1035 παροικίας,
1700 961 1779 1029 τῷ
1824 953 2014 1027 δηλω-

362 1053 499 1117 θέντι
529 1051 666 1106 κατὰ
713 1049 934 1123 Ῥώμην
986 1047 1266 1121 ἐπισκὸπῳ
1294 1047 1591 1102 ’συνίστων.
1627 1067 1657 1098 ‹‹
1686 1045 1800 1102 Sed
1829 1044 2012 1100 iidem

362 1149 652 1217 martyres
681 1143 994 1210 Irenaeum,
1029 1140 1128 1212 qui
1168 1145 1309 1195 tunc
1339 1137 1622 1210 temporis
1653 1136 1846 1192 adhuc
1874 1150 2012 1206 pre-

364 1236 559 1307 sbyter
577 1231 988 1306 Lugdunensis
1011 1236 1137 1287 erat
1156 1227 1791 1303 parmcim,supradicto
1815 1229 2012 1282 Romae

363 1325 636 1396 episcopo
667 1320 1183 1379 commendarunt.
1215 1344 1233 1369 -
1261 1319 1425 1375 Idem
1455 1323 1704 1375 testatur
1733 1317 2013 1386 Hierony—

360 1428 490 1468 mus
516 1412 579 1466 in
609 1410 888 1483 Catalogo
916 1426 928 1464 :
963 1430 990 1460 «
1022 1410 1285 1464 Irenasus
1322 1407 1563 1463 Pothini
1595 1404 1876 1477 episcopi,
1910 1402 2013 1474 qui

363 1501 815 1573 Lugdunensem
848 1499 910 1553 in
938 1498 1126 1554 Gallia
1155 1497 1396 1569 regebat
1422 1493 2015 1566 Ecclesiam,presby-

360 1596 512 1661 ter,a
531 1589 892 1662 martyribus
911 1588 1179 1662 ejusdem
1198 1588 1312 1643 loci
1332 1587 1404 1643 ob
1428 1586 1712 1659 quasdam
1735 1585 2013 1641 Ecclesia:

364 1682 725 1755 quaestiones
749 1680 975 1753 legatus
1004 1681 1251 1735 Romam
1280 1677 1888 1746 missus,honoriﬁcas
1913 1692 2015 1731 su-

361 1790 466 1847 per
493 1773 738 1827 nomine
770 1787 876 1826 suo
908 1769 983 1825 ad
1003 1770 1387 1826 Eleutherum
1419 1769 1760 1840 episcopum
1792 1765 2013 1839 perfert

360 1861 830 1917 litteras.Postea
851 1860 982 1932 jam
1010 1861 1264 1916 Pothino
1290 1876 1474 1932 pr0pe
1506 1858 1905 1931 nonagenario
1937 1855 2011 1913 ob

358 1950 657 2008 Christum
688 1950 976 2023 martyrio
1010 1955 1290 2006 coronato
1314 1950 1375 2004 in
1404 1949 1599 2005 locum
1634 1949 1763 2021 ejus
1794 1947 2012 2003 substi-

358 2042 563 2099 tuitur.
600 2063 629 2091 »
682 2041 863 2096 Plane
920 2046 1213 2112 martyres
1274 2039 1690 2112 Lugdunenses
1724 2040 2014 2094 Irenaeum

357 2130 545 2186 adhuc
577 2128 1130 2203 presbyterum,per
1152 2144 1328 2200 quem
1353 2128 1647 2183 miserunt
1677 2126 2011 2198 epistolam,

359 2219 674 2275 Eleuthero
708 2218 1108 2285 commendat,
1143 2216 1647 2289 quemadmodum
1673 2216 1848 2290 paulo
1879 2219 2013 2288 post

357 2308 687 2365 Alexander
732 2309 1046 2380 episcopus
1094 2308 1155 2362 in
1204 2306 1456 2363 vinculis
1506 2307 1581 2362 ad
1614 2307 2012 2363 Antiochenos

359 2398 621 2454 scribens
643 2399 1011 2452 Clementem
1024 2397 1432 2469 presbyterum
1448 2397 1520 2452 iis
1534 2396 2007 2451 commendabat:

359 2489 539 2544 Ταῦτα
596 2482 655 2540 δὲ
709 2486 856 2558 ὑμῖν,
915 2483 1101 2560 κύριοί
1162 2505 1266 2558 μου
1326 2481 1577 2562 ἀδελφοὶ,
1611 2483 1677 2539 τᾶ
1717 2483 2011 2560 γράμματα

358 2576 645 2631 ints-teuto:
700 2572 790 2629 διὰ
821 2575 1146 2646 ΧΛήμεντος
1178 2577 1279 2628 τοῦ
1314 2573 1583 2646 μακαρίου
1615 2567 2007 2648 ποεσϐυτὲρου,

362 2662 541 2739 ἀνδρὸς
572 2662 825 2734 ἐναρέτου
856 2663 944 2717 καὶ
1002 2660 1255 2735 δοκίμου.
1292 2685 1319 2713 ‹‹
1354 2664 1469 2719 Has
1500 2663 1748 2733 litteras,
1781 2662 2008 2718 domini

365 2756 588 2823 fratres,
620 2772 730 2827 per
786 2754 1025 2808 beatum
1082 2752 1495 2825 presbyterum
1542 2752 1907 2807 Clementem
1933 2752 2007 2808 ad

373 2861 467 2900 vos
492 2844 640 2914 misi,
674 2843 869 2899 virum
902 2843 1115 2898 virtute
1163 2842 1480 2914 praeditum
1520 2846 1578 2896 et
1606 2841 1941 2913 probatum.
1980 2864 1999 2891 ι

372 2933 665 3002 Eusebius,
698 2932 804 2988 lib.
837 2949 910 3002 v1,
943 2949 992 2988 ο.
1029 2932 1114 2988 11.

431 3024 644 3078 Contra
672 3023 801 3077 haec
830 3020 1064 3076 Eusebii
1097 3025 1156 3075 et
1184 3020 1525 3091 Hieronymi
1559 3019 1890 3076 clarissima
1922 3024 2007 3075 te-

360 3111 639 3168 stimonia
669 3110 1014 3166 Blondellus
1047 3109 1271 3177 statuit,
1307 3109 1599 3164 Irenaaum
1631 3108 1852 3164 sedisse
1879 3109 2006 3180 jam

2130 601 2409 656 summati
2434 606 2629 668 sunt,»
2658 605 2859 672 aperte
2886 597 3268 654 referendum
3293 601 3380 651 est
3404 613 3417 663 ;
3450 597 3781 668 exprimere

2128 689 2292 745 enim
2314 690 2499 746 voluit
2523 690 2584 745 id
2609 690 2764 761 quod
2788 689 3107 761 scripserat
3126 686 3436 754 Eusebius,
3466 684 3516 739 οἱ
3540 681 3597 739 δὲ
3626 684 3783 741 αὐτοὶ

2133 776 2700 852 μάρτυρες.Ξεοιιῐιάο
2722 778 2960 834 Eusebii
2984 783 3042 833 et
3062 776 3402 847 Hieronymi
3423 776 3781 831 sententiam

2128 865 2286 922 clare
2346 868 2409 923 in
2460 868 2716 923 Historia
2760 867 3139 938 descriptam,
3196 871 3254 920 et
3305 882 3376 920 ex
3405 864 3549 936 ipsis
3578 881 3779 919 rerum

2127 961 2426 1030 gestarum
2450 956 2852 1013 monumentis
2880 953 3490 1025 deductam,refellere
3513 969 3573 1010 se
3606 968 3779 1025 posse

2128 1052 2327 1119 sperat
2357 1064 2425 1102 ex
2456 1047 2528 1102 iis
2560 1064 2690 1120 quae
2722 1047 2795 1103 ab
2835 1046 3087 1103 Eusebio
3138 1049 3198 1102 et
3246 1045 3601 1117 Hieronymo
3633 1044 3776 1100 alibi

2128 1137 2349 1208 scripta
2379 1141 2537 1208 sunt,
2573 1153 2789 1209 nempe
2828 1137 2889 1191 in
2937 1135 3262 1192 Chronicis.
3296 1135 3366 1191 Ut
3395 1135 3507 1190 hoc
3539 1133 3774 1197 efficiat,

2127 1225 2351 1298 profert
2381 1243 2453 1282 ex
2484 1225 2776 1300 Scaligero
2818 1225 2996 1282 verba
3052 1222 3289 1281 Eusebii
3323 1225 3541 1295 Graeca,
3571 1222 3673 1279 ubi
3706 1223 3781 1279 ad

2130 1331 2353 1372 annum
2386 1318 2563 1372 Marci
2592 1316 2876 1372 Antonini
2922 1317 3239 1389 septimum
3272 1316 3577 1388 passiones
3606 1314 3784 1387 Poly-

2129 1407 2291 1478 carpi
2324 1410 2383 1461 et
2402 1412 2731 1480 martyrum
2756 1406 3190 1463 Gallicanorum
3215 1405 3392 1462 simul
3418 1405 3780 1461 referuntur.

2131 1494 2242 1550 Sed
2274 1495 2335 1551 in
2369 1496 2591 1552 Latinis
2621 1496 2986 1568 Hieronymi,
3019 1496 3196 1552 verba
3235 1495 3318 1551 sic
3351 1511 3413 1551 se
3446 1494 3705 1551 habent:

2204 1635 2231 1663 «
2268 1613 2686 1669 Persecutione
2717 1618 2847 1668 orta
2876 1613 2937 1667 in
2993 1613 3132 1668 Asia
3160 1612 3519 1685 Polycarpus
3552 1616 3609 1666 et
3636 1612 3776 1667 Pio-

2130 1703 2263 1759 nius
2295 1703 2488 1758 fecere
2519 1703 2891 1774 martyrium,
2950 1718 3203 1773 quorum
3261 1702 3495 1773 scriptas
3539 1716 3774 1772 quoque

2038 1834 2089 1900 B
2127 1792 2435 1865 passiones
2464 1792 2757 1848 feruntur.

2654 1942 2867 1988 QUARTA
2906 1941 3255 1983 PERSECUTIO.

2197 2065 2226 2095 «
2258 2042 2509 2100 Plurimi
2549 2044 2609 2099 in
2654 2042 2843 2100 Gallia
2884 2043 3139 2117 gloriose
3190 2043 3264 2098 ob
3310 2040 3526 2097 Christi
3557 2058 3776 2097 nomen

2123 2133 2420 2190 interfecti
2445 2149 2459 2201 ;
2493 2150 2747 2205 quorum
2768 2150 2956 2205 usque
2979 2133 3041 2188 in
3064 2136 3420 2205 prmsentem
3442 2131 3599 2187 diem
3632 2148 3776 2186 con-

2123 2222 2247 2278 dita
2275 2222 2444 2278 libris
2474 2223 2803 2278 certamina
2831 2225 3229 2294 perseverant.
3262 2242 3291 2271 »

2195 2313 2403 2384 Liquet
2457 2329 2528 2367 ex
2585 2313 2679 2367 his
2737 2312 2953 2381 verbis,
3013 2310 3332 2368 Eusebium
3389 2309 3775 2366 celeberrima

2121 2402 2407 2474 martyria
2438 2401 2546 2457 sub
2578 2403 2770 2456 Marco
2801 2401 3103 2456 Antonino
3134 2400 3288 2456 facta
3319 2400 3379 2455 in
3408 2400 3567 2455 hunc
3588 2416 3772 2454 unum

2122 2491 2320 2546 locum
2351 2491 2711 2562 conjecisse;
2734 2506 2929 2561 neque
2955 2490 3113 2545 enim
3138 2507 3245 2562 per
3266 2496 3455 2546 totum
3491 2488 3774 2545 Antonini

2120 2580 2441 2652 imperium
2472 2580 2716 2635 alterius
2770 2578 2953 2634 ullius
3011 2579 3278 2651 martyrii
3333 2579 3627 2634 meminit.
3663 2579 3776 2633 Ubi

2119 2670 2300 2742 igitur
2320 2673 2543 2740 quarta;
2561 2668 2994 2741 persecutionis
3010 2668 3374 2723 mentionem
3392 2667 3770 2735 facit,eodem

2116 2757 2247 2814 loco
2275 2757 2390 2813 duo
2414 2757 2672 2830 insignia
2701 2758 3007 2829 martyria,
3030 2774 3217 2812 unum
3242 2756 3305 2811 in
3327 2756 3486 2826 Asia,
3516 2755 3768 2812 alterum

2116 2848 2179 2902 in
2197 2846 2381 2903 Gallia
2400 2848 2555 2903 facta
2575 2851 3031 2902 commemorat:
3056 2863 3177 2903 non
3199 2845 3357 2917 quod
3377 2844 3588 2900 eodem
3610 2859 3767 2901 anno

2118 2937 2222 2995 sed
2252 2937 2361 2993 sub
2392 2938 2600 2994 eadem
2630 2938 3066 3009 persecutione,
3101 2937 3213 2992 hoc
3246 2942 3334 2992 est
3362 2936 3469 2992 sub
3502 2935 3772 3008 ejusdem

2117 3028 2404 3083 Antonini
2436 3027 2688 3099 imperio
2710 3031 3029 3098 utrumque
3053 3026 3382 3099 contigerit.
3408 3026 3570 3081 Hanc
3591 3027 3780 3082 Euse-

2118 3116 2201 3172 bii
2233 3121 2496 3172 mentem
2524 3116 2708 3171 fuisse
2733 3115 2930 3188 palam
2953 3121 3079 3183 est;
3112 3132 3250 3172 nam
3273 3116 3335 3170 in
3367 3114 3621 3170 Historia
3643 3118 3782 3185 post

354 3200 414 3256 in
461 3200 839 3274 Lugdunensi
880 3198 1160 3255 cathedra
1214 3197 1452 3253 Pothini
1502 3196 1630 3253 loco
1665 3214 1700 3252 a
1728 3197 2012 3254 fratribus
2043 3204 2091 3271 (ζ
2122 3205 2478 3261 chronicum
2509 3222 2801 3261 canonem
2834 3204 3193 3277 scriptam“
3215 3204 3287 3260 de
3313 3203 3490 3260 rebus
3521 3203 3668 3275 ipsis
3686 3201 3779 3258 fu.

357 3291 747 3347 constitutum
781 3294 840 3345 et
867 3288 1097 3345 colobio
1130 3288 1542 3360 episcoporum
1573 3289 2014 3359 vestitum,cum

353 3394 389 3433 a
410 3377 820 3451 delegantibus
843 3398 870 3425 ‹‹
893 3375 1203 3448 presbyter
1223 3398 1251 3425 »
1276 3376 1682 3431 vocaretur.Et
1698 3379 1762 3430 ut
1783 3373 1858 3430 ad
1880 3391 2016 3431 suas

358 3473 554 3538 partes
584 3467 713 3522 haec
733 3466 1040 3521 traherent
1059 3470 1186 3520 tum
1205 3464 1306 3519 ille
1335 3470 1458 3519 tum
1481 3463 1803 3519 Salmasius
1826 3465 2018 3521 multa

360 3555 430 3611 de
459 3556 572 3612 hac
602 3572 668 3610 re
698 3554 1019 3611 commenti
1044 3558 1204 3623 sunt,
1229 3559 1286 3609 et
1308 3553 1567 3626 plurima
1591 3553 1653 3608 in
1675 3553 1928 3609 Eusebio
1960 3559 2019 3609 et

363 3646 723 3716 Hieronymo
742 3644 1149 3711 observarunt,
1171 3648 1397 3714 quae,ut
1415 3643 1603 3711 aiunt,
1628 3665 1657 3693 «
1681 3643 2015 3713 castigatio-

363 3752 497 3792 nem
509 3740 872 3791 mereantur.
891 3754 920 3784 »
939 3732 1454 3803 Primo,Eusebius
1466 3738 1758 3806 martyres
1771 3734 1931 3805 ipsos
1942 3732 2019 3788 ad

358 3825 744 3880 Eleutherum
765 3822 1077 3895 epistolam
1103 3823 1433 3894 scripsisse,
1461 3839 1578 3893 qua
1596 3822 2021 3878 commendant

353 3914 649 3970 Irenaaum
662 3911 1322 3984 presbyterum,narrat.
1332 3911 1616 3967 Eusebius
1630 3914 1827 3968 autem
1841 3911 2021 3983 ipsam

361 4003 676 4077 epistolam
698 4000 866 4068 vidit,
890 4016 1140 4073 eamque
1167 4001 1348 4056 etiam
1374 4001 1538 4072 operi
1570 4002 1645 4056 De
1668 4003 2019 4071 passionibus

355 4103 669 4168 martyrum
700 4111 735 4151 a
766 4111 828 4151 se
859 4094 1193 4167 conscripto
1224 4095 1514 4167 integram
1546 4094 1820 4164 inseruit,
1852 4094 2018 4151 ideo-

360 4202 473 4258 que
487 4202 521 4242 a
539 4185 759 4257 quibus
782 4189 839 4239 et
859 4182 1098 4255 quando
1122 4183 1459 4255 conscripta
1479 4188 1588 4251 est,
1608 4186 1881 4257 Ignorare
1898 4201 2019 4240 non

356 4274 573 4347 potuit.
608 4274 771 4329 Idem
795 4277 1049 4329 testatur
1078 4277 1136 4328 et
1167 4273 1582 4345 Hieronymus,
1607 4273 1709 4345 qui
1731 4272 1877 4328 vidit
1904 4275 2018 4329 Eu-

362 4364 508 4420 sebii
549 4366 630 4419 De
671 4363 1009 4434 martyribus
1060 4363 1340 4433 opuscula.
1376 4364 1602 4436 Negant
1630 4362 1691 4416 hi
1723 4379 1758 4419 a
1787 4368 2018 4435 marty-

359 4453 524 4510 ribus
549 4452 833 4524 scriptam
862 4467 1022 4519 esse;
1047 4451 1373 4508 Salmasius
1404 4451 1476 4506 ab
1510 4451 1820 4524 episcopis,
1843 4453 2017 4508 Blon-

2126 3293 2248 3350 sius
2269 3295 2481 3367 agitur,
2501 3294 2980 3366 persecutionem
3005 3293 3370 3350 Gallicanam
3387 3293 3461 3349 ad
3483 3292 3781 3348 decimum

2126 3383 2445 3455 septimum
2478 3381 2747 3454 ejusdem
2778 3383 3061 3438 Antonini
3095 3400 3321 3438 annum
3367 3381 3569 3438 refert.
3599 3381 3782 3437 Blon-

2127 3472 2322 3529 dellus
2343 3488 2465 3529 non
2487 3476 2717 3529 tantum
2740 3473 2977 3528 unicam
2995 3472 3148 3528 hanc
3170 3472 3783 3544 persecutionem,sed

2129 3560 2338 3617 eodem
2369 3578 2525 3617 anno
2548 3560 2609 3616 in
2630 3561 2769 3617 Asia
2792 3560 3088 3633 inceptam
3109 3562 3171 3616 in
3195 3560 3380 3616 Gallia
3400 3560 3630 3616 finitam
3653 3576 3782 3616 esse

2130 3654 2358 3722 statuit,
2391 3671 2591 3710 errore
2646 3653 2804 3725 gravi
2853 3658 3031 3725 atque
3063 3653 3401 3709 manifesto.
3436 3654 3632 3707 Monet
3657 3653 3781 3722 ipse

2129 3742 2417 3800 Eusebius
2448 3742 2779 3799 Gallicanos
2809 3743 3095 3813 martyria
3121 3741 3392 3810 subiisse,
3420 3735 3781 3817 σφοδρότερον

2128 3827 2603 3906 ἀναῤῥιπισθὲντος
2634 3832 2732 3882 τοῦ
2788 3828 2907 3892 καθ’
2936 3830 3099 3899 ἡμῶν
3132 3824 3401 3903 διωγμοῦ,
3437 3850 3465 3879 ‹‹
3495 3844 3629 3883 cum
3653 3828 3780 3899 jam

2129 3919 2443 3975 violentius
2474 3918 2825 3975 resuscitata
2883 3924 2940 3974 et
2995 3934 3316 3974 reaccensa
3372 3924 3527 3974 esset
3578 3924 3785 3973 contra

2128 4009 2495 4065 Christianos
2534 4010 2891 4081 persecutio,
2945 4014 3003 4064 et
3061 4008 3300 4080 quidem
3332 4009 3394 4063 in
3425 4008 3779 4079 quibusdam

2130 4105 2302 4155 terraa
2360 4098 2650 4171 partibus.
2702 4121 2732 4149 ››
2779 4098 3125 4154 Persecutio
3158 4097 3265 4152 sub
3298 4100 3488 4153 Marco
3520 4103 3650 4153 orta
3678 4114 3786 4169 per

2130 4189 2352 4246 multos
2370 4206 2560 4244 annos
2581 4186 2834 4257 duravit,
2859 4204 3018 4243 nunc
3040 4188 3101 4242 in
3120 4188 3253 4253 hac,
3276 4204 3434 4243 nunc
3455 4188 3515 4242 in
3536 4187 3638 4242 illa
3659 4205 3788 4259 pro-

2129 4278 2320 4334 vincia
2348 4283 2633 4351 grassata,
2665 4294 2770 4349 pro
2800 4276 2999 4332 furore
3050 4276 3279 4348 populi,
3318 4282 3422 4332 aut
3466 4277 3788 4348 praesidum

2130 4367 2498 4423 crudelitate.
2539 4367 2656 4422 Sub
2698 4365 2852 4421 Asia)
2878 4365 3235 4438 proconsule
3258 4365 3550 4432 Quadrato
3579 4383 3785 4439 passus

2131 4460 2220 4513 est
2249 4456 2610 4529 Polycarpus
2668 4455 2982 4528 episcopus
3042 4456 3347 4528 Smyrnae;
3398 4454 3506 4512 sub
3537 4455 3783 4512 Servilio

361 4541 551 4598 dellus
581 4559 617 4597 a
647 4540 933 4597 fratribus
952 4540 1150 4596 datam
1176 4541 1526 4598 hariolatur.
1552 4541 1893 4598 Blondellus
1914 4558 2020 4615 pro
2053 4544 2101 4611 D
2130 4546 2487 4621 proconsule
2521 4546 2752 4620 Sagaris
2803 4547 3113 4619 episcopus
3169 4547 3489 4605 Laodiceae.
3522 4548 3782 4603 Durante

360 4647 469 4687 sua
481 4629 781 4686 sententia
799 4628 914 4684 Ruf
915 4629 950 4683 ﬁ
960 4644 1100 4684 num
1118 4629 1364 4686 advocat
1378 4629 1615 4686 Eusebii
1634 4630 2019 4703 interpretem

361 4734 481 4775 non
528 4720 671 4776 satis
701 4722 1066 4774 accuratum.
1118 4719 1283 4774 Hunc
1312 4719 1433 4774 vult
1460 4719 1792 4775 Eusebiana
1823 4722 2023 4776 Graeca

359 4808 443 4864 ita
464 4807 796 4864 reddidisse
819 4811 887 4863 ut
908 4806 979 4862 ab
1001 4807 1277 4863 Ecclesiis
1299 4809 1642 4880 Galliarum,
1665 4826 1786 4865 non
1810 4826 1844 4865 a
1863 4827 2020 4867 mar-

361 4898 590 4968 tyribus
621 4913 691 4952 ea
722 4895 973 4967 epistola
997 4896 1217 4968 scripta
1238 4897 1454 4954 sit.Sed
1474 4898 1602 4955 haec
1633 4904 1734 4955 aut
1767 4916 1836 4954 ex
1868 4899 2021 4955 osci-

362 4986 570 5056 tantia,
594 4990 696 5042 aut
715 4984 1031 5040 manifesta
1050 4985 1255 5041 fraude
1278 4987 1542 5058 profecta
1564 4993 1719 5043 sunt.
1748 4987 2021 5044 Rufﬁnus

359 5075 542 5132 refert
562 5075 848 5131 ecclesias
873 5074 1196 5131 Galliarum
1215 5076 1835 5149 scripsisse,epistolas
1862 5094 2021 5135 mar-

361 5169 574 5238 tyrum,
631 5164 731 5235 qui
765 5164 922 5236 apud
956 5178 1056 5220 eos
1107 5168 1502 5224 consummati
1535 5167 1789 5237 fuerant,
1826 5167 2020 5240 profe-

356 5261 581 5324 rentes,
613 5270 762 5326 quas
785 5253 869 5308 illi
893 5254 955 5308 in
983 5254 1233 5309 vinculis
1258 5272 1365 5328 per
1386 5257 1585 5312 Asiam
1618 5262 1677 5312 et
1702 5257 2021 5330 Phrygiam

357 5344 641 5401 fratribus
672 5343 1135 5400 consistentibus
1174 5347 1573 5417 scripserant;
1608 5352 1667 5402 et
1704 5346 2020 5403 Eleuthero

358 5434 523 5489 urbis
552 5435 758 5489 Romae
792 5432 1091 5505 episcopo,
1121 5433 1192 5489 de
1216 5450 1362 5506 pace
1381 5452 1517 5491 eum
1546 5436 1827 5491 Ecclesizn
1858 5453 2021 5492 com-

361 5529 702 5589 monentes;
717 5522 939 5594 quique
955 5524 1133 5579 etiam
1147 5525 1439 5581 Irenaeum
1452 5526 1866 5599 presbyterum
1879 5532 2021 5584 tunc

363 5614 559 5670 adhuc
569 5612 854 5669 Ecclesiae
866 5612 1641 5689 Lugdunensis,supradicto
1653 5616 1820 5672 urbis
1831 5619 2020 5674 Romae

365 5703 647 5781 episcopo
669 5700 1224 5766 commendabant.»
1250 5705 1357 5761 Ubi
1381 5705 1533 5762 illud
1562 5728 1581 5755 ι
1607 5707 1827 5782 quique
1849 5726 1878 5759 »
1899 5724 2020 5766 non

2132 4637 2244 4693 hac
2296 4636 2728 4709 persecutione,
2761 4658 2791 4685 ‹‹
2824 4636 3123 4692 Antonino
3174 4636 3520 4708 imperatori
3578 4635 3780 4691 Melito

2131 4728 2383 4783 Asianus
2435 4726 2768 4781 Sardiensis
2826 4726 3140 4799 episcopus
3198 4727 3645 4800 Apologeticum
3676 4741 3783 4796 pro

2132 4815 2479 4872 Christianis
2514 4814 2778 4883 tradidit,
2803 4836 2833 4865 ››
2874 4820 2941 4870 ut
2984 4814 3269 4870 Eusebius
3300 4816 3362 4870 in
3391 4814 3680 4870 Chronico
3711 4811 3787 4868 ad

2132 4923 2358 4963 annum
2390 4907 2520 4978 ejus
2544 4904 2864 4960 decimum.
2890 4926 2919 4956 «
2954 4906 3152 4972 Recte,
3186 4904 3385 4976 inquit
3416 4902 3681 4958 Valesius
3713 4901 3787 4957 ad

2131 4994 2348 5055 Euseb.
2377 4994 2479 5050 lib.
2503 5010 2574 5064 ιν,
2599 5010 2650 5049 c.
2682 4996 2772 5061 26,
2804 4992 2864 5047 id
2895 4993 3151 5048 refertur
3179 5010 3336 5049 anno
3362 4995 3427 5049 10
3458 4992 3633 5047 Marci
3661 4995 3784 5046 An-

2134 5084 2345 5154 tonini,
2377 5100 2535 5140 anno
2581 5082 2810 5137 scilicet
2837 5086 2972 5154 post
3000 5087 3253 5137 mortem
3284 5082 3323 5136 L
3378 5081 3532 5137 Veri.
3563 5102 3591 5130 »
3621 5080 3785 5136 Idem

2134 5177 2332 5228 autem
2364 5171 2439 5227 ad
2470 5170 2829 5225 Prommium
2846 5168 2979 5223 libri
3002 5170 3194 5242 quinti
3217 5176 3385 5226 notat
3404 5169 3515 5225 hoc
3537 5169 3691 5225 male
3713 5168 3787 5223 ab

2133 5260 2385 5315 Eusebio
2445 5258 2707 5324 factum;
2766 5257 3155 5328 observatque
3215 5258 3555 5314 Melitonem
3597 5258 3787 5312 Marco

2133 5348 2481 5423 Apologiam
2512 5345 2744 5402 dedisse
2776 5345 2884 5400 sub
2937 5346 3119 5401 tinem
3169 5348 3297 5420 ejus
3329 5347 3584 5420 imperii.
3617 5347 3788 5403 Certe

2131 5439 2235 5495 illa
2255 5443 2465 5509 quarta
2489 5434 2823 5509 persecutio
2854 5434 2917 5489 in
2937 5435 3073 5490 Asia
3091 5435 3324 5493 duravit
3338 5454 3526 5509 usque
3549 5435 3786 5494 adillud

2132 5535 2368 5601 tempus
2389 5544 2506 5599 quo
2532 5524 2770 5598 scripsit
2795 5523 3010 5595 Melito,
3034 5525 3154 5582 sive
3182 5526 3284 5583 ille
3308 5528 3374 5582 10
3400 5528 3577 5585 Marci
3603 5544 3781 5598 anno,

2135 5620 2254 5676 sive
2273 5618 2381 5675 sub
2404 5618 2585 5673 finem
2604 5614 2840 5687 imperii
2863 5615 2993 5687 ejus
3014 5616 3363 5692 Apologiam
3384 5619 3617 5688 obtulit,
3644 5618 3783 5684 sive,

2136 5707 2296 5781 quod
2327 5723 2431 5780 ego
2460 5722 2661 5766 verum
2696 5721 2826 5764 esse
2854 5707 3238 5781 puto,medio
3263 5708 3421 5768 inter
3447 5709 3572 5767 haec
3603 5707 3788 5762 inter-
