4064 6134
282 319 406 382 415

1350 317 1415 378 S.
1463 316 1873 381 IGNATIUS.
1919 348 1993 362 --
2036 315 2658 382 PROLEGOMENA.

3587 322 3708 381 416

280 452 692 509 vallo.Mortuo
713 449 1019 506 L.Aurelio
1044 448 1353 521 scripsisse
1376 451 1706 507 Melitonem
1728 451 1932 522 liquet,
1969 451 2018 518 Α
2121 453 2337 517 Quarto
2353 454 2827 525 persecutionem
2846 453 3211 511 Gallicanam
3235 455 3548 509 excitatam
3573 471 3708 510 esse

283 541 442 614 quod
465 541 526 596 in
549 540 834 612 Apologia
856 539 986 612 ejus
1010 557 1130 594 non
1152 540 1445 608 meminit,
1464 541 1564 612 qui
1595 557 1729 596 curn
1753 541 1942 594 Marco

284 648 525 687 consors
563 630 625 685 in
655 629 908 701 imperio
941 629 1154 695 fuerat,
1190 628 1293 683 sed
1326 628 1433 683 filii
1473 630 1646 686 Marci
1681 628 1942 684 mentio-

282 737 421 775 nem
451 720 612 776 facit.
645 719 798 774 Fieri
832 724 1031 774 autem
1059 720 1167 774 hoc
1191 719 1382 790 potuit
1413 736 1548 775 cum
1580 720 1721 774 Com
1736 717 1945 774 modus

273 810 402 885 jam
436 808 599 865 solus
639 809 832 864 Cmsar
891 815 1066 874 esset,
1127 814 1360 864 mortuo
1391 808 1593 875 fratre,
1624 809 1724 880 qui
1762 807 1940 862 simul

285 918 418 958 cum
452 919 519 957 eo
553 902 746 957 Caesar
775 902 964 957 factus
996 904 1105 970 est,
1140 902 1388 955 Putente
1413 899 1756 955 etPollione
1789 914 1943 962 coss,

285 991 436 1048 Dum
469 993 647 1065 igitur
676 991 1034 1047 Commodus
1096 993 1290 1046 Caesar
1348 995 1503 1045 esset
1556 995 1692 1046 ante
1726 1004 1948 1044 annum

287 1082 461 1136 Marci
495 1081 794 1137 decimum
852 1082 1129 1152 quintum
1192 1079 1400 1136 saltem
1459 1080 1718 1149 ﬁnitum,
1753 1078 1947 1134 Melite

285 1170 634 1242 Apologiam
658 1173 849 1226 Marco
870 1170 1106 1227 Aurelio
1128 1170 1494 1236 obtulit.Qua
1510 1169 1795 1242 Apologia
1813 1185 1949 1224 cum

289 1259 418 1314 aliis
449 1264 775 1330 permotus,
812 1264 880 1315 ut
927 1260 1109 1315 refert
1140 1260 1397 1315 Chronici
1423 1256 1809 1314 Alexandrini
1847 1273 1950 1312 au-

288 1359 436 1418 ctor,
469 1354 696 1408 Marcus
721 1352 1026 1423 Aurelius,
1061 1353 1132 1408 de
1156 1353 1418 1409 sedanda
1437 1352 1846 1424 persecutione
1879 1349 1953 1406 ad

291 1444 617 1498 Commune
645 1443 797 1498 Asiae
833 1443 1116 1514 scripsit:
1145 1443 1204 1498 id
1235 1447 1432 1499 autem
1463 1441 1604 1497 fecit
1636 1444 1698 1495 15
1721 1439 1954 1511 imperii

295 1532 385 1587 sui
420 1548 597 1599 anno,
628 1537 693 1586 ut
717 1548 786 1586 ex
820 1532 950 1604 ipsa
986 1533 1373 1605 inscriptione
1392 1537 1570 1603 patet.
1594 1528 1956 1603 Αὐτοκράτωρ

302 1622 510 1690 Καῖσαρ
560 1621 781 1694 Μάρκος
843 1618 1122 1697 Αὐρήλιος
1185 1623 1500 1682 Ἀντωνῖνος
1536 1614 1802 1680 Σεϐαστὸς
1837 1620 1956 1693 Ἀρ-

301 1711 510 1784 μένιος,
569 1711 894 1786 Ἀρχιερεὺς
966 1710 1238 1786 μέγιστος,
1302 1707 1659 1786 δημαρχικῆς
1715 1707 1956 1781 ἐξουσίας

2051 540 2135 595 ait
2164 540 2502 598 Blondellus
2541 560 2661 598 non
2710 543 2817 599 sub
2869 536 3210 615 episcopatu
3240 543 3565 610 Eleutlieri,
3597 543 3704 598 sed

2051 629 2291 700 Soteris,
2327 634 2427 703 qui
2459 633 2532 688 ad
2563 633 2736 689 Marci
2768 633 3064 689 decimum
3100 651 3322 689 annum
3354 633 3600 699 sedit,ut
3632 650 3706 687 ex

2050 719 2329 775 Ecclesiae
2361 723 2638 778 Romamn
2667 723 2882 778 tabulis
2914 723 3203 790 observat,
3228 740 3358 792 quae
3390 722 3564 778 aliter
3593 739 3705 778 an-

2051 825 2160 863 nos
2191 809 2540 880 pontiﬁcum
2563 829 2741 883 quam
2763 812 3050 868 Eusebius
3072 812 3415 884 disponunt.
3444 811 3554 866 Sed
3579 812 3708 867 haec

2051 897 2453 971 discrepantia
2483 903 2710 958 nullam
2742 902 2804 957 in
2847 903 2955 958 hac
2982 920 3043 958 re
3079 902 3491 957 difﬁcultatem
3521 907 3704 957 creat.

2052 987 2181 1042 Sive
2214 989 2375 1044 enim
2407 992 2582 1046 Marci
2643 995 2729 1062 10,
2777 997 2844 1046 ut
2887 993 3092 1047 statuit
3130 990 3706 1063 pseudo-Damasus,

2053 1077 2171 1132 sive
2197 1081 2360 1147 l6,ut
2389 1080 2696 1150 Eusebius,
2731 1081 2934 1137 sedem
2957 1084 3281 1138 Romanam
3314 1081 3506 1153 primo
3529 1097 3713 1136 occu-

2051 1167 2211 1239 pavit
2252 1167 2620 1236 Eleutherus,
2658 1171 2721 1226 17
2753 1171 2928 1227 Marci
2961 1188 3117 1226 anno
3149 1173 3348 1227 Romae
3392 1170 3549 1226 idem
3580 1169 3714 1241 cpi-

2054 1273 2266 1328 scopus
2288 1257 2420 1326 fuit,
2445 1276 2580 1315 cum
2613 1259 2665 1314 ei
2696 1261 2956 1317 Irenaaus
2978 1260 3086 1316 sub
3108 1260 3438 1332 presbyteri
3463 1259 3708 1315 nomine

2055 1360 2088 1398 a
2118 1345 2477 1417 martyribus
2500 1348 2949 1404 commendatus
2972 1349 3220 1405 estHaec
3253 1348 3429 1420 igitur
3449 1347 3708 1419 objectio

2055 1434 2323 1489 nehilum
2360 1435 2600 1506 quidem
2628 1438 2880 1510 proficit,
2915 1438 3030 1493 nisi
3064 1439 3228 1510 prius
3258 1437 3574 1508 probatum
3607 1437 3707 1502 sit,

2057 1527 2086 1576 '7
2118 1523 2295 1579 Marci
2325 1526 2798 1596 persecutionem
2828 1527 3191 1583 Gallicanam
3213 1532 3272 1581 et
3301 1528 3616 1583 excitatam
3651 1529 3712 1580 et

2058 1611 2289 1667 ﬁnitam
2312 1630 2463 1681 esse,
2488 1619 2547 1670 et
2572 1617 2891 1672 Pothinum
2915 1633 2982 1672 eo
3007 1622 3273 1688 tempore
3306 1615 3589 1688 martyrio
3614 1631 3709 1669 co-

2058 1709 2356 1774 ronatum,
2387 1709 2444 1759 et
2472 1706 2762 1762 Irenaaucn
2787 1707 2986 1762 statim
3012 1707 3389 1774 successisse,
3415 1723 3545 1776 quae
3576 1723 3713 1777 pro-

289 1798 352 1854 τὸ
381 1800 626 1873 πέμπτον
687 1800 780 1854 καὶ
850 1796 1093 1872 δέκατον,
1124 1799 1328 1863 ὕπατος
1360 1803 1422 1855 τὸ
1453 1799 1656 1874 τρίτον.
1693 1821 1721 1851 ‹‹
1756 1801 1953 1870 Impe-

2063 1793 2188 1848 bari
2223 1794 2388 1850 nullo
2414 1795 2589 1850 modo
2616 1812 2789 1868 posse
2813 1797 2940 1869 jam
2971 1802 3108 1852 ante
3140 1796 3529 1852 ostendimus.
3565 1797 3711 1850 Nam

290 1895 454 1945 rator
488 1891 682 1945 Caesar
722 1892 793 1946 M.
826 1892 1165 1948 Antoninus
1198 1896 1339 1964 Aug.
1375 1891 1950 1962 Armenicus,ponti-

291 1979 389 2034 fex
420 1979 734 2046 maximus,
770 1979 1105 2035 tribuniciae
1136 1981 1444 2052 potestatis
1477 1982 1561 2045 15,
1595 1980 1802 2035 consul
1833 1982 1884 2035 3.
1917 1999 1946 2030 »

296 2069 474 2123 Miror
507 2069 786 2139 equidem
811 2069 1107 2125 Valesium
1131 2069 1372 2141 dixisse,
1404 2070 1557 2125 hanc
1584 2069 1896 2141 epistolam
1919 2085 1951 2124 a

300 2159 492 2213 Marco
527 2157 806 2230 scriptam
855 2173 982 2214 esse
1039 2181 1067 2210 «
1100 2176 1256 2216 anno
1309 2160 1502 2232 primo
1536 2159 1664 2231 ejus
1695 2158 1949 2229 imperii,

304 2265 438 2304 cum
463 2249 587 2321 ipse
606 2255 762 2305 esset
785 2250 1024 2306 tertium
1047 2251 1274 2310 consul.
1294 2273 1321 2301 »
1342 2251 1501 2306 Licet
1521 2251 1680 2306 enim
1703 2267 1770 2305 eo
1793 2267 1949 2305 anno

300 2340 540 2394 tertium
563 2340 769 2396 consul
793 2341 1023 2410 esset,is
1041 2347 1240 2398 tamen
1264 2345 1326 2396 15
1349 2340 1678 2396 tribuniciae
1700 2346 1952 2413 potesta-

303 2427 378 2482 tis
405 2445 534 2484 esse
557 2446 676 2484 non
695 2430 905 2501 potuit.
921 2434 992 2485 At
1015 2431 1254 2486 tertium
1277 2431 1484 2487 consul
1507 2431 1813 2486 dicebatur
1833 2447 1952 2484 non

302 2521 536 2572 tantum
561 2536 627 2574 eo
653 2535 835 2586 anno,
860 2537 975 2591 quo
1005 2521 1376 2577 consulatum
1399 2522 1598 2594 gessit,
1632 2519 1734 2576 sed
1765 2520 1954 2575 omni-

300 2606 412 2662 bus
440 2609 848 2680 sequentibus,
868 2610 984 2665 nisi
1006 2611 1189 2666 alium
1213 2611 1582 2667 consulatum
1607 2611 1953 2665 iniret.Mar-

305 2713 408 2752 cus
438 2704 637 2754 autem
671 2705 878 2770 postea
897 2701 1103 2756 consul
1125 2717 1244 2756 non
1267 2701 1395 2769 fuit,
1417 2701 1666 2772 ideoque
1698 2716 1805 2772 per
1824 2716 1952 2754 om-

298 2803 406 2843 nes
439 2787 675 2860 imperii
709 2807 898 2845 annos
923 2791 1166 2847 tertium
1194 2791 1398 2847 consul
1430 2791 1623 2847 dictus
1654 2795 1764 2860 est,
1797 2795 1862 2846 ut
1891 2791 1951 2846 in

303 2876 691 2950 inscriptione
714 2880 1093 2937 Gruteriana:

299 3012 444 3068 IMP.
488 3015 634 3075 CASS
674 3016 744 3072 M.
800 3017 1050 3071 AVREL.
1102 3017 1498 3073 ANTONINVS
1536 3018 1695 3073 AVG.
1739 3018 1948 3073 GERM.

748 3089 856 3143 TR.
898 3090 962 3143 P.
1005 3089 1170 3142 XVII.
1215 3089 1362 3145 COS.
1404 3091 1502 3145 IlI.

303 3307 411 3370 est,
447 3303 510 3356 15
545 3301 816 3372 ejusdem
848 3303 1054 3360 sedata
1086 3310 1194 3361 est.
1220 3308 1285 3361 In
1309 3306 1495 3361 Gallia
1527 3311 1725 3362 tamen
1756 3308 1957 3362 statim

302 3391 624 3452 recruduit.
661 3398 718 3447 et
748 3393 904 3449 circa
929 3394 1112 3448 finem
1136 3396 1277 3449 anni
1308 3399 1370 3449 17
1388 3412 1598 3467 passus
1620 3401 1709 3450 est
1730 3397 1958 3467 episco—

299 3496 410 3551 pus
471 3479 734 3553 Lugduni
790 3481 1100 3551 Pothinus,
1133 3484 1282 3539 Rufo
1316 3489 1372 3538 et
1404 3484 1647 3556 Orphito
1686 3501 1860 3555 coss,
1894 3490 1960 3540 ut

299 3569 482 3626 refert
511 3572 821 3628 Chronicon
854 3573 1322 3631 Alexandrinum.

373 3663 565 3718 Tertio
589 3664 811 3735 excipit
835 3663 1196 3732 Blondellus,
1218 3664 1537 3721 Eusebium
1561 3665 1793 3722 tradere
1820 3683 1953 3737 per-

315 3753 686 3808 secutionem
709 3753 1074 3810 Gallicanam
1109 3755 1620 3825 efferbuisse,ante
1652 3756 1957 3811 victoriam

307 3842 539 3915 legione
570 3845 960 3902 fulminatrici
983 3849 1174 3902 Marco
1191 3853 1442 3918 partam,
1470 3865 1599 3919 qua:
1626 3851 1688 3902 13
1721 3847 1956 3920 imperii

317 3931 446 4002 ejus
478 3950 632 3989 anno
657 3937 998 4009 contigit.Et
1018 3937 1260 4008 quidem
1291 3937 1576 3994 Eusebius
1607 3944 1741 4010 post
1771 3956 1961 4010 perse-

308 4021 565 4078 cutionis
596 4026 1000 4082 narrationem
1033 4026 1198 4082 illam
1238 4026 1550 4084 historiam
1581 4027 1797 4096 tradit;
1830 4034 1963 4100 post

310 4115 508 4166 autem
539 4115 1016 4184 persecutionem
1066 4116 1384 4188 contigisse
1414 4135 1534 4174 non
1566 4117 1726 4187 dicit,
1756 4119 1860 4174 sed
1891 4135 1960 4174 ea

308 4201 508 4269 potius
534 4219 664 4272 quas
697 4207 1059 4262 contrarium
1084 4206 1625 4264 evincunt.Claudit
1645 4208 1806 4263 enim
1829 4225 1960 4280 per-

315 4293 639 4348 secutionis
672 4294 981 4352 historiam
1031 4297 1122 4352 his
1170 4297 1397 4353 verbis:
1446 4295 1627 4354 Ἀλλᾶ
1654 4295 1720 4352 τὰ
1752 4298 1845 4370 μὲν
1877 4293 1962 4352 ἐπ’

302 4378 629 4434 ’Δντωνίνοῦ
661 4387 902 4438 τοιαῦτα·
939 4387 1177 4458 «Atque
1210 4386 1349 4441 talia
1383 4393 1522 4443 sunt
1553 4404 1682 4459 qua:
1713 4387 1820 4444 sub
1851 4390 1963 4443 An-

309 4466 522 4524 tonino
554 4473 949 4544 contigerunt,
977 4496 1006 4524 ››
1039 4475 1142 4530 lib.
1163 4493 1213 4544 v,
1244 4493 1370 4548 cap.
1395 4479 1448 4532 4.
1472 4478 1607 4533 Haec
1637 4478 1797 4533 enim
1830 4495 1961 4550 quas

309 4560 579 4631 proxime
613 4569 1006 4630 enarraverat,
1029 4565 1103 4620 ad
1134 4570 1436 4636 postrema
1455 4566 1618 4622 illius
1639 4549 1963 4640 imperato-
1995 4549 2037 4614 D

308 4649 392 4702 ris
416 4654 683 4721 tempora
699 4652 1164 4709 referebat.Tum
1183 4671 1318 4710 vero
1340 4656 1742 4712 narrationem
1757 4674 1959 4730 quam-

310 4737 445 4794 dam
479 4741 678 4796 statim
710 4742 1011 4798 interserit
1042 4743 1114 4799 de
1159 4744 1411 4817 Legione
1434 4745 1744 4817 fulminea,
1779 4763 1956 4818 quam

311 4829 472 4885 velut
505 4830 793 4887 incertam
826 4832 1148 4905 relinquit:
1210 4831 1354 4889 ἀλλὰ
1409 4838 1575 4890 ταῦτα
1608 4835 1702 4908 μὶν
1733 4834 1840 4906 ὅπη
1874 4857 1957 4898 τις

307 4915 472 4992 ἐθέλῃ
503 4920 754 4990 τιθέσθω,
779 4944 807 4972 ‹‹
832 4922 934 4977 sed
959 4923 1028 4978 de
1046 4923 1139 4978 his
1161 4923 1414 4994 quisque
1439 4943 1543 4997 pro
1575 4926 1817 4982 arbitrio
1850 4944 1956 4982 suo

306 5014 563 5077 statuat;
603 5034 623 5062 ι
663 5012 936 5084 μετίωμεν
994 5008 1051 5066 δὲ
1101 5014 1265 5086 ἡμεῖς
1293 5011 1381 5067 ἐπὶ
1411 5015 1508 5081 τὴν
1537 5018 1644 5068 τῶν
1675 5014 1796 5084 ἑξῆς
1828 5014 1960 5069 ἀκο-

307 5096 546 5170 λουθίαν,
571 5125 599 5152 ‹‹
623 5119 732 5157 nos
758 5120 888 5160 vero
911 5102 985 5158 ad
1007 5102 1269 5159 historias
1296 5103 1564 5160 ordinem
1583 5106 1957 5164 redeamus.»

310 5191 722 5248 Narrationem
753 5193 932 5266 igitur
953 5193 1113 5251 illam
1137 5195 1208 5249 de
1230 5194 1462 5267 legione
1484 5195 1768 5252 fulminea
1794 5204 1959 5254 extra

306 5277 404 5345 τὴν
436 5283 540 5332 τῶν
568 5280 688 5350 ὲξης
717 5279 1064 5351 ἀκολουθίαν,
1097 5284 1215 5339 sive
1249 5305 1278 5334 «
1310 5283 1572 5340 historiae
1611 5285 1956 5355 ordinem,»

309 5370 640 5426 secundum
660 5389 858 5428 rerum
880 5379 1177 5446 gestarum
1201 5375 1689 5446 consequentiam
1721 5375 1961 5433 interse-

310 5459 501 5515 ruisse
534 5478 593 5516 se
625 5462 866 5522 fatetur.
888 5465 1060 5521 Redit
1083 5466 1261 5539 igitur
1284 5465 1359 5521 ad
1390 5466 1571 5521 finem
1600 5468 1960 5538 persecutio-

309 5548 425 5621 nis,
459 5550 534 5606 ad
561 5557 814 5610 mortem
841 5555 1104 5627 Pothini,
1164 5560 1224 5611 et
1279 5555 1718 5615 successionem
1752 5557 1958 5613 lreneai

285 5640 375 5728 'in
406 5640 752 5715 episcopatu
783 5644 1178 5718 Lugdunensi.

2061 1883 2297 1938 Eusebii
2327 1883 2661 1940 Chronicon
2691 1885 2863 1942 aliter
2884 1886 3358 1958 intelligendum,
3384 1884 3540 1956 quod
3571 1885 3715 1939 Oro-

2061 1971 2204 2037 sius,
2237 1972 2454 2027 Paulus
2510 1973 2822 2042 Diaconus,
2855 1975 3220 2047 Freculphus
3272 1974 3494 2045 aliique
3524 1973 3714 2028 secuti

2063 2067 2222 2126 sunt,
2255 2062 2605 2118 certissimis
2634 2065 3000 2136 argumentis
3031 2065 3547 2135 evicimus.anue
3577 2080 3718 2120 vera.

2063 2167 2190 2206 esse
2210 2151 2299 2207 vel
2321 2151 2460 2206 hinc
2482 2159 2684 2224 aperte
2708 2154 3026 2228 colligitur.
3050 2156 3116 2209 In
3156 2153 3446 2210 Chronico
3478 2152 3717 2208 Eusebii

2063 2241 2137 2297 ad
2166 2245 2224 2296 11
2251 2241 2428 2297 Marci
2457 2259 2681 2299 annum
2714 2243 2840 2298 haec
2872 2249 3156 2300 notantur
3187 2261 3200 2299 :
3252 2267 3280 2293 ‹‹
3309 2242 3721 2314 Pseudo-pro-

2063 2332 2284 2405 phetia,
2318 2349 2447 2403 qua)
2475 2333 2874 2413 Cataphrygas
2903 2336 3265 2404 nominatur,
3297 2333 3523 2406 accepit
3554 2350 3718 2388 exor-

2064 2421 2250 2486 dium,
2278 2427 2517 2478 auctore
2547 2425 2844 2493 Montano,
2878 2430 2934 2479 et
2963 2422 3714 2493 Priscilla,Maximillaque

2070 2512 2298 2567 insanis
2321 2512 2567 2568 vatibus.
2592 2535 2620 2563 ››
2643 2515 2716 2569 At
2740 2519 2878 2570 ante
2907 2515 3083 2587 hujus
3117 2515 3414 2569 haereseos
3447 2520 3719 2569 exortum

2066 2601 2131 2655 in
2163 2601 2367 2656 Galliis
2399 2603 2702 2674 martyria,
2737 2603 2948 2659 saltem
2973 2605 3097 2658 haec
3137 2603 3209 2659 de
3233 2603 3447 2674 quibus
3469 2603 3720 2671 agimus,

2066 2692 2191 2746 visa
2221 2707 2341 2746 non
2366 2691 2649 2763 sunt.Ipsi
2674 2692 2834 2749 enim
2854 2698 3146 2764 martyres
3170 2693 3457 2749 Gallicani
3485 2692 3556 2748 de
3579 2710 3726 2748 con-

2067 2779 2348 2835 troversia
2376 2796 2445 2834 ex
2466 2782 2725 2837 Montani
2756 2782 2970 2838 hmresi
3003 2788 3133 2838 orta
3165 2783 3520 2838 sententiam
3551 2799 3720 2838 suam

2065 2868 2535 2941 protulerunt,ut
2556 2887 2626 2925 ex
2644 2871 3061 2926 vetustissimis
3089 2888 3295 2927 eorum
3320 2871 3719 2926 monumentis

2067 2959 2244 3016 tradit
2276 2959 2582 3026 Eusebius,
2614 2963 2756 3017 Hist.
2817 2961 2855 3018 l.
2921 2979 2967 3030 v,
3029 2979 3078 3019 c.
3139 2965 3191 3016 3.
3234 2963 3460 3016 Fratres
3491 2960 3710 3031 quippe

2067 3049 2352 3104 Gallicani
2380 3049 2490 3105 hac
2523 3050 2896 3106 dissensione
2927 3055 3055 3107 orta
3065 3051 3356 3124 judicium
3379 3065 3547 3104 suum
3579 3064 3713 3119 pro-

2018 3183 2034 3209 η
2065 3139 2367 3194 tulerunt:
2402 3136 2673 3212 ἐκθέμενοι
2723 3139 2814 3194 καὶ
2871 3143 2978 3194 τῶν
3021 3139 3148 3213 παρ’
3177 3136 3361 3199 αὐτοῖς
3391 3133 3714 3200 τελειωθέν-

370 3213 508 3276 Quaa
530 3212 708 3285 igitur
729 3211 791 3268 in
815 3213 954 3268 Asia
978 3218 1008 3267 7
1034 3215 1209 3271 Marci
1235 3233 1388 3271 anno
1411 3217 1744 3288 persecutio
1771 3222 1958 3290 empta
1986 3182 2036 3247 Ο

2063 3245 2170 3281 των
2236 3225 2522 3302 μαρτύρων
2580 3225 2872 3305 διαφόρους
2928 3227 3243 3295 ἐπιστολὰς,
3277 3227 3335 3289 ἃς
3377 3224 3427 3281 ἐν
3489 3222 3720 3298 δεσμοῖς

2057 3314 2139 3370 ’ὲτι
2192 3315 2533 3393 ὑπάρχοντες
2584 3323 2698 3380 τοῖς
2747 3316 2830 3372 ἐπ’
2888 3318 3070 3380 Ἀσίας
3124 3318 3215 3372 καὶ
3275 3315 3523 3392 Φρυγίας
3556 3311 3722 3368 ἀδελ-

2059 3409 2182 3482 φοῖς
2217 3401 2559 3480 διεχάραξαν·
2605 3431 2634 3458 ‹‹
2662 3408 2908 3480 prolatis
2957 3408 3412 3463 interfectorum
3461 3403 3618 3477 apud
3650 3421 3712 3460 se

2061 3503 2394 3570 martyrum
2425 3498 2598 3554 variis
2630 3499 3075 3571 epistolis,quas
3106 3498 3216 3565 illi,
3249 3497 3392 3553 dum
3424 3497 3483 3551 in
3515 3496 3713 3550 vincu-

2060 3586 2133 3642 lis
2165 3587 2357 3644 adhuc
2389 3593 2605 3656 essent,
2641 3588 2714 3644 ad
2744 3589 2956 3643 fratres
2989 3589 3049 3642 in
3077 3588 3216 3642 Asia
3239 3593 3297 3642 et
3324 3586 3580 3659 Phrygia
3609 3584 3716 3639 de-

2063 3683 2266 3748 gentes
2296 3678 2674 3750 scripserant.
2703 3699 2731 3727 »
2765 3679 2846 3733 Ex
2872 3677 3287 3734 vetustissimis
3319 3677 3498 3748 igitur
3519 3673 3717 3730 Eccle-

2066 3767 2166 3821 siae
2190 3768 2505 3824 Gallicanae
2522 3769 2929 3824 monumentis
2949 3766 3126 3823 tradit
3143 3766 3432 3821 Eusebius
3453 3771 3510 3820 et
3525 3764 3722 3820 Pothi-

2065 3875 2210 3915 num
2224 3875 2257 3914 a
2270 3859 2758 3931 Lugdunensibus
2773 3859 3114 3930 episcopum
3137 3857 3374 3928 proprie
3393 3855 3720 3911 secundum

2065 3947 2234 4003 illum
2257 3948 2550 4021 ordinem,
2587 3964 2763 4019 quem
2793 3948 2855 4002 in
2885 3947 3146 4002 Ecclesia
3176 3947 3438 4014 tenebat,
3467 3943 3726 4017 appella-

2067 4042 2193 4093 tum
2221 4053 2370 4107 esse,
2417 4043 2476 4093 et
2533 4039 2818 4093 Irenaeum
2876 4037 3053 4092 etiam
3113 4035 3551 4107 presbyterum,
3585 4049 3720 4089 cum

2068 4127 2259 4183 adhuc
2290 4132 2522 4183 tantum
2571 4126 2879 4198 presbyter
2928 4130 3105 4193 esset,
3139 4141 3248 4180 nec
3281 4125 3344 4179 in
3377 4124 3720 4196 episcopatu

2065 4217 2319 4272 Pothino
2378 4218 2776 4273 successisset.
2814 4215 2990 4283 Vidit,
3046 4215 3278 4286 opinor,
3313 4213 3564 4269 Dallmus
3597 4212 3723 4265 haec

2067 4323 2206 4362 vera
2235 4307 2643 4378 esse,ideoque
2676 4323 2710 4361 a
2740 4305 3146 4362 Blondelliano
3179 4309 3523 4378 argumento
3555 4317 3727 4374 pror-

2070 4411 2170 4451 sus
2201 4395 2508 4452 abstinuit.
2543 4396 2663 4451 lloc
2693 4395 2872 4467 igitur
2920 4398 3085 4449 extra
3114 4392 3574 4450 controversiam
3607 4407 3711 4463 po-

2071 4485 2182 4542 sito
2213 4484 2447 4557 reliqua
2475 4500 2928 4557 persequamur.

2139 4654 2500 4729 Hegesippus
2522 4654 2630 4710 sub
2653 4653 2861 4710 eodem
2883 4653 3202 4709 Eleuthero
3228 4651 3500 4708 eamdem
3527 4650 3723 4725 appel-

2067 4743 2355 4801 lationem
2404 4761 2539 4800 cum
2570 4745 2794 4816 Ignatio
2849 4749 3006 4800 caste
3037 4743 3387 4800 observavit.
3422 4743 3720 4799 Plurimos

2070 4858 2099 4886 «
2120 4836 2428 4907 episcopos
2443 4857 2470 4884 »
2487 4852 2548 4890 se
2566 4835 2783 4890 adiisse
2803 4835 3047 4902 ait,cum
3067 4836 3311 4890 Romam
3328 4833 3731 4905 proﬁciscere-

2069 4925 2302 4995 tur,sub
2336 4925 2780 4996 Aniceto,cujus
2812 4930 2937 4978 tum
2971 4923 3256 4979 diaconus
3290 4928 3414 4978 erat
3443 4922 3728 4976 Eleuthe-

2068 5031 2193 5071 rus.
2243 5015 2383 5086 Ejus
2440 5014 2616 5070 verba
2663 5019 2842 5070 sunt:
2903 5010 3187 5085 Ἐπέμενεν
3239 5013 3274 5080 ἡ
3332 5007 3635 5078 Ἐκκλησία
3687 5010 3722 5077 ἡ

2069 5101 2368 5177 Κορινθίων
2426 5100 2476 5156 ἐν
2527 5107 2606 5174 τῷ
2645 5103 2790 5174 ὀρθῷ
2851 5099 3000 5174 λόγῳ
3033 5095 3199 5174 μέχρι
3254 5098 3467 5171 Πρίμου
3498 5097 3716 5150 ἐπισκο-

2069 5192 2327 5255 πεύοντος
2383 5191 2434 5246 ἐν
2492 5191 2757 5265 Κορίνθῳ.
2818 5213 2847 5241 ‹‹
2897 5191 3336 5246 Corinthiorum
3373 5187 3628 5241 Ecclesia
3661 5187 3724 5241 in

2070 5292 2233 5344 recta
2255 5287 2371 5343 fide
2394 5286 2922 5358 permansitusque
2941 5283 3013 5338 ad
3037 5283 3298 5337 Primum
3317 5279 3585 5333 Corinthi
3609 5279 3732 5350 epi-

2073 5395 2341 5450 scopum.
2370 5399 2399 5428 »
2425 5376 2588 5432 Idem
2615 5375 2685 5432 de
2711 5367 3254 5442 Hierosolymitanis
3283 5384 3294 5421 :
3324 5367 3470 5421 Μετὰ
3499 5367 3562 5420 τὸ
3597 5388 3735 5442 μαρ-

2070 5467 2300 5541 τυρῆσαι
2334 5459 2591 5520 Ἰάκωϐον
2635 5463 2726 5517 τὸν
2783 5459 2987 5516 δίκαιον
3048 5454 3213 5511 πάλιν
3265 5456 3306 5509 ’ὁ
3363 5456 3428 5510 ’ex
3456 5454 3602 5511 θείου
3632 5455 3728 5512 αὖ·

2068 5560 2167 5612 τοῦ
2217 5553 2442 5627 Συμεών
2502 5555 2530 5607 ὁ
2586 5557 2683 5608 τοῦ
2738 5551 2970 5607 Κλεωπᾶ
3037 5544 3350 5602 καθίσταται
3409 5544 3723 5610 ἐπίσκοπος.

2072 5669 2102 5700 ‹‹
2128 5647 2270 5704 Post
2290 5644 2643 5718 martyrium
2657 5641 2860 5702 Jacobi
2881 5638 3296 5710 Justi,rursum
3325 5654 3398 5698 ex
3426 5637 3719 5700 avunculo
