4064 6134
299 304 415 366 41⁵1

1019 301 1077 362 J.
1119 298 1545 363 PEABSONII
1586 297 1958 361 VINDICLE
1999 298 2471 361 IGNATIANJE.
2517 331 2596 344 --
2637 295 2844 361 PARS
2887 297 2964 360 ΙΙ.

3609 285 3730 367 418

315 439 444 512 ejus
465 439 725 508 Symeon
745 433 975 508 Cleopae
998 432 1156 490 illius
1177 431 1489 506 episcopus
1507 432 1909 490 constituitur.
1935 455 1964 484 »
1994 435 2048 504 Α
2079 433 2258 490 cienti
2316 432 2644 490 videbatur.
2700 433 3120 506 Presbyterum
3179 433 3421 505 quidem
3471 453 3536 493 se
3563 440 3734 495 vocat

309 532 376 585 Et
407 527 608 582 statim
641 543 652 579 :
687 524 956 598 Ἀρχεται
1014 519 1070 576 δὲ
1125 523 1152 576 ὁ
1211 515 1466 582 Θέϐουθις
1500 517 1588 575 διὰ
1617 522 1680 576 τὸ
1715 523 1790 594 μὴ
1827 519 1968 595 γενὲ-

297 628 417 679 σοιι
462 614 621 669 αὐτὸν
659 613 959 667 επίσκοπον
1000 609 1366 686 ὑποφοείρειν.
1407 630 1429 660 α
1469 613 1705 667 Primus
1734 611 1964 667 Thebu-

302 709 442 772 this,
471 706 631 778 quod
673 706 988 776 episcopus
1016 703 1206 758 factus
1233 719 1352 758 non
1386 704 1481 771 sit,
1514 702 1833 758 Ecclesiam
1866 720 1968 758 oc-

298 797 451 854 culte
483 795 690 850 vitiare
731 809 1050 866 aggressus
1082 798 1191 851 est.
1226 813 1254 842 ››
1288 795 1374 850 Ita
1396 809 1631 864 semper
1661 795 1968 864 episcopos

305 902 409 940 suo
441 884 688 939 nomine
713 882 1010 954 indigitat,
1034 897 1344 952 nunquam
1365 881 1740 953 presbyteros
1767 886 1954 950 vocat,

310 974 716 1048 apostolorum
750 971 1119 1044 temporibus
1146 972 1449 1043 proximus
1475 971 1856 1044 Hegesippus.
1881 973 1967 1026 Ita

316 1065 657 1136 Polycrates
687 1063 1120 1134 Ephesinorum
1157 1061 1490 1133 episcopus,
1523 1060 1586 1115 in
1617 1061 1868 1133 epistola
1892 1061 1966 1116 ad

317 1154 613 1208 Victorem
662 1167 900 1222 papam,
949 1150 1023 1205 de
1071 1150 1366 1221 episcopis
1397 1166 1633 1221 semper
1659 1150 1966 1222 Ignatiano

301 1259 462 1298 more
493 1241 800 1311 loquitur:
835 1239 955 1293 Ἔτι
988 1235 1044 1291 δὲ
1083 1237 1173 1291 καὶ
1206 1235 1564 1310 ηολῦκαρπος
1595 1237 1622 1290 ὁ
1653 1235 1705 1291 ἐν
1739 1235 1962 1311 Σμύρνῃ

315 1330 406 1385 καὶ
460 1328 756 1389 ἐπίσκοπος
811 1326 903 1380 καὶ
967 1324 1193 1399 μάρτυς,
1259 1324 1348 1380 καὶ
1401 1325 1636 1400 Θρασέας
1692 1325 1780 1380 καὶ
1847 1324 1965 1380 ἐπί-

315 1438 514 1481 σκοπος
565 1418 654 1472 καὶ
719 1417 924 1489 μάρτυς
981 1415 1086 1469 ἀπὸ
1138 1413 1427 1486 Εὐμενίας.
1463 1415 1530 1470 Tt
1591 1411 1648 1468 δὲ
1679 1412 1761 1468 δεῖ
1793 1411 1968 1489 λέγειν

313 1508 541 1584 Σάγαριν
590 1505 682 1560 καὶ
738 1503 1033 1559 ἐπίσκοπον
1088 1501 1178 1557 καὶ
1238 1501 1521 1578 μάρτυρας
1557 1505 1964 1577 «Polycarpus

317 1616 552 1673 quoque
581 1599 683 1670 qui
731 1597 889 1670 apud
937 1597 1248 1668 Smyrnam
1300 1596 1614 1668 episcopus
1655 1601 1714 1651 et
1742 1602 1967 1668 martyr

309 1691 436 1758 fuit,
466 1690 731 1759 itemque
753 1688 1038 1743 Thraseas
1064 1685 1364 1741 Eumeniaa
1388 1687 1700 1758 episcopus
1722 1691 1781 1741 et
1803 1703 1963 1741 mar-

309 1787 416 1852 tyr.
434 1778 586 1845 Quid
608 1777 850 1850 Sagarin
865 1775 1618 1847 epi500pumeumdemque
1642 1779 1961 1848 martyrem
1996 1813 2040 1878 Β

305 1870 516 1925 attinet
572 1868 770 1922 dicere
790 1866 817 1920 ‘?
849 1885 872 1916 ι
910 1865 1181 1936 Seipsum
1212 1865 1392 1920 etiam
1423 1866 1767 1937 episcopum
1798 1871 1966 1922 vocat

317 1974 436 2013 non
483 1956 684 2011 minus
741 1969 922 2025 quam
986 1953 1286 2024 Ignatius:
1336 1951 1506 2007 Ἑπτά
1537 1952 1631 2024 μὲν
1665 1952 1799 2020 ἦσαν
1834 1972 1968 2026 συγ-

305 2049 481 2123 γενεῖς
516 2064 611 2116 μοι
645 2041 955 2106 ἐπίσκοποι,
989 2039 1100 2114 ἐγὼ
1132 2036 1189 2093 δὲ
1219 2035 1436 2114 ὄγδοος·
1471 2063 1500 2090 ‹‹
1533 2042 1768 2114 Septem
1801 2049 1971 2098 erant

312 2136 458 2191 mihi
482 2134 694 2189 afﬁnes
718 2131 1003 2204 episcopi,
1019 2147 1124 2202 ego
1144 2135 1344 2186 autem
1362 2135 1621 2186 octavus.
1649 2152 1678 2181 »
1703 2132 1971 2188 Ostendit

312 2241 595 2297 magnum
628 2239 756 2278 esse
789 2236 1106 2276 numerum
1161 2236 1365 2275 eorum
1417 2220 1518 2291 qui
1573 2220 1684 2275 sibi
1725 2221 1974 2278 aderant

312 2332 443 2370 cum
467 2313 542 2369 ad
565 2313 861 2367 Victorem
885 2309 1198 2365 scriberet:
1221 2326 1428 2365 omnes
1451 2310 1760 2383 episcopos
1782 2316 1969 2380 vocat,

321 2405 476 2476 quod
510 2401 773 2474 episcopi
802 2404 1025 2467 essent,
1057 2415 1166 2454 nec
1195 2416 1460 2470 unquam
1500 2401 1829 2472 presbyteri
1862 2418 1973 2456 no—

308 2494 469 2548 mine
499 2493 706 2548 utitur.
741 2490 1024 2561 Serapion
1082 2489 1327 2545 secundi
1377 2489 1579 2545 saeculi
1610 2490 1862 2562 scriptor
1909 2491 1966 2544 11

322 2581 613 2638 commodi
674 2579 1052 2650 imperatoris
1109 2594 1266 2633 anno
1308 2579 1629 2634 Antiochiaa
1661 2579 1972 2650 episcopus

325 2672 650 2736 ordinatus,
684 2668 938 2742 epistola
969 2666 1043 2722 ad
1092 2668 1362 2723 Caricum
1422 2673 1482 2722 et
1535 2668 1849 2723 Ponticum
1880 2667 1971 2723 his

319 2761 508 2815 verbis
565 2760 638 2814 de
694 2757 1037 2830 Apollinare
1086 2757 1362 2829 scripsit:
1421 2756 1693 2834 Πὲπομφαι
1723 2756 1848 2828 ὑμῖν
1880 2755 1971 2810 καὶ

327 2845 592 2904 Κλαυδίου
647 2844 1074 2920 Ἀπολλιναρίου
1127 2848 1226 2898 τοῖ’)
1293 2845 1714 2920 μακαριωτάτου
1745 2845 1971 2920 γενομὲ-

328 2959 420 2993 νου
448 2937 496 2992 ἐν
523 2935 861 3013 Ἰεραπὸλλει
917 2943 1016 3005 τῆς
1063 2935 1249 2998 Ἀσίας
1307 2935 1605 2990 ἐπισκόπου
1647 2937 1966 3011 γράμματα.

322 3052 350 3077 ‹‹
379 3029 708 3084 Beatissimi
741 3027 970 3082 Claudii
991 3025 1366 3096 Apollinaris,
1396 3027 1846 3098 Hierapolitanaa
1869 3044 1972 3082 ur-

307 3122 398 3176 bis
425 3121 486 3176 in
517 3121 657 3176 Asia
688 3119 974 3190 episcopi,
1010 3117 1237 3172 litteras
1269 3117 1342 3172 ad
1375 3135 1474 3172 vos
1506 3119 1662 3173 misi.
1692 3139 1719 3172 »
1755 3120 1821 3173 In
1851 3119 1962 3176 hac

305 3217 503 3266 autem
533 3209 785 3282 epistola
826 3208 1174 3281 legebantur
1219 3208 1515 3263 variorum
1550 3210 1962 3281 episcoporum

304 3300 794 3371 subscriptiones,
828 3298 930 3369 qui
971 3298 1218 3354 nomina
1248 3314 1380 3353 cum
1415 3298 1603 3353 titulis
1635 3298 1815 3353 simul
1844 3313 1962 3352 non

305 3389 670 3445 verebantur
701 3387 1003 3444 scribere:
1044 3392 1111 3442 ut
1166 3382 1364 3447 Αἴλιος
1413 3381 1688 3446 Πούϐλιος
1723 3383 1961 3446 Ἰούλιος

302 3479 414 3533 ἀπὸ
495 3471 765 3531 Δεϐελτοῦ
825 3473 1136 3537 Κολωνείας
1217 3478 1313 3529 τοῦ
1369 3474 1586 3550 Θρᾴκης
1645 3473 1959 3545 ἐπίσκοπος,

306 3569 533 3639 aliique
565 3567 938 3638 complures:
973 3581 1166 3636 neque
1191 3566 1600 3637 episcoporum
1632 3565 1793 3621 ullus
1821 3583 1959 3638 pre-

303 3659 528 3730 sbyteri
562 3658 805 3712 nomine
837 3657 1154 3712 mulctatus
1187 3656 1673 3728 deprehenditur.

378 3750 677 3804 Praeterea
697 3749 1043 3818 Anonymus
1069 3745 1226 3817 apud
1247 3746 1564 3802 Eusebium
1589 3747 1628 3804 l.
1659 3764 1708 3818 ν,
1735 3765 1784 3803 c.
1807 3747 1872 3803 16
1895 3748 1959 3803 in

300 3838 579 3910 Exceptis
600 3837 782 3893 trium
812 3836 1100 3892 librorum
1142 3853 1290 3907 quos
1331 3842 1538 3892 contra
1565 3837 1958 3909 Cataphrygas

303 3927 566 3998 scripsit,
592 3931 879 3998 perpetuo
900 3926 1243 3981 nominibus
1267 3926 1524 3999 episcOpi
1549 3931 1608 3981 et
1626 3927 1959 3998 presbyteri

304 4018 589 4073 distincte
644 4023 702 4072 et
759 4021 917 4072 caste
975 4016 1200 4083 utitur;
1253 4017 1514 4088 seipsum
1543 4017 1956 4090 presbyterum

300 4107 488 4162 fuisse
522 4106 768 4174 indicat,
800 4106 1060 4162 Zoticum
1093 4108 1376 4164 Otrenum
1409 4107 1956 4180 compresbyterum

300 4197 586 4268 appellat,
619 4198 944 4266 Ancyranaa
965 4196 1242 4251 Ecclesim
1267 4196 1642 4268 presbyteros
1663 4194 1790 4257 τοὺς
1820 4196 1956 4250 κατὰ

296 4285 470 4340 τόπον
502 4279 901 4359 πρεσϐυτέρους
933 4289 1120 4354 vocat,
1152 4285 1299 4340 alios
1349 4290 1546 4340 autem
1579 4281 1772 4359 ἄνδρας
1805 4282 1958 4339 δοκί-

311 4396 447 4447 μους
477 4375 569 4430 καὶ
614 4373 964 4441 ἐπισκόπους,
1027 4396 1055 4426 ‹‹
1087 4375 1243 4430 viros
1297 4375 1575 4446 probatos
1606 4375 1697 4430 vel
1729 4380 1956 4447 specta-

299 4465 452 4521 biles
479 4471 537 4521 et
568 4466 902 4537 episcopos,
929 4485 956 4513 ››
980 4464 1242 4520 Zoticum
1265 4481 1478 4536 nempe
1501 4466 1954 4535 Comanensem,

2076 523 2445 595 Anonymus,
2479 523 2740 579 Zoticum
2773 523 2951 579 etiam
2981 526 3286 593 Otrenum,
3317 529 3374 579 et
3397 530 3735 599 Ancyrano-

2075 629 2208 668 rum
2235 613 2718 686 presbyterorum
2748 613 3115 668 mentionem
3139 614 3282 669 facit
3306 633 3318 682 ;
3353 615 3456 670 sed
3483 617 3588 673 hos
3613 635 3735 675 om-

2074 719 2181 758 nes
2213 703 2521 776 episcopos
2553 703 2671 758 sive
2697 703 2873 774 primi
2907 703 3132 758 ordinis
3157 705 3494 761 sacerdotes
3523 706 3729 776 fuisse,

2075 808 2144 848 ex
2180 794 2305 866 ipsa
2335 799 2635 866 gestorum
2668 794 3008 849 narratione
3035 793 3311 867 colligere
3338 813 3400 850 se
3431 813 3604 867 posse
3628 815 3733 870 pu-

2075 885 2216 939 tavit
2245 885 2334 938 vir
2387 884 2792 951 doctissimus,
2826 900 2960 939 cum
3021 889 3220 939 tamen
3254 885 3326 939 ad
3359 886 3732 957 probandum

2075 977 2175 1028 aut
2207 973 2392 1044 ipsius
2424 973 2706 1045 anonymi
2738 978 2841 1028 aut
2896 973 3074 1028 Zotici
3107 974 3572 1046 compresbyteri
3607 969 3750 1048 epi~~

2073 1068 2380 1134 scopatum
2415 1078 2484 1116 ex
2518 1062 2767 1118 historia
2797 1062 2945 1116 nihil
2990 1064 3217 1118 atterat.
3252 1065 3322 1118 Et
3351 1064 3591 1134 quidem
3624 1083 3730 1136 pro

2072 1149 2355 1220 anonymi
2389 1149 2572 1220 ipsius
2603 1149 2946 1220 episcopatu
2977 1149 3120 1220 quid
3152 1150 3349 1205 afferri
3386 1152 3572 1222 possit
3602 1168 3725 1208 non

2071 1239 2260 1306 video,
2289 1239 2337 1294 si
2376 1239 2554 1294 verba
2611 1238 2767 1311 apud
2825 1238 3144 1294 Eusebium
3186 1246 3454 1311 spectes;
3490 1242 3648 1312 quod
3679 1243 3728 1296 si

2073 1327 2376 1384 Rufﬁnum
2398 1329 2783 1400 interpretem
2807 1329 3099 1398 consulas,
3129 1335 3248 1397 aut,
3269 1331 3369 1400 qui
3395 1347 3530 1386 eum
3557 1348 3724 1387 secu-

2072 1425 2166 1476 tus
2199 1425 2308 1486 est,
2342 1419 2735 1492 Martyrologii
2769 1419 3016 1474 Romani
3066 1425 3367 1476 auctorem
3416 1422 3609 1476 Martii
3644 1423 3731 1491 10,

2075 1510 2187 1564 erit
2218 1510 2574 1581 Apollinaris
2611 1509 3091 1581 Hierapolitanus
3123 1510 3455 1582 episcopus.
3492 1510 3605 1566 Sed
3638 1527 3732 1566 er-

2072 1615 2236 1654 rasse
2257 1599 2559 1654 Hufﬁnum
2577 1604 2837 1666 constat;
2859 1615 2978 1653 non
2994 1600 3153 1653 enim
3172 1599 3460 1654 Eusebius
3473 1600 3734 1657 affirmat

2073 1689 2478 1761 Apollinarem
2508 1689 2635 1744 haec
2689 1688 3016 1759 scripsisse,
3053 1688 3157 1743 sed
3189 1689 3374 1744 alium
3407 1690 3724 1760 quemdam

2073 1794 2143 1833 ex
2172 1777 2591 1849 eloquentibus
2622 1778 2764 1832 viris
2795 1793 2944 1848 quos
2975 1777 3303 1848 Apollinari
3338 1779 3628 1852 adjungit,
3661 1784 3727 1837 ut

2070 1867 2432 1939 jampridem
2464 1884 2498 1922 a
2527 1867 2668 1922 viris
2723 1866 2911 1922 doctis
2965 1866 3258 1923 Halloixio
3301 1872 3359 1922 et
3411 1868 3637 1923 Valesio
3671 1874 3730 1924 et

2077 1957 2451 2013 observatum
2510 1961 2568 2012 et
2621 1955 2857 2012 abunde
2908 1955 3219 2027 probatum
3271 1961 3377 2012 est.
3410 1957 3491 2014 De
3532 1959 3728 2014 Zotico

2077 2048 2236 2118 quod
2256 2047 2358 2116 ait,
2377 2046 2754 2120 apertissima
2783 2045 3016 2102 fallacia
3041 2051 3150 2101 est.
3194 2047 3454 2101 Zoticum
3487 2048 3731 2120 quidem

2077 2137 2622 2208 compresbyterum
2673 2153 2846 2192 suum
2876 2140 3063 2202 vocat,
3100 2135 3212 2189 sibi
3243 2135 3304 2190 in
3336 2135 3736 2208 disputatione

2077 2247 2210 2285 cum
2244 2230 2618 2285 Montanistis
2649 2235 2980 2295 astantem;
3005 2229 3267 2284 Zoticum
3301 2228 3479 2284 etiam
3513 2230 3736 2302 episco-

2075 2337 2216 2392 pum
2247 2324 2442 2385 vocat;
2472 2319 2576 2374 sed
2607 2319 2708 2374 ille
2739 2335 2916 2390 quem
2949 2318 3496 2390 compresbyterum
3523 2320 3728 2392 appel—

2075 2409 2178 2474 lat,
2213 2411 2464 2464 Otrenus
2495 2409 2640 2474 fuit;
2672 2407 2775 2463 ille
2812 2423 2989 2478 quem
3040 2407 3384 2479 episcopum
3431 2409 3719 2477 nominat,

2075 2498 2481 2553 Comanensis.
2516 2499 2722 2553 Otrum
2761 2495 2823 2550 in
2867 2496 3121 2568 Phrygia
3151 2497 3426 2565 Salutari,
3461 2498 3719 2556 Comena

2074 2587 2133 2641 in
2161 2587 2443 2641 Armenia
2471 2581 2734 2641 secunda
2762 2585 2894 2639 fuit.
2929 2585 3184 2640 Otrenus
3216 2586 3328 2657 ipsi
3361 2591 3552 2642 astare
3584 2587 3726 2642 dici-

2073 2681 2189 2745 tur,
2222 2692 2356 2731 cum
2379 2675 2506 2746 jam
2541 2677 2604 2729 l3
2637 2679 2770 2745 post
2800 2679 3053 2728 mortem
3085 2675 3420 2730 Maximillae
3453 2677 3596 2730 anni
3622 2677 3732 2732 flu-

2070 2766 2297 2820 xissent
2313 2781 2326 2830 ;
2343 2764 2725 2820 Comanensis
2741 2763 3097 2818 examinavit
3110 2763 3382 2834 spiritum
3398 2764 3731 2820 Maximilla)

2073 2855 2214 2909 dum
2265 2853 2457 2908 adhuc
2504 2853 2725 2908 viveret
2755 2858 2811 2908 et
2842 2851 3150 2906 insaniret.
3199 2852 3322 2906 Duo
3355 2852 3533 2924 igitur
3572 2855 3727 2925 apud

2075 2960 2443 3015 anonymum
2499 2942 2678 2997 Zotici
2727 2944 2989 3009 fuerunt,
3023 2941 3331 3013 presbyter
3363 2942 3635 3009 Otrenus,
3669 2949 3727 2999 et

2076 3033 2387 3104 episcopus
2409 3030 2814 3086 Comanensis.
2843 3029 3000 3083 Vidit
3019 3029 3145 3083 huic
3175 3029 3725 3100 perspicacissimus

2075 3123 2141 3176 H.
2177 3121 2440 3176 Valesius
2472 3126 2531 3174 et
2559 3119 2886 3184 admonuit,
2923 3141 2950 3167 ‹‹
2984 3118 3464 3188 distinguendum
3497 3119 3592 3174 hic
3621 3121 3725 3174 Zo-

2075 3211 2255 3266 ticum
2288 3212 2572 3266 Otrenum
2603 3225 2636 3264 a
2674 3209 2867 3263 Zotico
2917 3208 3310 3273 Comanensi;
3346 3224 3483 3263 nam
3515 3210 3725 3264 Coma-

2074 3302 2276 3357 nensis
2301 3301 2400 3356 ille
2425 3301 2729 3372 antiquior
2749 3299 3068 3355 fuit.»Cum
3092 3305 3288 3354 autem
3313 3299 3468 3365 illos,
3499 3301 3597 3372 qui
3621 3303 3731 3357 Ec-

2074 3392 2271 3447 clesiae
2308 3397 2628 3464 Ancyranae
2687 3389 3018 3462 presbyteri
3072 3394 3378 3459 vocantur,
3413 3391 3724 3463 episcopos

2070 3482 2488 3551 faciat,miram
2517 3482 2810 3537 rationem
2833 3480 3005 3536 affert
3023 3479 3278 3534 Dallmus
3305 3497 3319 3545 ;
3345 3495 3558 3551 nempe
3584 3481 3724 3551 quia

2071 3589 2435 3644 anonymum
2463 3595 2489 3622 «ς
2526 3576 2822 3644 rogarant,
2857 3575 2920 3624 ut
2951 3586 3082 3640 quas
3114 3585 3312 3624 coram
3346 3568 3490 3639 ipsis
3520 3569 3720 3640 dispu-

2072 3667 2312 3730 taverat,
2345 3662 2556 3717 litteris
2607 3660 2891 3716 mandare
2945 3659 3139 3714 vellet.
3198 3657 3306 3713 Illa
3356 3658 3514 3712 enim
3555 3675 3717 3725 cura,

2070 3751 2284 3822 inquit,
2317 3751 2554 3822 proprie
2587 3749 2659 3804 ad
2690 3748 3039 3820 praepositos
3066 3747 3243 3818 primi
3277 3745 3501 3800 ordinis
3532 3746 3720 3818 perti-

2069 3847 2190 3897 net.
2229 3865 2248 3890 ι
2288 3843 2459 3912 Papae
2481 3842 2508 3895 ‘?
2537 3843 2676 3895 Erat
2731 3842 2973 3910 Ancyrae
3004 3854 3335 3909 anonymus
3362 3853 3375 3891 :
3409 3843 3467 3892 et
3495 3836 3546 3890 οἱ
3577 3833 3714 3892 κατᾶ

2065 3931 2231 3984 τόπον
2297 3923 2652 4003 πρεσϐύτεροι
2714 3928 2803 3999 (ut
2857 3927 3033 3999 paulo
3090 3931 3248 3996 ante,
3299 3926 3332 3993 ἡ
3383 3927 3518 3980 κατὰ
3547 3924 3714 3981 τόπον

2069 4017 2408 4090 Ἐκκλησῖα),
2442 4019 2551 4074 hoc
2584 4023 2691 4085 est,
2715 4042 2741 4066 ‹‹
2774 4017 2901 4088 ejus
2923 4016 3065 4085 loci,
3086 4032 3190 4070 seu
3222 4015 3495 4071 Ecclesiae
3526 4017 3719 4086 Ancy-

2067 4126 2228 4164 ranm
2255 4108 2606 4181 presbyteri,
2631 4128 2659 4156 ››
2691 4107 2803 4161 hoc
2834 4105 2906 4160 ab
2939 4121 3006 4160 eo
3038 4105 3361 4176 postulant.
3396 4106 3483 4159 An
3516 4105 3719 4177 plures

2066 4204 2209 4255 tunc
2265 4197 2547 4269 temporis
2601 4199 2846 4268 Ancyrae
2905 4199 3074 4250 erant
3127 4194 3436 4266 episcopi?
3477 4195 3716 4250 Minime

2067 4295 2244 4344 certe.
2279 4291 2368 4344 An
2399 4303 2604 4360 rogare
2636 4287 2896 4357 aliquem
2935 4289 3001 4339 ut
3042 4283 3280 4351 scribat,
3315 4283 3600 4340 ofﬁicium
3632 4290 3721 4341 est

2068 4378 2328 4450 episcopi
2347 4375 2706 4449 presbyteris
2733 4374 2978 4430 minime
3003 4377 3347 4444 competens
3363 4372 3533 4427 ιῒΝοῐι
3551 4379 3716 4445 puto.

2067 4469 2122 4524 Si
2155 4469 2214 4523 id
2243 4483 2444 4523 verum
2468 4467 2562 4532 sit,
2589 4482 2788 4534 nemo,
2821 4465 3052 4537 opinor,
3086 4462 3370 4518 Dallaeum
3402 4463 3625 4534 rogavit
3655 4469 3722 4519 ut

301 4560 359 4610 et
389 4555 689 4610 lulianum
714 4556 1064 4625 Apameum.
1089 4554 1232 4610 Mire
1260 4555 1385 4609 haec
1418 4554 1492 4609 ad
1522 4571 1688 4609 suam
1715 4572 1954 4612 causam
1991 4545 2034 4608 Ι)
2065 4559 2529 4629 disputationem
2578 4557 2732 4611 hanc
2792 4555 3006 4610 litteris
3061 4553 3394 4608 mandaret.
3428 4553 3717 4608 Petebant

301 4659 335 4697 a
363 4643 670 4699 Blondello
703 4643 924 4698 omissa
955 4643 1133 4698 trahit
1174 4643 1446 4698 Dallaeus.
1480 4645 1825 4715 Anonymus
1855 4645 1952 4701 ille

304 4754 332 4786 ι
382 4750 445 4787 se
503 4733 768 4804 quidem,
827 4732 1042 4802 inquit,
1100 4732 1515 4804 presbyterum
1578 4739 1635 4788 et
1692 4735 1953 4790 Zoticum

295 4824 618 4895 quemdam
649 4825 933 4878 Otrenum
969 4824 1512 4895 sympresbyterum
1544 4841 1719 4879 suum
1757 4831 1943 4895 vocat,

297 4930 435 4969 cum
456 4919 660 4968 tamen
692 4929 764 4968 ex
795 4913 869 4966 iis
901 4929 1031 4983 quae
1063 4929 1096 4968 a
1127 4929 1188 4967 se
1211 4912 1368 4984 apud
1390 4915 1682 4984 Ancyram
1717 4914 1952 4970 Galatiae

293 5009 461 5075 gesta
489 5007 716 5069 narrat,
745 5002 888 5057 satis
917 5007 1197 5072 appareat
1223 5019 1381 5069 eum,
1401 5002 1668 5074 adeoque
1693 5008 1751 5058 et
1769 5004 1954 5060 colle-

293 5108 429 5165 gam
460 5092 747 5158 Zoticum,
781 5096 1100 5162 utrumque
1132 5091 1194 5146 in
1226 5091 1416 5162 primo
1450 5091 1824 5149 sacerdatum
1857 5111 1950 5149 or-

295 5182 436 5236 dine
466 5182 711 5237 fuisse.»
732 5183 804 5236 Ut
828 5181 960 5252 quis
983 5181 1085 5251 qui
1115 5181 1427 5252 episcopus
1459 5185 1614 5236 esset
1642 5181 1949 5239 historiam

294 5272 386 5326 sui
421 5270 708 5342 temporis
739 5274 797 5325 et
824 5286 920 5324 res
963 5270 1036 5325 ab
1092 5271 1219 5341 ipso
1274 5274 1467 5343 gestas
1497 5284 1856 5341 memorans,
1890 5290 1952 5328 se

290 5361 713 5433 presbyterum
729 5364 984 5427 vocaret,
1007 5359 1311 5430 aliumque
1332 5360 1514 5415 etiam
1535 5360 1952 5433 coepiscopum

293 5468 404 5508 suo
435 5449 633 5517 titulo,
667 5464 739 5503 ea
781 5449 1114 5520 praesertim
1145 5454 1315 5504 aetate
1347 5465 1464 5520 qua
1494 5449 1756 5522 episcopi
1790 5469 1951 5509 sum-

288 5556 459 5598 mum
475 5540 540 5594 in
568 5537 832 5594 Ecclesia
852 5539 1251 5610 principatum
1275 5538 1400 5594 sine
1424 5540 1825 5596 controversia
1846 5541 1950 5598 ob-

290 5630 589 5702 tinebant,
625 5628 804 5686 simul
852 5628 1152 5702 spoliaret,
1203 5629 1423 5689 mirum
1467 5629 1615 5689 mihi
1646 5632 1737 5688 vel
1765 5633 1949 5707 inspi-

2065 4647 2395 4720 presbyteri
2425 4651 2491 4702 ut
2538 4650 2744 4700 contra
2799 4642 3186 4699 Montanistas
3218 4641 3525 4711 scriberet,
3559 4641 3716 4697 idem

2065 4737 2166 4792 diu
2197 4742 2332 4792 ante
2364 4736 2702 4808 injunxerat
2733 4734 3042 4806 episcopus
3074 4731 3338 4786 Avircius
3365 4731 3712 4798 Marcellus;

2063 4826 2134 4880 ab
2193 4826 2312 4880 illis
2369 4830 2629 4896 rogatus,
2687 4824 2758 4878 ab
2817 4823 2928 4877 hoc
2986 4817 3302 4891 ἐπιταχθεὶς
3359 4823 3477 4873 tres
3535 4818 3715 4873 libros

2063 4913 2414 4985 conscripsit
2440 4913 2558 4968 sive
2588 4928 2946 4983 anonymus,
2971 4910 3090 4965 sive
3120 4908 3387 4963 Asterius
3419 4906 3709 4964 Urbanus:

2062 5005 2124 5059 in
2159 5004 2373 5074 quibus
2404 5008 2464 5057 et
2492 5003 2752 5073 seipsum
2784 5006 2840 5056 et
2872 5000 3130 5055 Zoticum
3161 4999 3466 5062 Otrenum,
3503 5001 3562 5050 et
3590 4998 3712 5052 An-

2062 5110 2294 5166 cyranaa
2333 5091 2611 5148 Ecclesiae
2669 5091 3048 5163 presbyteros
3108 5087 3397 5152 nominat,
3448 5085 3712 5142 Zoticum

2062 5189 2259 5240 autem
2291 5184 2722 5238 Comanensem
2755 5185 2812 5234 et
2839 5179 3140 5234 Iulianum
3172 5182 3498 5249 Apameum
3533 5196 3561 5225 «
3595 5176 3716 5247 epi-

2063 5287 2378 5345 scoporum
2410 5293 2436 5322 »
2479 5270 2650 5324 titulo
2683 5269 3049 5325 cohonestat.

2134 5362 2396 5435 Denique
2425 5359 2691 5432 quamvis
2717 5373 2975 5414 canones
2999 5353 3308 5428 apostolici
3333 5353 3404 5409 ab
3429 5352 3714 5426 apostolis

2062 5453 2206 5525 ipsis
2237 5450 2438 5524 scripti
2471 5465 2591 5505 non
2624 5448 3005 5517 sint,constat
3029 5444 3490 5516 tamen,exipsis
3515 5460 3718 5515 quam-

2061 5540 2352 5613 plurimos
2384 5537 2644 5594 secundo
2677 5535 2892 5592 saeculo
2924 5533 3196 5590 conditos
3227 5532 3433 5591 fuisse.
3465 5534 3578 5588 Eos
3609 5549 3718 5591 au-

2062 5637 2184 5689 tem
2215 5630 2656 5688 distinctionem
2679 5629 2836 5688 hanc
2867 5627 3024 5686 inter
3050 5626 3360 5699 episcopos
3389 5629 3449 5683 et
3477 5624 3720 5698 presby-
