4064 6134
349 286 475 348 ιω,

1416 278 1478 341 S.
1525 276 1914 340 IGNATIUS.
1961 306 2037 323 -ι
2078 272 2698 339 PROLEGOMENA.

3642 279 3772 341 420

349 426 508 479 teros
537 424 696 479 caste
729 421 787 475 et
813 421 1100 491 perpetuo
1153 416 1517 485 observasse,
1575 430 1697 469 non
1755 415 1845 468 est
1889 427 1997 468 cur
2024 415 2083 482 Α
2111 410 2512 467 necessarium
2540 408 2849 467 videbatur
2885 410 3183 484 praecipue
3212 409 3569 483 inculcabat,
3596 417 3664 468 ut
3692 413 3767 469 ab

347 513 614 587 probem,
649 525 782 566 cum
817 508 1067 564 Dallceus
1107 508 1217 563 hoc
1250 505 1421 562 nobis
1452 503 1843 559 libentissime
1876 502 1997 558 lar-

347 604 559 676 giatur.
594 623 620 650 ‹‹
651 600 717 655 Ηί
750 614 1029 664 canones,
1061 596 1277 667 inquit,
1311 596 1374 649 in
1404 593 1554 650 duos
1586 593 1849 648 diversos
1895 608 1997 647 or-

345 693 514 748 dines
538 690 950 762 episcoporum
984 691 1041 741 et
1070 685 1553 758 presbyterorum
1586 687 1871 755 perpetuo
1893 681 1993 737 di-

342 782 569 849 vidunt,
602 778 926 851 plurimum
960 778 1116 831 inter
1163 792 1225 830 se
1258 780 1316 829 et
1362 773 1628 841 nomine,
1661 777 1723 827 et
1743 773 1903 844 jure,
1938 777 1996 827 et

343 878 520 943 statu,
566 876 624 927 et
653 869 1002 925 auctoritate
1046 868 1409 935 differentes,
1445 890 1466 920 ι
1505 867 1577 921 De
1601 865 1998 936 pseudepigra-

335 964 469 1036 phis
495 968 672 1032 apost.
708 959 803 1014 lib.
843 975 929 1025 ιιι,
957 974 1085 1030 cap.
1121 959 1205 1012 18.
1250 959 1333 1012 Ex
1361 956 1454 1011 his
1486 960 1686 1011 autem
1718 953 1993 1011 omnibus

344 1050 578 1109 abunde
626 1048 919 1121 patefacta
974 1053 1064 1103 est
1117 1047 1324 1119 primae
1372 1045 1724 1102 assertionis
1754 1045 1992 1110 veritas,

342 1141 491 1197 alios
517 1138 991 1210 quamplurimos
1012 1136 1256 1192 secundi
1271 1136 1472 1191 smculi
1494 1136 1813 1207 scriptores
1833 1133 1993 1189 idem

343 1230 665 1286 discrimen
697 1228 854 1282 inter
883 1225 1166 1281 vocabula
1195 1225 1569 1296 episcopatus
1600 1230 1657 1278 et
1687 1223 1993 1295 presbyte-

343 1325 506 1375 ratus
538 1318 900 1381 observasse,
952 1315 1109 1386 quod
1159 1314 1431 1369 observat
1476 1314 1737 1386 Ignatius
1768 1316 1991 1367 noster.

344 1410 531 1475 Quare
563 1407 722 1478 quod
751 1405 825 1461 ad
855 1404 1099 1460 modum
1132 1403 1415 1475 loquendi
1441 1404 1501 1458 in
1535 1404 1643 1459 hac
1665 1419 1728 1458 re
1759 1403 1992 1468 attinet,

342 1499 535 1572 potuit
563 1495 835 1568 ejusdem
866 1495 1054 1550 mtatis
1085 1512 1221 1550 cum
1243 1495 1335 1549 his
1357 1493 1634 1549 omnibus
1665 1508 1794 1548 esse
1826 1492 1993 1563 lgna-

342 1590 461 1645 tius
487 1587 853 1661 epistolicus,
886 1584 1046 1656 quod
1076 1601 1186 1640 nos
1219 1601 1356 1640 eum
1388 1583 1677 1640 Salmasio
1705 1588 1764 1640 et
1788 1583 1995 1639 Alber-

342 1678 468 1734 tino
499 1676 811 1733 sentimus.

2104 500 2398 556 hmreticis
2430 505 2487 555 et
2508 500 2902 556 sehismaticis
2924 505 3220 570 caverent,
3246 518 3319 556 ne
3344 501 3434 556 illi
3455 501 3634 557 latius
3656 502 3767 559 ad-

2103 589 2221 644 hue
2253 593 2584 659 serperent.
2618 590 2964 646 Remedium
2998 590 3137 646 huic
3177 590 3331 646 malo
3365 592 3624 647 maxime
3657 609 3769 665 op-

2104 684 2426 751 portunum
2445 678 2840 749 indicabat,ut
2853 680 3007 736 clero
3022 698 3127 737 suo
3144 698 3350 736 omnes
3365 681 3766 752 adhaererent,

2104 777 2164 827 et
2191 770 2583 827 Christianam
2607 771 2896 827 unitatem
2915 772 3178 827 colerent
3199 790 3219 836 ;
3250 788 3579 844 omnesque
3613 772 3762 828 cleri

2103 870 2343 926 ordines
2362 870 2450 925 sui
2473 870 2587 925 loci
2612 870 2959 941 dignitatem
2980 870 3562 927 obtinerent.Crebro
3582 872 3767 944 igitur

2103 958 2345 1015 ordines
2360 974 2559 1014 sacros
2572 959 2884 1032 distinguit
2900 964 2958 1013 et
2976 965 3375 1030 enumerat,et
3391 959 3765 1033 singulorum

2101 1048 2378 1104 ordinum
2401 1048 2723 1105 nonnullos
2733 1050 2861 1121 jam
2878 1066 2986 1105 suo
3008 1050 3205 1106 ofﬁcio
3227 1050 3540 1122 iungentes
3560 1052 3757 1107 nomi-

2102 1142 2241 1205 nat;
2275 1139 2400 1193 hwc
2431 1142 2629 1193 autem
2662 1143 2819 1193 recte
2851 1138 2978 1194 fieri
3027 1155 3149 1195 non
3180 1144 3524 1211 potuerunt,
3556 1139 3674 1196 nisi
3702 1145 3765 1196 et

2104 1227 2383 1284 ordinum
2414 1229 2658 1284 nomina
2681 1228 2959 1285 distincte
2981 1230 3342 1289 enuntiaret.
3368 1232 3567 1303 Neque
3599 1232 3763 1287 enim

2102 1320 2221 1373 tres
2243 1317 2483 1373 ordines
2503 1318 2653 1373 bene
2675 1317 3169 1391 distinguere,aut
3190 1319 3403 1391 cuique
3427 1337 3535 1376 sua
3563 1319 3768 1377 ofﬁcia

2102 1423 2161 1474 et
2190 1417 2505 1489 dignitates
2564 1422 2724 1473 recte
2781 1419 3084 1488 assignare
3132 1421 3344 1491 potuit,
3384 1421 3500 1476 nisi
3542 1422 3765 1493 cuique

2101 1508 2281 1564 etiam
2313 1509 2618 1580 proprium
2660 1507 2903 1579 aliquod
2949 1525 3170 1565 nomen
3225 1509 3494 1582 afﬁgeret
3520 1534 3535 1579 ε
3564 1527 3763 1582 neque

2106 1597 2438 1670 singulares
2467 1598 2739 1653 homines
2762 1603 2902 1653 tunc
2925 1600 3211 1671 temporis
3243 1599 3421 1655 certis
3451 1600 3765 1656 ordinibus

2101 1687 2432 1756 distinctos,
2456 1693 2516 1744 et
2545 1688 2743 1744 ofﬁcia
2771 1687 3006 1744 diversa
3035 1689 3097 1745 in
3130 1689 3341 1745 eadem
3380 1689 3629 1746 ecclesia
3657 1706 3766 1746 ex-

411 1765 683 1823 Secunda
711 1764 961 1819 θεεεῐιὶο
1018 1768 1146 1818 BSt:
1204 1762 1444 1820 Nullum
1501 1762 1746 1819 secundi
1789 1763 1990 1819 8113611“
2022 1782 2069 1850 Β
2099 1782 2438 1849 sequentes,
2471 1777 2891 1833 commendare
2920 1778 3133 1850 potuit,
3156 1779 3273 1835 nisi
3307 1778 3414 1834 sub
3445 1779 3590 1835 certi
3619 1795 3760 1851 διεδ..

340 1856 692 1927 scriptorem
722 1852 869 1909 adeo
913 1852 1250 1924 promiscue
1307 1851 1610 1908 vocabulis
1638 1851 1901 1924 episcOpi
1931 1858 1992 1909 et

338 1944 670 2017 presbyteri
698 1958 873 1999 usum
897 1958 1048 2011 esse,
1071 1946 1138 1999 ut
1155 1940 1411 2013 simplici
1441 1941 1785 2013 presbytero
1815 1942 1878 1997 in
1901 1959 1989 1998 se-

338 2033 534 2091 cundo
559 2032 876 2089 ministerii
894 2031 1079 2105 gradu
1095 2032 1415 2087 constituto
1443 2048 1707 2103 unquam
1726 2032 1986 2104 episcopi

335 2139 557 2180 nomen
590 2121 894 2178 tribueret.
921 2123 1039 2177 Hoc
1060 2121 1207 2177 adeo
1230 2126 1430 2193 aperte
1453 2137 1654 2177 verum
1678 2125 1784 2189 est,
1808 2126 1875 2177 ut
1900 2121 1987 2176 illi

335 2213 469 2286 ipsi,
493 2212 594 2284 qui
626 2210 958 2268 confusioni
991 2211 1300 2266 nominum
1329 2216 1635 2282 tantopere
1666 2212 1984 2280 inhaerent,

335 2308 392 2359 et
414 2300 787 2375 apostolosid
799 2300 1006 2356 fecisse
1030 2300 1287 2357 maxime
1308 2301 1777 2369 contendunt,ne
1800 2316 1985 2356 unum

335 2392 579 2464 quidem
611 2391 807 2447 locum
831 2408 901 2446 ex
922 2391 1199 2447 omnibus
1221 2391 1380 2446 illius
1406 2391 1609 2445 saeculi
1636 2407 1987 2446 monumen-

332 2482 411 2537 tis
444 2480 639 2537 adhuc
671 2482 882 2537 aﬁ‘erre
914 2480 1217 2551 potuerint
1246 2497 1363 2551 quo
1390 2480 1686 2553 quispiam
1719 2482 1818 2551 qui
1850 2496 1983 2552 pre~

334 2571 536 2644 sbyter
564 2576 795 2627 tantum
828 2575 1002 2635 esset,
1034 2587 1143 2626 nec
1200 2570 1560 2642 presbyteris
1614 2586 1749 2625 cum
1782 2575 1981 2627 aucto-

333 2660 508 2716 ritate
532 2664 832 2731 praeesset,
868 2659 1177 2731 episcopus
1224 2658 1541 2714 diceretur.
1575 2660 1754 2713 Miror
1782 2659 1982 2730 itaque

334 2748 622 2805 Dallaeum
654 2749 765 2805 hoc
801 2748 1021 2821 lgnatio
1071 2747 1378 2819 epistolico
1440 2747 1719 2819 objicere,
1751 2755 1817 2804 ut
1844 2766 1982 2805 eum

331 2855 406 2894 ex
438 2839 697 2894 secundo
729 2838 941 2894 smoulo
980 2837 1198 2908 ejiciat,
1260 2842 1317 2893 et
1372 2837 1447 2893 ad
1479 2836 1660 2892 ﬁnem
1692 2838 1848 2893 tertii
1880 2846 1983 2897 aut

328 2928 522 2999 quarti
555 2928 792 2984 initium
824 2927 1151 2999 deprimat;
1173 2943 1309 2982 cum
1329 2943 1538 2982 omnes
1570 2926 1839 2998 ejusdem
1870 2946 1983 2983 sa:-

326 3018 443 3075 culi
465 3018 775 3089 scriptores
797 3016 1057 3089 episcopi
1081 3032 1299 3071 nomen
1326 3015 1453 3087 pari
1475 3032 1610 3071 cum
1633 3015 1978 3074 discrimine

329 3112 388 3163 et
428 3107 758 3162 reverentia
788 3122 1064 3177 supremo
1089 3105 1283 3160 ordini
1313 3121 1549 3176 semper
1578 3106 1865 3174 tribuant,
1897 3124 1983 3163 se-

328 3196 523 3251 cundo
581 3210 909 3265 nunquam.
963 3216 991 3243 ‹‹
1044 3195 1397 3265 Episcopum
1454 3193 1727 3264 apostoli,
1761 3194 1977 3265 inquit,

327 3284 628 3338 interdum
680 3282 888 3338 dicunt
914 3283 1015 3353 qui
1066 3283 1310 3338 secundi
1342 3282 1569 3337 ordinis
1601 3287 1724 3348 est;
1757 3283 1979 3354 episto-

328 3373 521 3429 larum
554 3373 806 3445 scriptor
832 3388 1138 3443 nunquam
1164 3389 1177 3426 :
1212 3372 1323 3427 hoc
1353 3371 1574 3443 ubique
1596 3388 1816 3427 nomen
1838 3389 1978 3428 con-

327 3463 690 3518 stantissime
747 3479 852 3534 pro
916 3461 1133 3517 summi
1190 3460 1405 3533 gradus
1453 3461 1772 3533 praaposito
1804 3479 1978 3518 usur-

326 3568 494 3624 pans.
529 3572 555 3604 ι
588 3553 725 3617 Quae
768 3551 840 3607 de
893 3550 1173 3622 apostolis
1231 3550 1395 3620 dicit,
1449 3555 1739 3622 quantum
1770 3556 1978 3608 contra

324 3659 460 3698 suos
488 3641 735 3710 faciunt,
767 3657 925 3698 nunc
956 3658 1076 3696 non
1133 3639 1387 3695 discutio
1418 3656 1432 3705 ;
1484 3656 1615 3711 qua)
1646 3639 1719 3694 de
1752 3641 1975 3713 lgnatio

320 3731 607 3803 loquitur,
667 3747 805 3787 eum
860 3747 979 3787 non
1036 3730 1225 3802 magis
1280 3729 1505 3785 feriunt
1561 3746 1739 3800 quam
1771 3746 1976 3785 omnes

324 3821 591 3894 ejusdem
624 3820 813 3876 aztatis
856 3820 1177 3891 scriptores
1207 3819 1279 3875 ab
1312 3819 1440 3891 ipso
1492 3819 1671 3874 etiam
1719 3819 1974 3876 maxime

322 3910 593 3966 laudatos
618 3932 633 3977 ;
657 3912 758 3982 qui
791 3911 1022 3981 quoties
1044 3910 1389 3981 episcopum
1413 3908 1974 3981 nominant,ubique

322 4000 467 4056 illud
489 4016 708 4056 nomen
726 4017 831 4072 pro
849 4000 1065 4056 summi
1086 3998 1304 4072 gradus
1326 3999 1640 4071 praeposito
1663 4004 1972 4070 usurpant.

320 4090 567 4146 Unicum
602 4090 778 4162 igitur
808 4089 1035 4145 crimen
1084 4087 1294 4161 Ignatii
1338 4088 1525 4143 nostri
1577 4093 1781 4150 restat.
1817 4088 1976 4158 quod

321 4196 422 4235 eos
453 4179 553 4250 qui
594 4196 796 4233 revera
844 4178 1101 4250 episcopi
1133 4181 1352 4242 essent,
1387 4193 1696 4247 nunquam
1727 4177 1975 4248 presby-

319 4273 478 4324 teros
510 4272 763 4335 vocaret,
823 4285 957 4323 cum
1010 4284 1079 4323 eo
1137 4267 1377 4322 nomine
1426 4265 1562 4321 illos
1592 4264 1976 4338 indigitarent

322 4355 593 4429 ejusdem
618 4355 807 4411 uitatis
835 4356 1175 4429 scriptores,
1193 4361 1259 4410 ut
1281 4355 1370 4410 illi
1388 4354 1613 4424 volunt,
1637 4371 1848 4409 omnes
1872 4371 1885 4421 ;
1908 4360 1976 4411 ut

320 4463 432 4503 nos
463 4446 854 4513 ostendimus,
886 4445 1191 4517 perpauci.
1219 4444 1328 4501 Sed
1358 4450 1417 4500 et
1447 4445 1543 4500 hic
1573 4445 1799 4516 optima
1821 4445 1972 4500 ratio

2098 1867 2209 1925 dus
2237 1867 2479 1923 nomine
2510 1872 2687 1938 atque
2718 1868 3080 1923 charactere.
3113 1869 3254 1933 Quis
3287 1869 3445 1924 enim
3471 1873 3586 1924 tres
3618 1883 3756 1940 gra-

2098 1957 2208 2014 dus
2244 1973 2621 2025 enumerans,
2677 1956 3077 2029 presbyteros,
3130 1963 3188 2013 et
3241 1957 3639 2030 presbyteros,
3687 1962 3751 2014 et

2097 2056 2377 2112 diaconos
2397 2056 2659 2112 diceret?
2678 2056 2813 2127 quis
2836 2055 3212 2129 presbyteros
3234 2056 3594 2129 presbyteris
3616 2055 3760 2111 sub-

2088 2146 2281 2217 jectos
2313 2161 2441 2200 esse
2498 2144 2714 2200 debere
2769 2144 3052 2201 doceret?
3082 2145 3217 2216 quis
3248 2145 3398 2201 duos
3439 2146 3759 2202 ministros

2097 2235 2309 2291 eodem
2330 2238 2594 2305 tempore
2618 2233 2849 2289 diversa
2871 2238 2926 2288 et
2953 2233 3234 2290 distincta
3253 2234 3451 2291 ofﬁcia
3471 2241 3531 2291 et
3550 2250 3758 2307 Opere,

2096 2329 2154 2378 et
2188 2327 2363 2392 statu,
2388 2327 2447 2378 et
2475 2322 2760 2392 dignitate
2794 2324 3034 2378 sortitos
3066 2323 3586 2384 indiscriminatim
3619 2347 3762 2402 pre-

2095 2414 2363 2485 sbyteros
2382 2411 2749 2484 appellaret?
2771 2413 3046 2485 Episcopi
3072 2429 3292 2470 nomen
3316 2418 3493 2473 toties
3516 2418 3578 2475 in
3603 2420 3764 2476 Scri—

2093 2503 2283 2575 pturis
2333 2507 2730 2557 memoratum
2780 2506 2922 2557 tunc
2971 2518 3093 2558 non
3134 2506 3447 2563 evanuisse
3483 2514 3763 2577 constat;

2094 2592 2320 2647 nemini
2335 2591 2589 2664 simplici
2611 2592 2954 2663 presbytero
2972 2609 3043 2649 ea
3060 2598 3231 2649 aetate
3245 2596 3597 2655 attributum
3623 2615 3757 2656 esse

2092 2710 2163 2749 ex
2180 2693 2445 2748 omnium
2457 2693 2815 2763 scriptorum
2834 2692 3072 2748 silentio
3092 2701 3340 2766 apparet
3363 2715 3377 2764 ;
3404 2704 3529 2753 erat
3552 2698 3754 2770 itaque

2092 2782 2283 2853 primo
2306 2780 2500 2836 ordini
2536 2786 2674 2835 tunc
2706 2788 3068 2836 reservatum
3097 2789 3154 2838 et
3185 2788 3627 2858 appropriatum
3653 2804 3666 2854 ;
3693 2793 3752 2843 et

2093 2871 2345 2926 absurde
2378 2870 2608 2925 locutus
2640 2875 2795 2925 esset
2833 2872 3117 2942 lgnatius,
3151 2873 3278 2944 ipse
3310 2875 3484 2930 etiam
3513 2878 3751 2948 episco-

2092 2978 2222 3032 pus,
2257 2960 2307 3014 si
2337 2976 2556 3015 nomen
2590 2960 2783 3030 primo
2843 2959 3037 3015 ordini
3096 2978 3440 3018 concessum
3470 2964 3740 3019 inferiori

2092 3048 2434 3115 tribuisset;
2487 3054 2545 3104 et
2603 3065 2735 3103 cum
2794 3048 3169 3122 presbyteros
3216 3058 3499 3117 moneret,
3532 3057 3597 3107 ut
3626 3069 3735 3108 suo

2020 3147 2063 3215 α
2093 3140 2315 3211 quique
2350 3140 2622 3211 episcopo
2653 3144 2953 3210 parerent,
2974 3139 3134 3211 ipsos
3157 3157 3190 3195 a
3210 3141 3423 3212 quibus
3454 3141 3740 3198 obedien-

2091 3230 2235 3286 tiam
2267 3228 2604 3301 postulabat
2632 3230 2962 3300 episcopos,
2995 3236 3097 3285 aut
3128 3231 3313 3300 illum,
3338 3232 3431 3287 cui
3462 3232 3742 3289 obedien-

2090 3320 2231 3373 tiam
2262 3318 2660 3389 praastandam
2692 3318 2961 3386 docebat,
2995 3320 3406 3393 presbyterum
3439 3322 3745 3394 appellas-

2091 3413 2199 3464 set.
2231 3410 2412 3479 Aique
2445 3408 2605 3463 enim
2637 3407 2930 3463 absonum
2960 3408 3214 3477 videtur,
3251 3415 3317 3466 ut
3350 3411 3484 3481 quis
3517 3412 3748 3484 episco-

2088 3526 2195 3580 pos
2230 3508 2524 3580 episcopo,
2550 3512 2651 3562 aut
2673 3507 3049 3579 presbyteros
3077 3510 3425 3582 presbytero
3448 3513 3747 3584 subjectos

2089 3614 2218 3652 esse
2249 3597 2465 3651 debere
2497 3595 2757 3664 doceret,
2804 3602 2862 3652 et
2910 3598 2972 3653 in
3004 3614 3071 3653 eo
3103 3606 3523 3671 argumentum
3557 3602 3751 3658 collo—

2087 3692 2267 3755 caret,
2292 3685 2623 3759 prmsertim
2670 3702 2805 3741 cum
2864 3686 2935 3742 de
2996 3688 3317 3744 schismate
3348 3695 3648 3758 tractaret,
3681 3693 3751 3749 in

2086 3792 2204 3847 qua
2224 3791 2287 3830 re
2311 3775 2686 3830 notissimum
2713 3781 2823 3844 est,
2846 3776 3122 3833 Ecclesiae
3146 3778 3401 3834 salutem
3431 3780 3492 3835 in
3523 3782 3751 3838 summi

2086 3864 2431 3933 sacerdotis,
2454 3864 2566 3918 hoc
2590 3868 2676 3919 est
2698 3865 2981 3937 episcoPi,
3007 3866 3292 3937 dignitate
3326 3870 3621 3940 pendere;
3647 3872 3745 3926 cui

2086 3951 2133 4007 si
2178 3967 2299 4005 non
2330 3967 2535 4005 exsors
2568 3949 2840 4021 quaedam
2884 3957 2944 4005 et
2987 3952 3059 4006 ab
3092 3953 3434 4010 hominibus
3467 3958 3746 4012 eminens

2084 4040 2259 4095 detur
2278 4044 2653 4111 potestas,tot
2671 4039 2731 4093 in
2758 4039 3021 4095 Ecclesia
3038 4041 3375 4099 efﬁcientur
3397 4045 3748 4114 schismata,

2086 4135 2230 4201 quot
2257 4128 2619 4195 sacerdotes,
2644 4128 2756 4182 hoc
2783 4134 2872 4183 est
2902 4130 3254 4203 presbyteri.

2156 4258 2240 4313 Sit
2268 4257 2446 4330 igitur
2502 4255 2678 4311 tertia
2733 4257 3016 4312 assertio:
3077 4259 3315 4316 Nullum
3372 4262 3612 4317 omnino
3650 4281 3745 4319 se-

2083 4346 2262 4402 cundi
2310 4343 2514 4400 saeculi
2567 4344 2940 4415 scriptorem,
2986 4364 3121 4403 cum
3160 4349 3375 4421 gradus
3406 4357 3742 4422 enumerat,

2083 4441 2185 4491 aut
2210 4451 2344 4491 eum
2377 4434 2449 4488 de
2507 4433 2909 4506 singularibus
2968 4438 3059 4491 sui
3120 4440 3405 4512 temporis
3443 4439 3741 4499 ministris

321 4534 489 4590 reddi
521 4539 736 4605 potest,
761 4514 943 4605 quare
967 4514 1104 4589 eum
1126 4533 1200 4589 iis
1219 4535 1415 4606 potius
1436 4514 1784 4605 loqueretur
1802 4534 1975 4606 Igna-
2006 4514 2050 4580 D
2083 4525 2367 4597 loquitur,
2401 4539 2620 4578 nomen
2652 4524 2986 4596 presbyteri
3019 4526 3071 4581 ei
3102 4528 3203 4599 qui
3234 4529 3548 4601 episcopus
3575 4536 3742 4588 esset

320 4625 459 4694 tius,
492 4624 592 4695 qui
625 4623 954 4696 presbyteri
995 4640 1215 4679 nomen
1246 4640 1367 4679 non
1399 4625 1600 4680 minus
1630 4639 1813 4694 quam
1842 4622 1970 4695 epi-

319 4712 481 4786 scopi
535 4712 813 4768 distincte
850 4717 909 4769 et
936 4712 1172 4784 proprie
1202 4712 1591 4785 usurpabant,
1625 4729 1804 4784 quam
1834 4728 1970 4767 cum

317 4802 457 4873 illis,
492 4803 593 4874 qui
621 4818 841 4859 nomen
867 4801 1193 4874 presbyteri
1220 4801 1537 4873 aliquando
1562 4803 1836 4874 episcopo
1861 4802 1968 4857 tri-

320 4894 579 4951 buebant
606 4914 621 4961 ;
654 4894 795 4965 quia
823 4893 909 4948 rei
942 4892 1053 4965 ipsi
1086 4909 1264 4964 quam
1295 4892 1584 4948 tractabat
1612 4893 1971 4950 convenien-

319 4983 435 5040 tior
462 4983 652 5040 multo
682 4983 796 5038 fuit
817 4982 1031 5038 horum
1059 4980 1336 5038 distincta
1355 4998 1533 5052 quam
1564 4981 1803 5037 illorum
1834 4999 1969 5038 con-

316 5072 449 5130 fusa
479 5073 651 5129 istius
682 5071 839 5128 vocis
861 5071 1186 5144 usurpatio.
1210 5069 1606 5127 Confluebant
1633 5069 1707 5126 ad
1739 5087 1876 5127 eum
1903 5072 1968 5127 in

317 5162 530 5218 itinere
560 5162 632 5219 ab
665 5160 932 5218 ecclesiis
966 5161 1118 5217 Asiae
1139 5165 1198 5215 et
1223 5160 1505 5233 episcopi,
1527 5160 1964 5232 et.presbyteri,

317 5255 375 5306 et
404 5251 637 5307 diaconi
672 5252 1005 5324 complures
1033 5250 1241 5306 ordine
1274 5255 1333 5305 et
1361 5265 1607 5305 munere
1640 5254 1697 5304 et
1724 5250 1967 5305 nomine

315 5347 374 5396 et
396 5341 684 5412 dignitate
712 5342 975 5398 distincti
998 5360 1012 5409 ;
1037 5341 1108 5397 de
1131 5358 1373 5398 suarum
1397 5339 1785 5396 ecclesiarum
1810 5344 1966 5395 statu

315 5446 452 5486 eum
483 5432 799 5488 certiorem
822 5432 1151 5489 faciebant:
1177 5432 1249 5488 ad
1272 5431 1512 5487 illorum
1544 5429 1821 5486 ecclesias
1847 5430 1967 5502 epi-

316 5518 496 5576 stolas
527 5521 827 5588 exarabat,
858 5523 966 5579 sub
989 5522 1267 5593 martyris
1288 5521 1727 5591 auctoritate,et
1747 5521 1965 5577 summi

317 5609 380 5666 in
407 5608 575 5681 Syria
597 5609 1114 5682 episcOpi,monita
1132 5611 1204 5667 iis
1229 5609 1423 5669 dabat.
1445 5609 1612 5678 Quod
1631 5610 1685 5668 ei
1707 5609 1965 5671 maxime

2079 4613 2376 4670 tribuisse.
2411 4611 2740 4668 Nonnullos
2772 4613 3014 4685 quidem
3045 4615 3288 4673 adducit
3318 4619 3573 4675 Dallaeus
3607 4625 3737 4677 tum

2077 4704 2308 4759 Grmcos
2338 4705 2467 4755 tum
2498 4699 2754 4768 Latinos,
2786 4717 2820 4756 a
2851 4701 3067 4772 quibus
3089 4705 3267 4775 primi
3302 4706 3520 4779 gradus
3549 4723 3746 4763 sacer-

2078 4792 2244 4849 dotes
2258 4811 2286 4841 «
2300 4788 2631 4861 presbyteri
2654 4810 2679 4838 ››
2703 4789 3072 4863 dicerentur;
3090 4794 3194 4849 sed
3213 4794 3261 4850 si
3281 4795 3545 4867 singulos
3569 4813 3747 4855 excu-

2078 4881 2316 4949 tiamus,
2349 4886 2452 4935 aut
2498 4881 2559 4937 id
2608 4896 2729 4935 non
2776 4879 2981 4938 dicunt
3023 4883 3181 4955 quod
3214 4884 3315 4941 ille
3348 4886 3490 4956 vult,
3522 4894 3626 4945 aut
3656 4890 3746 4947 ita

2076 4988 2297 5029 nomen
2328 4969 2659 5044 presbyteri
2690 4977 3003 5043 usurpant,
3028 4990 3163 5029 cum
3189 4975 3406 5049 gradus
3437 4993 3559 5033 non
3591 4995 3744 5035 enu-

2077 5076 2332 5141 merant,
2350 5075 2451 5127 aut
2473 5069 2544 5125 de
2563 5085 2686 5126 sum
2704 5070 2895 5127 aetatis
2918 5072 3209 5146 episcopis
3239 5091 3361 5130 non
3385 5075 3743 5147 loquuntur.

2075 5161 2384 5235 Papias,in
2410 5159 2777 5231 Fragmentis
2801 5177 2931 5231 qum
2954 5169 3295 5235 supersunt,
3318 5181 3476 5220 nunc
3501 5160 3743 5237 πρεσϐυ-

2073 5249 2262 5325 τέρους
2294 5248 2507 5321 plurali
2562 5263 2835 5319 numero,
2869 5266 3027 5306 nunc
3056 5245 3418 5324 πρεσϐύτερον
3449 5252 3741 5325 singulari

2076 5342 2148 5396 de
2177 5340 2353 5395 unico
2384 5338 2613 5393 Joanne
2646 5344 2915 5410 usurpat.
2945 5339 3090 5395 Cum
3119 5340 3333 5411 plurali
3356 5355 3609 5397 numero
3643 5344 3744 5400 ad-

2076 5432 2261 5500 hibet,
2291 5445 2413 5485 non
2442 5428 2633 5499 liquet
2667 5444 2803 5484 eum
2825 5429 2916 5484 vel
2947 5428 3018 5484 de
3048 5429 3157 5484 hoc
3182 5428 3273 5485 vel
3303 5429 3407 5485 illo
3438 5432 3625 5504 gradu
3646 5435 3743 5491 vel

2075 5520 2283 5579 ordine
2306 5516 2614 5592 speciatim
2637 5516 3091 5590 intelligendum
3113 5533 3241 5574 esse
3265 5533 3279 5585 ;
3301 5521 3499 5592 potius
3529 5537 3598 5579 ea
3625 5541 3741 5581 vox

2071 5608 2334 5684 generali
2365 5623 2549 5666 sensu
2592 5606 2939 5679 accipienda
2972 5610 3083 5679 est,
3117 5623 3234 5681 quo
3267 5614 3443 5669 tetate
3473 5615 3735 5686 majores
