4064 6134
311 265 425 328 421

323 416 428 459 seu
460 400 847 475 antiquiores
878 401 1229 475 simpliciter
1250 402 1585 476 signiﬁcare
1618 400 1788 457 solet.
1843 402 1987 458 Cum

330 492 487 548 enim
516 492 741 563 Papias
772 496 1011 564 putaret
1035 509 1106 548 ex
1135 492 1261 547 viva
1288 508 1428 547 voce
1449 491 1760 547 hominum
1784 507 1990 563 super-

328 581 535 637 stitum
564 579 701 651 plus
730 581 1011 636 utilitatis
1041 582 1169 652 capi
1198 582 1482 653 potuisse,
1508 596 1685 651 quam
1713 596 1785 635 ex
1815 580 1993 635 libro-

333 687 466 726 rum
494 669 758 724 lectione
784 687 798 738 ;
829 670 1134 742 quaerebat
1164 688 1234 727 ex
1263 672 1336 726 iis
1367 672 1467 742 qui
1501 674 1672 726 erant
1701 670 1829 741 ipso
1894 685 1983 724 se-

333 759 550 825 niores,
586 758 735 830 quid
776 759 863 814 illi
893 759 1242 816 audiverant
1273 759 1345 815 ab
1374 759 1447 813 iis
1482 759 1582 830 qui
1631 759 1753 814 illis
1809 758 1988 814 etiam

330 849 476 921 ipsis
507 848 777 904 seniores
801 855 974 904 erant
997 865 1010 916 ;
1037 855 1218 921 atque
1244 843 1327 904 ita
1345 848 1583 905 tandem
1608 849 1993 921 perveniebat

326 939 411 995 ad
443 938 1201 1010 testimoniaapostolorum
1235 939 1359 994 viva
1395 955 1534 994 voce
1567 937 1800 993 tradita.
1830 938 1991 1003 Qua:-

332 1029 503 1086 rebat
529 1046 563 1083 a
593 1028 903 1099 discipulis
934 1029 1356 1100 apostolorum,
1388 1029 1517 1100 ipse
1557 1029 1716 1083 enim
1768 1028 1989 1083 nullius

335 1118 589 1190 apostoli
613 1117 940 1189 discipulus
961 1117 1089 1174 fuit.
1120 1117 1504 1190 Presbyteros
1527 1134 1732 1172 omnes
1755 1123 1961 1189 aposto
1976 1145 1990 1157 -

338 1208 785 1277 los,omnesque
807 1207 1023 1262 Christi
1056 1207 1287 1261 Domini
1319 1207 1643 1278 discipulos
1692 1211 1881 1271 vocat,
1914 1206 1987 1261 de

342 1297 455 1352 hoc
513 1295 598 1351 vel
654 1295 758 1350 illo
807 1295 1017 1350 ordine
1047 1295 1367 1351 ministerii
1400 1295 1719 1367 evangelici
1750 1296 1822 1350 ab
1854 1312 1991 1367 apo-

342 1386 509 1442 stolis
532 1386 806 1441 instituto
820 1402 941 1441 non
953 1387 1198 1442 omnino
1222 1387 1653 1459 agitJoannem
1668 1386 1989 1457 quemdam

340 1477 412 1532 ab
443 1475 713 1547 apostolo
743 1474 1094 1531 distinctum
1124 1492 1277 1548 saepe
1306 1472 1397 1528 τὸν
1426 1469 1789 1549 πρεσϐύτερον
1821 1493 1990 1532 voca-

338 1564 439 1619 bat
460 1579 474 1629 ;
498 1563 604 1618 sed
638 1563 765 1617 ﬁeri
783 1567 979 1634 potest
998 1568 1063 1618 ut
1078 1563 1178 1618 ille
1201 1563 1446 1619 secundi
1470 1562 1695 1620 ordinis
1714 1564 1990 1620 sacerdos

339 1652 517 1710 fuerit
541 1668 555 1718 ;
579 1656 739 1707 certe
770 1651 948 1723 primi
973 1650 1155 1707 fuisse
1185 1658 1451 1708 veterum
1483 1668 1659 1708 nemo
1694 1653 1878 1719 dixit;
1903 1653 1989 1708 ni-

336 1744 447 1798 mis
466 1746 666 1797 autem
690 1741 920 1797 incerta
948 1746 1105 1813 sunt,
1141 1759 1272 1814 quas
1303 1742 1365 1797 in
1416 1743 1739 1798 Clementis
1770 1743 1987 1798 Consti-
2021 1783 2069 1847 Β

337 1832 660 1900 tutionibus,
683 1831 757 1886 de
777 1833 1003 1888 Joanne
1033 1834 1312 1888 aJoanne
1345 1833 1621 1905 episcopo
1650 1832 1805 1889 facto
1837 1834 1990 1889 refe-

336 1923 832 1978 runtur.Marcum
868 1922 969 1992 qui
1002 1922 1205 1978 volunt
1225 1922 1299 1977 ab
1322 1938 1390 1978 eo
1413 1923 1592 1978 etiam
1623 1916 1985 1996 πρεσϐύτερον

337 2013 588 2073 dictum.
613 2011 793 2067 verba
821 2012 976 2084 apud
1009 2013 1335 2068 Eusebium
1365 2012 1449 2068 ita
1476 2013 1936 2085 interpretantes
1969 2030 1982 2068 :

333 2124 359 2152 «
391 2103 512 2157 Hoc
543 2101 745 2157 senior
774 2102 1000 2157 Marcus
1019 2100 1168 2156 dixit
1190 2102 1345 2156 Petri
1371 2101 1686 2174 interpres,
1708 2123 1737 2153 »
1768 2102 1985 2158 fallun-

338 2197 455 2247 tur.
491 2190 671 2246 Aliud
699 2206 770 2245 ea
799 2190 983 2245 verba
1009 2197 1247 2247 sonant.
1282 2190 1386 2246 Καὶ
1415 2193 1577 2245 τοῦτο
1610 2190 1637 2245 ὁ
1694 2185 1984 2265 πρεσϐύτε-

336 2298 430 2354 ρος
478 2273 685 2354 ἔλεγεν
744 2277 964 2352 Μάρκος
1031 2279 1125 2351 μὲν
1197 2279 1534 2353 ἑρμηνευτὴς
1567 2278 1779 2352 [Ιάτρου
1829 2280 2009 2355 γενὸέ

344 2388 500 2440 μενος
554 2368 653 2420 ὅσα
710 2365 1138 2440 ἐμνημόνευσεν,
1197 2362 1437 2441 ἀκριϐῶς
1503 2361 1756 2443 ἔγραψεν.
1842 2371 1981 2435 Quae

337 2461 478 2515 satis
494 2459 806 2515 commode
837 2475 872 2514 a
901 2459 1133 2515 Rufﬁno
1162 2476 1332 2516 versa
1361 2466 1538 2516 sunt:
1585 2481 1610 2513 ι
1644 2462 1833 2517 Etiam
1868 2462 1979 2517 hoc

331 2550 570 2620 (inquit)
603 2548 912 2621 presbyter
940 2549 1238 2615 narrabat,
1256 2550 1413 2621 quod
1431 2553 1657 2606 Marcus
1687 2551 1981 2623 interpres

337 2639 510 2694 fuerit
540 2638 783 2708 Petri,et
810 2655 1179 2710 quaecunque
1214 2640 1567 2695 meminerat
1596 2639 1668 2695 ab
1703 2656 1769 2695 eo
1803 2639 1977 2707 dicta,

347 2728 843 2799 conscripserit.»
895 2730 1198 2800 Utcunque
1255 2729 1351 2797 sit,
1404 2729 1615 2801 Papias
1673 2745 1980 2801 nunquam

346 2817 549 2887 gradus
578 2818 1014 2873 ecclesiasticos
1055 2824 1386 2886 enumerat,
1446 2835 1753 2890 nunquam
1786 2818 1980 2875 officia

349 2906 672 2978 distinguit;
705 2924 1003 2978 nusquam
1023 2907 1567 2979 episcoporum,aut
1594 2907 1980 2964 diaconorum

342 2996 703 3051 mentionem
727 2996 898 3063 facit;
922 3013 1230 3068 nunquam
1252 2997 1323 3051 de
1347 2998 1621 3069 epiSCOpo
1643 2996 1843 3069 aliquo
1866 2997 1980 3052 sin-

334 3085 520 3157 gulari
553 3090 655 3141 aut
681 3086 1050 3158 presbytero,
1080 3086 1181 3157 qui
1212 3102 1346 3141 cum
1392 3086 1516 3157 ipse
1576 3086 1863 3141 scriberet
1916 3086 1978 3141 in

332 3152 470 3231 vivis
501 3183 660 3231 esset
681 3152 967 3247 loquitur.
1002 3152 1163 3232 lde-m
1191 3177 1370 3232 etiam
1402 3152 1472 3231 de
1504 3178 1728 3232 Irenaeo
1774 3177 1975 3232 dicen-
2009 3152 2057 3220 ί]

328 3265 468 3320 dum
503 3282 517 3333 ;
550 3265 931 3337 presbyteros
960 3266 1321 3338 generaliter
1340 3271 1509 3322 vocat
1539 3266 1979 3338 episcopos,sed

323 3373 658 3427 nunquam,
705 3357 925 3427 gradus
974 3373 1353 3422 enumerans,
1413 3357 1744 3429 singulares
1800 3357 1977 3426 viros,

326 3448 429 3519 qui
461 3446 727 3519 episcopi
758 3447 1013 3515 fuerant,
1072 3447 1451 3519 presbyteros
1507 3446 1816 3519 appellat;
1875 3447 1979 3502 sed

321 3553 573 3609 semper
611 3537 912 3609 antiquos,
962 3537 1169 3608 quales
1219 3540 1389 3592 erant
1443 3537 1494 3590 οἱ
1551 3535 1657 3611 πρὸ
1711 3535 1975 3609 Σώτηρος

330 3620 712 3700 πρεσϐύτεροι,
745 3626 797 3679 οἱ
825 3625 930 3701 πρὸ
961 3629 1058 3680 σοῦ
1115 3620 1494 3701 πρεσϐύτεροι,
1551 3626 1601 3679 οἱ
1659 3624 1764 3700 πρὸ
1814 3624 1978 3680 αὐτοῦ

325 3710 709 3790 πρεσϐύτεροι,
744 3714 796 3769 οἶ
826 3716 933 3789 πρὸ
959 3717 1120 3788 ἡμῶν
1162 3709 1541 3789 πρεσϐύτεροι.
1584 3717 1727 3772 Cum
1778 3723 1978 3772 autem

325 3806 399 3861 de
440 3810 735 3878 praesente
755 3806 1031 3877 episcopo
1064 3806 1202 3878 agit,
1237 3805 1346 3861 sub
1387 3822 1503 3876 quo
1535 3805 1661 3877 ipse
1721 3806 1978 3877 scripsit,

326 3894 571 3966 proprie
604 3898 663 3948 et
690 3893 765 3949 ad
804 3893 1049 3949 modum
1072 3893 1281 3966 Ignatii
1314 3893 1598 3964 loquitur,
1632 3892 1821 3960 lib.m,
1854 3894 1973 3948 c.3:

328 4005 355 4036 ι
392 3983 737 4039 Fundantes
766 3983 946 4055 igitur
991 3988 1049 4038 et
1096 3983 1474 4038 instituentes
1514 3982 1669 4039 beati
1728 3982 1979 4054 apostoli

327 4072 680 4139 Ecclesiam,
714 4072 856 4127 Lino
888 4072 1295 4144 episcopatum
1326 4071 1814 4127 administrandas
1871 4074 1980 4127 Ec-

325 4163 526 4218 clesia
560 4161 954 4220 tradiderunt.
988 4161 1264 4217 Succedit
1284 4168 1484 4217 autem
1515 4162 1569 4216 ei
1618 4162 1974 4228 Anacletus;

320 4257 459 4324 post
488 4266 623 4307 eum
661 4251 834 4306 tertio
857 4250 929 4306 ab
961 4251 1246 4323 apostolis
1278 4251 1683 4322 episcopatum
1732 4250 1978 4305 sortitur

324 4341 599 4396 Clemens
635 4358 649 4407 ;
685 4362 712 4390 »
736 4345 794 4395 et
823 4340 1072 4412 reliquis
1103 4340 1502 4396 enumeratis:
1551 4360 1580 4390 «
1601 4341 1744 4395 Cum
1777 4345 1974 4395 autem

326 4430 716 4486 successisset
743 4430 990 4485 Aniceto
1022 4430 1210 4498 Soter,
1241 4445 1400 4484 nunc
1428 4428 1780 4484 duodecimo
1843 4429 1970 4485 loco

1056 269 1112 330 J.
1159 265 1576 331 PEARSONII
1620 263 1990 330 VINDlCl/E
2031 266 2519 330 IGNATIANE.
2565 298 2644 317 --
2683 270 2884 332 PARS
2927 271 3012 335 II.

3631 284 3748 344 422

2104 404 2303 474 Neque
2335 402 2494 459 enim
2526 406 2786 463 Irenmus
2806 424 3072 480 unquam
3114 409 3408 470 Victorem
3440 414 3551 472 sibi
3609 435 3753 491 syn-

2102 491 2367 547 chronon
2423 493 2836 567 presbyterum
2885 500 3124 565 vocavit,
3161 504 3523 574 nequedum
3581 512 3752 564 ante-

2102 579 2290 635 riores
2320 582 2698 654 presbyteros
2729 593 2915 652 vocat,
2960 588 3269 662 epiSCOpos
3300 592 3551 651 Victoris
3609 602 3753 654 tem-

2101 686 2244 741 pore
2277 671 2560 727 ecclesias
2587 674 2990 745 gubernantes
3038 680 3417 752 presbyteros
3462 686 3754 756 appellari

2102 760 2310 817 solitos
2341 762 2903 822 ostendit.Clemens
2924 768 3361 828 Alexandrinus
3384 775 3526 844 quid
3547 776 3619 831 de
3641 778 3753 834 hac

2101 866 2165 905 re
2200 851 2506 923 scripserit
2527 854 2937 913 videamus.De
2968 860 3228 930 perfecto
3262 880 3367 918 suo
3388 864 3749 937 Christiano,

2101 939 2218 994 sive
2248 942 2521 997 Gnostico
2563 942 2750 1012 locus,
2800 945 3000 1002 addit:
3028 970 3056 997 «
3113 949 3214 1004 Hic
3248 958 3337 1006 est
3387 970 3592 1012 revera
3621 973 3750 1027 pre-

2100 1028 2302 1100 sbyter
2321 1030 2620 1101 Ecclesiae,
2645 1039 2702 1089 et
2731 1051 2903 1090 verus
2952 1036 3237 1094 diaconus
3285 1041 3497 1098 divinae
3551 1045 3747 1102 volun-

2099 1119 2297 1173 tatis.»
2322 1121 2395 1174 At
2419 1120 2546 1175 haec
2576 1138 2697 1178 non
2729 1122 2810 1179 ita
2826 1123 3103 1192 diceret,«
3122 1128 3169 1182 si
3192 1146 3307 1199 qua
3323 1132 3481 1202 apud
3512 1140 3747 1190 nostros

2099 1207 2350 1279 dignitas
2379 1214 2533 1264 esset
2562 1211 2971 1283 presbyteratu
3003 1218 3291 1288 superior.
3326 1240 3354 1269 »
3406 1221 3517 1277 Sed
3564 1240 3748 1293 quare

2098 1314 2219 1352 non
2254 1312 2390 1353 eum
2421 1299 2644 1355 diceret
2671 1302 3252 1373 presbyterumJicet
3281 1309 3654 1382 episcopatus
3676 1314 3751 1368 sit

2100 1386 2515 1458 presbyteratu
2540 1391 2831 1461 superior,
2865 1410 3043 1464 quem
3066 1396 3382 1453 diaconum
3401 1399 3568 1468 dixit,
3608 1401 3752 1458 licet

2099 1476 2414 1533 diaconatu
2445 1481 2717 1551 superior
2738 1484 2815 1537 sit
2842 1484 3329 1556 presbyteratus?
3368 1490 3634 1547 Profecto
3666 1494 3748 1548 ita

2098 1566 2368 1623 Clemens
2401 1584 2533 1623 eum
2564 1570 3040 1641 appellavit,cum
3067 1575 3192 1645 ipse
3213 1577 3393 1632 sciret
3408 1596 3475 1634 ac
3507 1580 3749 1637 doceret

2099 1655 2256 1727 apud
2286 1662 2521 1713 nostros
2553 1658 2901 1731 dignitatem
2928 1663 3113 1719 fuisse
3132 1666 3545 1739 presbyteratu
3577 1688 3749 1744 supe-

2099 1744 2351 1813 riorem;
2384 1763 2523 1802 nam
2555 1749 2756 1803 statim
2778 1755 3090 1821 postquam
3117 1754 3243 1810 haec
3274 1758 3700 1828 scripserat,ait
3727 1776 3742 1817 :

2100 1832 2249 1889 Ἐπεὶ
2289 1834 2376 1888 καὶ
2411 1834 2469 1887 αἱ
2526 1833 2746 1890 ἐνταῦθα
2794 1839 3068 1912 προκοπαὶ
3127 1839 3459 1915 ἐπισκόπων,
3517 1842 3748 1920 πρεσϐυ-

2098 1920 2289 1996 τέρων,
2323 1919 2585 1978 διακόνων
2614 1926 2930 1998 μιμήματα,
2992 1928 3169 2001 οἶμαι,
3231 1930 3522 2007 ἀγγελικῆς
3563 1919 3745 2006 δόξης

2096 2014 2485 2087 τυγχάνουσιν.
2522 2014 2858 2071 Secundum
2884 2017 3249 2076 Clementem
3297 2022 3492 2094 igitur,
3536 2042 3745 2096 quem-

2097 2099 2418 2157 admodum
2437 2104 2692 2176 προκοπή
2714 2121 2817 2161 seu
2839 2108 3139 2178 profectus
3170 2114 3261 2165 est
3287 2127 3321 2166 a
3340 2112 3654 2168 diaconatu
3672 2114 3746 2170 ad

2096 2190 2684 2263 presbyteratum,ita
2715 2195 2895 2250 etiam
2915 2198 3169 2270 προκοπή
3201 2216 3305 2255 seu
3330 2202 3627 2273 profectus
3650 2208 3741 2258 est

2095 2280 2556 2353 apresbyteratu
2579 2283 2652 2338 ad
2676 2285 3083 2356 episcopatum
3111 2304 3123 2341 :
3150 2293 3209 2342 et
3235 2290 3341 2344 hos
3360 2295 3478 2347 tres
3500 2293 3739 2351 ordines

2093 2385 2213 2424 non
2234 2375 2460 2425 tantum
2476 2372 2754 2428 ordinum
2776 2375 3179 2443 angelicorum
3194 2377 3565 2438 imitamenta
3577 2400 3745 2455 quaa-

2093 2457 2228 2512 dam
2262 2476 2389 2514 esse
2420 2462 2716 2531 putat;sed
2739 2468 2797 2517 et
2818 2464 3049 2535 abipsis
3072 2468 3350 2538 apostolis
3372 2470 3433 2526 in
3470 2473 3732 2530 Ecclesia

2089 2547 2416 2616 institutos,
2451 2555 2509 2604 et
2542 2551 2787 2607 diversis
2811 2552 3224 2628 distinctisque
3263 2563 3573 2634 praeceptis
3605 2580 3740 2619 mu-

2091 2637 2245 2692 nitos
2277 2638 2545 2707 credidit,
2570 2647 2636 2694 ut
2665 2657 2735 2695 ex
2770 2643 2940 2697 tertio
2970 2645 3273 2716 Paedagogi
3303 2648 3453 2705 libro
3473 2653 3741 2708 ostendi-

2089 2742 2242 2781 mus.
2270 2727 2375 2781 Ubi
2408 2728 2588 2800 igitur
2614 2730 2854 2786 ordines
2876 2748 2979 2786 seu
3002 2734 3218 2804 gradus
3240 2745 3743 2807 enumerat,utro-

2094 2815 2276 2885 bique
2307 2832 2441 2871 cum
2477 2819 2698 2881 lgnatio
2730 2826 2932 2874 nostro
2987 2822 3313 2894 episcopos,
3359 2827 3736 2900 presbyteros

2091 2909 2150 2958 et
2185 2904 2465 2960 diaconos
2485 2907 2723 2978 proprie
2755 2913 2814 2963 et
2845 2908 3123 2966 distincte
3156 2915 3441 2984 agnoscit.
3467 2917 3579 2972 Sed
3612 2939 3634 2968 ο
3672 2919 3733 2975 in

2091 2992 2348 3062 quodam
2378 3011 2451 3049 ex
2482 2994 2612 3066 ejus
2634 2996 2923 3069 Operibus
2946 2999 3102 3070 quod
3122 3002 3277 3072 apud
3295 3005 3614 3061 Eusebium
3637 3025 3741 3063 ex-

2091 3088 2208 3137 stat
2233 3083 2586 3155 fragmento,
2619 3102 2796 3157 quem
2828 3088 3019 3159 primo
3082 3091 3426 3164 episcopum
3484 3095 3736 3166 dixerat,

2089 3170 2366 3226 eumdem
2398 3172 2572 3243 paulo
2605 3179 2736 3244 post
2765 3176 3175 3249 presbyterum
3201 3179 3363 3235 dicit.
3384 3202 3412 3229 »
3444 3182 3603 3238 Fecit
3624 3184 3736 3240 hoc

2090 3259 2330 3330 quidem
2364 3261 2424 3316 in
2452 3262 2698 3318 homilia
2722 3264 2850 3335 jam
2910 3266 3147 3322 tandem
3179 3269 3286 3324 sub
3326 3271 3594 3343 Origenis
3634 3292 3741 3330 no-

2088 3349 2247 3405 mine
2278 3349 2455 3421 edita,
2488 3352 2646 3423 quod
2678 3353 2862 3409 miror
2888 3360 2946 3410 et
2964 3356 3334 3414 Blondellum
3360 3366 3418 3416 et
3446 3363 3734 3421 Dallmum

2091 3446 2332 3503 latuisse
2357 3466 2371 3516 ;
2392 3450 2496 3504 sed
2528 3452 2824 3521 quomodo
2856 3452 2916 3507 id
2945 3453 3151 3511 fecerit
3180 3457 3501 3515 videamus.
3537 3464 3735 3518 llomi-

2090 3553 2227 3592 nem
2251 3538 2443 3608 illum,
2478 3541 2752 3614 quisquis
2796 3541 2927 3611 fuit,
2969 3545 3275 3600 καθεστῶτα
3303 3544 3598 3605 ἐπίσκοπον
3625 3554 3733 3609 sub

2086 3627 2309 3683 Joanne
2339 3629 2607 3699 apostolo
2638 3630 2975 3699 tradit,cum
3001 3634 3126 3705 ipse
3145 3637 3444 3706 apostolus
3462 3640 3735 3712 regiones

2089 3716 2224 3772 illas
2255 3724 2613 3789 peragraret,
2636 3717 2964 3784 ἐπισκόπους
2994 3725 3367 3793 καταστήσων·
3393 3730 3731 3798 apostolum

2088 3803 2282 3875 ipsum
2316 3806 2398 3861 ita
2420 3823 2556 3862 eum
2589 3808 2989 3881 alloquentem
3022 3812 3372 3872 introducit:
3408 3816 3541 3890 Ἀγε
3573 3813 3650 3888 δὲ,
3686 3817 3732 3871 ὦ

2090 3890 2370 3962 ἐπίσκοπε,
2404 3897 2515 3952 hoc
2548 3903 2655 3966 est,
2680 3900 2771 3953 sui
2812 3902 3095 3972 temporis
3145 3905 3489 3979 episcopum
3537 3926 3603 3965 eo
3636 3926 3736 3965 no-

2089 3982 2251 4038 mine
2285 3985 2451 4054 quasi
2475 3986 2672 4042 ofﬁcio
2695 3990 2980 4059 apprime.
2993 3999 3351 4065 congruente
3375 3998 3736 4068 compellan-

2089 4078 2200 4128 tem
2231 4074 2356 4145 ipse
2387 4079 2586 4131 autem
2617 4077 2893 4134 Clemens
2922 4087 3058 4151 post
3087 4099 3277 4139 annos
3308 4089 3736 4156 centum,hunc

2089 4180 2265 4232 quem
2298 4169 2356 4218 et
2388 4164 2514 4248 ipse
2546 4170 2604 4219 et
2632 4167 2934 4237 apostolus
2968 4171 3306 4244 episcopum
3341 4175 3733 4248 appellarent,

2087 4251 2270 4306 semel
2302 4245 2693 4328 πρεσϐύτερον,
2728 4256 2916 4312 semel
2944 4253 3272 4332 πρεσϐύτην,
3298 4268 3365 4318 ut
3381 4245 3733 4336 apostolum

2084 4340 2280 4411 ipsum
2308 4340 2401 4394 τὸν
2434 4340 2662 4416 γέροντα
2691 4351 2876 4401 vocat.
2902 4346 2991 4403 Nil
3022 4348 3201 4422 igitur
3242 4357 3449 4409 contra
3504 4371 3731 4413 morem

2086 4430 2810 4501 lgnatiifecit.Quinetiam
2834 4435 3221 4510 Polycarpum
3244 4443 3570 4499 secundum
3587 4462 3736 4517 prm-

328 4519 736 4591 episcopatum
767 4518 840 4574 ab
872 4519 1156 4590 apostolis
1187 4518 1368 4574 habet
1386 4517 1975 4576 Eleutherius.»Male
2008 4512 2052 4577 D
2084 4525 2313 4575 sentem
2326 4521 2603 4577 Ecclesiae
2626 4527 2844 4579 statum
2858 4525 3014 4597 apud
3033 4527 3441 4603 Philippenses
3464 4512 3735 4606 scripsis-

323 4609 506 4681 igitur
536 4608 796 4663 Dallaeus
829 4625 899 4663 ex
929 4609 1131 4664 nescio
1163 4625 1281 4680 qua
1318 4607 1630 4680 apostolici
1681 4611 1977 4666 sermonis

326 4698 455 4769 lege
478 4698 761 4770 postulat,
783 4702 850 4753 ut
879 4698 933 4752 S.
965 4698 1228 4770 Ignatius
1290 4699 1559 4767 Damam,
1609 4698 1975 4768 Onesimum,

327 4795 391 4845 et
412 4788 878 4860 Polybium,non
909 4790 1107 4845 minus
1138 4805 1315 4861 quam
1346 4791 1606 4845 Irenaaus
1632 4789 1977 4859 Anicetum,

324 4880 520 4947 Pium,
558 4880 1740 4952 Hyginum,Telesphorum,«presbyteros
1765 4902 1791 4929 ››
1814 4884 1983 4939 vocat

325 4985 465 5025 cum
494 4969 555 5025 hi
613 4970 837 5024 lrenmo
893 4970 1262 5041 antiquiores
1310 4969 1551 5037 fuerint,
1606 4969 1692 5025 illi
1747 4971 1974 5042 Ignatio

322 5059 527 5126 coaevi,
556 5076 708 5131 quos
738 5076 982 5116 necesse
1006 5060 1061 5115 ei
1098 5059 1212 5116 fuit
1262 5077 1296 5115 a
1342 5059 1703 5131 presbyteris
1760 5060 1975 5116 distin-

324 5148 713 5221 guere.Pejus
742 5154 943 5205 autem
979 5149 1165 5204 multo
1196 5148 1519 5205 Salmasius
1562 5149 1624 5204 in
1677 5150 1978 5221 Apparatu

320 5258 351 5288 α
375 5253 487 5293 nec
521 5239 811 5306 muneris,
835 5255 947 5294 nec
977 5238 1279 5311 dignitatis
1311 5239 1469 5293 inter
1522 5238 1863 5310 episcopum
1919 5245 1978 5295 et

318 5325 739 5398 presbyterum
753 5325 1102 5382 divisionem
1119 5326 1365 5381 Victoris
1379 5330 1634 5398 tempore
1647 5327 1976 5383 exstitisse»

318 5415 413 5469 vel
442 5413 583 5469 inde
604 5415 844 5487 probari
893 5417 1135 5488 putavit,
1163 5440 1189 5467 α
1214 5415 1354 5488 quia
1383 5432 1502 5471 non
1533 5415 1725 5472 solum
1757 5416 1974 5490 ipsum,

321 5504 427 5560 sed
460 5504 644 5561 etiam
674 5506 1002 5562 anteriores
1026 5505 1339 5578 episcopos
1382 5506 1681 5561 Romanos
1746 5500 1976 5579 πρεσϐυ-

319 5589 496 5669 τὲρων
508 5594 754 5653 nomine
775 5595 1109 5669 appellatos
1125 5599 1359 5654 constat
1380 5595 1452 5652 ab
1473 5595 1696 5651 Irenaeo
1710 5599 1769 5653 et
1784 5595 1976 5657 aliis.»

2086 4626 2148 4665 se
2172 4627 2294 4665 non
2316 4610 2538 4666 dubito.
2567 4611 2694 4667 Illis
2715 4613 2955 4685 quidem
2975 4619 3245 4691 praecipit
3263 4626 3329 4676 ut
3351 4621 3601 4695 subjecti
3618 4625 3738 4680 sint

2087 4723 2115 4750 «
2137 4702 2498 4774 presbyteris
2521 4708 2580 4759 et
2609 4704 2875 4762 diaconis
2898 4707 3053 4764 sicut
3075 4711 3191 4767 Deo
3214 4717 3272 4766 et
3292 4713 3543 4770 Christo.
3581 4737 3609 4765 »
3626 4716 3738 4771 Sed

2088 4792 2220 4863 quis
2247 4793 2430 4863 dabit,
2455 4794 2799 4866 episcopum
2830 4798 3304 4870 Philippensium
3338 4808 3477 4859 tunc
3507 4805 3569 4859 in
3592 4804 3735 4860 vivis

2085 4880 2268 4937 fuisse
2290 4881 2317 4935 ?
2338 4882 2476 4947 Quis
2500 4883 2804 4954 praestabit
2835 4886 3246 4959 Philippenses
3278 4891 3410 4947 ideo
3469 4908 3503 4947 a
3556 4893 3733 4964 Poly-

2086 4986 2262 5042 carpo
2294 4971 2607 5027 consilium
2638 4989 2761 5028 non
2793 4974 3168 5048 efflagitasse,
3195 4979 3353 5049 quod
3385 4984 3525 5035 tunc
3573 4986 3732 5039 tem-

2084 5060 2244 5131 poris
2266 5060 2542 5133 episcopo
2572 5061 2686 5133 ipsi
2709 5064 2866 5118 haud
2888 5065 3219 5135 potirentur
3238 5067 3266 5121 ?
3292 5068 3379 5124 Ita
3410 5070 3569 5125 enim
3601 5071 3728 5143 ipse

2086 5167 2187 5212 eos
2243 5148 2607 5220 alloquitur:
2658 5155 2859 5216 Ταῦτα,
2892 5149 3143 5231 ἀδελφοὶ,
3202 5155 3303 5209 οὐκ
3350 5155 3569 5229 ἐμποτῷ
3606 5157 3724 5214 ἐπι-

2083 5236 2282 5312 τρέψας
2304 5237 2497 5315 γράφω
2532 5238 2659 5310 ὑμῖν
2689 5238 2811 5312 περὶ
2841 5246 2942 5309 τῆς
2991 5239 3364 5315 δικαιοσύνης·
3435 5244 3562 5303 ἀλλ’
3613 5246 3732 5305 ἐπεὶ

2086 5327 2240 5399 ὑμεῖς
2265 5322 2700 5400 προεκαλέσασοὲ
2726 5348 2810 5399 με.
2847 5351 2876 5380 ‹‹
2911 5331 3045 5387 Haec
3085 5339 3306 5400 autem,
3337 5336 3571 5408 fratres,
3610 5356 3734 5397 non

2086 5434 2220 5473 meo
2251 5415 2516 5480 arbitrio,
2548 5416 2713 5472 vobis
2743 5417 2814 5474 de
2839 5418 3076 5490 justitia
3096 5422 3420 5495 scribo,sed
3455 5429 3613 5498 quod
3635 5446 3736 5486 vos

2086 5508 2164 5564 ad
2193 5522 2288 5562 me
2304 5506 2687 5578 provocastis.
2710 5529 2737 5558 »
2789 5508 2856 5564 In
2887 5526 3085 5581 causa,
3114 5517 3180 5568 ut
3201 5515 3433 5588 Opinor,
3465 5518 3732 5576 Valentis

2084 5594 2438 5670 presbyteri,
2469 5612 2647 5668 quam
2678 5597 2905 5671 judicio
2946 5601 3254 5679 Polycarpi
3284 5608 3725 5680 permittebant.
