4064 6134
307 309 426 370 423

1373 297 1438 360 S.
1485 294 1882 359 IGNATIUS.
1931 324 2010 339 —-
2050 292 2656 358 PBOLEGOMENA.

3603 298 3726 361 424

307 447 444 501 Haec
473 442 650 515 igitur
669 456 804 497 cum
833 436 1061 494 incerta
1082 434 1220 504 sint,
1241 433 1392 490 nihil
1415 433 1562 490 certi
1589 451 1660 489 ex
1683 447 1957 488 sermone
1987 431 2042 499 Α
2072 452 2101 482 ‹‹
2133 429 2448 505 Presbyter
2477 435 2680 505 pastor
2701 431 2942 490 titulum
2999 430 3285 488 condidit.
3335 453 3367 483 »
3425 433 3717 492 Accurate

305 532 611 607 Polycarpi
642 528 838 586 afferri
872 531 1082 600 potest.
1121 525 1255 591 Sed,
1287 524 1484 596 inquit
1510 523 1786 591 Dallmus,
1846 527 1958 577 Po-

305 627 578 698 lycarpus
609 626 759 689 se,et
780 635 1170 690 eos,quorum
1195 617 1440 672 nomine
1472 613 1955 686 Philippensibus

309 713 532 780 scribit,
563 712 873 783 episcopos
903 709 1282 780 presbyteros
1316 707 1479 772 dicit,
1512 727 1542 756 «
1570 705 1952 777 Polycarpus,

307 809 367 861 et
391 804 643 875 quicum
677 817 744 856 eo
777 805 918 854 sunt
952 796 1294 870 presbyteri.
1340 819 1368 846 »
1392 798 1525 851 Haec
1556 794 1796 867 quidem
1828 793 1956 864 epi-

310 894 478 949 stolm
511 893 640 964 ejus
671 888 980 962 inscriptio
1042 892 1150 954 est,
1210 883 1572 958 Πολῦκαρπος
1621 882 1712 938 καὶ
1751 883 1803 937 ol
1861 879 1951 934 σὺν

303 981 452 1053 αὐτῷ
493 973 873 1054 πρεσϐύτεροι.
935 977 1047 1032 Sed
1105 994 1180 1032 an
1238 976 1339 1030 ille
1399 975 1498 1046 qui
1523 990 1745 1030 nomen
1779 989 1951 1028 suum

302 1077 533 1128 tantum
555 1072 833 1136 refert,se
864 1067 1276 1140 presbyterum
1311 1065 1506 1122 dicit?
1538 1065 1627 1119 An
1679 1079 1810 1118 cum
1845 1078 1951 1118 ne-

301 1162 460 1217 mine
493 1161 605 1216 nisi
630 1177 764 1216 cum
788 1158 1130 1232 presbytero
1163 1155 1492 1229 presbyteri
1554 1171 1682 1209 esse
1740 1158 1947 1224 potue-

301 1252 487 1307 runt?
511 1253 724 1306 Annon
757 1266 890 1304 cum
915 1248 1190 1320 episcopo
1231 1245 1561 1317 presbyteri
1621 1261 1750 1299 esse
1800 1242 1950 1297 sole-

302 1342 493 1399 bant?
521 1344 602 1397 Ex
631 1341 723 1396 his
755 1339 1016 1410 exsculpi
1049 1337 1214 1393 nullo
1236 1336 1410 1391 modo
1443 1333 1948 1407 potest,Polycar-

297 1447 439 1502 pum
461 1429 723 1500 seipsum
739 1427 1154 1499 presbyterum
1175 1440 1408 1479 vocasse
1435 1441 1446 1478 :
1470 1428 1536 1478 ut
1557 1437 1751 1491 neque
1775 1419 1942 1486 illud,

297 1536 396 1574 eos
429 1534 576 1589 quos
606 1520 773 1571 vocat
801 1515 1177 1587 presbyteros
1211 1528 1476 1585 quosque
1509 1510 1620 1564 sibi
1653 1509 1944 1580 adjungit,

294 1609 603 1680 episcopos
633 1605 836 1661 fuisse.
861 1605 1046 1660 Nemo
1079 1603 1239 1658 enim
1282 1601 1514 1657 dubitat
1545 1601 1689 1670 quin
1721 1599 1782 1654 in
1840 1601 1948 1653 Ec-

289 1697 470 1753 clesia
499 1693 844 1767 Smyrnensi
876 1693 1198 1763 Polycarpo
1223 1691 1499 1762 episcopo
1525 1688 1790 1758 adjuncti
1816 1688 1946 1742 fue-

290 1787 412 1841 rint
441 1783 767 1857 presbyteri
796 1799 809 1849 ;
835 1799 966 1838 cum
998 1781 1174 1853 igitur
1203 1779 1488 1850 adipsum
1520 1783 1939 1850 provocassent
1975 1801 2022 1866 Β

288 1875 726 1946 Philippenses,
760 1889 942 1944 quare
974 1871 1120 1926 alios
1153 1887 1223 1925 ex
1254 1869 1392 1924 Asia
1427 1869 1732 1940 episc0pos
1790 1884 1934 1922 con-

295 1969 552 2032 vocaret,
586 1967 646 2019 et
675 1979 781 2018 suo
813 1961 1179 2033 presbyterio
1210 1963 1524 2015 contentus
1580 1974 1704 2014 non
1762 1961 1935 2026 esset,

297 2053 570 2126 equidem
593 2068 714 2106 non
739 2049 928 2106 video.
962 2051 1033 2104 Et
1060 2047 1120 2103 hi
1146 2047 1387 2120 quidem
1446 2049 1699 2118 quatuor
1755 2045 1936 2102 Graeci

299 2149 439 2200 sunt
463 2140 707 2197 secundi
739 2139 939 2195 saeculi
974 2138 1315 2210 scriptores,
1349 2153 1498 2208 quos
1555 2135 1799 2191 advocat
1854 2136 1941 2190 vir

303 2231 681 2288 doctissimus
715 2248 728 2299 ;
763 2229 1038 2302 quintum
1070 2229 1231 2285 enim
1261 2242 1621 2299 anonymum
1643 2227 1770 2298 jam
1802 2230 1938 2282 ante

294 2321 711 2395 expunximus.

361 2413 700 2469 Latinorum
716 2415 912 2467 autem
938 2410 1096 2466 illius
1110 2408 1413 2466 memoriae
1435 2408 1652 2464 mirum
1676 2407 1819 2462 texit
1842 2423 1935 2462 ca-

298 2504 582 2576 talogum.
615 2503 880 2557 Primum
903 2500 1511 2571 Irenzeiinterpretem
1527 2500 1729 2568 refert,
1763 2515 1938 2570 quem

284 2594 393 2649 ita:
423 2593 686 2647 locutum
706 2609 832 2647 esse
851 2612 876 2640 »
895 2590 1158 2659 dicit,«et
1179 2606 1249 2644 ex
1263 2605 1378 2661 quo
1394 2605 1524 2662 qum
1547 2589 1787 2644 fuerunt
1816 2589 1936 2642 Ire-

288 2699 502 2738 nmana
518 2681 801 2754 pleraque
823 2697 884 2736 se
900 2679 1283 2751 descripsisse
1300 2679 1763 2743 nfatetur.Quare
1783 2678 1942 2734 enim

289 2773 464 2829 aliter
483 2773 828 2844 loqueretur
855 2770 1063 2826 Irenaei
1088 2770 1383 2840 interpres
1401 2785 1579 2840 quam
1598 2768 1830 2823 locutus
1851 2772 1940 2822 est

287 2864 550 2918 Irenazus
572 2862 599 2918 ‘2
622 2866 738 2918 Aut
767 2861 909 2932 quid
936 2859 1256 2916 auctoritas
1306 2858 1652 2930 interpretis
1681 2857 1820 2912 huic
1850 2858 1937 2912 rei

283 2953 536 3021 confert,
571 2953 684 3008 nisi
719 2952 878 3023 quod
899 2951 1190 3006 Irenaeum
1223 2950 1305 3005 ita
1341 2947 1648 3019 scripsisse
1699 2964 1945 3019 persua-

278 3059 410 3098 sum
440 3042 790 3107 habeamus,
815 3039 972 3111 quod
1003 3056 1179 3094 nemo
1226 3039 1450 3111 negat?
1507 3038 1639 3092 Sive
1680 3036 1929 3092 secundi

279 3133 481 3190 saeculi
515 3133 695 3188 fuerit
744 3131 1038 3201 interpres
1091 3129 1213 3198 ille,
1273 3129 1392 3183 sive
1461 3127 1759 3198 sequioris
1817 3127 1926 3182 ali-

284 3225 478 3295 cujus,
511 3220 760 3293 perinde
794 3224 881 3274 est
915 3236 928 3285 ;
961 3218 1184 3273 nullam
1252 3218 1353 3272 ille
1407 3217 1524 3272 vim
1583 3221 1932 3288 argumento

285 3311 470 3367 addit.
504 3310 612 3375 Qui
638 3313 851 3381 putant
881 3324 1014 3362 eum
1047 3307 1311 3380 ejusdem
1355 3323 1488 3362 cum
1542 3307 1767 3361 Irenaeo
1828 3305 1931 3360 aevi

275 3400 685 3471 fuisse,ipsum
710 3397 998 3452 Irenaeum
1022 3397 1203 3452 fuisse
1231 3395 1601 3451 hariolantur
1625 3413 1637 3463 ;
1665 3396 1744 3450 ita
1774 3411 1928 3450 unus

291 3493 523 3546 tantum
558 3506 626 3544 ex
657 3493 894 3544 auctore
928 3493 986 3542 et
1014 3487 1338 3558 interprete
1373 3486 1540 3541 testis
1593 3486 1929 3542 conﬁcitur.

292 3581 400 3645 Qui
433 3579 774 3635 existimant
805 3577 1073 3649 ejusdem
1131 3572 1264 3631 eum
1319 3575 1682 3630 Tertulliano
1741 3574 1928 3630 mtatis

285 3687 435 3737 esse,
469 3669 617 3725 nihil
641 3666 806 3724 aliud
834 3667 1109 3736 afferunt,
1143 3664 1258 3720 nisi
1304 3664 1461 3735 quod
1484 3669 1619 3720 ante
1644 3664 1696 3719 S.
1731 3666 1930 3735 Augu-

277 3761 497 3817 stinum
521 3757 826 3830 scripsisse
856 3755 1161 3824 videatur;
1187 3759 1393 3810 contra
1423 3771 1550 3826 quae
1600 3754 1785 3810 multa
1815 3755 1918 3808 ob-

269 3850 376 3924 jici
397 3847 714 3921 possent,si
740 3863 834 3901 res
855 3847 984 3918 ipsa
1002 3845 1105 3902 tali
1129 3843 1474 3900 defensione
1499 3843 1792 3916 indigeret
1817 3843 1927 3900 .lre

271 3939 386 3995 naei
417 3937 727 4009 interpreti
787 3935 1095 4007 subjungit
1140 3934 1310 3989 Pium
1337 3935 1537 3989 Romaa
1571 3933 1915 4005 episc0pum

269 4030 440 4101 cujus
463 4026 776 4100 epistolam
796 4027 960 4080 Iusto
987 4025 1263 4096 epiSCOpo
1282 4021 1606 4077 Viennensi
1640 4022 1926 4077 directam

269 4117 444 4174 nobis
468 4117 675 4190 objicit
708 4133 721 4181 ;
757 4131 934 4186 quam
969 4121 1166 4169 tamen
1195 4132 1224 4162 ‹‹
1255 4128 1376 4167 non
1409 4111 1480 4167 ab
1529 4111 1691 4167 omni
1724 4111 1922 4183 impo-

263 4215 448 4264 sturaa
475 4204 1095 4277 suspicioneliberam
1125 4221 1150 4253 η
1183 4201 1326 4257 olim
1350 4200 1920 4272 Blondellusjudica

262 4297 472 4351 vit.llle
533 4295 797 4366 quidem,
851 4293 1123 4363 quisquis
1157 4296 1264 4359 est,
1312 4291 1383 4346 de
1417 4289 1778 4362 presbyteris
1810 4290 1911 4361 qui

265 4387 338 4442 ab
371 4383 656 4456 apostolis
687 4382 918 4438 educati
941 4379 1769 4450 fuerunt,loquitur,sedjam,
1786 4397 1921 4434 cum

264 4475 574 4538 scriberet,
609 4471 862 4526 mortuis
895 4487 908 4526 :
946 4469 1104 4543 quod
1137 4470 1210 4524 ad
1241 4487 1365 4524 rem
1398 4469 1568 4524 nihil.
1602 4471 1667 4524 In
1711 4469 1918 4525 eadem

263 4568 466 4620 autem
499 4559 750 4633 epistola
781 4559 852 4614 de
885 4559 974 4615 sui
1008 4559 1293 4629 temporis
1325 4558 1554 4614 clericis
1611 4558 1911 4631 lgnatiano

260 4669 426 4710 more
457 4648 995 4722 loquitur,secundi
1025 4647 1252 4703 ordinis
1275 4647 1521 4703 clericos
1547 4648 1766 4704 diserte
1788 4665 1913 4720 pre-

261 4743 530 4815 sbyteros
561 4738 856 4812 appellat:
891 4758 918 4787 ‹‹
953 4737 1222 4793 Salutant
1253 4741 1307 4791 te
1353 4737 1521 4792 Soter
1551 4742 1607 4792 et
1636 4737 1910 4792 Eleuthe-

255 4834 380 4890 rius
395 4831 554 4905 digni
575 4827 1128 4902 presbyteri.»Tunc
1155 4826 1313 4881 enim
1336 4827 1461 4898 ipse
1477 4829 1675 4882 Romae
1689 4827 1912 4899 episco-

257 4939 369 4995 pus
386 4921 499 4976 fuit
526 4935 540 4988 ;
567 4922 736 4976 Soter
757 4922 955 4973 autem
988 4919 1044 4970 et
1074 4915 1448 4971 Eleutherius
1480 4916 1703 4971 ibidem
1759 4933 1901 4988 pro-

254 5011 382 5086 prie
414 5009 578 5077 dicti,
612 5009 660 5064 si
688 5008 861 5073 forte,
893 5004 1241 5078 presbyteri.
1275 5005 1331 5060 Si
1383 5005 1556 5073 forte,
1618 5006 1904 5077 inquam;

253 5118 394 5158 nam
424 5106 557 5173 post
578 5099 665 5155 Pii
688 5098 998 5154 decessum
1021 5095 1426 5152 Eleutherium
1449 5095 1678 5152 Aniceti
1707 5096 1904 5153 diaco-

256 5208 402 5248 num
429 5190 612 5245 fuisse
634 5190 888 5243 testatur
910 5185 1467 5258 Hegesippus.ldem
1486 5185 1548 5240 in
1579 5184 1766 5241 altera
1787 5186 1905 5258 epi-

255 5280 407 5337 stolo
431 5278 708 5351 ejusdem
732 5277 1184 5345 farinae,Verum
1208 5275 1492 5350 collegam
1525 5292 1697 5332 suum
1720 5277 1906 5332 nomi-

255 5377 379 5438 nat,
410 5374 641 5428 Justum
666 5370 1065 5424 Viennensem
1098 5368 1226 5440 ejus
1255 5368 1383 5424 loco
1420 5367 1809 5423 constitutum
1844 5373 1902 5423 et

2063 522 2242 595 igitur
2267 523 2710 580 distinctionem
2737 523 3012 580 ordinum
3047 524 3479 596 nominumque
3511 524 3719 581 obser-

2061 612 2214 668 vavit
2234 613 2370 668 Pius
2395 614 2656 681 ille,cum
2675 614 2747 668 de
2764 614 2920 668 clero
2939 614 3030 669 sui
3045 615 3328 686 temporis
3344 615 3713 686 loqueretur.

2061 705 2176 760 Nec
2201 704 2400 759 minus
2424 704 2744 760 infeliciter
2771 705 2929 761 hunc
2949 721 3054 776 pro
3077 706 3497 761 communione
3515 708 3716 763 nomi-

2061 810 2204 849 num
2237 794 2434 850 attulit
2487 795 2758 862 Dallreus,
2799 813 2978 866 quam
3010 813 3116 868 pro
3147 796 3400 868 paritate
3430 797 3714 854 ordinum

2059 882 2608 956 Blondellus,quem
2631 885 2778 940 adeo
2801 885 2957 941 clare
2984 885 3261 940 refutavit
3290 887 3703 944 Hammundus

2058 976 2278 1028 noster.
2315 974 2380 1028 Hi
2402 979 2542 1028 sunt
2565 974 2831 1046 praeclari
2855 974 2970 1029 duo
3001 979 3183 1030 testes
3207 976 3450 1031 secundi
3509 978 3712 1036 saeculi

2057 1060 2337 1117 adversus
2374 1063 2666 1131 Ignatium
2723 1063 2995 1134 producti
3032 1081 3044 1130 ;
3086 1063 3301 1134 quibus
3332 1066 3517 1120 miror
3543 1083 3706 1136 eum,

2063 1167 2196 1206 cum
2228 1157 2393 1207 tanta
2419 1153 2618 1224 inopia
2649 1158 3043 1224 premeretur,
3076 1170 3197 1209 non
3229 1154 3527 1210 addidisse
3574 1158 3706 1213 Vic-

2063 1241 2207 1296 toris
2221 1258 2385 1313 papaa
2405 1243 2813 1298 testimonium
2828 1259 2862 1298 a
2875 1242 3180 1299 Blondello
3201 1250 3258 1298 et
3275 1244 3562 1301 Salmasio
3581 1264 3716 1319 pro-

2059 1330 2491 1402 ductum,quod
2517 1332 2785 1403 ejusdem
2809 1333 2981 1404 plane
3005 1333 3258 1389 cumillo
3272 1335 3356 1389 Pii
3373 1335 3577 1391 farina)
3595 1341 3709 1392 est.

2055 1422 2136 1475 Ex
2168 1420 2269 1474 illo
2293 1422 2453 1475 enim
2479 1421 2704 1494 colligit
2733 1423 3092 1491 Blondellus,
3125 1425 3527 1494 apostolorum
3575 1443 3716 1484 suc-

2065 1526 2331 1565 cessores
2359 1516 2418 1564 et
2458 1511 2820 1567 convictores
2876 1512 3273 1569 Ecclesiarum
3332 1514 3406 1569 ad
3458 1515 3709 1572 Victoris

2059 1603 2318 1671 tempora
2347 1604 2606 1655 rectores
2627 1601 3003 1672 presbyteros
3032 1601 3355 1659 fuisse.Sed
3385 1603 3547 1672 vidit,
3577 1606 3711 1676 opi-

2053 1693 2460 1761 nor,apertum
2482 1690 2594 1745 hoc
2619 1706 2744 1745 esse
2781 1689 3191 1761 mendacium;
3225 1707 3400 1748 nemo
3424 1694 3582 1747 enim
3605 1693 3710 1766 qui

2055 1779 2457 1850 apostolorum
2480 1780 2782 1835 convictor
2796 1780 3008 1849 fuerat,
3035 1781 3290 1837 Victoris
3314 1787 3482 1837 {etate
3506 1783 3716 1838 Eccle—

2057 1869 2206 1925 siam
2239 1869 2497 1941 regebat.
2525 1869 2743 1924 Planus
2777 1869 2877 1925 ille
2899 1870 3073 1926 aliter
3127 1870 3298 1926 Pium
3356 1888 3572 1943 papam
3617 1872 3712 1928 lo-

2059 1962 2341 2030 quentem
2374 1963 2799 2030 repraesentat:
2835 1960 3218 2032 «Presbyteri
3242 1960 3456 2033 illi,qui
3478 1962 3550 2018 ab
3573 1979 3715 2034 apo-

2057 2047 2224 2103 stolis
2256 2047 2488 2103 educati
2523 2063 2715 2119 neque
2745 2048 2819 2104 ad
2849 2065 2958 2104 nos
2985 2055 3551 2121 pervenerunt,cum
3581 2052 3712 2124 qui-

2053 2137 2162 2192 bus
2194 2137 2370 2192 simul
2397 2137 2640 2192 verbum
2675 2137 2812 2193 fidei
2844 2138 3043 2210 partiti
3102 2155 3329 2210 sumus,
3374 2156 3408 2195 a
3458 2141 3711 2196 Domino

2051 2227 2322 2283 vocatiin
2365 2227 2661 2282 cubilibus
2706 2228 2946 2283 aeternis
2977 2229 3162 2284 clausi
3193 2234 3492 2286 tenentur.
3526 2251 3554 2280 »
3591 2230 3711 2285 Sub

2059 2317 2160 2372 Pio
2183 2317 2361 2389 igitur
2389 2316 2799 2388 epiSCOpatum
2835 2322 3072 2373 tenente
3115 2335 3323 2374 omnes
3377 2319 3713 2391 presbyteri

2046 2406 2449 2478 apostolorum
2490 2406 2864 2462 convictores
2895 2407 3192 2464 demortui
3240 2408 3501 2478 fuerunt,
3535 2414 3614 2477 et,
3646 2415 3716 2466 ut

2046 2496 2147 2551 ille
2178 2496 2378 2561 valuit,
2405 2518 2432 2546 «
2462 2495 2698 2550 aeternis
2737 2496 3032 2553 cubilibus
3063 2498 3269 2553 clausi.
3309 2520 3337 2548 »
3367 2500 3506 2554 Post
3537 2500 3712 2556 Pium

2046 2586 2199 2641 sedit
2227 2585 2533 2651 Anicetus,
2555 2590 2688 2656 post
2729 2585 3037 2641 Anicetum
3061 2588 3248 2654 Soter,
3275 2593 3412 2659 post
3438 2590 3708 2645 Soterem

2051 2675 2571 2745 Eleutherus,post
2589 2675 2975 2732 Eleutherum
3001 2678 3214 2733 Victor.
3241 2682 3330 2733 An
3364 2679 3544 2751 igitur
3572 2696 3705 2752 pre-

2049 2765 2276 2838 sbyteri
2301 2764 2388 2820 illi
2439 2764 2987 2820 aaterniscubilibus
3037 2767 3335 2838 perruptis
3369 2783 3704 2824 resurrexe-

2047 2868 2280 2930 runt,ut
2301 2863 2374 2918 ad
2399 2868 2656 2934 tempora
2676 2863 2924 2918 Victoris
2937 2864 3205 2919 etnescio
3220 2865 3391 2937 cujus
3406 2866 3692 2921 Desiderii

2055 2952 2410 3008 Viennensis
2434 2951 2715 3023 episcopi,
2749 2951 3029 3008 ecclesias
3055 2952 3453 3025 gubernarent
3475 2955 3690 3025 ?Ipsius

2047 3041 2335 3097 Blondelli
2367 3041 2545 3096 verba
2577 3046 2733 3109 sunt,
2765 3041 3057 3112 Apologia;
3116 3044 3372 3098 sectione
3431 3043 3637 3114 quinta
3665 3059 3687 3098 :

2053 3153 2080 3182 »
2115 3131 2521 3188 Observaverit
2550 3130 2946 3203 igiturlector,
2987 3132 3090 3186 Pio
3122 3133 3359 3189 sedente
3381 3132 3554 3204 (inter
3585 3149 3688 3188 an-

2045 3239 2188 3277 num
2223 3223 2321 3276 146
2345 3225 2404 3276 et
2435 3220 2558 3291 150)
2594 3220 3018 3277 mortalitatem
3050 3222 3374 3294 explevisse
3399 3226 3691 3293 quotquot

2047 3313 2244 3368 Roma)
2268 3310 2682 3382 superfuerant
2724 3310 3125 3382 apostolorum
3177 3311 3474 3383 discipuli.
3510 3334 3537 3361 »
3585 3312 3690 3367 Pio

2044 3405 2243 3456 autem
2274 3405 2556 3471 tanquam
2580 3399 2822 3455 fratrem
2845 3401 3193 3472 scriptorem
3225 3401 3495 3474 adjungit
3535 3402 3690 3457 Grae-

2045 3506 2181 3545 cum
2207 3491 2478 3544 Hermam
2506 3490 2923 3545 PastoremSed
2942 3489 3112 3544 illum
3132 3490 3219 3544 Pii
3241 3491 3486 3547 fratrem
3508 3491 3692 3547 fuisse

2039 3578 2137 3650 qui
2197 3577 2457 3633 credet?
2506 3578 2880 3649 Supposititii
2929 3578 3302 3645 Tertulliani,
3363 3587 3465 3636 aut
3534 3581 3689 3636 Libri

2037 3667 2370 3738 pontiﬁcalis
2401 3667 2720 3722 auctoritas
2752 3671 2916 3723 tanta
2945 3684 3066 3722 non
3097 3673 3279 3736 est,ut
3309 3685 3515 3725 verum
3544 3669 3690 3725 illud

2033 3773 2160 3812 esse
2191 3756 2521 3824 credamus,
2556 3756 2715 3827 quod
2744 3758 3002 3813 Irenaeus
3067 3758 3166 3829 qui
3220 3758 3328 3813 sub
3375 3759 3479 3814 Pio
3521 3759 3688 3829 vixit,

2033 3846 2192 3917 quod
2231 3846 2630 3901 Tertullianus
2651 3846 2802 3916 ipse,
2835 3846 2993 3917 quod
3015 3848 3410 3920 Hieronymus
3439 3865 3686 3920 prorsus

2034 3934 2339 4007 ignorasse
2369 3938 2863 4006 cognoscuntur.«
2894 3936 2973 3989 Eo
2999 3935 3181 4005 igitur
3208 3936 3429 3992 factum
3461 3953 3581 3990 non
3606 3937 3688 3990 vi-

2031 4021 2223 4089 detur,
2261 4026 2327 4077 ut
2360 4022 2604 4077 Hermas
2635 4022 2969 4078 ministeria
3024 4023 3299 4079 Ecclesiae
3358 4041 3393 4078 a
3449 4024 3683 4080 Christo

2029 4111 2166 4167 data
2187 4110 2380 4165 obiter
2401 4111 2615 4166 alicubi
2644 4128 3121 4168 commemorans
3150 4129 3271 4168 non
3302 4112 3451 4168 alios
3481 4129 3685 4168 recen-

2030 4205 2363 4271 seat,quam
2392 4199 2692 4272 apostolos
2714 4205 2772 4255 et
2802 4202 3112 4274 episcopos
3171 4208 3228 4258 et
3286 4203 3559 4259 doctores
3617 4207 3676 4258 et

2028 4289 2420 4358 ministros,id
2454 4295 2543 4345 est
2572 4290 2924 4346 diaconos.»
2965 4293 3052 4347 An
3085 4292 3225 4363 quia
3264 4293 3402 4347 Pius
3449 4293 3676 4363 episco-

2025 4395 2132 4450 pos
2161 4379 2232 4434 ab
2255 4378 2553 4450 apostolos
2567 4377 2845 4435 educatos
2872 4381 3255 4453 presbyteros
3272 4380 3678 4446 vocabat,ideo

2029 4470 2278 4524 Hermas
2309 4468 2639 4540 presbyteri
2681 4486 2896 4525 nomen
2926 4471 3144 4540 omisit,
3178 4471 3556 4544 presbyteros
3583 4487 3683 4527 au-

2033 4562 2153 4612 tem
2182 4557 2342 4628 ipsos
2374 4557 2481 4613 sub
2514 4558 2804 4630 episcopis
2836 4559 3174 4631 complexus
3207 4560 3339 4614 est?
3397 4561 3680 4625 Quaenam

2021 4647 2148 4703 haec
2189 4647 2337 4702 ratio
2371 4649 2505 4702 est?
2537 4648 2648 4703 Sed
2687 4664 2884 4720 neque
2917 4665 3120 4706 verum
3155 4651 3455 4719 est,multo
3479 4651 3680 4706 minus

2021 4742 2270 4805 certum,
2295 4738 2572 4792 Hermam
2595 4737 2973 4810 presbyteros
3003 4740 3110 4795 sub
3161 4740 3453 4811 episcopis
3503 4756 3672 4797 com-

2020 4827 2260 4899 plexum
2292 4843 2420 4882 esse
2446 4844 2459 4894 ;
2494 4843 2642 4898 quos
2668 4827 2776 4882 sub
2809 4828 3148 4887 doctoribus
3179 4829 3377 4901 potius
3407 4829 3673 4902 comple-

2020 4933 2130 4972 xus
2162 4920 2269 4971 est.
2301 4917 2374 4971 Ut
2403 4916 2464 4970 in
2495 4917 2770 4987 passione
2805 4917 2864 4974 S.
2898 4918 3202 4990 Perpetua:
3229 4918 3509 4991 legimus:
3547 4940 3575 4970 «
3605 4919 3674 4974 Et

2022 5007 2305 5061 exivimus
2338 5009 2397 5059 et
2418 5003 2674 5061 vidimus
2697 5011 2833 5062 ante
2854 5006 3012 5062 fores
3035 5009 3312 5078 Optatum
3332 5008 3672 5080 episcopum

2020 5096 2092 5152 ad
2121 5096 2409 5160 dextram,
2454 5099 2513 5149 et
2541 5095 2855 5166 Aspasium
2907 5096 3318 5170 presbyterum
3369 5098 3670 5153 doctorem

2019 5186 2094 5241 ad
2125 5185 2450 5240 sinistram.
2487 5205 2515 5234 ››
2547 5185 2619 5239 Ut
2660 5185 3092 5242 Tertullianus:
3142 5209 3172 5238 ‹‹
3221 5186 3370 5252 Quid
3425 5202 3562 5257 ergo
3622 5185 3670 5239 si

2018 5275 2351 5346 episcopus,
2385 5273 2432 5328 si
2457 5273 2762 5341 diaconus,
2787 5275 2836 5330 si
2867 5276 3116 5341 vidua,si
3139 5275 3320 5347 virgo,
3356 5273 3404 5329 si
3437 5274 3672 5346 doctor,

2013 5365 2061 5420 si
2096 5365 2274 5420 etiam
2307 5368 2532 5435 martyr
2561 5363 2763 5436 lapsus
2795 5381 2829 5421 a
2858 5365 3059 5437 regula
3098 5364 3296 5419 fuerit.
3331 5384 3360 5411 »
3396 5362 3503 5419 Ubi
3564 5362 3668 5418 do-

255 5460 488 5516 colobio
521 5461 937 5532 episcoporum
967 5458 1246 5514 vestitum
1277 5457 1542 5530 agnoscit
1578 5456 1690 5512 :ad
1721 5473 1899 5527 quem
2008 5459 2233 5511 ctorem
2265 5453 2393 5508 sine
2425 5452 2606 5509 dubio
2653 5472 2758 5526 pro
2813 5453 3159 5526 presbytero
3205 5452 3422 5523 posuit.
3457 5453 3514 5508 S.
3551 5453 3668 5523 Cy-

255 5550 340 5605 sic
371 5548 576 5603 scribit
600 5565 612 5603 :
639 5569 666 5599 «
690 5546 1024 5617 Presbyteri
1046 5549 1101 5600 et
1131 5546 1364 5602 diaconi
1382 5563 1501 5602 non
1522 5549 1587 5601 ut
1609 5545 1900 5617 majorem

251 5639 355 5697 sed
385 5641 449 5695 ut
480 5637 821 5693 ministrum
853 5633 1066 5690 Christi
1098 5638 1155 5689 te
1186 5633 1524 5695 obserent.»
1545 5636 1624 5690 Ac
1646 5649 1851 5691 rursus
1881 5649 1896 5692 :

2013 5543 2282 5618 prianus,
2316 5542 2563 5614 epistola
2592 5546 2660 5598 24
2695 5561 2708 5599 :
2744 5567 2773 5595 »
2829 5542 3071 5610 Quando
3122 5558 3258 5598 cum
3306 5542 3672 5615 presbyteris

2013 5631 2357 5691 doctoribus
2387 5631 2644 5688 lectores
2675 5633 2990 5705 diligenter
3017 5630 3468 5704 probaaemus.»
3508 5632 3673 5690 Blon-
