4064 6134
254 293 375 354 4Ξό

985 287 1044 348 J.
1092 285 1521 348 PEARSONII
1563 284 1934 348 VINDICLE

2049 285 2456 349 ΝΑΤῙΑΝιΕ.
2505 320 2572 334 -
2625 287 2827 350 PARS
2873 286 2950 348 Π.

3564 289 3682 350 426

263 427 451 484 dellus
481 424 728 496 quidem
785 423 1039 479 afﬁrmat
1091 428 1362 480 constare
1421 422 1576 494 apud
1621 421 1920 489 Hermam,
1952 428 2011 493 Α
2038 425 2265 478 veteres
2282 424 2713 495 scriptores,ab
2729 424 3133 495 apostolorum
3155 425 3542 497 temporehos
3563 430 3683 481 tres

265 518 537 573 doctores
571 515 645 570 ad
677 515 986 587 episcopos
1017 515 1314 585 praecipue
1346 512 1577 576 referri,
1612 528 1746 566 cum
1793 512 1926 582 epi-

260 612 571 678 scopatum
608 605 862 676 gessisse
877 603 1184 668 dicantur;
1209 603 1432 667 dolose,
1456 607 1519 656 ut
1541 601 1712 656 solet.
1743 602 1933 656 Verba

266 701 498 754 Hermaa
522 701 663 750 sunt
686 695 910 749 visione
928 696 988 748 3:
1016 717 1035 740 -
1056 694 1098 747 Ii
1125 698 1262 747 sunt
1291 691 1545 763 apostoli
1569 697 1626 746 et
1647 691 1928 762 episc0pi,

270 794 328 843 et
344 783 1109 853 doctores,etministri,qui
1127 782 1376 854 ingressi
1395 781 1608 836 suntin
1624 779 1935 835 clementia

270 877 371 932 Dei
421 880 480 929 et
524 874 936 945 episcopatum
991 877 1321 942 gesserunt,
1365 876 1422 926 et
1475 871 1822 933 docuerunt,
1876 873 1935 923 et

269 965 765 1023 ministraverunt
796 967 997 1017 sancte
1029 967 1088 1015 et
1107 960 1375 1015 modeste
1401 959 1605 1014 electis
1628 960 1750 1013 Dei.
1781 979 1808 1007 »
1834 957 1934 1011 His

270 1061 469 1112 autem
493 1053 740 1108 minime
755 1051 1025 1106 doctores
1041 1049 1214 1104 docet
1235 1051 1639 1121 episcopatum
1657 1047 1930 1123 gessisse.

274 1152 449 1216 atque
468 1159 535 1197 ea
549 1143 784 1197 ratione
803 1141 876 1195 ad
895 1141 1204 1210 episcopos
1222 1138 1428 1193 referri
1454 1134 1808 1204 debere,sed
1824 1133 1932 1188 tri-

271 1235 380 1289 bus
403 1231 702 1288 distinctis
715 1229 996 1302 gradibus
1019 1245 1261 1283 suorum
1289 1227 1621 1282 ofﬁciorum
1637 1229 1801 1279 actus
1820 1222 1937 1277 dis-

272 1325 451 1378 tincte
471 1321 846 1376 tribuuntur:
873 1335 1010 1373 nam
1030 1317 1291 1389 episcopi
1313 1317 1718 1388 episcopatum
1742 1329 1934 1384 gesse-

274 1418 433 1481 runt,
463 1412 738 1466 doctores
762 1408 1110 1476 docuerunt,
1135 1406 1395 1460 ministri
1413 1405 1931 1467 ministraverunt;

279 1507 342 1558 ut
375 1498 768 1556 similitudine
798 1501 829 1552 9
860 1497 1121 1568 loquitur
1149 1513 1160 1551 :
1212 1517 1240 1544 «
1273 1497 1344 1550 Ut
1387 1494 1628 1566 quidam
1663 1491 1934 1546 doctores

279 1593 377 1664 qui
410 1595 570 1647 caste
603 1594 662 1643 et
694 1588 925 1642 sincere
946 1586 1420 1658 praedicaverunt
1443 1600 1509 1638 ac
1531 1581 1931 1636 docuerunt.»

276 1685 341 1738 Hi
373 1682 553 1754 igitur
575 1696 712 1734 cum
736 1693 944 1733 omnes
972 1676 1092 1731 sint
1113 1674 1358 1730 secundi
1387 1672 1591 1728 saeculi
1615 1670 1934 1741 scriptores

271 1789 417 1844 quos
432 1788 539 1844 pro
555 1769 908 1824 confusione
922 1766 1203 1821 nominum
1216 1759 1937 1829 adducitDallmusJiquet
1965 1800 2012 1866 Β

271 1880 346 1919 ne
381 1877 571 1917 unum
606 1858 870 1930 quidem,
901 1873 1034 1911 cum
1067 1854 1281 1927 gradus
1304 1855 1636 1918 enumerat,
1672 1855 1773 1904 aut
1797 1864 1931 1902 cum

268 1953 339 2008 de
377 1947 780 2023 singularibus
832 1945 922 2000 sui
975 1943 1256 2014 temporis
1305 1941 1584 1997 ministris
1637 1935 1932 2008 Evangelii

269 2042 561 2112 loquitur,
596 2053 817 2092 nomen
849 2033 1180 2106 presbyteri
1222 2033 1273 2086 ei
1308 2032 1408 2102 qui
1443 2030 1755 2106 episcopus
1777 2029 1934 2080 esset

266 2131 574 2187 tribuisse.
607 2130 678 2182 Et
710 2132 834 2181 tum
866 2141 936 2179 ex
965 2125 1098 2190 hac,
1131 2128 1256 2177 tum
1289 2138 1359 2177 ex
1388 2119 1575 2192 priori
1603 2116 1932 2173 assertione

269 2225 434 2293 patet
463 2233 646 2289 quam
678 2216 887 2270 falsum
929 2213 1006 2268 sit
1052 2212 1210 2284 quod
1256 2210 1514 2266 Dallaaus
1562 2225 1671 2262 nos
1717 2205 1930 2260 docere

268 2309 456 2365 voluit
480 2325 494 2362 :
523 2330 550 2357 «
576 2306 681 2361 Hic
705 2309 832 2359 erat
853 2302 1031 2372 hujus
1052 2301 1209 2356 vocis
1230 2299 1501 2372 publicus
1524 2295 1680 2368 apud
1699 2298 1934 2349 nostros

269 2417 435 2466 usus,
499 2398 628 2451 haac
680 2392 1148 2449 Christianorum
1218 2388 1376 2443 illius
1458 2385 1761 2442 memorias
1826 2382 1932 2436 ho-

270 2492 505 2546 minum
538 2487 835 2541 institutio
867 2499 932 2538 ac
964 2479 1349 2548 consuetudo,
1405 2482 1472 2532 ut
1519 2475 1933 2548 presbyterum

271 2580 444 2651 vulgo
478 2583 602 2631 tarn
634 2574 736 2646 qui
771 2576 924 2627 esset
955 2569 1296 2642 primarius,
1322 2582 1501 2638 quam
1528 2564 1630 2634 qui
1654 2561 1936 2618 secunda-

278 2650 427 2735 rius,
458 2672 519 2722 et
555 2665 826 2720 dicerent
855 2660 968 2733 ipsi
999 2665 1058 2716 et
1088 2659 1160 2713 ab
1191 2657 1324 2712 aliis
1368 2655 1594 2709 dictum
1642 2650 1932 2721 intellige-

283 2764 438 2814 rent.
463 2779 490 2805 »
509 2757 638 2809 Non
661 2753 744 2807 ita
763 2749 972 2823 Ignatii
1011 2752 1156 2803 Acta
1176 2746 1518 2817 loquuntur,
1549 2758 1670 2796 non
1699 2754 1934 2794 sermo-

293 2847 391 2900 nis
419 2843 882 2901 Christianorum
933 2838 1182 2908 diligens
1229 2835 1571 2890 observator
1617 2828 1934 2890 Adrianus,

287 2953 407 2991 non
431 2933 689 2989 Ecclesia
716 2929 1114 3000 Smyrnensis,
1138 2943 1259 2982 non
1281 2928 1572 2994 martyres
1592 2919 1938 2992 Lugdunen-

281 3044 398 3092 ses,
431 3042 550 3079 non
583 3021 973 3094 Hegesippus,
1005 3034 1126 3072 non
1153 3015 1510 3085 Polycrates,
1533 3026 1652 3065 non
1676 3007 1936 3078 Serapio,

274 3133 400 3172 non
427 3129 766 3185 anonymus
791 3110 890 3180 qui
923 3113 1130 3163 contra
1152 3104 1534 3159 Montanistas
1553 3099 1938 3170 scripsit,non

274 3211 486 3261 auctor
517 3201 788 3271 martyrii
822 3200 876 3253 S.
906 3199 1234 3267 Perpetuae,
1271 3210 1389 3248 non
1420 3205 1678 3245 canones
1710 3187 1809 3257 qui
1844 3186 1933 3240 di-
1968 3168 2010 3234 C

270 3301 495 3351 cuntur
511 3289 844 3362 apostolici,
869 3304 943 3341 ne
968 3287 1214 3340 Hermas
1237 3282 1499 3353 quidem.
1523 3277 1751 3334 Nullius
1776 3276 1935 3330 illius

271 3385 382 3440 aevi
419 3382 676 3452 scriptor
697 3394 884 3434 unum
913 3375 1283 3447 primarium,
1309 3371 1493 3425 alium
1518 3365 1936 3423 secundarium

265 3473 694 3548 presbyterum
721 3465 961 3521 tradidit
985 3484 1000 3529 ;
1033 3462 1234 3517 nullus
1263 3461 1346 3515 ita
1367 3458 1607 3514 ordines
1632 3470 1938 3509 enumera-

262 3543 353 3617 vit
385 3565 450 3614 ut
481 3559 544 3613 in
579 3557 771 3628 primo
811 3551 1248 3624 presbyterum,
1305 3548 1366 3601 in
1417 3543 1677 3601 secundo
1731 3557 1938 3596 rursus

267 3649 702 3725 presbyterum
736 3643 997 3706 locaret;
1029 3638 1229 3694 nullus
1259 3635 1602 3707 quempiam
1643 3637 1781 3688 tunc
1803 3647 1938 3686 cum

265 3719 404 3812 ipse
441 3735 735 3791 scriberet
763 3728 1146 3802 superstitem
1179 3733 1236 3780 et
1267 3725 1442 3796 primi
1475 3721 1702 3777 ordinis
1746 3719 1939 3774 ofﬁcio

261 3829 633 3898 fungentem
655 3819 1069 3893 presbyterum
1100 3813 1433 3886 appellavit.

346 3919 480 3972 Jam
511 3928 649 3968 vero
682 3911 823 3965 licet
849 3909 936 3962 vir
963 3905 1343 3961 doctissimus
1368 3920 1437 3957 ex
1459 3900 1804 3956 confusione
1837 3915 1944 3953 no-

270 4009 726 4073 minum,quam
748 4000 811 4054 in
835 3995 1079 4053 secundi
1099 3993 1299 4050 saeculi
1323 3990 1710 4063 scriptoribus
1731 3989 1942 4043 obser-

271 4097 480 4160 vabat,
516 4108 636 4146 non
670 4087 987 4143 concludat
1019 4101 1151 4139 cum
1187 4082 1471 4138 Salmasio
1509 4080 1658 4135 duos
1717 4083 1944 4133 tantum

273 4184 529 4242 ordines
561 4195 764 4234 sacros
794 4177 856 4231 in
891 4173 1158 4230 Ecclesia
1202 4172 1385 4226 fuisse
1434 4186 1552 4224 mvo
1605 4167 1942 4240 Ignatiano;

262 4277 420 4331 licet
445 4274 744 4344 praeterea
762 4261 1140 4321 Hammondo
1163 4261 1283 4323 det,
1317 4261 1495 4315 etiam
1527 4257 1634 4313 sub
1665 4254 1948 4327 apostolis

268 4371 402 4419 tres
429 4359 678 4416 ordines
711 4353 1012 4410 exstitisse
1043 4367 1056 4416 ;
1089 4357 1290 4406 tamen
1319 4365 1452 4404 cum
1493 4349 1616 4418 ipse
1647 4345 1778 4400 loca
1809 4360 1947 4413 apo-

272 4451 497 4509 stolica
528 4448 708 4504 aliter
726 4443 1029 4515 explicare
1056 4439 1344 4507 videatur,
1370 4444 1428 4493 et
1449 4435 1779 4509 argumenti
1802 4433 1950 4489 mul‘

2042 513 2281 569 ordines
2303 515 2713 570 ministrorum
2741 516 2802 570 in
2825 516 3088 572 Ecclesia
3108 517 3323 570 Christi
3344 517 3684 588 fuisse,epi-

2042 604 2655 676 scopos,presbyteros
2679 605 3044 660 etdiaconos.
3064 605 3484 660 «Ostendimus
3505 606 3684 678 hujus

2041 693 2227 763 partis
2250 694 2440 764 capite
2463 695 2797 766 primojam
2829 700 2952 748 tum
2986 695 3047 749 in
3065 694 3340 749 Ecclesiis
3379 695 3530 749 Asiaa
3558 695 3685 766 epi-

2043 799 2250 852 scopos
2275 784 2587 849 exstitisse,
2614 800 2748 838 cum
2771 785 2824 839 S.
2852 785 3110 856 lgnatius
3133 784 3205 838 ad
3227 785 3578 855 martyrium
3599 783 3686 838 fe-

2044 872 2310 926 stinaret.
2337 873 2602 927 Diximus
2663 873 2964 928 neminem
3021 890 3286 944 unquam
3333 874 3681 944 scriptorem

2043 961 2440 1016 Christianum
2474 967 2533 1016 et
2559 962 2914 1017 catholicum
2947 963 3163 1018 dixisse
3193 963 3504 1034 pauciores
3525 962 3683 1017 ordi-

2043 1068 2149 1106 nes
2189 1069 2368 1122 quam
2400 1058 2517 1107 tres
2550 1053 2844 1108 exstitisse
2884 1054 3144 1108 secundo
3177 1053 3414 1123 saaculo,
3438 1058 3540 1108 aut
3561 1053 3685 1107 ulla

2045 1142 2174 1212 ejus
2206 1147 2390 1212 parte,
2433 1144 2612 1197 etiam
2643 1143 2777 1197 illos
2808 1159 3014 1198 omnes
3043 1144 3144 1214 qui
3171 1143 3432 1214 episcopi
3464 1148 3522 1196 et
3551 1159 3681 1213 pre-

2044 1230 2261 1303 sbyteri
2276 1231 2523 1288 nomina
2543 1233 2603 1286 in
2621 1232 3024 1303 apostolorum
3043 1233 3279 1304 scriptis
3296 1232 3542 1288 confusa
3553 1248 3682 1286 esse

2045 1321 2592 1386 existimabant,aut
2613 1327 2752 1376 tunc
2773 1338 2908 1377 cum
2930 1323 3044 1393 ipsi
3063 1322 3313 1394 apostoli
3332 1322 3680 1390 scriberent,

2043 1416 2142 1466 aut
2173 1411 2384 1466 saltem
2412 1415 2550 1465 ante
2581 1410 2906 1466 secundum
2954 1410 3232 1465 saeculum
3281 1416 3401 1465 tres
3445 1410 3683 1464 ordines

2044 1517 2147 1557 seu
2179 1500 2394 1572 gradus
2424 1499 2776 1565 tradidisse;
2830 1499 2989 1570 quod
3043 1501 3154 1554 hoc
3211 1499 3338 1554 loco
3389 1500 3531 1554 satis
3579 1515 3685 1569 op-

2041 1594 2298 1662 portuno
2322 1588 2852 1643 demonstrandum
2877 1590 3126 1659 suscepi.
3153 1589 3298 1642 Sunt
3323 1594 3516 1643 autem
3536 1587 3594 1641 hi
3617 1604 3685 1641 ex

2043 1679 2358 1744 veteribus,
2391 1683 2458 1732 ut
2487 1679 2719 1749 Opinor,
2743 1694 2970 1745 omnes,
3003 1682 3105 1732 aut
3135 1683 3293 1732 certe
3321 1676 3684 1749 prmcipui,S,

2043 1769 2514 1840 Chrysostomus,
2548 1767 2958 1838 Hieronymus,
2987 1766 3405 1833 Theodoretus,
3432 1765 3687 1820 Ambro-

2043 1858 2272 1921 siaster,
2304 1857 2595 1928 Pelagius,
2631 1855 2919 1922 Sedulius,
2954 1856 3296 1923 Primasius,
3328 1852 3692 1925 Tlieophyla-

2042 1953 2192 2014 ctus,
2222 1946 2636 2001 OEcumenius.
2670 1946 2777 2010 Qui
2809 1946 3077 2000 omnium
3109 1945 3334 2015 primus
3357 1945 3510 1998 inter
3533 1944 3689 1997 Graa—

2041 2054 2140 2092 cos
2169 2036 2323 2090 hanc
2350 2036 2659 2089 nominum
2701 2034 3113 2089 confusionem
3139 2033 3314 2088 nobis
3345 2031 3588 2086 tradidit
3629 2031 3683 2084 S.

2041 2124 2742 2196 Chrysostomus,ubique
2755 2123 3018 2178 ostendit
3040 2123 3216 2177 etiam
3247 2125 3385 2176 tunc
3401 2119 3686 2190 temporis

2043 2215 2445 2286 episcopatum
2476 2214 2654 2268 fuisse
2685 2213 2955 2267 ordinem
2987 2228 3020 2266 a
3049 2210 3460 2282 presbyteratu
3484 2208 3689 2261 distin-

2042 2309 2201 2360 ctum
2226 2310 2283 2358 et
2305 2303 2694 2373 superiorem.
2721 2301 2807 2355 Ad
2832 2301 2930 2354 illa
2951 2299 3130 2355 verba
3152 2299 3410 2370 Philipp.
3437 2300 3552 2366 1,1:
3581 2295 3684 2348 Σὺν

2042 2391 2359 2456 ἐπισκόποις
2388 2393 2476 2446 καὶ
2510 2388 2804 2459 διακόνοις,
2858 2391 2985 2446 hac
3037 2389 3282 2446 adnotat
3316 2407 3328 2444 :
3375 2386 3438 2444 Τί
3484 2390 3685 2453 τοῦτο;

2042 2487 2181 2542 Mla:
2213 2480 2430 2540 πόλεως
2461 2477 2668 2534 πολλοὶ
2689 2477 2979 2532 ἐπίσκοποι
3000 2477 3136 2546 ἦσαν
3164 2495 3176 2544 ;
3211 2474 3508 2549 Οὐδαμῶς’
3542 2472 3690 2528 ἀλλὰ

2041 2568 2167 2631 τοὺς
2227 2563 2624 2642 πρεσϐυτέρους
2682 2567 2855 2630 οὕτως
2910 2564 3148 2620 ἐκάλεσεο
3209 2565 3332 2619 τότε
3393 2563 3494 2639 γὰρ
3552 2560 3688 2622 τέως

2043 2658 2361 2713 ἒκοινώνουν
2392 2662 2507 2718 τοῖς
2554 2655 2805 2728 ὀνόμασι,
2862 2653 2953 2707 καὶ
3007 2651 3256 2713 διάκονος
3316 2653 3344 2705 6
3399 2651 3692 2710 ἐπίσκοπος

2046 2748 2282 2823 ἐλέγετο.
2320 2771 2347 2798 ‹‹
2381 2746 2532 2812 Quid
2562 2747 2674 2801 hoc
2694 2747 2721 2801 Ἰ
2752 2745 2936 2801 Unius
2968 2743 3131 2798 urbis
3162 2743 3335 2798 multi
3369 2746 3538 2796 erant
3567 2741 3694 2810 epio

2047 2838 2253 2911 scopi?
2278 2841 2660 2908 Nequaquam
2689 2834 2822 2898 ;sed
2845 2833 3222 2905 presbyteros
3245 2831 3326 2886 ita
3342 2829 3692 2902 appellavit:

2046 2935 2188 2985 tunc
2219 2928 2376 2982 enim
2427 2926 2620 2980 adhuc
2667 2923 3008 2979 nominibus
3061 2919 3606 2985 communicabant,
3640 2922 3697 2971 et

2047 3019 2361 3091 episcopus
2391 3017 2675 3070 diaconus
2706 3013 3031 3068 dicebatur.
3057 3034 3083 3060 »
3114 3011 3363 3082 Agnovit
3384 3009 3561 3080 igitur
3575 3008 3694 3061 sin-

2049 3109 2282 3181 gulares
2315 3107 2625 3176 epiSCOpos
2657 3103 2718 3157 in
2752 3101 2999 3172 singulis
3030 3100 3275 3155 urbibus
3325 3099 3694 3163 constitutos,

2051 3196 2150 3267 qui
2183 3210 2342 3248 nunc
2374 3190 2657 3263 episcopi,
2689 3206 2848 3244 nunc
2878 3187 3232 3259 presbyteri,
3266 3202 3431 3240 nunc
3459 3181 3694 3238 diaconi

2043 3285 2411 3340 dicebantur.
2447 3281 2643 3336 Talem
2696 3279 3040 3350 episcopum
3089 3276 3463 3331 Timotheum
3512 3273 3694 3327 fuisse

2045 3373 2297 3429 asseruit
2328 3390 2339 3426 :
2371 3371 2495 3426 ’Ὀτι
2520 3368 2621 3444 γὰρ
2655 3367 2951 3424 ἐπίσκοπος
3001 3365 3092 3432 ἦν,
3141 3361 3275 3439 φησὶ
3324 3362 3461 3435 πρὸς
3513 3359 3693 3426 αὑτὸν,

2045 3465 2243 3534 Χεῖρας
2263 3460 2480 3534 ταχέως
2505 3454 2693 3530 μηδενὶ
2725 3453 2972 3510 ἐπιτίθει.
3009 3477 3036 3504 ‹‹
3061 3453 3351 3519 Quoniam
3385 3451 3542 3505 enim
3569 3450 3694 3520 epi-

2048 3569 2260 3624 scopus
2282 3554 2426 3614 erat,
2448 3553 2505 3602 et
2526 3547 2699 3602 dicit:
2729 3548 2920 3600 Manus
2951 3546 3059 3598 cito
3089 3542 3299 3596 nemini
3329 3542 3548 3609 impone
3573 3539 3638 3592 “5.
3665 3559 3692 3587 ι)

2049 3647 2270 3698 Rursus
2284 3655 2413 3710 quae
2428 3643 2562 3692 ante
2577 3636 2806 3692 dixerat
2817 3633 3159 3703 recclligens
3173 3629 3521 3685 sententiam
3532 3643 3699 3680 suam

2049 3735 2250 3804 aperte
2282 3727 2594 3784 ennuntiat
2623 3742 2636 3780 :
2669 3725 2842 3798 Ὅπερ
2875 3720 2968 3775 οὖν
3001 3717 3159 3792 ἔφην,
3192 3718 3283 3772 καὶ
3315 3718 3366 3770 οἱ
3397 3708 3699 3789 πρεσϐύτε-

2051 3803 2137 3895 ροι
2166 3819 2227 3873 τὸ
2259 3815 2492 3871 παλαιὸν
2522 3812 2817 3868 ἐκαλοῦντο
2850 3809 3162 3874 ἐπίσκοποι,
3195 3808 3285 3861 καὶ
3317 3805 3368 3859 οἶ
3417 3803 3704 3859 ἐπίσκοποι

2049 3901 2405 3983 πρεσϐύτεροι
2438 3904 2527 3957 καὶ
2564 3898 2808 3955 διᾶκῦνοι
2840 3902 2936 3953 τοῦ
2965 3900 3206 3971 Χριστοῦ
3249 3897 3355 3970 (ita
3401 3897 3527 3950 haec
3575 3911 3706 3964 quas

2052 4000 2113 4054 in
2145 3997 2317 4052 editis
2351 3992 2597 4048 confusa
2628 3995 2788 4057 sunt,
2823 3987 3074 4059 legenda
3115 4003 3242 4040 esse
3293 4003 3364 4039 ex
3414 3983 3708 4055 prioribus

2051 4087 2259 4162 patet),
2293 4083 2412 4138 ὅθεν
2449 4080 2538 4135 καὶ
2579 4083 2670 4133 νῦν
2725 4077 2932 4132 πολλοὶ
2979 4069 3444 4148 συμπρεσϐυτέρῳ
3487 4069 3709 4124 ἐπίσκο-

2051 4197 2147 4232 ποι
2176 4156 2440 4250 γράφουσι
2471 4169 2560 4223 καὶ
2617 4163 2970 4236 συνδιακὸνῳ,
3033 4163 3235 4217 λοιπὸν
3292 4158 3350 4215 δὲ
3395 4161 3457 4214 τὸ
3501 4156 3709 4227 ἰδιάζον

2053 4248 2259 4335 ἑκάστῳ
2296 4248 2704 4331 ἆπονενὲ-μηται
2762 4254 2952 4328 ὄνογα,
2987 4253 3014 4307 6
3047 4251 3349 4312 ἐπίσκοπος
3400 4248 3490 4304 καὶ
3522 4249 3549 4302 6
3579 4268 3708 4322 πρε-

2053 4351 2332 4428 σϐὖτερος.
2370 4376 2396 4402 ‹‹
2430 4349 2596 4417 Quod
2628 4349 2807 4419 igitur
2839 4345 3132 4411 dicebam,
3164 4349 3222 4398 et
3243 4340 3572 4414 presbyteri
3603 4355 3712 4394 an-

2056 4427 2306 4519 tiquitus
2329 4440 2692 4496 vocabantur
2717 4434 2996 4507 episcopi,
3023 4439 3081 4487 et
3102 4431 3361 4503 episcopi
3385 4427 3711 4502 presbyteri

281 4551 343 4599 t0
379 4540 580 4610 major
607 4538 696 4591 Vis
727 4539 904 4601 esset»
947 4533 994 4586 Si
1043 4530 1361 4586 adversarii
1412 4527 1660 4599 Ρνοδθιτθ
1708 4527 1951 4596 Possem
1980 4533 2026 4597 D
2061 4516 2382 4596 etidiaconi
2416 4528 2629 4585 Christi
2663 4525 2840 4598 (unde
2883 4524 3211 4578 etiamnum
3243 4520 3414 4576 multi
3448 4516 3710 4590 episcopi

283 4647 498 4689 revera
529 4634 652 4683 tres
685 4625 927 4680 ordines
957 4622 1269 4676 distinctos
1303 4617 1511 4690 lgnatii
1553 4633 1672 4670 ωνο
1704 4615 1950 4670 minime

281 4722 497 4784 fuisse,
533 4732 686 4787 quos
718 4711 1105 4784 epistolarum
1140 4709 1394 4779 scriptor
1425 4711 1542 4760 tam
1567 4709 1724 4759 caste
1747 4707 1805 4757 et
1824 4719 1954 4773 per-

282 4816 472 4882 petuo
507 4802 857 4874 distinguit;
896 4817 970 4855 ne
990 4799 1345 4854 sententiam
1376 4793 1646 4850 Salmasii
1669 4793 1952 4847 intactam

289 4881 665 4968 relinquere,
703 4897 804 4948 aut
835 4889 1204 4946 concessioni
1229 4885 1540 4941 Dallaeanaa
1572 4883 1747 4938 nimis
1771 4881 1954 4936 ﬁdere

285 4988 519 5050 videar,
547 4986 620 5040 de
642 4985 751 5038 hac
772 4997 835 5036 re
852 4979 1104 5035 ulterius
1128 4975 1542 5032 disserendum
1583 4989 1711 5028 esse
1733 4971 1951 5043 putavi.

282 5079 372 5133 Sit
407 5077 588 5148 igitur
623 5076 833 5144 quarta
863 5068 1151 5124 assertio:
1200 5067 1280 5119 Ea
1329 5068 1501 5120 aetate
1548 5078 1664 5133 qua
1694 5063 1750 5117 S.
1784 5063 1956 5134 Igna-

282 5169 402 5222 tius
427 5162 712 5236 epistolas
734 5159 1046 5230 scripsisse
1068 5155 1305 5221 dicitur,
1342 5159 1462 5208 tres
1482 5167 1684 5207 sacros
1710 5149 1954 5205 ordines

285 5273 390 5311 seu
425 5253 646 5327 gradus
678 5250 991 5306 distinctos
1034 5246 1093 5299 in
1145 5243 1407 5299 Ecclesia
1455 5242 1656 5297 fuisse.
1719 5242 1836 5295 Hoc
1885 5240 1957 5294 ab

283 5345 562 5402 Ecclesia
585 5339 917 5412 Anglicana
938 5352 1176 5407 semper
1195 5333 1399 5397 didici,
1425 5349 1556 5403 quae
1579 5331 1638 5385 in
1656 5330 1956 5386 Ordinalis

285 5436 378 5493 sui
414 5428 766 5506 praefatione
797 5429 880 5484 ita
907 5425 1176 5497 loquitur
1232 5440 1244 5478 :
1277 5445 1303 5472 «
1338 5420 1584 5476 Evidens
1631 5426 1720 5474 est
1763 5419 1955 5474 omni-

286 5525 402 5580 bus
434 5521 755 5593 diligenter
783 5515 1120 5589 legentibus
1175 5517 1442 5568 sanctam
1493 5509 1853 5581 Scripturam
1905 5515 1962 5566 et

369 5622 472 5676 “I
509 5621 661 5675 Tim.
697 5635 749 5686 γ,
782 5619 870 5671 22.

636 5738 899 5796 ΡΑτιιοι.
939 5731 1048 5793 Gn.
1094 5731 1168 5794 V.

2063 4626 2329 4683 scribunt
2344 4617 2909 4692 sympresbytero,et
2925 4611 3307 4683 syndiacono)
3327 4630 3340 4677 ;
3361 4614 3566 4680 postea
3577 4622 3710 4659 vero

2062 4716 2361 4791 peculiare
2390 4709 2714 4778 unicuique
2749 4721 2969 4760 nomen
2995 4704 3358 4775 assignatum
3382 4704 3472 4754 est
3492 4699 3713 4768 episco-

2061 4785 2171 4878 pus
2205 4809 2263 4858 et
2299 4800 2626 4873 presbyter.
2662 4817 2689 4845 »
2724 4797 2948 4850 Rursus
2996 4791 3244 4846 homilia
3295 4787 3611 4842 undecima
3649 4785 3711 4837 in

2062 4871 2317 4966 primam
2348 4889 2420 4945 ad
2462 4885 2836 4942 Timotheum
2897 4880 3221 4952 Epistolam
3257 4894 3277 4966 εΔ
3322 4871 3715 4966 Διαλεγόρενος

2063 4981 2187 5058 περὶ
2244 4976 2554 5034 ἐπισκόπων
2613 4973 2703 5028 καὶ
2763 4968 3174 5047 χαρακτηρίσας
3224 4963 3439 5033 αὐτοὺς,
3491 4961 3579 5015 καὶ
3638 4959 3715 5014 εἷ-

2064 5048 2182 5127 πῶν
2207 5067 2325 5122 τίνα
2359 5067 2452 5138 μὲν
2481 5061 2652 5141 ἔχειν,
2679 5059 2842 5114 τίνων
2873 5055 2930 5112 δὲ
2980 5055 3278 5129 ἀπέχεσθαι
3327 5052 3466 5126 χρὴ,
3517 5048 3607 5104 καὶ
3653 5049 3715 5102 τὸ

2063 5165 2170 5216 τῶν
2227 5137 2605 5232 πρεσϐυτέριον
2662 5148 2843 5223 τάγμα
2904 5145 3078 5212 ἀφεῖς,
3139 5142 3214 5202 εἷς
3255 5139 3382 5201 τοὺς
3437 5137 3716 5198 διακόνους

2071 5243 2434 5324 μετεπήδησε.
2466 5241 2533 5296 Τί
2562 5236 2801 5308 δήποτε;
2836 5236 2920 5289 δτι
2961 5233 3024 5286 οὐ
3057 5230 3202 5286 πολὺ
3231 5231 3294 5284 τὸ
3337 5228 3498 5302 μέσον
3542 5224 3717 5280 αὐτῶν

2065 5311 2154 5395 καὶ
2184 5311 2292 5392 τῶν
2326 5311 2657 5394 ἐπισκόπων,
2715 5321 2807 5376 καὶ
2857 5321 2960 5397 γὰρ
3007 5317 3098 5371 καὶ
3157 5315 3307 5370 αὐτοὶ
3366 5311 3717 5375 διδασκαλίαν

2067 5429 2200 5486 εἲσὶν
2235 5417 2646 5490 ἀναδεδεγμένοι
2706 5413 2795 5468 καὶ
2854 5408 3181 5485 προστασίαν
3225 5409 3323 5474 τῆς
3366 5402 3723 5474 Ἐκκλησίας·

2069 5517 2160 5575 καὶ
2194 5517 2224 5569 ἅ
2263 5511 2387 5588 περὶ
2435 5505 2745 5562 ἐπισκόπων
2798 5502 2936 5567 εἶπε,
2983 5501 3150 5551 ταῦτα
3197 5495 3286 5550 καὶ
3333 5489 3721 5570 πρεῶυτὲροις

3331 5710 3408 5766 14
