4064 6134
311 349 428 411 427

311 483 592 558 ἁρμόττει·
633 478 702 549 τῇ
760 473 864 548 γὰρ
918 464 1233 558 χειροτονίᾳ
1291 461 1430 537 μόνῃ
1487 449 1950 558 ὗτξερδεελῆξασξι
1982 451 2035 519 Α

316 535 343 538 ’Ὗ
386 535 450 556 In,
477 535 487 537 ν
679 535 702 549 l'
773 535 784 548 υ
837 535 846 547 ι
922 535 959 546 v-
1014 535 1022 543 -
1213 535 1221 536 κ
1294 535 1301 537 .

309 535 399 627 καὶ
431 568 610 640 τούτῳ
645 566 804 638 μόνον
839 557 1058 615 δοκοῦσι
1108 555 1444 612 πλεονεκτεῖν
1487 549 1613 608 τοὺς
1661 535 1956 619 πρεσϐυτὲ-

310 681 460 738 ρους.
496 681 525 711 ‹‹
559 658 864 714 Disserens
897 651 969 706 de
1001 647 1315 720 episcopis,
1377 653 1701 708 eorumque
1751 634 1960 689 chara-

311 726 501 809 cteres
530 744 896 811 describens,
929 739 1251 807 dicensque
1283 750 1412 804 quas
1455 747 1555 786 eos
1605 733 1807 782 tenere
1839 726 1899 776 et
1928 735 1962 775 a

311 849 526 924 quibus
555 844 856 902 abstinere
916 841 1167 910 oportet,
1217 831 1703 904 presbyterorum
1752 819 1959 877 ordine

312 914 636 1002 dmisso,ad
654 933 934 989 diaconos
956 925 1258 982 transiliit.
1273 919 1500 986 Quare?
1523 917 1664 989 quia
1682 914 1839 968 inter
1859 925 1961 962 eos

313 1036 373 1086 et
401 999 710 1098 episcopos
741 1037 861 1074 non
890 1016 1142 1072 multum
1176 1014 1443 1067 interest.
1466 1009 1609 1062 Nam
1645 1009 1702 1058 et
1722 1001 1834 1073 ipsi
1865 999 1964 1054 do-

315 1094 488 1174 cendi
519 1127 736 1170 munus
759 1114 816 1164 et
843 1106 1258 1179 praefecturam
1279 1098 1547 1154 Ecclesiae
1569 1094 1960 1163 acceperunt:

319 1223 378 1274 et
392 1233 463 1272 ea
483 1229 614 1285 quas
637 1210 708 1265 de
732 1205 1026 1280 episcopis
1040 1202 1207 1269 dixit,
1231 1199 1408 1254 etiam
1432 1191 1792 1267 presbyteris
1823 1205 1965 1243 con-

317 1280 563 1363 veniunt
581 1318 594 1369 ;
611 1299 739 1356 sola
755 1297 916 1353 enim
939 1289 1256 1349 ordinandi
1276 1289 1566 1359 potestate
1581 1280 1968 1346 excellunt,et

317 1399 430 1452 hac
459 1408 579 1450 una
606 1407 671 1446 re
698 1387 973 1442 videntur
1001 1378 1364 1454 presbyteris
1395 1373 1732 1446 superiores
1754 1384 1904 1425 esse.
1935 1390 1957 1420 ι

318 1486 482 1544 Unde
513 1485 747 1540 constat
776 1481 1047 1533 sanctum
1078 1472 1564 1542 Chrysostomum
1594 1461 1964 1518 existimasse

316 1584 458 1634 tunc
490 1589 625 1630 cum
655 1569 728 1625 ad
761 1565 1130 1622 Timotheum
1158 1557 1394 1630 scripsit
1424 1557 1668 1611 sanctus
1723 1547 1962 1613 Paulus,

316 1671 532 1742 praeter
561 1664 842 1719 diaconos
872 1661 931 1711 et
949 1652 1349 1726 presbyteros,
1373 1646 1550 1702 etiam
1574 1643 1882 1715 episcopos
1902 1639 1965 1692 in

315 1727 581 1814 Ecclesia
610 1749 814 1814 fuisse,
844 1761 952 1816 per
995 1741 1303 1813 episcopos
1361 1752 1429 1790 eo
1483 1734 1612 1788 loco
1646 1731 1802 1786 solos
1849 1727 1966 1800 pri-

313 1845 398 1902 mi
419 1841 648 1899 ordinis
669 1836 974 1893 ministros
1000 1828 1354 1892 intellectos,
1381 1828 1570 1878 totum
1595 1820 1966 1892 presbytero-
1993 1825 2041 1891 Β

314 1950 448 1990 rum
476 1930 751 1987 ordinem
781 1923 1070 1979 omissum
1103 1932 1252 1984 esse,
1286 1913 1609 1969 discrimen
1634 1910 1788 1964 inter
1817 1907 1964 1961 duos

317 2021 558 2079 ordines
587 2015 733 2072 satls
763 2009 1149 2068 manifestum
1179 2021 1328 2072 esse,
1353 2000 1512 2073 quod
1532 2003 1794 2071 potestas
1824 2011 1965 2050 con-

317 2116 547 2179 ferendi
582 2129 779 2170 sacros
810 2108 1050 2165 ordines
1082 2101 1375 2176 episcopis
1415 2101 1798 2169 competeret,
1830 2109 1967 2166 pre-

323 2207 576 2282 sbyteris
599 2217 833 2274 semper
851 2201 1063 2270 negata
1084 2189 1670 2248 esset.Falsissimum
1690 2185 1869 2256 igitur
1881 2187 1972 2237 est

324 2307 484 2380 quod
516 2300 860 2359 Blondellus
890 2297 953 2351 in
983 2292 1269 2366 Apologia
1300 2306 1368 2344 ex
1399 2289 1511 2342 hoc
1539 2303 1661 2341 uno
1704 2284 1834 2339 loco
1864 2299 1971 2354 pro

327 2373 432 2452 suo
463 2410 628 2450 more
658 2386 944 2461 expiscari
977 2383 1183 2448 voluit,
1217 2381 1703 2451 Chrysostomum
1733 2373 1974 2442 interja-

327 2503 470 2543 cens
501 2487 672 2538 astate
706 2494 812 2535 sua
841 2478 999 2531 inter
1028 2470 1367 2528 sacerdotes
1398 2463 1696 2536 διάστημα,
1727 2464 1800 2518 ob
1833 2478 1976 2516 ocu—

326 2575 418 2630 los
444 2571 746 2636 habuisse,
773 2583 921 2637 quos
943 2569 1144 2618 tamen
1167 2559 1239 2615 ab
1270 2558 1496 2629 origine
1518 2571 1690 2626 pares
1712 2556 1970 2608 noverat.

325 2666 473 2720 Nam
531 2660 647 2715 alia
714 2655 916 2712 omnia
997 2647 1339 2720 διαστήματα
1427 2663 1558 2718 quas
1643 2659 1751 2698 sua
1833 2647 1979 2696 mta-

325 2757 383 2807 te
415 2747 911 2823 agnoscebantur,
969 2755 1214 2812 prorsus
1261 2735 1523 2802 abstulit,
1572 2732 1676 2788 sed
1734 2731 1806 2787 ab
1851 2731 1979 2802 ipsa

325 2820 551 2913 origine
583 2833 912 2893 observavit
939 2831 1053 2885 hoc
1094 2826 1437 2892 discrimen,
1489 2836 1841 2894 semperque
1897 2820 1981 2873 ita

326 2910 596 2987 sanctum
626 2924 878 2980 Paulum
925 2920 1351 2990 interpretatus
1400 2917 1510 2980 est,
1559 2916 1625 2966 ut
1677 2910 1978 2981 impositio

326 3041 614 3085 manuum
636 3021 786 3078 nulli
802 3017 919 3074 nisi
935 3016 1114 3089 primi
1140 3012 1366 3069 ordinis
1384 3009 1700 3076 sacerdoti,
1721 3008 1837 3063 sive
1853 3009 1981 3078 epi-

327 3133 505 3188 scopo
534 3111 773 3186 proprie
805 3109 960 3163 dicto
978 3111 1120 3160 tunc
1144 3105 1527 3173 competeret.
1553 3101 1618 3154 In
1644 3099 1753 3154 hac
1778 3115 1840 3153 re
1864 3097 1983 3170 epi-

1378 329 1442 388 S.
1487 317 1892 388 IGNATIUS.
1938 347 2016 362 —
2059 305 2670 375 PROLEGOMENA.

3599 296 3730 356 428

2061 446 2320 520 primam
2350 442 2424 498 ad
2451 439 2757 496 Corinth.:
2789 436 3016 492 Ἔπειτα
3073 429 3228 510 ὤφθη
3279 424 3546 502 Ἰακώϐῳ,
3596 427 3728 501 ἐμοὶ

2073 516 2245 603 δοκεῖ,
2273 535 2353 599 τῷ
2381 526 2600 606 ἁδελφῷ
2623 531 2703 598 τῷ
2734 527 2948 593 ἑαυτοῦ,
2997 521 3157 583 αὐτὸς
3201 522 3304 597 γὰρ
3351 519 3515 574 αὐτὸν
3570 516 3726 591 λὲγε-

2068 644 2157 678 ται
2212 604 2738 696 κιχειροτονήκὲναι,
2795 615 2886 668 καὶ
2951 610 3246 668 ἐπίσκοπον
3300 609 3352 664 ἐν
3412 604 3728 682 Ἱεροσολύ-

2075 732 2202 786 μοις
2233 706 2586 779 πεποιηκέναι
2617 709 2857 774 πρῶτον.
2891 727 2918 754 ‹‹
2943 706 3158 758 Postea
3186 697 3724 774 apparuitJacobo,

2070 808 2136 858 ut
2166 801 2314 856 mihi
2345 795 2770 864 videtur,fratri
2792 811 2918 849 suo.
2949 795 3080 865 Ipse
3115 790 3274 847 enim
3304 789 3473 843 illum
3507 788 3730 842 dicitur

2073 891 2380 948 ordinasse
2411 894 2470 943 et
2499 887 2759 958 primum
2804 882 3347 952 Hierosolymorum
3378 879 3730 948 episcopum

2071 982 2300 1036 fecisse.
2328 998 2353 1028 ι
2388 978 2550 1033 Idem
2584 979 2853 1030 sanctum
2876 971 3167 1043 lgnatium
3201 974 3495 1032 nostrum,
3527 966 3734 1021 Antio-

2072 1071 2274 1124 chenaa
2305 1066 2582 1122 Ecelesiaa
2614 1064 2958 1135 episcopum
2989 1077 3024 1115 a
3049 1065 3252 1114 sancto
3283 1059 3456 1111 Petro
3492 1055 3728 1110 ordina-

2073 1165 2198 1214 tum
2235 1156 2489 1230 agnovit,
2523 1160 2581 1209 et
2617 1150 3010 1208 ordinationis
3062 1148 3224 1202 illius
3277 1143 3727 1218 praarogativam

2073 1248 2241 1304 miris
2279 1245 2472 1302 modis
2503 1241 2864 1315 praedicavit.

2148 1339 2209 1392 B.
2237 1335 2640 1390 Theodoretus
2659 1329 3074 1386 confusionem
3097 1327 3408 1382 nominum
3435 1324 3728 1396 agnoscit,

2073 1433 2134 1482 et
2153 1427 2269 1482 late
2284 1424 2558 1496 explicat,
2582 1421 2655 1477 ad
2673 1419 2930 1492 Philipp.
2957 1436 2996 1488 ι,
3021 1416 3192 1474 1.8οί1
3215 1415 3521 1488 episcopos
3544 1413 3730 1468 etiam

2074 1522 2216 1572 tunc
2246 1513 2532 1586 temporis
2563 1511 2858 1566 exstitisse
2891 1512 2951 1563 et
2978 1505 3339 1579 presbyteris
3391 1503 3731 1575 superiores

2071 1605 2256 1661 fuisse
2281 1601 2457 1658 simul
2478 1600 2709 1657 asserit.
2737 1600 2917 1654 Docet
2945 1612 3012 1651 eo
3034 1595 3147 1652 loci
3171 1611 3276 1666 per
3298 1593 3606 1665 epi500pos
3634 1593 3730 1648 in-

2074 1694 2260 1767 telligi
2291 1691 2668 1765 presbyteros
2699 1687 2950 1755 debere;
2984 1685 3087 1742 sed
3111 1684 3600 1757 Epaphroditum,
3625 1684 3730 1754 qui

2075 1789 2202 1840 tum
2225 1783 2280 1837 S.
2310 1780 2487 1837 Paulo
2510 1779 2734 1846 aderat,
2768 1783 2826 1832 et
2855 1794 2961 1847 per
2990 1790 3168 1847 quem
3200 1773 3510 1845 epistolam
3543 1772 3730 1843 misit,

2072 1871 2547 1944 Philippensium
2570 1868 2912 1939 episcopum
2934 1865 3116 1919 fuisse
3138 1862 3420 1919 ostendit.
3452 1860 3556 1916 Τὸν
3591 1855 3648 1913 δὲ
3667 1880 3730 1934 γε

2079 1963 2339 2035 μακάριον
2369 1954 2762 2034 Ἐπαφρόδιτον
2809 1954 2858 2009 ἐν
2885 1955 3025 2027 αὐτῇ
3075 1957 3145 2026 τῇ
3178 1950 3442 2024 ἐπιστολῇ
3493 1949 3728 2004 ἀπόστο-

2077 2048 2171 2105 λον
2198 2048 2373 2103 αὐτῶν
2405 2045 2691 2116 κέκληκεν.
2748 2048 2942 2121 Σαφῶς
2990 2040 3170 2097 τοίνυν
3217 2037 3452 2109 ἐδίδαξεν
3502 2040 3575 2100 ὡς
3623 2039 3726 2107 τήν

2075 2141 2394 2208 ἑκισκοπικὴ
2428 2138 2745 2212 οἰκονομίαν
2796 2134 2955 2196 αὐτὸς
2999 2131 3350 2188 ἐπεπίστευτο
3401 2129 3543 2206 ἔχων
3589 2131 3728 2185 ἀπο-

2078 2229 2277 2286 στόλου
2326 2228 2730 2303 προσηγορίανε
2793 2249 2820 2276 ‹‹
2855 2227 3097 2281 Beatum
3146 2221 3615 2295 Epaphroditum
3665 2221 3730 2275 in

2081 2320 2332 2393 epistola
2364 2320 2492 2390 ipsa
2521 2317 2855 2389 apostolum
2887 2332 3092 2370 eorum
3136 2313 3470 2386 appellavit.
3513 2315 3732 2383 Aperte

2081 2429 2218 2484 ergo
2251 2409 2454 2466 docuit
2483 2408 2881 2480 episcopalem
2915 2405 3419 2477 dispensationem
3464 2403 3518 2457 ei
3548 2401 3735 2458 fuisse

2083 2500 2392 2566 creditam,
2412 2515 2546 2554 cum
2570 2496 3030 2570 appellationem
3054 2494 3301 2550 haberet
3319 2492 3592 2564 apostoli.
3621 2514 3648 2541 »
3667 2494 3743 2546 Et

2082 2605 2288 2645 rursus
2311 2588 2386 2643 ad
2407 2605 2536 2659 cap.
2562 2590 2614 2653 2,
2638 2602 2786 2641 vers.
2819 2587 2886 2638 25
2912 2600 2926 2638 :
2970 2579 3306 2638 Ἀπόστολον
3369 2577 3425 2634 δὲ
3457 2578 3614 2634 αὐτὸν
3647 2575 3742 2633 κέ-

2083 2674 2286 2746 κληκεν
2321 2674 2523 2741 αὐτῶν,
2555 2674 2632 2734 ὡς
2661 2674 2759 2742 τήν
2789 2669 3108 2744 ἐπιμέλειαν
3140 2669 3318 2724 αὐτῶν
3375 2668 3742 2740 ἐμπεπιστευ-

2089 2765 2268 2840 μένον,
2301 2765 2375 2825 ὡς
2405 2764 2543 2818 εἶναι
2571 2761 2738 2832 δῆλον
2771 2763 2853 2816 ὅτι
2889 2761 2991 2815 ὑπὸ
3019 2764 3210 2815 τοῦτον
3246 2757 3467 2814 ἒτέλουν
3492 2759 3541 2813 οἱ
3573 2758 3623 2813 ἐν
3657 2763 3739 2829 τῷ

2085 2852 2367 2928 προοιμίῳ
2397 2851 2685 2920 κληθεντες
2716 2849 3026 2918 ἐπίσκοποι,
3077 2851 3172 2902 τοῦ
3223 2841 3590 2922 πρεσϐυτέρου
3644 2843 3744 2915 δη-

2087 2937 2274 2999 λονότι
2305 2942 2404 3010 τὴν
2436 2939 2581 3008 τάξιν
2611 2937 2967 3013 πληροῦντες.
3025 2960 3052 2987 ‹(
3083 2937 3428 3008 Apostolum
3469 2937 3738 3006 ipsorum

2087 3033 2331 3099 vocavit,
2354 3037 2422 3086 ut
2440 3031 2533 3087 cui
2559 3035 2715 3086 esset
2734 3046 2940 3084 eorum
2964 3044 3106 3083 cura
3127 3026 3482 3083 concredita.
3510 3026 3578 3080 Ut
3608 3024 3737 3078 cla-

2090 3141 2224 3180 rum
2256 3123 2332 3177 sit
2356 3121 2464 3176 sub
2497 3121 2597 3176 illo
2631 3120 3002 3175 ministrasse
3035 3135 3157 3187 eos,
3200 3117 3296 3189 qui
3345 3117 3405 3170 in
3454 3115 3737 3170 Prommio

330 3187 542 3276 scopos
575 3193 932 3272 ὑπερϐαίνειν,
965 3195 1028 3249 in
1077 3194 1188 3248 hac
1243 3188 1582 3244 πλεονεκτεῖν
1627 3187 1753 3247 τοὺς
1800 3205 1975 3260 πρεσ-

2089 3213 2454 3268 vocabantur
2469 3210 2730 3282 episcopi
2750 3226 2964 3281 nempe
2983 3207 3312 3280 presbyteri
3327 3205 3594 3262 ordinem
3609 3222 3746 3262 com

335 3289 597 3364 ϐυτὲρους
632 3287 782 3342 dixit
816 3302 827 3339 :
858 3290 915 3339 et
932 3283 1074 3339 satis
1093 3279 1355 3352 amplum
1377 3279 1489 3334 hoc
1516 3277 1840 3332 discrimen
1862 3277 1988 3348 ipse

332 3363 645 3455 judicavit.
679 3377 823 3431 Nam
873 3369 1086 3424 πάντων
1142 3366 1379 3441 μάλιστα
1424 3365 1786 3438 κυριώτατον,
1836 3363 1928 3419 καὶ
1957 3365 1986 3418 ’ὀ

345 3453 584 3541 μάλιστα
616 3464 832 3540 συνέχει
891 3461 990 3528 τὴν
1048 3454 1399 3525 Ἐκκλησίαν,
1455 3453 1518 3508 τὸ
1577 3457 1683 3506 τῶν
1736 3471 1989 3527 χειροτο-

336 3561 493 3627 νιῶν,
520 3579 547 3606 ‹‹
571 3558 928 3627 potestatem
947 3545 1262 3604 ordinandi
1285 3543 1552 3600 omnium
1573 3559 1912 3613 supremam
1933 3548 1990 3598 et

340 3674 471 3730 quas
494 3653 817 3710 Ecclesiam
851 3648 1106 3704 maxime
1133 3645 1418 3709 continet,
1453 3664 1481 3692 ‹‹
1515 3641 1763 3696 homilia
1784 3642 1992 3712 quinta

339 3746 414 3802 ad
440 3745 696 3817 primam
726 3740 909 3812 Epist.
935 3737 1009 3792 ad
1031 3735 1404 3791 Timotheum
1423 3731 1830 3804 pronuntiavit
1853 3751 1866 3799 ;
1895 3746 1993 3802 pa-

332 3851 428 3888 res
450 3833 627 3905 igitur
652 3843 962 3898 nunquam
1007 3823 1262 3896 agnovit.
1315 3822 1434 3876 Hoc
1457 3820 1517 3874 in
1551 3818 1902 3890 eXplicanda
1932 3819 1987 3872 S.

333 3919 740 3993 Chrysostomi
763 3915 1059 3972 sententia
1089 3917 1319 3968 certum
1352 3915 1459 3979 est,
1483 3913 1548 3964 ut
1587 3909 1648 3962 in
1682 3907 1990 3963 nonnullis

326 4019 476 4078 locis
497 4018 596 4075 ubi
616 4014 945 4090 presbyteri
967 4027 1187 4068 nomen
1206 4008 1540 4064 adhibitum
1561 4011 1673 4072 est,
1694 4005 1990 4076 presbyte-

324 4127 424 4166 ros
443 4124 651 4164 omnes
675 4103 1019 4171 exclusorit,
1045 4105 1102 4155 et
1122 4100 1430 4172 episcopos
1463 4095 1621 4151 solos
1644 4093 1987 4165 intelligen-

324 4199 432 4254 dos
465 4213 594 4252 esse
626 4194 913 4260 docuerit,
947 4195 1014 4246 ut
1040 4191 1064 4244 Ι
1095 4189 1243 4244 Tim.
1278 4204 1350 4258 ιν,
1405 4188 1506 4241 14ε
1559 4180 1636 4240 Ob
1686 4179 1812 4257 περὶ
1857 4201 1987 4252 πρε-

326 4281 600 4358 σϐυτέρων
633 4283 796 4361 φησὶν
839 4279 1085 4350 ἐνταῦθα,
1149 4274 1295 4331 ἀλλὰ
1350 4273 1473 4348 περὶ
1532 4269 1862 4341 ἐπισκόπων,
1925 4269 1984 4324 οὐ

321 4377 426 4452 γὰρ
459 4372 527 4444 δὴ
571 4369 928 4448 πρεσϐύτεροι
987 4369 1278 4424 ἐπίσκοπον
1339 4363 1741 4440 ἐχειροτόνουν.
1795 4388 1823 4414 ‹‹
1855 4365 1984 4418 Non

323 4468 420 4524 hic
439 4465 509 4520 de
533 4461 894 4534 presbyteris
917 4456 1310 4530 loquitur,sed
1332 4455 1404 4510 de
1429 4455 1747 4526 episcopis.
1783 4455 1983 4524 Neque

2094 3303 2385 3374 pientes.»
2408 3299 2771 3354 Sententiam
2793 3299 2922 3369 ejus
2943 3297 3179 3368 plenius
3199 3296 3549 3367 explicatam
3572 3294 3751 3349 habe-

2095 3408 2229 3447 mus
2259 3389 2333 3445 ad
2365 3389 2386 3444 Ῐ
2425 3389 2574 3444 Tim.
2606 3405 2734 3459 cap.
2775 3404 2868 3441 lu:
2901 3385 3043 3446 Τοὺς
3102 3382 3302 3445 αὐτοὺς
3351 3380 3578 3437 ἐκάλουν
3609 3383 3747 3436 ποτὶ

2095 3473 2494 3551 πρεσϐυτέρους
2527 3474 2617 3530 καὶ
2649 3473 3000 3534 ἐπισκόπους·
3052 3471 3177 3532 τοὺς
3227 3469 3283 3526 δὲ
3329 3476 3420 3526 νῦν
3469 3469 3748 3542 καλουμέ-

2096 3586 2222 3628 νους
2249 3563 2576 3624 ἐπισκόπους
2608 3561 2951 3622 ἀποστόλους
2992 3560 3295 3633 ὠνόμαζον·
3325 3564 3422 3614 τοῦ
3453 3557 3507 3613 δὲ
3540 3559 3751 3636 χρόνου

2096 3655 2410 3730 προϊόντος,
2442 3652 2504 3707 τὸ
2539 3652 2634 3725 μὲν
2667 3659 2766 3721 τῆς
2795 3648 3114 3719 ἀποστολῆς
3144 3648 3320 3721 ὄνομα
3351 3655 3468 3710 τοῖς
3529 3649 3756 3716 ἀληθῶς

2095 3743 2425 3804 ἀποστόλοις
2456 3740 2772 3796 κατέλιπον·
2804 3742 2903 3808 τὴν
2937 3738 2995 3794 δὲ
3022 3746 3121 3808 τῆς
3145 3737 3450 3807 ἐπισκοπῆς
3476 3758 3753 3812 προσηγο-

2099 3834 2215 3906 ρίαν
2247 3838 2364 3892 τοῖς
2394 3829 2567 3886 πάλαι
2596 3830 2958 3903 καλουμένοις
2989 3826 3320 3888 ἀποστόλοις
3343 3824 3619 3892 ἐπέθεσαν·
3655 3825 3750 3880 οὕ-

2095 3944 2174 3978 τω
2205 3919 2596 3990 Φιλιππησίων
2627 3917 2934 3979 ἀπόστολος
2969 3920 2996 3972 ὁ
3031 3915 3424 3993 Ἐπαφρόδιτος
3455 3919 3542 3986 ἦν·
3606 3916 3748 3970 οὓτω

2095 4015 2326 4087 Κρητῶν
2361 4011 2388 4064 ὁ
2417 4011 2600 4082 Τίτος,
2630 4009 2718 4064 καὶ
2752 4012 3020 4066 Ἀσιανῶν
3053 4008 3080 4062 ὁ
3110 4009 3376 4081 Τιμόθεος
3424 4006 3745 4062 ἀπόστολοι·

2095 4103 2239 4159 οὕτω
2270 4102 2376 4157 ἀπὸ
2399 4105 2506 4156 τῶν
2544 4098 2941 4176 Ἰεροσολύμων
2976 4104 3090 4157 τοῖς
3126 4097 3177 4153 ἐν
3223 4098 3537 4172 Ἀντιοχείᾳ
3589 4097 3754 4172 ἓΥΡα⁶

2094 4197 2196 4268 ψαν
2239 4193 2292 4248 οὶ
2332 4191 2634 4246 ἂπόστολοι
2666 4189 2758 4244 καὶ
2791 4190 2843 4242 οἱ
2864 4186 3245 4264 πρεσϐύτεροι.
3277 4189 3578 4244 «Eosdem
3609 4188 3755 4244 olim

2093 4284 2380 4340 vocabant
2408 4280 2790 4354 presbyteros
2823 4287 2881 4335 et
2911 4280 3220 4352 episcopos
3248 4296 3260 4333 :
3296 4296 3397 4334 eos
3425 4283 3620 4332 autem
3645 4279 3750 4347 qui

2093 4391 2254 4430 nunc
2302 4376 2585 4427 vocantur
2642 4370 2922 4441 episcopi,
2982 4368 3282 4440 apostolos
3338 4366 3750 4423 nominabant.

2092 4462 2459 4519 Procedente
2477 4466 2676 4516 autem
2700 4465 2966 4532 tempore
2989 4459 3356 4530 apostolatus
3374 4474 3592 4514 nomen
3607 4457 3754 4512 reli-

325 4555 488 4611 enim
504 4549 832 4623 presbyteri
847 4548 1194 4620 episcopum
1215 4543 1591 4600 ordinabant.
1615 4565 1640 4592 ››
1658 4545 1728 4596 Et
1745 4542 1944 4610 Tit.1,5
1969 4558 1976 4596 :

2101 4557 2363 4625 querunt
2390 4552 2465 4606 iis
2497 4551 2599 4621 qui
2631 4567 2764 4605 vere
2818 4555 2988 4605 erant
3037 4549 3287 4621 apostoli
3316 4566 3329 4615 ;
3375 4549 3752 4620 episcopatus

326 4642 468 4702 Τοὺς
502 4639 833 4698 ἐπισκόπους
864 4634 1094 4697 ἐνταῦθά
1125 4653 1282 4710 φησι,
1315 4631 1497 4695 καθὼς
1539 4629 1799 4705 ἀλλαχοῦ
1847 4629 1982 4701 ἡμῖν

323 4732 560 4803 εἳρηται.
592 4750 621 4779 ‹‹
655 4727 972 4800 Episcopos
1005 4724 1100 4778 hic
1132 4721 1436 4793 intelligit,
1471 4717 1978 4792 quemadmodum

324 4840 358 4879 a
379 4820 551 4877 nobis
577 4817 714 4874 alibi
738 4816 961 4871 dictum
982 4819 1089 4882 est,
1126 4827 1339 4883 nempe
1363 4810 1435 4865 ad
1459 4810 1672 4881 Philip.
1697 4826 1732 4878 ι,
1766 4810 1795 4862 3
1833 4825 1845 4874 ;
1879 4808 1984 4862 ho-

323 4920 493 4977 milia
512 4918 724 4990 quinta
739 4915 813 4971 ad
835 4913 1209 4969 Timotheum
1237 4926 1248 4963 :
1275 4905 1593 4982 ΔιαΛεχθεὶς
1623 4905 1747 4980 περὶ
1767 4901 1986 4959 ἐπισκό-

321 5029 462 5076 πων,
495 5006 620 5081 περὶ
652 4997 941 5071 διακόνων,
975 4997 1202 5073 ἀνδρῶν,
1266 4999 1563 5073 γυναικῶν,
1613 4993 1738 5069 περὶ
1769 4996 1984 5068 χηρῶν,

322 5108 447 5182 περὶ
470 5100 876 5181 πρεσϐυτέρων,
905 5099 1028 5174 περὶ
1056 5103 1166 5153 τῶν
1188 5095 1375 5152 ἄλλων
1397 5093 1673 5164 ἁπάντων,
1690 5093 1780 5147 καὶ
1809 5093 1984 5162 δείξας

323 5179 463 5251 ὅσιον
492 5179 632 5251 ἐστιν
655 5191 955 5252 ἐπίσκοπος
986 5189 1195 5260 κύριος,
1233 5184 1322 5240 ὅτε
1351 5184 1477 5258 περὶ
1507 5184 1740 5258 κρίσεως
1773 5179 1982 5257 ἔλεγεν,

325 5285 582 5358 ἐπήγαγε.
605 5308 630 5335 ‹‹
645 5285 791 5339 Cum
811 5279 1196 5337 disseruisset
1213 5276 1284 5332 de
1303 5273 1697 5348 episCOpis,de
1718 5272 1986 5327 diaconis

321 5380 449 5430 tum
474 5375 615 5428 viris
640 5379 766 5428 tum
788 5370 1048 5436 feminis,
1085 5367 1157 5422 de
1190 5365 1399 5430 viduis,
1423 5364 1495 5420 de
1520 5358 1985 5435 presbyteris,de

323 5463 454 5518 aliis
485 5461 784 5528 omnibus,
831 5458 1306 5526 ostendissetque
1356 5453 1624 5524 qualium
1672 5451 1985 5522 episc0pus

320 5551 599 5608 dominus
622 5546 1160 5618 est,ubidejudicio
1185 5541 1805 5612 dixerat,subjunxit.n
1822 5537 1983 5591 Idem

318 5638 596 5697 Iacobum
636 5637 879 5691 fratrem
913 5633 1149 5690 Domini
1177 5629 1722 5702 Hierosolymorum
1755 5627 1983 5699 episco-

333 5747 473 5803 pum
506 5728 577 5784 ab
614 5726 780 5780 initio
815 5724 1155 5781 ordinatum
1209 5718 1449 5790 putavit.
1501 5717 1753 5773 Homilia
1806 5716 1859 5770 11
1921 5713 1980 5770 iu

2101 4648 2299 4698 autem
2321 4640 2782 4712 appellationem
2825 4641 2898 4694 iis
2948 4639 3048 4710 qui
3098 4639 3243 4694 olim
3296 4637 3752 4709 appellabantur

2095 4730 2371 4802 apostoli,
2391 4728 2922 4800 imposuerunt.lta
2943 4727 3419 4798 Philippensium
3447 4725 3753 4797 apostolus

2095 4827 2223 4876 erat
2252 4817 2724 4890 Epaphroditus:
2762 4819 2844 4871 ita
2873 4817 3246 4872 Cretensium
3277 4815 3465 4878 Titus,
3500 4821 3558 4869 et
3585 4815 3754 4869 Asia-

2094 4925 2310 4964 norum
2341 4907 2683 4962 Timotheus
2713 4906 2990 4978 apostoli.
3023 4907 3110 4960 lta
3140 4904 3211 4959 ab
3236 4903 3662 4974 Hierosolymis
3683 4902 3755 4956 iis

2095 4999 2196 5068 qui
2220 5002 2391 5053 erant
2414 4996 3145 5067 Antiochiae,scripserunt
3167 4992 3419 5065 apostoli
3436 4997 3496 5047 et
3515 4991 3754 5063 presby-

2092 5088 2229 5144 teri.
2251 5107 2279 5136 »
2297 5084 2459 5140 Unde
2482 5089 2728 5156 apparet
2747 5101 2817 5140 ex
2836 5084 3134 5140 sententia
3155 5081 3755 5146 B.Theodoreti,tem-

2092 5194 2236 5250 pore
2264 5176 2668 5246 apostolorum
2702 5181 2822 5230 tres
2853 5176 3036 5231 fuisse
3082 5173 3297 5247 gradus
3337 5174 3400 5226 in
3448 5169 3750 5224 Ecclesia:

2095 5265 2529 5338 episc0pos,qui
2551 5269 2672 5318 tum
2697 5263 3048 5319 dicebantur
3071 5257 3750 5334 apostoli;presbyteros,

2097 5357 2200 5427 qui
2235 5371 2393 5409 nunc
2424 5353 2710 5425 episcopi,
2745 5369 2904 5409 nunc
2935 5349 3266 5424 presbyteri
3288 5346 3670 5413 vocabantur,
3697 5353 3757 5402 et

2095 5443 2414 5498 diaconos:
2453 5447 2658 5511 postea
2689 5457 2848 5508 vero,
2883 5440 3058 5511 primi
3107 5435 3336 5493 ordinis
3390 5433 3756 5505 sacerdotes,

2093 5532 2337 5588 nomine
2368 5529 2624 5601 apostoli
2656 5529 2775 5584 illis
2800 5530 2900 5601 qui
2931 5544 3062 5583 vere
3085 5526 3340 5597 apostoli
3361 5525 3624 5590 fuerunt,
3657 5542 3755 5582 re-

2094 5626 2348 5690 servato,
2379 5619 2618 5691 proprie
2654 5625 2712 5674 et
2743 5618 3016 5675 distincte
3041 5616 3355 5690 episcopos
3385 5617 3573 5674 dictos
3599 5631 3752 5681 esse,

2095 5716 2149 5768 et
2171 5710 2432 5780 reliquos
2465 5706 2709 5764 secundi
2735 5706 2959 5766 ordinis
2987 5705 3326 5765 sacerdotes
3345 5706 3745 5782 presbyteros.
