4064 6134
268 313 386 377 ιςθ

993 316 1049 378 J.
1096 315 1519 379 PEARSONII
1563 310 1934 378 VlNDICLE
1977 307 2464 371 IGNATIANII.
2513 345 2591 358 —-
2638 315 2840 376 PARS
2884 316 2963 377 ll.

3574 329 3693 390 430

270 449 614 522 Atapostoli
640 466 864 507 nomen
880 451 1057 524 primi
1079 452 1307 508 ordinis
1327 450 1736 509 sacerdotibus
1753 445 1932 502 tribui
1961 445 2017 513 Α
2048 444 2297 518 singulis
2344 447 2622 503 Ecclesiis
2670 466 2928 520 praeesse
2976 452 3252 511 decrevit.
3285 475 3312 509 ι
3350 459 3434 514 Ac
3459 476 3689 522 rursus.

270 537 447 593 desiit
485 543 626 594 ante
658 540 1012 611 martyrium
1063 541 1293 612 lgnatii.
1348 545 1492 612 Ergo
1534 557 1604 594 ex
1635 535 1935 593 sententia

267 627 621 683 Theodoreti
655 629 764 684 sub
793 630 1104 701 lgnatio,et
1135 630 1332 685 ofﬁcio
1365 636 1422 685 et
1452 629 1692 684 nomine
1717 624 1936 680 distin-

267 717 604 791 guebantur
626 719 887 790 episcopi
919 726 978 774 et
1007 719 1363 791 presbyteri.

334 808 813 879 Theophylactus
835 813 994 864 certe
1019 826 1142 864 non
1165 809 1521 864 existimavit
1549 808 1937 880 presbyteros

265 896 337 953 ad
361 898 781 970 Philippenses
805 899 1114 970 episcopos
1141 915 1268 954 esse
1288 899 1478 953 dictos
1509 899 1614 954 sed
1638 898 1939 969 coepisco-

266 1002 407 1058 pos;
463 988 776 1060 episcopos
807 995 1007 1043 autem
1055 989 1398 1060 apostolicis
1431 987 1806 1059 temporibus
1837 1002 1937 1060 eos

266 1054 442 1134 etiam
475 1054 947 1150 dictos—putavit,
998 1054 1806 1148 éc-éntnouoﬁwac-SnlaB-h
1838 1054 1937 1130 κοιἲ

265 1166 456 1228 αὐτοὺς
488 1168 582 1222 τὸν
615 1165 769 1237 λαόν,
805 1191 832 1218 ‹‹
866 1169 1023 1239 quod
1053 1169 1232 1224 etiam
1266 1169 1379 1240 ipsi
1410 1170 1698 1241 populum
1731 1169 1940 1240 inspe"

264 1262 556 1328 ctarent,»
591 1257 696 1312 sed
723 1275 827 1313 suo
861 1258 1122 1326 modulo,
1155 1256 1295 1312 ὥστε
1336 1256 1607 1329 καθαίρειν
1641 1256 1731 1310 καὶ
1763 1253 1933 1333 φωτί-

267 1351 372 1414 ζειν
400 1345 527 1406 τοὺς
561 1343 870 1419 δεομένους,
927 1369 955 1397 ‹‹
999 1353 1065 1404 ut
1094 1353 1415 1420 purgarent
1447 1353 1503 1403 et
1535 1347 1930 1427 illustrarent’

272 1453 380 1492 seu
409 1437 780 1509 baptizarent
803 1453 903 1492 eos
934 1454 1083 1508 quos
1116 1442 1271 1492 esset
1293 1453 1559 1492 necesse.
1588 1457 1608 1488 ι
1640 1438 1785 1491 Nam
1817 1436 1935 1490 alia

272 1542 437 1582 sacra
462 1526 664 1582 ofﬁcia
685 1527 862 1582 etiam
885 1532 1010 1582 tum
1037 1527 1333 1598 episcopis
1362 1527 1695 1582 reservavit.
1723 1523 1798 1581 Οὐ
1826 1524 1932 1598 γὰρ

274 1609 628 1688 πρεσϐύτεροι
688 1613 980 1670 ἐπίσκοπον
1037 1610 1437 1689 ἔχειροτόνουν.
1503 1639 1524 1665 ι
1577 1616 1705 1671 Non
1747 1615 1929 1689 enim,

263 1705 822 1778 inquit,presbyteri
849 1705 1196 1777 episcopum
1223 1705 1598 1761 ordinabant.
1626 1727 1654 1755 »
1680 1704 1842 1761 Unde
1865 1705 1928 1759 in

2046 559 2074 587 «
2099 538 2376 608 Nunquid
2389 555 2595 594 omnes
2613 541 2962 611 apostoli“?
2985 546 3305 616 Verumest,
3322 551 3462 621 quia
3497 553 3559 607 in
3589 557 3692 610 Ec-

2043 626 2224 682 clesia
2245 644 2399 682 unus
2431 633 2518 682 est
2547 629 2879 701 cpiscopus.
2914 655 2942 682 »
2976 633 3136 689 Idem
3172 636 3246 692 ad
3276 642 3299 690 l
3329 640 3476 696 Tim.
3510 659 3560 697 c.
3595 661 3687 700 Iv:

2050 735 2071 765 ι
2103 717 2268 772 Nunc
2299 722 2497 772 autem
2519 724 2744 788 septem
2777 721 3060 778 diaconos
3088 741 3216 780 esse
3240 733 3490 798 Oportet,
3514 738 3573 786 et
3591 733 3694 787 ali-

2043 811 2296 877 quantos
2323 807 2720 878 presbyteros,
2753 816 2819 865 ut
2848 811 2971 866 bini
3011 814 3131 868 sint
3159 832 3266 885 per
3295 818 3600 888 ecclesias,
3635 828 3694 877 et

2040 912 2195 950 unus
2227 896 2288 950 in
2311 897 2542 951 civitate
2562 899 2894 969 episcopus.
2909 923 2936 950 ››
2960 903 3039 956 De
3060 904 3365 961 Timotheo
3391 908 3472 964 ita
3494 909 3689 982 loqui-

2042 991 2134 1040 tur
2177 985 2237 1039 in
2278 987 2566 1040 Procemio
2594 1003 2606 1040 :
2632 1010 2659 1037 «
2686 989 2848 1043 Hunc
2871 992 3148 1062 ergojam
3173 1001 3436 1052 creatum
3459 1001 3687 1070 episco-

2039 1090 2179 1146 pum
2212 1075 2452 1128 instruit
2481 1092 2587 1145 per
2615 1077 2949 1147 epistolam,
2983 1083 3271 1151 quomodo
3309 1086 3554 1143 deberet
3584 1091 3687 1144 Ec-

2039 1163 2282 1218 clesiam
2319 1163 2617 1219 ordinare.
2652 1186 2681 1214 »
2731 1167 2958 1222 Pariter
3006 1175 3064 1223 et
3110 1171 3182 1226 de
3213 1173 3370 1228 Tito:
3430 1199 3458 1228 ‹ι
3493 1179 3685 1236 Titum

2036 1251 2350 1323 Apostolus
2369 1255 2734 1309 consecravit
2751 1257 3326 1329 episcopum,etideo
3351 1277 3689 1325 commonet

2039 1359 2174 1396 eum
2197 1347 2263 1397 ut
2285 1341 2360 1396 sit
2382 1341 2671 1399 sollicitus
2701 1346 2762 1399 in
2796 1347 3195 1407 ecclesiastica
3227 1354 3620 1416 ordinatione.
3659 1383 3686 1409 ››

2037 1433 2116 1486 Ex
2148 1432 2364 1502 quibus
2396 1434 2672 1489 omnibus
2703 1442 2950 1507 apparet
2990 1445 3252 1496 veterem
3284 1444 3441 1501 hunc
3472 1455 3684 1504 aucto-

2036 1521 2293 1590 rem,qui
2307 1526 2444 1576 ante
2459 1523 2943 1594 Chrysostomum
2959 1532 3016 1581 et
3029 1529 3450 1602 Hieronymum
3468 1535 3538 1590 de
3554 1554 3687 1594 con-

2035 1613 2266 1667 fusione
2285 1614 2595 1668 nominum
2619 1616 2924 1686 scripsisse
2947 1618 3197 1687 videtur,
3217 1623 3544 1696 singulares
3566 1631 3686 1700 epi-

2037 1717 2246 1772 scopos
2276 1702 2678 1772 apostolorum
2710 1721 2828 1759 aevo
2877 1707 2939 1760 in
2967 1708 3300 1766 civitatibus
3331 1717 3684 1773 constitutos

259 1795 555 1850 Prommio
589 1795 662 1850 ad
713 1795 945 1850 Titum:
979 1795 1099 1850 Τῶν
1134 1792 1336 1865 Παύλῳ
1367 1795 1633 1848 συνόντων
1669 1790 1921 1865 δοκιμώ-

2035 1789 2361 1861 agnovisse.
2392 1789 2686 1861 Pelagius,
2716 1796 2780 1845 ut
2809 1793 3056 1861 videtur,
3083 1806 3288 1852 auctor
3315 1799 3686 1858 Commenta-

252 1903 414 1943 τατος
446 1884 476 1937 ὁ
510 1883 676 1944 Τίτος
708 1879 806 1952 ὢν,
839 1881 1138 1944 ἐπίσκοπός
1189 1903 1246 1937 τε
1293 1883 1383 1937 καὶ
1416 1884 1640 1957 Κρήτης
1674 1880 1918 1958 μεγάλης

256 1968 423 2040 οὔσης
465 1968 537 2026 δι’
569 1971 722 2026 ιαύτὸ
777 1976 937 2026 τοῦτο
994 1972 1445 2046 κεχειροτόνητο,
1499 1973 1589 2027 καὶ
1639 1970 1914 2026 τοσούτων

258 2059 572 2114 ἐπισκόπων
604 2061 780 2134 κρίσιν
813 2061 902 2115 καὶ
962 2059 1308 2134 χειροτονίαν
1364 2059 1662 2134 ἐπετράπη.
1699 2083 1728 2112 ‹‹
1760 2065 1921 2117 Inter

255 2167 467 2206 omnes
499 2150 604 2221 qui
636 2167 770 2206 cum
800 2150 984 2206 Paulo
1015 2151 1230 2205 versati
1265 2156 1425 2217 sunt,
1463 2151 1920 2222 probatissimus

255 2256 394 2296 cum
426 2245 590 2295 esset
612 2240 1118 2311 Titus,episcopus
1142 2245 1458 2311 propterea
1478 2240 1920 2312 Cretai,magnaa

252 2331 418 2387 illius
451 2332 699 2398 insulae,
733 2330 952 2386 electus
974 2337 1084 2400 est,
1104 2335 1308 2401 totque
1334 2331 1749 2402 episcoporum
1781 2347 1919 2385 cum

244 2420 566 2491 judicium,
590 2427 713 2476 tum
734 2421 1031 2476 ordinatio
1055 2421 1108 2475 ei
1137 2419 1494 2476 demandata
1517 2427 1624 2476 est.
1649 2441 1676 2471 »
1701 2422 1771 2474 Et
1788 2420 1922 2490 qui-

249 2511 387 2567 dem
411 2511 486 2566 de
509 2511 809 2566 sententia
829 2509 1272 2581 Theophylacti,
1289 2516 1605 2581 postquam
1627 2509 1699 2564 de
1731 2509 1924 2578 Chry-

252 2607 517 2656 sostomo
551 2600 835 2665 diximus,
868 2599 1269 2654 dubitandum
1302 2616 1423 2653 non
1455 2604 1562 2654 est.

331 2692 491 2746 Inter
523 2690 758 2746 Latinos
783 2689 1010 2760 primus
1034 2689 1215 2743 fuisse
1235 2687 1501 2743 creditur
1521 2692 1730 2743 auctor
1759 2687 1928 2758 Com.

259 2779 693 2835 mentariorum
747 2779 808 2833 in
840 2778 1118 2850 epistolas
1151 2778 1206 2833 S.
1239 2777 1406 2832 Pauli
1441 2776 1549 2832 sub
1583 2775 1831 2830 nomine
1865 2776 1921 2844 S.

267 2868 557 2922 Ambrosii
577 2869 896 2937 editorum,
920 2867 1078 2939 quod
1111 2883 1173 2922 se
1205 2866 1513 2938 scripsisse
1537 2865 1644 2920 sub
1673 2867 1924 2919 Damaso

261 2958 534 3028 episcopo
591 2961 877 3023 Romano,
925 2958 1037 3012 hoc
1085 2961 1175 3012 est
1237 2961 1374 3012 ante
1407 2972 1460 3010 a.
1497 2956 1561 3009 D.
1597 2955 1699 3008 384
1731 2952 1922 3024 proﬁ-

253 3051 469 3112 teatur,
495 3047 597 3116 qui
621 3046 884 3118 episcopi
906 3051 965 3100 et
993 3045 1323 3116 presbyteri
1355 3043 1601 3099 nomina
1629 3048 1922 3113 tanquam

252 3151 593 3205 synonyma
623 3135 686 3189 in
719 3135 1018 3206 Scriptura
1050 3133 1381 3189 tradiderit.
1416 3132 1518 3186 Hic
1557 3136 1758 3186 tamen
1788 3129 1912 3200 epio
1949 3158 1990 3225 Ο

253 3240 469 3294 scopos
500 3224 832 3296 singulares
862 3223 1140 3278 Ecclesiis
1170 3221 1478 3293 praefuisse
1508 3219 1914 3292 apostolorum

249 3320 526 3385 tempore
559 3313 776 3384 saepius
835 3313 1023 3367 docet.
1058 3311 1312 3383 Insignis
1369 3311 1546 3381 plane
1580 3309 1765 3372 locus,
1800 3324 1916 3377 quo

245 3404 354 3458 illa
385 3403 461 3458 ad
519 3403 958 3474 Philippenses,
1016 3418 1136 3456 cum
1183 3402 1450 3471 episcopis
1490 3405 1541 3454 et
1571 3398 1914 3462 diaconibus,

243 3493 573 3564 explicat.«
600 3493 717 3546 Hoc
739 3496 848 3556 est,
877 3491 1094 3561 inquit,
1123 3507 1253 3545 cum
1285 3489 1465 3544 Paulo
1496 3493 1555 3542 et
1585 3487 1914 3555 Timotheo,

243 3581 356 3652 qui
387 3581 601 3651 utique
631 3579 893 3651 episcopi
937 3583 1125 3645 erant,
1163 3578 1342 3634 simul
1374 3583 1432 3632 et
1461 3575 1830 3648 signiﬁcavit,
1861 3579 1920 3628 et

242 3671 542 3726 diaconos
562 3669 661 3740 qui
688 3667 1112 3723 ministrabant
1133 3666 1300 3722 οἱ.Αά
1324 3665 1556 3737 plebem
1590 3665 1750 3719 enim
1775 3665 1917 3720 scri-

246 3763 365 3816 bit.
401 3762 552 3815 Nam
603 3759 650 3813 si
684 3758 978 3829 episcopis
1015 3757 1324 3820 scriberet,
1357 3761 1416 3811 et
1446 3755 1812 3822 diaconibus,
1845 3753 1919 3809 ad

247 3865 550 3922 personas
583 3864 788 3902 eorum
838 3847 1145 3913 scriberet,
1179 3852 1237 3900 et
1283 3845 1396 3900 loci
1427 3845 1612 3916 ipsius
1643 3845 1918 3914 episcopo

243 3938 649 3995 scribendum
682 3942 826 4000 erat,
851 3953 972 3991 non
994 3935 1224 3990 duobus
1249 3935 1338 3988 vel
1361 3933 1568 4001 tribus,
1598 3934 1749 3988 sicut
1771 3938 1827 3987 et
1845 3932 1919 3987 ad

239 4030 449 4082 Titum
475 4031 532 4080 et
561 4025 956 4080 Timotheum.
982 4047 1011 4075 ››
1034 4025 1236 4094 Neque
1256 4025 1456 4078 minus
1487 4022 1735 4077 illustris
1756 4021 1918 4076 locus

241 4118 352 4172 ille
390 4120 629 4186 est,quo
659 4113 837 4169 verba
868 4114 1018 4168 ista:
1080 4115 1384 4182 Propterea
1413 4112 1568 4166 debet
1598 4112 1797 4166 mulier
1819 4126 1921 4180 po-

245 4211 512 4260 testatem
543 4203 745 4258 habere
772 4219 944 4273 supra
971 4209 1162 4272 caput,
1215 4207 1386 4256 etiam
1411 4207 1645 4270 propter
1673 4199 1916 4268 angelos,

243 4296 268 4350 Ι
300 4294 445 4348 Cor.
481 4308 608 4364 cap.
646 4308 725 4360 x1,
757 4307 908 4345 vers.
947 4293 1034 4358 t0,
1058 4289 1354 4360 explanat.
1386 4290 1748 4343 Potestatem
1772 4308 1799 4335 «
1824 4303 1917 4340 ve-

247 4384 464 4438 lamen
516 4380 890 4453 signiﬁcavit,
947 4379 1188 4451 angelos
1241 4378 1546 4449 episcopos
1572 4377 1736 4442 dicit,
1770 4376 1922 4430 sicut

249 4474 511 4527 docetur
541 4471 604 4524 in
633 4469 984 4540 Apocalypsi
1013 4469 1277 4523 Joannis.
1310 4469 1379 4522 Et
1408 4468 1547 4538 quia
1576 4467 1780 4536 utique
1810 4464 1919 4519 ho-

248 4565 453 4618 mines
479 4565 641 4628 sunt,
666 4559 825 4629 quod
850 4575 970 4613 non
995 4559 1366 4628 corriperent
1395 4556 1653 4627 plebem,
1673 4571 1925 4625 arguun-
1957 4529 2001 4593 Π

249 4658 393 4715 tur;
447 4655 507 4704 et
562 4648 723 4719 quod
771 4653 1001 4702 rectum
1033 4652 1120 4701 est
1150 4646 1212 4700 in
1243 4645 1360 4700 illis
1393 4643 1682 4700 laudatur.
1716 4644 1924 4698 Mulier

250 4757 395 4812 ergo
425 4738 651 4793 idcirco
683 4736 859 4792 debet
879 4735 1069 4790 velare
1094 4734 1440 4806 caput,quia
1460 4749 1581 4787 non
1609 4737 1698 4786 est
1729 4732 1921 4803 imago

253 4830 386 4896 Dei,
441 4826 549 4882 sed
582 4831 648 4881 ut
677 4824 1028 4880 ostendatur
1056 4823 1342 4893 subjecta.
1375 4825 1445 4877 Et
1475 4822 1615 4892 quia
1644 4822 1923 4892 praevari-

253 4920 418 4975 catio
447 4934 555 4989 per
575 4917 737 4972 illam
761 4916 1042 4970 inchoata
1057 4915 1284 4978 est,hoc
1307 4913 1461 4984 signi
1485 4911 1660 4966 debet
1682 4912 1922 4979 habere,

253 5016 322 5065 ut
342 5011 409 5064 in
427 5007 696 5063 Ecclesia
712 5010 956 5077 propter
976 5004 1366 5059 reverentiam
1385 5001 1782 5074 episcopalem
1803 5017 1924 5056 non

257 5099 483 5154 habeat
514 5102 695 5168 caput
726 5095 1005 5161 liberum,
1053 5093 1156 5148 sed
1215 5092 1506 5148 velamine
1540 5096 1782 5160 tectum,
1815 5108 1927 5146 nec

253 5190 483 5244 habeat
515 5189 875 5258 potestatem
898 5182 1202 5253 loquendi,
1229 5183 1368 5253 quia
1390 5180 1702 5253 episcopus
1728 5197 1928 5252 perso-

255 5295 402 5334 nam
429 5277 612 5332 habet
633 5273 870 5330 Christi.
912 5273 1086 5338 Quasi
1101 5289 1238 5343 ergo
1257 5270 1670 5342 antejudicem
1689 5270 1772 5324 sic
1790 5275 1924 5325 ante

259 5363 795 5439 episcopum,quia
816 5361 1065 5418 vicarius
1088 5361 1319 5415 Domini
1347 5363 1708 5430 est,propter
1725 5363 1926 5414 reatus

255 5456 580 5527 originem,
630 5451 901 5523 subjecta
949 5449 1126 5505 debet
1153 5449 1358 5505 videri.
1397 5472 1416 5497 ι
1452 5451 1520 5502 Et
1549 5447 1726 5519 paulo
1757 5452 1922 5520 post:

254 5568 284 5595 ct
319 5545 470 5610 Quia
491 5543 564 5599 ab
589 5557 712 5596 uno
731 5543 901 5596 Patre
924 5546 1064 5596 sunt
1084 5539 1306 5607 omnia,
1323 5538 1588 5611 singulos
1617 5538 1929 5609 episc0pos

322 5632 374 5668 ‘7
405 5635 428 5691 l
459 5633 596 5690 Cor.
631 5647 732 5702 xu,
763 5631 854 5685 29.
929 5627 978 5665 ιδ
1005 5629 1027 5685 Ι
1054 5633 1184 5686 Cor.
1218 5644 1258 5696 ι,
1295 5631 1379 5684 12.

2028 1878 2251 1933 riorum
2284 1879 2345 1933 in
2377 1879 2668 1949 Epistolas
2698 1881 2864 1936 Pauli
2898 1884 3255 1957 Hieronymo
3288 1891 3682 1962 ascriptorum

2027 1969 2088 2024 in
2123 1971 2146 2022 Ι
2177 1971 2279 2040 Ep.
2314 1969 2388 2024 ad
2420 1970 2671 2025 Timoth.
2709 1988 2758 2026 c.
2788 1990 2885 2027 m:
2929 1996 2955 2024 «
2991 1977 3284 2040 Quaeritur
3313 1997 3419 2036 cur
3449 1983 3519 2036 de
3548 2001 3683 2054 pre-

2027 2059 2279 2130 sbyteris
2309 2059 2539 2115 nullam
2569 2060 2748 2117 faciat
2779 2066 3164 2136 mentionem,
3197 2070 3301 2124 sed
3333 2088 3432 2127 eos
3463 2075 3522 2128 in
3557 2077 3678 2145 epi-

2029 2161 2344 2216 scoporum
2365 2147 2607 2200 nomine
2631 2149 3168 2219 comprehenderit,
3193 2155 3332 2224 quia
3359 2159 3676 2228 secundus,

2029 2232 2150 2288 imo
2180 2249 2332 2304 pene
2372 2249 2525 2288 unus
2579 2239 2668 2288 est
2721 2236 2958 2306 gradus.
2991 2259 3018 2288 »
3054 2240 3209 2295 Duos
3235 2243 3414 2313 igitur
3441 2247 3675 2316 gradus,

2029 2323 2296 2394 quamvis
2326 2339 2448 2377 non
2479 2339 2836 2395 magnopere
2879 2324 3184 2397 distantes,
3219 2332 3326 2386 sub
3358 2350 3474 2389 uno
3507 2337 3678 2390 titulo

2031 2412 2490 2482 comprehensos
2510 2413 2908 2482 agnovit.Qua3
2938 2419 3310 2490 transcripsit
3328 2423 3677 2493 Primasius,

2031 2501 2132 2571 qui
2165 2500 2239 2555 ad
2270 2500 2683 2571 Philippenses
2715 2504 2977 2558 notavit:
3021 2527 3051 2555 «
3083 2508 3401 2580 Episcopos
3433 2513 3528 2567 hic
3558 2531 3679 2569 non

2034 2589 2228 2644 solum
2250 2590 2584 2659 pontiﬁces,
2612 2590 2714 2644 sed
2737 2596 2794 2645 et
2814 2593 3191 2664 presbyteros
3217 2599 3626 2673 intelligimus.
3652 2625 3678 2652 »

2105 2678 2370 2748 Denique
2421 2678 2812 2748 Hieronymus
2871 2683 2971 2751 qui
3017 2691 3149 2754 post
3179 2688 3679 2745 Ambrosiastrum

2035 2770 2436 2826 Romanorum
2459 2767 2844 2823 diaconorum
2863 2770 3081 2826 fastum
3102 2790 3221 2828 non
3246 2776 3446 2832 minus
3467 2781 3684 2835 acriter

2034 2857 2423 2928 castigavit,et
2451 2856 2786 2912 confusioni
2812 2861 3120 2916 nominum
3153 2864 3298 2919 adeo
3329 2867 3583 2935 inhaesit,
3617 2875 3684 2924 ut

2032 2945 2190 3000 idem
2240 2945 2500 3016 episcopi
2551 2950 2610 3000 et
2664 2948 2993 3018 presbyteri
3026 2949 3286 3008 ofﬁcium
3319 2959 3376 3009 et
3405 2957 3680 3012 eumdem

2033 3035 2325 3103 ordinem,
2349 3035 2489 3089 dum
2518 3036 2705 3091 sancti
2728 3038 2934 3093 Petrus
2955 3045 3012 3094 et
3031 3041 3247 3097 Paulus
3271 3044 3680 3115 viverent,cre-

2033 3122 2254 3178 didisse
2279 3123 2544 3178 videatur
2569 3141 2582 3189 ;
2607 3125 2734 3179 sine
2758 3130 3158 3185 controversia
3179 3136 3376 3188 tamen
3401 3152 3554 3206 saepe
3577 3136 3684 3190 do-

2030 3213 2152 3268 cuit
2181 3218 2300 3267 tres
2331 3213 2572 3285 gradus,
2604 3215 2835 3286 triaque
2888 3217 3086 3274 ofﬁcia
3129 3226 3186 3275 et
3217 3225 3457 3279 nomine
3491 3231 3548 3279 et
3578 3243 3680 3297 po-

2030 3307 2240 3357 testate
2271 3301 2553 3357 distincta
2596 3309 2915 3375 antequam
2967 3308 3018 3362 S.
3055 3310 3314 3380 Ignatius
3347 3313 3419 3368 ad
3451 3321 3680 3386 marty-

2027 3393 2185 3447 rium
2215 3391 2552 3460 duceretur,
2586 3394 2905 3450 exstitisse.
2963 3397 3097 3452 Hzec
3147 3401 3305 3454 enim
3347 3403 3474 3472 ejus
3507 3404 3682 3459 verba

2029 3487 2168 3538 sunt
2185 3481 2437 3551 epistola
2457 3481 2529 3536 ad
2553 3483 2891 3554 Evagrium:
2915 3507 2939 3537 α
2963 3487 3033 3540 Ut
3053 3487 3309 3543 sciamus
3331 3490 3682 3548 traditiones

2028 3573 2383 3644 apostolicas
2430 3578 2699 3643 sumptas
2730 3574 2801 3628 de
2847 3577 3040 3630 Veteri
3085 3583 3487 3647 Testamento,
3522 3584 3680 3652 quod

2026 3664 2222 3716 Aaron
2252 3666 2311 3715 et
2354 3662 2462 3715 ﬁlii
2494 3662 2623 3732 ejus
2655 3668 2831 3733 atque
2882 3664 3069 3720 levites
3100 3668 3162 3721 in
3194 3669 3413 3740 templo
3438 3669 3682 3726 fuerunt

2027 3753 2139 3806 hoc
2172 3752 2282 3806 sibi
2317 3751 2601 3822 episcopi,
2633 3753 2964 3823 presbyteri
3007 3761 3064 3810 et
3113 3757 3347 3814 diaconi
3380 3760 3680 3815 vindicent

2028 3841 2089 3894 in
2119 3840 2400 3895 Ecclesia.
2427 3861 2455 3889 »
2479 3840 2783 3903 Quomodo
2807 3848 3006 3897 autem
3029 3844 3154 3899 haec
3176 3848 3415 3901 traditio
3439 3854 3679 3920 aposto-

2027 3928 2142 3982 lica
2172 3942 2299 3982 esse
2344 3927 2555 3997 potuit,
2589 3929 2887 3997 quomodo
2949 3946 3020 3984 ex
3075 3931 3271 3987 Veteri
3302 3936 3678 3992 Testamento

2029 4018 2361 4086 desumpta,
2386 4016 2433 4069 si
2465 4032 2584 4070 non
2611 4018 3014 4086 apostolorum
3047 4037 3169 4075 aevo
3203 4025 3534 4080 exstiterint
3562 4027 3680 4096 epi-

2029 4106 2190 4176 scopi
2214 4105 2576 4176 presbyteris
2596 4107 3461 4178 superiores,quemadmodum
3483 4117 3678 4170 Aaron

2030 4201 2089 4251 et
2116 4195 2312 4250 ofﬁcio
2343 4199 2402 4248 et
2430 4193 2714 4265 dignitate
2748 4195 2885 4250 ﬁliis
2935 4199 3206 4268 superior
3233 4200 3390 4256 fuit?
3418 4204 3534 4258 Aut
3563 4221 3680 4275 qua

2028 4285 2257 4341 ratione
2289 4283 2442 4337 hanc
2485 4288 2747 4342 mentem
2798 4285 3139 4358 Hieronymi
3172 4288 3351 4346 fuisse
3383 4293 3679 4365 quispiam

2031 4372 2457 4446 negaverit,qui
2476 4371 2602 4426 hmo
2622 4389 2756 4427 eum
2777 4373 2995 4429 diserte
3014 4377 3321 4447 scripsisse
3337 4381 3409 4435 ad
3427 4383 3678 4440 Μαιωαεὶ

2033 4483 2160 4537 cap.
2183 4482 2346 4532 χχιιι,
2377 4465 2644 4519 noverit:
2668 4486 2696 4514 «
2720 4466 2886 4530 Quod
2919 4467 3187 4524 fecerunt
3207 4477 3266 4527 et
3293 4475 3544 4544 apostoli
3577 4495 3684 4548 per

2033 4555 2294 4628 singulas
2324 4555 2656 4626 provincias
2683 4556 3059 4627 presbyteros
3094 4565 3148 4614 et
3181 4563 3489 4636 episcopos
3523 4568 3682 4622 ordi-

2032 4649 2264 4700 nantes.
2290 4667 2316 4692 »
2341 4643 2499 4698 Idem
2528 4645 2589 4697 in
2621 4645 3057 4701 Commentario
3089 4648 3162 4703 ad
3193 4651 3380 4706 Titum
3407 4671 3419 4707 :
3445 4677 3472 4702 «
3498 4657 3682 4709 Ante-

2033 4751 2212 4805 quam
2249 4733 2466 4788 diaboli
2496 4733 2784 4788 instinctu
2816 4735 3010 4791 studia
3041 4738 3100 4790 in
3132 4740 3413 4811 religione
3446 4743 3677 4812 ﬁerent,

2034 4829 2091 4878 et
2122 4823 2420 4877 diceretur
2443 4822 2504 4876 in
2528 4823 2762 4893 populis
2789 4840 2802 4876 :
2833 4826 2946 4893 Ego
2983 4841 3101 4880 sum
3126 4828 3311 4896 Pauli,
3335 4846 3434 4898 ego
3463 4831 3676 4899 Apollo,

2034 4929 2130 4983 ego
2161 4917 2342 4966 autem
2374 4911 2568 4981 Cephea
2592 4910 2660 4979 ‘3,
2690 4915 2992 4968 communi
3025 4917 3506 4988 presbyterorum
3538 4936 3682 4974 con—

2037 5003 2169 5058 silio
2192 4999 2455 5056 ecclesiae
2476 5000 2957 5073 gubernabantur
2977 5020 2989 5056 :
3012 5010 3326 5075 postquam
3347 5023 3481 5062 vero
3503 5024 3684 5064 unus-

2035 5092 2286 5163 quisque
2305 5105 2405 5144 eos
2423 5105 2570 5159 quos
2588 5089 3146 5163 baptizaverat,suos
3162 5095 3387 5165 putavit
3407 5113 3685 5165 esse,non

2035 5179 2272 5244 Christi,
2305 5178 2366 5231 in
2401 5183 2520 5232 toto
2555 5177 2696 5233 orbe
2729 5177 3030 5234 decretum
3064 5186 3170 5247 est,
3195 5187 3261 5236 ut
3284 5200 3437 5238 unus
3459 5185 3529 5242 de
3552 5204 3684 5257 pre-

2038 5268 2290 5340 sbyteris
2323 5267 2546 5322 electus
2577 5274 3076 5338 superponeretur
3120 5272 3368 5339 eaeteris,
3401 5273 3476 5328 ad
3507 5293 3683 5347 quem

2037 5358 2230 5413 omnis
2262 5355 2539 5411 Ecclesia
2571 5372 2714 5410 cura
2741 5356 3156 5426 pertineret,et
3177 5361 3566 5420 schismatum
3599 5383 3686 5421 se-

2036 5449 2200 5504 mina
2224 5446 2595 5500 tollerentur.
2621 5467 2650 5495 »
2671 5449 2734 5499 Et
2757 5462 2962 5501 rursus
2986 5465 2998 5502 :
3023 5469 3054 5498 «
3076 5449 3239 5514 Quod
3261 5456 3458 5508 autem
3479 5461 3688 5527 postea

2035 5554 2191 5594 unus
2237 5536 2461 5591 electus
2492 5539 2599 5608 est,
2632 5534 2694 5590 in
2739 5535 3074 5594 schismatis
3102 5541 3433 5599 remedium
3463 5545 3684 5606 factum
