4064 6134
308 329 415 392 431

1383 310 1447 371 S.
1494 304 1902 369 IGNATIUS.
1948 338 2024 352 --
2066 298 2682 370 PROLEGOMENA.

3620 296 3760 361 432,

310 469 429 525 est:
453 480 530 518 ne
550 455 958 529 unusquisque
971 451 1051 508 ad
1067 467 1130 507 se
1151 449 1392 504 trahens
1407 445 1622 502 Christi
1637 441 1966 499 Ecclesiam
2000 445 2053 512 Α
2082 448 2354 515 tempora
2383 443 2707 498 discrimen
2733 438 2884 496 illud
2908 438 3069 493 inter
3085 434 3396 507 episcopos
3418 435 3478 488 et
3495 429 3744 502 presby-

312 555 637 624 rumperet.
665 549 810 603 Nam
837 549 896 599 et
924 539 1295 598 Alexandriae
1327 553 1362 591 a
1392 537 1582 590 Marco
1615 531 1974 604 evangelista

314 619 505 714 usque
519 639 592 694 ad
609 633 917 692 Heraclam
934 627 1352 699 etDionysium
1376 625 1706 714 episcopos,
1723 619 1973 714 presby-

314 707 428 787 teri
450 741 684 798 semper
705 738 891 778 unum
916 735 986 774 ex
1015 733 1076 772 se
1098 716 1356 771 electum
1378 713 1440 766 in
1463 709 1769 766 excelsiori
1791 707 1976 780 gradu

318 819 673 876 collocatum
706 812 1052 884 episcopum
1096 803 1512 860 nominabant.
1547 823 1575 850 »
1609 801 1743 855 Haec
1774 799 1972 868 igitur,

319 910 449 965 sine
481 903 644 961 omni
701 896 1123 963 controversia,
1184 895 1240 948 S.
1295 889 1636 962 Hieronymi
1678 886 1978 943 sententia

318 999 451 1063 fuit,
485 993 664 1066 quod,
704 991 845 1045 licet
899 988 961 1042 in
1014 984 1250 1056 scriptis
1280 980 1646 1053 apostolicis,
1679 975 1975 1049 praacipue

322 1089 464 1142 dum
497 1084 758 1138 viverent
785 1082 995 1134 Petrus
1025 1081 1085 1130 et
1120 1073 1358 1139 Paulus,
1391 1069 1624 1125 nullum
1655 1066 1976 1122 discrimen

323 1177 480 1231 inter
511 1190 609 1229 eos
632 1171 732 1242 qui
761 1165 1022 1240 episcopi
1045 1167 1102 1218 et
1124 1159 1452 1234 presbyteri
1471 1157 1842 1221 dicebantur,
1865 1152 1978 1225 ipsi

325 1261 686 1336 apparuerit,
733 1257 879 1313 seris
921 1262 1120 1310 tamen
1152 1249 1556 1323 apostolorum
1589 1243 1978 1316 temporibus,

323 1335 421 1409 vel?
444 1350 619 1424 paulo
650 1352 786 1404 ante
817 1345 1044 1401 obitum
1079 1341 1227 1396 Petri
1260 1344 1319 1393 et
1346 1335 1631 1404 Pauli,ve1
1653 1336 1810 1390 certe
1845 1337 1981 1387 ante

328 1447 584 1500 mortem
608 1440 664 1494 S.
687 1434 954 1500 Joannis,
972 1431 1035 1486 in
1056 1433 1176 1484 toto
1210 1427 1349 1482 orbe
1382 1426 1687 1480 decretum
1720 1425 1896 1485 esset,
1918 1424 1985 1473 ut

328 1549 486 1589 unus
519 1528 1020 1601 superponeretur
1051 1519 1302 1588 caeteris,
1334 1516 1407 1571 ad
1441 1531 1618 1586 quem
1650 1512 1844 1568 omnis
1875 1511 1985 1564 Ec-

331 1622 528 1678 clesiae
552 1600 695 1674 cura
716 1613 1059 1686 pertineret,
1081 1614 1139 1664 et
1159 1607 1260 1678 qui
1284 1606 1594 1676 episcopus
1617 1600 1854 1673 proprie
1877 1614 1984 1653 no-

329 1713 683 1770 minaretur.
705 1707 823 1760 lloc
846 1719 916 1757 ex
936 1697 1261 1771 apostolica
1281 1693 1597 1750 traditione
1622 1689 1984 1762 profectum;

333 1804 448 1856 hoc
469 1801 711 1869 propter
741 1791 1063 1848 schismata
1093 1791 1358 1857 tempore
1394 1780 1796 1854 apostolorum
1829 1780 1987 1832 certe

341 1864 902 1944 orta-introductum
935 1875 1168 1942 docuit;
1200 1872 1378 1942 hujus
1408 1871 1493 1924 rei
1524 1866 1895 1923 Alexandriae
1918 1864 1990 1918 ab

341 1979 472 2048 ipso
505 1974 560 2028 S.
594 1975 784 2027 Marco
812 1964 1352 2023 luculentissimum
1392 1958 1685 2014 exstitisse
1719 1955 1994 2010 testimo-

345 2046 513 2121 nium
534 2059 868 2134 perhibuit;
889 2054 1046 2126 quod
1068 2053 1324 2125 primum
1352 2047 1664 2134 singularis
1686 2046 1996 2117 episcopa-

343 2159 438 2207 tus
467 2131 805 2219 exemplum
828 2141 1088 2214 putavit;
1117 2143 1174 2193 et
1213 2138 1406 2208 ipsum
1439 2133 1680 2204 quidem
1714 2137 1836 2187 tum
1861 2131 1994 2184 sin-

342 2243 562 2316 gulare.
585 2239 731 2292 Nam
754 2251 825 2288 ex
847 2233 976 2303 ejus
999 2227 1294 2284 sententia
1314 2229 1540 2280 Marcus
1558 2245 1585 2273 «
1608 2226 1876 2277 mortuus
1907 2223 1997 2274 est

341 2311 542 2388 octavo
571 2325 817 2382 Neronis
847 2337 1024 2387 anno,
1049 2323 1105 2374 et
1136 2315 1400 2388 sepultus
1430 2311 1829 2379 Alexandvize,
1863 2325 1998 2365 suc-

341 2421 591 2476 cedente
625 2415 736 2471 sibi
766 2412 1017 2476 Aniano,
1055 2430 1082 2457 »
1113 2412 1181 2462 ut
1209 2405 1390 2461 refert
1417 2405 1479 2459 in
1518 2402 1813 2471 Catalogo.
1850 2398 1995 2454 Inde

338 2511 493 2564 viros
512 2522 718 2562 omnes
735 2497 1196 2573 singulares,qui
1214 2495 1333 2549 illis
1349 2492 1716 2564 temporibus
1733 2488 1995 2545 ecclesiis

337 2599 728 2674 praefuerunt,
757 2607 994 2662 semper
1017 2588 1324 2659 episcopos
1346 2583 1585 2655 proprie
1607 2579 1887 2652 appellat.
1913 2580 1992 2632 De

342 2667 626 2745 Romanis
650 2684 709 2738 in
735 2680 1010 2749 Catalogo
1036 2693 1048 2730 :
1082 2697 1110 2726 ‹‹
1142 2674 1418 2729 Clemens
1449 2675 1696 2742 quartus
1725 2673 1858 2740 post
1889 2667 1994 2721 Pe-

337 2784 497 2833 trum
525 2777 723 2830 Romae
753 2771 1066 2842 episcopus
1093 2782 1106 2820 :
1155 2761 1450 2834 siquidem
1491 2757 1786 2815 secundus
1819 2756 1997 2810 Linus

338 2867 453 2922 fuit
483 2868 542 2919 et
567 2861 779 2917 tertius
801 2857 1020 2914 Cletus.
1047 2873 1071 2906 ι
1107 2853 1288 2922 Cujus
1318 2854 1612 2906 exsortem
1640 2849 1996 2918 potestatem

340 2950 669 3019 indicat,ad
689 2949 858 3004 Isaiae
880 2959 1137 3016 capuli:
1163 2963 1190 2992 ‹‹
1215 2941 1490 2996 Clemens
1504 2938 1592 2991 vir
1612 2933 1994 3007 apostolicus,

345 3044 446 3115 qui
470 3046 603 3114 post
623 3043 865 3094 Petrum
898 3037 1226 3090 Romanam
1257 3029 1409 3083 rexit
1437 3022 1998 3093 Ecclesiam,scribit

345 3110 420 3190 ad
443 3110 802 3187 Corinthios.
831 3143 854 3176 ι)
879 3126 948 3177 Et
965 3122 1095 3176 lib.1
1117 3119 1398 3175 adversus
1417 3115 1787 3170 Iovinianum
1810 3129 1822 3166 :
1857 3133 1884 3161 ‹‹
1909 3110 1996 3166 Ad

2081 538 2240 588 teros
2263 533 2590 605 agnovisse,
2616 531 2716 602 qui
2739 530 2935 585 sciunt
2954 543 3082 582 rem
3104 540 3233 580 esse
3256 521 3741 592 antiquissimam

2081 627 2146 677 ut
2175 622 2291 678 duo
2321 622 2382 677 hi
2415 621 2658 676 ordines
2705 619 2766 673 in
2815 616 3080 672 Ecclesia
3107 613 3332 669 fuerint
3367 609 3658 679 distincti,
3692 609 3743 664 si

2083 710 2456 780 excipiantur
2481 705 2804 778 apostolica
2825 709 3116 774 tempora.
3138 722 3166 751 »

2158 801 2349 864 Quare
2391 814 2526 852 cum
2556 803 2679 850 tres
2711 794 2952 849 ordines
2984 792 3103 846 sive
3133 788 3347 862 gradus
3381 804 3580 843 sacros
3605 793 3750 842 tunc

2082 905 2220 944 cum
2278 889 2334 942 S.
2395 886 2664 959 Ignatius
2722 881 3001 954 epistolas
3059 879 3369 951 scripsisse
3416 878 3656 943 dicitur,
3687 875 3750 931 in

2083 977 2432 1034 Christianis
2449 974 2810 1036 civitatibus,
2829 988 2896 1027 ac
2919 969 3253 1042 praesertim
3272 966 3756 1028 Asiaticis,exsti-

2084 1068 2224 1122 tisse
2248 1083 2481 1121 summo
2503 1070 2767 1119 veterum
2787 1077 3084 1116 consensu
3105 1063 3367 1123 constet;
3389 1073 3524 1110 cum
3549 1071 3752 1126 quam-

2085 1155 2325 1228 plurimi
2358 1153 2627 1225 ejusdem
2661 1150 2860 1207 swculi
2893 1166 3012 1204 non
3043 1148 3217 1204 aliter
3238 1163 3415 1218 quam
3449 1147 3520 1201 de
3553 1151 3640 1200 tot
3665 1145 3753 1199 di-

2087 1241 2321 1297 stinctis
2352 1245 2409 1294 et
2439 1239 2634 1294 ofﬁcio
2684 1243 2742 1293 et
2772 1236 3016 1292 nomine
3058 1233 3338 1306 gradibus
3379 1232 3558 1287 locuti
3588 1231 3710 1286 sint
3736 1249 3750 1297 ;

2088 1349 2222 1388 cum
2253 1349 2430 1387 nemo
2461 1345 2726 1401 unquam
2783 1327 3057 1400 ejusdem
3090 1326 3194 1380 aevi
3228 1340 3612 1395 quemquam,
3648 1322 3755 1392 qui

2091 1421 2338 1477 secundi
2371 1420 2598 1476 ordinis
2621 1417 3151 1489 esset,episc0pum
3178 1413 3590 1486 appellaverit;
3613 1429 3754 1468 cum

2091 1510 2348 1580 denique
2376 1509 2550 1581 pauci
2580 1508 2692 1574 illi,
2739 1507 2840 1577 qui
2899 1523 2999 1563 eos
3059 1505 3161 1576 qui
3193 1502 3453 1575 episcopi
3492 1503 3755 1572 fuerant,

2090 1603 2227 1671 post
2256 1614 2462 1653 eorum
2494 1601 2773 1664 mortem,
2805 1599 2863 1650 et
2895 1594 3065 1665 quasi
3093 1591 3484 1662 antiquiores,
3519 1596 3755 1646 tantum

2091 1687 2471 1760 presbyteros
2493 1686 2851 1750 vocaverint,
2872 1683 3106 1754 quoties
3128 1687 3325 1737 autem
3352 1680 3591 1736 ordines
3614 1696 3760 1735 enu-

2093 1775 2385 1842 merandi,
2411 1779 2515 1829 aut
2545 1774 2616 1828 de
2645 1773 2736 1828 sui
2763 1771 3047 1842 temporis
3078 1770 3370 1824 ministris
3402 1768 3762 1840 evangelicis

2097 1864 2382 1935 loquendi
2423 1863 2650 1919 occasio
2695 1879 2755 1917 se
2807 1861 3125 1925 obtulerat,
3159 1859 3332 1914 aliter
3363 1859 3544 1913 locuti
3576 1862 3717 1912 sunt
3745 1874 3759 1923 ;

2100 1955 2250 2009 ratio
2274 1953 2440 2008 nulla
2461 1955 2726 2024 apparet,
2753 1968 2858 2005 cur
2877 1950 3000 2020 ille,
3024 1949 3125 2018 qui
3151 1965 3217 2003 eo
3241 1947 3419 2003 modo
3443 1947 3768 2002 distinctio-

2100 2059 2237 2098 nem
2260 2042 2538 2098 ordinum
2558 2043 2617 2096 in
2640 2040 2909 2112 epistolis
2928 2039 3052 2093 suis
3075 2043 3233 2092 caste
3253 2042 3310 2092 et
3330 2041 3613 2108 perpetuo
3637 2053 3763 2090 ser-

2100 2132 2271 2199 vavit,
2304 2148 2409 2202 pro
2441 2147 2575 2185 vero
2607 2129 2834 2202 Ignatio
2864 2127 3236 2182 Antiocheno
3279 2125 3384 2180 illo
3413 2131 3472 2180 et
3501 2132 3765 2194 martyre

2101 2238 2221 2276 non
2253 2221 2558 2275 habeatur.
2593 2221 2720 2274 Non
2771 2223 2862 2272 est
2889 2218 3152 2282 hoc,non
3183 2220 3291 2283 est,
3319 2237 3346 2264 ‹‹
3382 2232 3560 2286 supra
3586 2231 3762 2269 suum

2103 2311 2405 2379 saeculum,
2453 2326 2633 2380 supra
2682 2308 2895 2362 fratres
2927 2323 3064 2362 suos
3096 2306 3466 2361 venerandos
3500 2306 3764 2375 seipsum

2102 2401 2377 2455 efferre.»
2399 2401 2595 2468 Neque
2620 2396 2824 2452 dubito
2849 2396 2992 2466 quin
3017 2395 3322 2450 verissime
3343 2410 3607 2449 asserere
3625 2411 3766 2465 pos-

2102 2488 2536 2560 sim,Ignatium
2565 2491 2837 2541 nostrum
2861 2492 2986 2539 tum
3015 2485 3277 2555 episcopi
3301 2484 3372 2538 de
3398 2484 3768 2554 primis,tum

2100 2576 2431 2649 presbyteri
2447 2575 2798 2631 vocabulum
2811 2575 2882 2629 de
2899 2572 3457 2629 secundisEcclesiaa
3473 2573 3766 2644 cujusque

2101 2665 2643 2736 sacerdotibus,pro
2668 2664 2756 2719 sui
2789 2663 2988 2718 saeculi
3014 2679 3125 2718 usu
3149 2667 3209 2717 et
3228 2677 3766 2732 more,usurpasse,

2103 2773 2224 2810 non
2253 2760 2484 2811 tantum
2515 2755 2578 2809 in
2609 2769 2904 2820 sermone,
2937 2753 3042 2807 sed
3071 2753 3133 2806 in
3165 2749 3666 2822 praeceptionibus
3699 2767 3768 2805 ac

2105 2844 2581 2900 institutionibus
2640 2841 3060 2898 ecclesiasticis
3118 2841 3277 2896 hunc
3328 2856 3556 2895 morem
3588 2844 3766 2909 atque

2101 2950 2274 2989 usum
2307 2933 2669 2988 observasse.
2703 2934 2771 2986 Et
2800 2948 2938 2987 cum
2968 2931 3088 2985 sint
3117 2930 3388 3000 quaedam
3423 2927 3765 2982 hominibus

2102 3023 2236 3077 latae
2269 3039 2336 3077 ac
2366 3021 2684 3093 propositae
2707 3020 2888 3092 leges,
2915 3035 3134 3090 easque
3161 3033 3435 3073 sermone
3469 3014 3761 3085 imprimis

2103 3112 2262 3167 claro
2299 3118 2357 3167 et
2386 3112 2547 3166 facili
2579 3117 2638 3166 et
2665 3111 2990 3182 unicuique
3013 3110 3381 3166 audientium
3401 3107 3568 3163 obvio
3594 3123 3660 3160 ac
3683 3106 3764 3160 fa-

343 3223 454 3277 hos
487 3226 546 3274 et
566 3217 838 3272 Clemens
861 3226 1168 3266 successor
1188 3205 1438 3277 apostoli
1459 3203 1638 3268 Petri,
1663 3201 1832 3272 cujus
1851 3201 1997 3255 Pau-
2025 3187 2068 3250 C
2101 3200 2316 3255 miliari
2349 3199 2580 3270 concipi
2616 3199 2913 3270 scribique
2938 3199 3164 3266 deceat,
3201 3197 3365 3254 nulla
3397 3197 3459 3251 in
3491 3196 3561 3250 iis
3588 3211 3761 3249 voca-

344 3311 438 3365 lus
459 3303 762 3379 apostolus
794 3299 1086 3367 meminit,
1119 3295 1324 3350 scribit
1356 3292 1654 3365 epistolas.
1693 3315 1711 3339 ι
1748 3291 1827 3344 De
1860 3289 1996 3342 Hie-

343 3392 793 3467 rosolymitanis
824 3389 897 3445 ad
943 3387 1175 3443 Galatas
1220 3401 1348 3454 cap-
1382 3397 1434 3446 i;
1483 3404 1509 3429 «
1545 3380 1647 3435 Hic
1678 3385 1876 3434 autem
1901 3379 1997 3432 Ja-

341 3466 528 3544 cobus
589 3481 903 3554 episcopus
962 3473 1506 3543 Hierosolymorum
1576 3468 1802 3538 primus
1861 3466 1994 3531 fuit,

343 3577 741 3648 cognomento
759 3571 988 3632 Justus;
1006 3564 1091 3618 vir
1109 3567 1286 3617 tanta:
1302 3558 1632 3614 sanctitatis
1662 3561 1720 3611 et
1737 3554 1996 3610 rumoris

342 3643 687 3736 invpopulo,
745 3663 810 3713 ut
857 3654 1154 3710 fimbriam
1203 3647 1535 3704 vestimenti
1568 3646 1696 3716 ejus
1726 3643 1997 3700 certatim

341 3732 628 3825 cuperent
661 3747 968 3816 attingere.
995 3741 1102 3806 Qui
1137 3744 1196 3794 et
1225 3739 1350 3810 ipse
1381 3739 1586 3825 postea
1615 3733 1686 3788 de
1719 3732 1936 3804 tcmplo
1965 3748 2000 3787 a

341 3822 562 3898 Judzeis
585 3834 986 3910 praecipitatus
1008 3842 1412 3886 successorem
1432 3823 1638 3879 habuit
1661 3822 1998 3878 Simeonem

347 3945 525 4003 quem
541 3933 599 3984 et
620 3928 815 3997 ipsum
841 3921 1084 3978 tradunt
1099 3935 1201 3990 pro
1223 3915 1476 3972 Domino
1495 3911 1862 4003 crucifixum.
1875 3934 1900 3959 ››
1919 3911 1999 3965 De

347 3996 822 4079 Antiochenisﬁn
844 4005 1147 4077 Catalogo:
1169 4026 1195 4053 «
1221 4000 1481 4075 Ignatius
1496 3996 1881 4053 Antiochense
1903 3997 2004 4050 Ec-

348 4104 547 4161 clesiaa
579 4101 788 4157 tertius
819 4100 953 4170 post
977 4097 1212 4150 Petrum
1242 4088 1571 4163 apostolum
1603 4087 1951 4158 episcopus._
1971 4105 2000 4134 ››

351 4195 431 4249 De
462 4190 732 4246 Asianis:
785 4209 814 4236 «
845 4187 1100 4241 Joannes
1148 4179 1450 4252 apostolus
1482 4175 1839 4232 novissimus
1870 4190 2000 4229 om-

347 4283 513 4337 nium
543 4276 780 4348 scripsit
808 4271 1188 4345 Evangelium
1217 4274 1455 4341 rogatus
1486 4266 1558 4321 ab
1592 4265 1744 4321 Asiae
1771 4263 2002 4334 episco-

348 4371 502 4441 pis.»
532 4371 603 4422 Et
634 4367 697 4421 in
729 4365 939 4420 eodem
970 4361 1279 4431 Catalogo:
1312 4381 1340 4409 ‹‹
1371 4357 1730 4428 Polycarpus
1758 4354 2001 4409 Joannis

347 4457 599 4529 apostoli
631 4452 979 4524 discipulus,
1007 4456 1064 4505 et
1086 4449 1157 4505 ab
1183 4466 1251 4503 eo
1274 4449 1538 4517 Smyrnae
1561 4446 1874 4516 episcopus
1905 4460 1997 4498 or-

2098 3289 2240 3344 bula
2269 3289 2448 3343 dubia
2480 3294 2538 3342 et
2558 3289 2810 3342 obscura
2841 3288 3200 3356 misceri,vel
3233 3285 3577 3359 hujusmodi
3601 3284 3768 3338 deni-

2101 3395 2238 3449 que,
2265 3395 2519 3448 quorum
2549 3377 2804 3432 lectores
2852 3393 2974 3431 non
3026 3379 3232 3432 statim
3266 3376 3595 3448 intelligant
3630 3389 3767 3427 eum

2101 3469 2297 3538 ipsum
2323 3484 2450 3523 esse
2474 3483 2652 3537 quem
2674 3470 2880 3521 auctor
2900 3465 3088 3521 voluit
3108 3466 3496 3533 sensum,hoc
3512 3463 3770 3527 maxime

2101 3555 2428 3611 observavit
2457 3555 2716 3624 lgnatius
2738 3559 2941 3608 noster
2972 3572 2984 3620 ;
3009 3570 3148 3607 nam
3171 3558 3228 3606 et
3251 3568 3461 3606 omnes
3487 3556 3628 3604 tunc
3660 3567 3770 3603 no-

2102 3650 2261 3710 runt,
2295 3643 2539 3699 secundi
2573 3641 2800 3697 ordinis
2832 3641 3201 3696 sacerdotem
3229 3638 3516 3694 anemine
3543 3637 3770 3706 episco-

2101 3749 2243 3804 pum
2265 3733 2457 3788 vocari
2481 3732 2689 3799 solere,
2715 3730 2787 3785 ab
2810 3729 3088 3784 omnibus
3111 3726 3525 3798 presbyterum
3549 3741 3561 3791 ;
3587 3723 3766 3794 primi

2103 3828 2300 3878 autem
2346 3820 2573 3876 ordinis
2605 3819 2970 3875 sacerdotem
3009 3818 3080 3872 ab
3113 3816 3395 3870 omnibus
3423 3814 3771 3884 episcopum

2103 3912 2560 3984 appellari.Cum
2593 3909 2772 3981 igitur
2810 3914 3017 3964 auctor
3047 3905 3434 3978 epistolarum
3470 3904 3542 3959 iis
3573 3902 3772 3957 nomi-

2103 4003 2282 4058 nibus
2307 4001 2380 4058 ad
2407 4002 2684 4056 ordinum
2712 3999 3034 4055 discrimen
3057 3996 3443 4052 indicandum
3476 3999 3770 4063 uteretur,

2100 4093 2354 4148 lectores
2377 4091 2574 4146 statim
2595 4089 3020 4146 intellexerunt
3043 4103 3177 4143 eum
3202 4086 3396 4156 ipsum
3433 4101 3566 4139 esse
3593 4100 3772 4153 quem

2106 4181 2206 4237 ille
2237 4181 2424 4236 voluit
2453 4195 2732 4244 sensum;
2785 4193 2978 4248 neque
3030 4192 3130 4231 eos
3183 4173 3390 4230 sedulo
3425 4189 3669 4228 monere
3702 4189 3773 4226 ac

2106 4272 2339 4339 docere,
2374 4286 2490 4341 quo
2524 4285 2705 4324 sensu
2726 4267 2816 4322 vel
2838 4265 3101 4338 episcopi
3129 4264 3220 4321 vel
3252 4261 3583 4335 presbyteri
3606 4277 3772 4315 voca-

2114 4360 2321 4416 bulum
2353 4358 2607 4429 intelligi
2639 4356 2918 4421 voluerit,
2953 4370 3198 4409 necesse
3230 4352 3637 4407 fuit.Facessat
3663 4349 3777 4419 igi-

2109 4454 2208 4503 tur
2239 4449 2335 4502 hic
2371 4447 2630 4502 Dallaeus
2661 4462 2796 4500 cum
2830 4444 3020 4498 turbis
3051 4449 3110 4497 et
3131 4441 3484 4496 tumultibus
3516 4455 3662 4510 quos
3683 4455 3779 4492 ex-

347 4547 606 4615 dinatus,
637 4544 818 4599 totius
875 4541 1027 4595 Asia)
1085 4538 1361 4610 princeps
1392 4536 1521 4590 fuit.
1559 4557 1584 4583 ››
1617 4536 1687 4587 Et
1719 4550 1731 4586 :
1793 4555 1820 4582 ‹‹
1854 4534 1998 4587 Cum
2029 4539 2083 4605 Ι)
2113 4538 2296 4592 citare
2328 4539 2599 4591 conatur.
2633 4536 2983 4605 Magnopere
3033 4530 3390 4587 commoveri
3423 4546 3490 4584 ac
3524 4533 3775 4583 contur-

346 4635 606 4708 Ignatius
628 4634 937 4702 Smyrnam
959 4627 1221 4682 venisset
1242 4624 1342 4679 ubi
1365 4623 1740 4694 Polycarpus,
1765 4621 2000 4676 auditor

349 4724 614 4792 Joannis,
637 4722 951 4793 episcopus
972 4716 1103 4772 fuit.
1128 4738 1156 4765 ι»
1181 4719 1394 4769 Omnes
1426 4712 1604 4784 igitur
1632 4710 1716 4764 illi
1749 4710 1848 4780 qui
1872 4724 2004 4765 con-

348 4815 483 4870 fusa
511 4810 773 4884 episcopi
819 4813 879 4863 et
922 4803 1252 4878 presbyteri
1295 4801 1540 4856 nomina
1570 4799 1631 4853 in
1663 4797 2003 4869 apostolicis

350 4903 586 4976 scriptis
609 4898 1001 4964 tradiderunt,
1034 4892 1209 4950 simul
1249 4891 1425 4947 etiam
1458 4889 1785 4944 docuerunt
1816 4886 1900 4942 vel
1931 4887 2002 4942 ab

351 4975 603 5066 origine,
626 4989 714 5045 vel
744 4985 1081 5043 viventibus
1137 4982 1330 5038 adhuc
1388 4983 1556 5034 Petro
1587 4981 1647 5031 et
1675 4975 1877 5044 Paulo,
1911 4976 2004 5032 vel

351 5091 491 5141 ante
549 5079 796 5138 secundi
851 5076 1030 5132 saecul
1087 5074 1350 5141 initium,
1383 5068 1697 5140 superstite
1723 5066 1914 5123 adhuc
1945 5067 2002 5124 S.

345 5177 592 5239 Joanne,
627 5179 745 5226 tres
777 5169 959 5223 fuisse
1010 5163 1252 5221 ordines
1308 5175 1528 5226 sacros,
1561 5174 1667 5212 seu
1693 5157 1911 5229 gradus
1941 5157 2002 5210 in

344 5263 623 5318 Ecclesia.
657 5258 822 5326 Quod
853 5258 900 5312 si
933 5257 1044 5310 hoc
1067 5255 1139 5308 ab
1163 5253 1234 5306 iis
1259 5250 1519 5322 positum
1550 5253 1658 5314 est,
1689 5263 1864 5301 nemo
1896 5247 2002 5301 du-

342 5351 559 5406 bitabit
591 5349 750 5404 idern
783 5363 816 5401 a
836 5345 1086 5416 reliquis
1103 5342 1368 5415 agnitum
1393 5338 1594 5404 fuisse,
1620 5337 1718 5407 qui
1747 5336 1918 5390 toties
1941 5337 2004 5392 in

344 5441 400 5494 S.
439 5439 744 5508 Scriptura
800 5436 1215 5507 episcoporum
1273 5427 1635 5484 mentionem
1679 5425 1806 5479 ﬁeri
1841 5425 2004 5481 vide-

343 5533 507 5590 runt,
533 5543 643 5581 nec
674 5541 941 5595 unquam
965 5523 1036 5576 de
1063 5519 1410 5576 confusione
1438 5516 1753 5571 nominum
1785 5515 2008 5585 cogita-

345 5616 709 5679 bant.Quare
732 5612 894 5667 Walo
913 5610 1280 5674 Messalinus,
1298 5607 1398 5677 qui
1421 5620 1625 5659 eorum
1648 5605 2005 5659 sententiam

352 5710 591 5761 secutus
607 5707 712 5757 cst.
725 5719 860 5758 suos
876 5711 1432 5770 nunquamnegasse
1447 5695 1527 5750 ait
1540 5715 1568 5743 «
1584 5695 1825 5764 antiqua
1842 5694 2007 5750 etiam

2108 4626 2455 4682 bariomnes
2469 4623 2744 4678 debuisse
2767 4621 3064 4693 putat,qui
3085 4621 3409 4676 dictantem
3429 4618 3765 4674 audierant:

2121 4713 2509 4784 uPresbyteri,
2533 4711 2751 4767 subditi
2784 4717 2971 4766 estote
3003 4711 3304 4780 episcopo.
3328 4733 3349 4760 ι
3377 4709 3591 4763 Fateor
3617 4705 3781 4776 equi-

2120 4803 2276 4868 dem,
2306 4801 2354 4857 si
2383 4817 2579 4857 mores
2601 4801 3074 4855 Christianorum
3107 4797 3350 4853 secundi
3383 4796 3550 4851 illius
3579 4794 3774 4849 δίρρυιὶ

2122 4892 2195 4947 ad
2225 4895 2564 4946 nostrorum
2597 4907 2869 4946 normam
2898 4889 3130 4960 exigere
3157 4887 3385 4955 liceret,
3411 4883 3775 4956 quampluri-

2114 4999 2244 5038 mos
2263 4982 2442 5036 etiam
2465 4985 2591 5035 tum
2614 4980 2969 5036 commoveri
2992 4978 3410 5047 voluisse,cum
3433 4973 3778 5046 quempiam

2117 5073 2443 5128 dictantem
2466 5071 2776 5126 audirent:
2802 5093 2830 5120 «
2849 5067 3435 5140 Presbyteri,subditi
3459 5069 3646 5121 estote
3664 5064 3782 5134 epi-

2117 5179 2316 5232 scopo.
2353 5183 2380 5210 »
2441 5160 2597 5214 Nihil
2657 5160 2816 5214 enim
2872 5175 3001 5214 esse
3051 5157 3207 5228 quod
3239 5156 3512 5210 homines
3546 5153 3780 5222 aliquos

2114 5250 2344 5322 (quales
2366 5249 2452 5302 illi
2477 5249 2599 5304 sint
2628 5265 2748 5303 non
2779 5248 2997 5318 dicam)
3023 5247 3210 5318 magis
3241 5246 3626 5306 commoveat,
3661 5241 3780 5294 imo

2119 5340 2194 5396 ad
2224 5355 2389 5395 arma
2415 5344 2473 5393 et
2493 5339 2743 5394 fratrum
2769 5337 3238 5392 internecionem
3263 5333 3476 5389 excitet
3499 5338 3556 5385 et
3577 5329 3784 5400 impel-

2114 5430 2407 5498 lat,quam
2433 5428 2582 5482 illud
2607 5428 2872 5492 effatum,
2906 5425 3274 5496 experientia
3304 5423 3484 5478 nimis
3515 5425 3676 5475 certa
3699 5419 3785 5474 di-

2117 5518 2391 5574 dicimus.
2426 5518 2694 5587 Cumque
2725 5516 2839 5571 ista
2870 5515 3146 5580 vidimus,
3173 5529 3292 5568 non
3324 5511 3628 5583 potuimus
3657 5523 3778 5563 non

2115 5608 2228 5663 illa
2262 5609 2318 5664 S.
2353 5606 2625 5678 Cypriani
2685 5605 2746 5660 in
2805 5603 3158 5660 memoriam
3218 5617 3495 5658 revocare
3545 5615 3676 5671 quas
3709 5597 3785 5654 ad

2116 5696 2495 5769 presbyteros
2529 5701 2585 5752 et
2617 5695 2899 5751 diaconos
2944 5694 3157 5750 fratres
3190 5692 3362 5765 epist.
3403 5695 3466 5746 lO
3500 5687 3736 5760 scripsit
3767 5701 3784 5743 :
