4064 6134
276 394 402 457 I38

1012 394 1068 458 J.
1117 397 1528 463 PEARSONII
1571 395 1939 459 VINDIGIIE
1978 393 2472 457 IGNA'I‘IANIE.
2517 428 2595 440 —
2639 396 2844 458 PARS
2888 395 2966 458 ΙΙ.

3593 397 3717 459 434

281 552 312 580 ‹‹
346 526 513 594 Quod
545 529 706 584 enim
741 545 862 584 non
890 529 1225 601 periculum
1252 535 1522 589 metuere
1556 531 1839 588 debemus
1872 529 1930 585 de

2057 529 2344 599 haaretici,
2375 529 2437 584 τὸ
2460 529 2640 605 λέγειν
2672 529 2836 584 αὐτὸν
2867 525 3163 584 ἐπίσκοπον
3195 525 3286 582 καὶ
3339 523 3710 605 πρεσϐύτερον

286 621 520 675 offensa
555 619 1064 691 Domini,quando
1097 622 1283 694 aliqui
1316 623 1387 678 de
1421 623 1808 696 presbyteris,
1841 638 1950 677 nec

287 709 586 782 Evangelii
620 727 731 765 nec
763 709 877 764 loci
938 711 1027 766 sui
1087 729 1405 780 memores,
1469 713 1573 768 sed
1619 729 1811 782 neque
1857 711 1951 767 fu-

289 805 487 855 turum
519 799 754 854 Domini
774 799 1092 870 judicium,
1112 818 1306 873 neque
1331 819 1492 857 nunc
1519 801 1631 857 sibi
1665 801 1946 872 praeposi-

291 894 414 944 tum
439 889 784 960 episcopum
819 889 1332 962 cogitantes,quod
1362 907 1669 962 nunquam
1702 890 1946 944 omnino

290 979 394 1034 sub
427 978 906 1034 antecessoribus
948 979 1170 1035 factum
1239 986 1348 1050 est,
1411 987 1600 1036 totum
1657 980 1769 1034 sibi
1817 979 1944 1034 vin—

291 1069 492 1124 dicent
524 1068 552 1122 ?
585 1091 612 1117 ››

357 1159 582 1213 Scimus
610 1163 812 1214 autem
843 1164 901 1214 et
933 1159 1176 1214 eosdem
1207 1176 1326 1214 non
1354 1160 1555 1214 minus
1581 1157 1942 1214 commoveri

287 1264 420 1303 eum
448 1246 700 1302 audiunt
730 1247 878 1303 illud
911 1248 966 1304 S.
1003 1247 1205 1305 Pauli:
1239 1249 1426 1304 Omnis
1482 1250 1671 1302 anima
1705 1253 1945 1317 potesta-

289 1339 430 1394 tibus
459 1338 877 1394 sublimioribus
906 1339 1130 1393 subdita
1157 1337 1231 1394 sit
1261 1337 1326 1406 ⁴⁹,
1353 1343 1456 1393 aut
1486 1337 1632 1393 illud
1661 1337 1717 1392 S.
1749 1337 1936 1391 Petri:

288 1429 506 1484 Subditi
535 1435 705 1482 estote
736 1431 858 1497 regi
901 1429 1062 1497 quasi
1108 1427 1459 1498 pracellenti
1479 1425 1524 1461 ⁵ο
1557 1444 1571 1495 ;
1604 1443 1726 1481 non
1784 1425 1941 1494 quod

289 1518 562 1590 ignorent
592 1533 725 1588 quae
748 1521 1074 1588 potestates
1107 1517 1508 1583 sublimiores,
1536 1521 1638 1572 aut
1675 1515 1806 1586 quis
1838 1533 1940 1571 rex

292 1608 385 1673 sit,
418 1608 517 1662 sed
553 1606 712 1676 quod
745 1623 876 1677 quae
932 1607 1008 1661 sit
1063 1607 1356 1678 subjectio
1400 1606 1756 1672 Christiana,
1808 1621 1938 1675 quae

290 1695 626 1751 obedientia
657 1713 732 1750 ex
762 1693 1061 1767 Evangelii
1093 1695 1323 1767 legibus
1366 1695 1586 1761 debita,
1618 1694 1816 1748 nolint
1846 1694 1938 1748 in-

288 1785 572 1856 telligere.
606 1786 740 1840 Alia
768 1785 1012 1840 secundi
1046 1785 1936 1851 saaculiChristianorummens,

288 1875 438 1929 alius
471 1874 707 1928 animus
737 1874 851 1928 fuit
871 1873 974 1940 ;ad
992 1873 1424 1944 subjectionem
1449 1879 1507 1928 et
1536 1871 1934 1928 obedientiam
1965 1904 2013 1970 Β

285 1964 683 2035 praestandam
717 1962 1078 2034 paratissimi
1140 1963 1403 2030 fuerunt,
1455 1961 1670 2032 quibus
1703 1977 1774 2016 ea
1828 1961 1936 2015 tri-

282 2053 519 2108 buenda
556 2058 715 2107 esset
764 2069 885 2107 non
937 2051 1312 2123 ignorabant.
1347 2051 1551 2105 Miram
1607 2050 1785 2121 igitur
1815 2049 1935 2103 illis

282 2143 616 2198 orationem
651 2141 961 2196 substituit
985 2140 1494 2211 Dallsaus,eosque
1524 2156 1631 2210 per
1649 2156 1937 2210 prosopo-

279 2233 473 2302 peiam
505 2232 590 2286 sic
621 2230 1180 2285 submurmurantes
1228 2226 1620 2300 repraesentat
1651 2245 1664 2284 :
1699 2250 1726 2278 «
1777 2229 1933 2293 Quos

276 2337 410 2376 vero
445 2319 554 2374 iste
589 2319 763 2374 nobis
790 2319 1141 2390 (dicerent)»
1175 2317 1574 2389 presbyteros,
1615 2321 1718 2372 «et
1755 2333 1932 2386 quem

278 2415 478 2464 narrat
512 2430 541 2458 ››
575 2407 918 2479 episcopum
943 2407 972 2461 ‘I
1006 2408 1141 2461 Haec
1187 2411 1386 2461 autem
1416 2411 1485 2460 ut
1519 2406 1607 2460 illi
1639 2405 1934 2473 dicerent,

277 2500 378 2569 qui
410 2497 678 2569 quotidie
709 2513 845 2552 cum
904 2495 1265 2568 presbyteris
1321 2500 1378 2550 et
1409 2495 1684 2566 episcopo
1734 2511 1839 2550 suo
1870 2495 1932 2549 in

280 2604 464 2643 unum
498 2586 972 2642 conveniebant?
1005 2585 1344 2656 quioptime
1375 2589 1596 2639 norunt
1625 2583 1932 2655 presbyte-

276 2695 375 2733 ros
404 2695 540 2733 suos
575 2694 643 2732 eo
676 2676 919 2732 nomine
946 2675 1177 2731 censeri
1201 2680 1339 2729 tunc
1362 2673 1588 2740 solitos,
1620 2690 1654 2728 a
1691 2673 1929 2728 nemine

281 2774 479 2823 autem
509 2769 816 2840 episcopos
847 2765 1005 2822 dici?
1036 2767 1170 2820 Haec
1199 2769 1265 2820 ut
1290 2765 1558 2819 dicerent
1574 2763 1926 2834 presbyteri,

289 2857 390 2926 qui
417 2856 604 2912 locum
631 2873 806 2912 suum
865 2873 986 2910 non
1032 2854 1405 2927 ignorabant,
1467 2858 1526 2906 et
1579 2869 1766 2906 unum
1817 2852 1928 2907 sibi

283 2946 656 3017 praepositum
687 2945 1090 3017 agnoscebant
1111 2959 1286 3014 quem
1308 2948 1366 2997 et
1395 2942 1741 3013 episcopum
1764 2957 1930 2997 voca-

275 3031 435 3099 bant,
473 3032 582 3086 sibi
614 3032 761 3087 illud
793 3049 1014 3087 nomen
1037 3030 1281 3086 minime
1313 3027 1719 3083 vindicantes?
1759 3027 1928 3083 Blon-

271 3121 462 3176 dellus
491 3122 616 3192 ipse
671 3122 892 3177 fatetur
930 3120 1114 3174 fuisse
1172 3124 1313 3173 tunc
1368 3117 1656 3189 temporis
1714 3133 1925 3182 unum,

270 3227 443 3280 quem
477 3211 540 3265 in
558 3232 586 3260 «
607 3227 964 3281 unoquoque
993 3214 1145 3264 ccetu
1175 3206 1876 3279 primatuscontingebat,
1895 3228 1923 3256 »

271 3301 362 3355 cui
395 3323 422 3349 «
455 3301 666 3372 prima)
690 3300 984 3355 cathedra)
1016 3296 1921 3370 prmsidialisquepotestatisjus

269 3396 637 3446 reservatum
670 3395 777 3457 est,
803 3405 833 3438 »
858 3389 957 3459 qui
989 3411 1018 3439 ‹‹
1047 3387 1281 3459 collegii
1309 3387 1567 3458 primum
1587 3387 1922 3442 membrum

270 3485 327 3533 et
347 3479 736 3534 honorarium
753 3483 988 3549 caput,»
1021 3477 1122 3547 qui
1154 3475 1922 3548 «presbyteriipraapositus

269 3575 329 3624 et
355 3563 610 3642 ἔξαρχος,
645 3572 702 3622 et
733 3566 870 3622 cleri
897 3567 1077 3621 totius
1134 3571 1310 3636 caput
1341 3586 1369 3614 »
1399 3563 1530 3632 fuit,
1555 3564 1655 3634 qui
1688 3586 1714 3614 ‹‹
1750 3581 1784 3619 a
1806 3566 1918 3619 Do-

270 3659 432 3714 mino
451 3659 582 3729 ipso
605 3657 668 3711 in
688 3655 960 3711 Asiaticis
981 3654 1258 3711 Ecclesiis
1279 3675 1305 3702 »
1321 3653 1566 3725 angelus
1583 3653 1776 3708 dictus
1798 3659 1917 3723 est;

271 3764 347 3803 an
377 3748 542 3802 hunc
564 3745 923 3818 presbyteri,
958 3744 1058 3814 qui
1092 3743 1199 3799 sub
1231 3742 1333 3797 illo
1365 3747 1650 3814 tanquam
1683 3743 1791 3797 sub
1823 3759 1921 3797 ca-

270 3837 388 3907 pite
413 3835 706 3900 vivebant,
771 3849 1194 3906 recpgnoscere
1253 3848 1374 3886 non
1411 3835 1752 3903 potuerunt,
1787 3848 1917 3886 cum

273 3941 406 3980 eum
440 3924 788 3995 episcopum
812 3921 1172 3993 appellatum
1191 3920 1660 3978 audirent.Certe
1677 3921 1922 3976 Ambro-

272 4014 504 4082 siaster,
538 4012 710 4083 cujus
733 4011 1073 4068 testimonio
1097 4011 1374 4066 innititur
1395 4009 1688 4065 Blondelli
1710 4017 1768 4064 et
1795 4010 1921 4066 Sal-

273 4104 445 4158 masii
479 4102 551 4157 de
577 4102 770 4174 primo
803 4100 1148 4172 presbytero
1182 4099 1500 4165 sententia,
1522 4100 1766 4155 nomina
1795 4100 1922 4171 epi-

273 4192 433 4263 scopi
461 4198 521 4246 et
550 4191 884 4262 presbyteri
917 4190 1106 4245 divisa
1135 4193 1192 4245 et
1239 4187 1522 4244 distincta
1571 4188 1756 4244 fuisse
1787 4193 1924 4243 ante

277 4297 498 4335 annum
530 4279 770 4351 Trajani
812 4279 1110 4334 decimum
1164 4283 1416 4332 testatur
1451 4295 1463 4333 :
1505 4299 1532 4327 «
1571 4277 1760 4333 Beatis
1788 4295 1924 4332 vero

279 4369 565 4440 apostolis
599 4367 1044 4437 decedentibus,
1080 4367 1164 4422 illi
1193 4367 1294 4438 qui
1325 4372 1458 4439 post
1500 4366 1636 4421 illos
1668 4367 1926 4422 ordinati

277 4465 411 4514 sunt
437 4465 506 4514 ut
533 4463 857 4530 praeessent
875 4457 1174 4522 Ecclesiis,
1203 4456 1321 4511 illis
1372 4455 1580 4527 primis
1629 4457 1926 4528 exaequari

276 4565 392 4604 non
425 4554 722 4620 poterant,
777 4565 969 4618 neque
1028 4544 1455 4601 miraculorum
1515 4545 1924 4600 testimonium

2060 617 2176 674 ἶσον
2212 619 2369 687 εἶναι,
2398 626 2492 675 et:
2527 619 2592 675 Τί
2655 617 2798 674 ἐστιν
2867 618 3163 680 ἐπίσκοπος
3219 618 3358 692 πρὸς
3416 613 3715 693 πρεσϐύτε-

2062 730 2152 783 ρον
2189 726 2202 778 ;
2239 706 2390 763 οὐδὲν
2422 706 2737 764 διαλλάττει
2771 710 2928 772 οὗτος
2961 708 3180 765 τούτου.
3217 710 3352 764 Haec
3403 715 3546 764 sunt
3602 713 3714 766 Ae-

2058 799 2240 854 rianae
2272 800 2569 856 haereseos
2601 800 2798 867 effata,
2832 805 2970 854 ante
2993 804 3272 869 quartum
3323 798 3605 853 smculum
3641 801 3711 856 in

2056 888 2319 944 Ecclesia
2340 890 2625 945 inaudita.
2657 891 2783 944 Non
2807 889 2982 944 aliter
3002 906 3112 944 nos
3136 889 3196 942 in
3219 889 3328 944 hac
3365 905 3428 944 re
3451 889 3710 945 instituti

2057 994 2408 1046 sumus,non
2441 977 2557 1032 alio
2589 979 2802 1033 horum
2830 977 3254 1033 vocabulorum
3274 978 3707 1047 sensuimbuti,

2056 1084 2234 1138 quam
2264 1067 2504 1122 fuerunt
2521 1067 2768 1122 secundi
2799 1067 2998 1122 saeculi
3035 1067 3260 1122 ﬁdeles.
3283 1068 3499 1123 Eorum
3536 1072 3709 1123 mtate

2054 1172 2238 1212 unum
2255 1157 2424 1212 illum
2447 1156 2547 1228 qui
2571 1156 2632 1211 in
2663 1157 2951 1226 cujusque
2967 1156 3228 1212 ecclesias
3251 1156 3409 1211 clero
3434 1173 3708 1213 summus

2055 1250 2200 1311 erat,
2224 1246 2610 1317 episcopum;
2661 1251 2906 1300 caeteros
2927 1245 3184 1316 proximi
3225 1245 3296 1300 ab
3328 1245 3441 1300 hoc
3489 1247 3706 1318 gradus

2049 1334 2427 1405 presbyteros
2460 1351 2581 1389 non
2622 1334 2932 1406 episcopos
2991 1333 3178 1390 dictos
3224 1351 3352 1389 esse
3403 1334 3698 1403 novimus,

2051 1429 2109 1478 et
2132 1425 2260 1495 jam
2291 1430 2426 1480 ante
2442 1424 2902 1480 monstravimus
2927 1425 3100 1492 ;satis
3131 1425 3308 1496 igitur
3327 1424 3478 1479 bene
3498 1442 3704 1481 eorum

2050 1518 2385 1586 temporum
2432 1515 2636 1570 ﬁdeles
2690 1520 2749 1570 et
2804 1515 3134 1587 presbyteri
3171 1514 3285 1569 hoc
3338 1521 3701 1586 praeceptum

2050 1604 2105 1658 S.
2140 1604 2349 1675 Ignatii
2382 1603 2937 1676 intelligebant,nec
2967 1603 3040 1659 ad
3064 1603 3384 1659 cavendam
3416 1605 3700 1659 offensio-

2048 1710 2185 1748 nem
2227 1693 2524 1748 mouitore
2555 1693 3224 1764 indigebant.Quoniam
3255 1710 3392 1748 vero
3411 1711 3530 1748 non
3571 1700 3703 1750 tan-

2049 1788 2177 1837 tum
2209 1782 2372 1837 illius
2403 1783 2594 1837 astatis
2626 1799 2822 1848 usum,
2848 1782 2949 1837 sed
2984 1787 3042 1836 et
3072 1782 3473 1854 apostolorum
3507 1783 3701 1838 imita-

2049 1873 2271 1927 tionem
2294 1872 2355 1926 in
2387 1872 2738 1927 confusione
2760 1872 3071 1928 nominum
3103 1877 3292 1944 urget,
3323 1872 3702 1943 scriptorem-

2045 1978 2158 2033 que
2191 1961 2576 2031 epistolarum
2622 1984 2649 2011 «
2684 1961 2896 2016 diversi
2945 1961 3016 2016 ab
3074 1961 3359 2033 apostolis
3405 1962 3698 2017 sermonis

2044 2053 2373 2122 hominem,
2395 2053 2554 2108 »ἱωο
2576 2075 2603 2103 ‹‹
2638 2054 2946 2125 apostolici
2981 2053 3276 2109 sermonis
3297 2059 3695 2110 correctorem

2043 2148 2102 2196 et
2131 2142 2577 2197 emendatorem
2608 2164 2637 2192 »
2661 2143 2942 2214 appellat,
2974 2143 3226 2213 ideoque
3259 2160 3394 2198 eum
3413 2143 3696 2198 charissi-

2043 2248 2205 2286 mum
2237 2237 2414 2301 atque
2448 2230 3035 2288 observantissimum
3065 2232 3472 2303 apostolorum
3522 2231 3695 2286 disci-

2040 2321 2249 2392 pulum
2288 2321 2580 2392 Ignatium
2630 2338 2758 2376 esse
2818 2326 3028 2392 negat;
3066 2337 3259 2392 Operae
3291 2323 3548 2393 pretium
3594 2338 3690 2377 me

2039 2411 2335 2466 facturum
2366 2411 2585 2482 putavi,
2620 2410 2669 2464 si
2713 2410 3090 2465 ostenderem
3145 2427 3323 2482 porro
3382 2412 3509 2466 haec
3540 2411 3693 2466 nihil

2040 2500 2319 2571 ponderis
2350 2505 2692 2572 argumento
2724 2499 3164 2570 addere,neque
3197 2501 3691 2572 quemquam,qui

2041 2587 2284 2644 secundi
2308 2588 2508 2644 seaculi
2543 2594 2812 2644 etmores
2839 2593 2898 2643 et
2925 2589 3211 2660 loquendi
3241 2589 3485 2646 modum
3519 2607 3692 2646 nove-

2038 2679 2137 2747 rit,
2169 2677 2260 2732 vel
2285 2676 2493 2732 leviter
2523 2694 2759 2733 movere
2791 2695 2988 2749 posse.

2109 2766 2550 2822 Observandum
2585 2767 2744 2821 enim
2795 2773 2883 2822 est
2922 2766 3115 2839 primo
3172 2767 3408 2823 nullum
3442 2768 3684 2823 secundi

2039 2856 2127 2911 vel
2153 2855 2332 2910 etiam
2363 2855 2524 2910 tertii
2549 2855 2751 2911 saeculi
2782 2857 3133 2927 scriptorem
3189 2856 3250 2911 in
3277 2856 3512 2928 scriptis
3542 2873 3686 2927 apo-

2037 2945 2261 3000 stolicis
2295 2945 2543 3000 confusa
2576 2961 2704 2999 esse
2725 2945 2968 3000 nomina
2987 2945 3247 3016 episcopi
3280 2951 3337 3002 et
3352 2945 3683 3018 presbyteri

2038 3035 2403 3090 observasse.
2428 3034 2594 3098 Quod
2621 3034 2668 3088 si
2701 3050 2904 3090 verum
2962 3035 3058 3102 sit,
3091 3034 3263 3090 fateri
3294 3051 3537 3090 necesse
3569 3040 3679 3103 est,

2037 3140 2138 3178 eos
2169 3122 2562 3194 apostolicum
2585 3139 2922 3180 sermonem
2945 3123 3165 3178 imitari
3190 3140 3310 3179 non
3340 3124 3681 3195 potuissein

2037 3228 2106 3266 ea
2135 3228 2405 3282 re,quam
2428 3213 2540 3283 ipsi
2571 3229 2693 3268 non
2747 3214 3042 3268 viderunt.
3077 3215 3291 3269 Verum
3321 3219 3518 3269 autem
3552 3231 3679 3270 esse

2034 3307 2099 3355 ut
2130 3301 2585 3369 credam,multa
2604 3302 3194 3372 persuadent.Atque
3222 3303 3678 3375 illudimprimis

2027 3390 2342 3446 observatu
2373 3390 2638 3463 dignum,
2670 3392 2826 3446 inter
2874 3394 3104 3448 Graecos
3162 3394 3366 3448 Patres
3414 3393 3676 3464 primum

2029 3479 2082 3534 S.
2118 3479 2628 3552 Chrysostomum,
2678 3480 2835 3535 inter
2888 3480 3125 3536 Latinos
3183 3486 3284 3536 aut
3328 3480 3674 3536 Ambrosia-

2027 3574 2237 3640 strum,
2269 3575 2370 3626 aut
2401 3572 2826 3642 Hieronymum
2849 3571 3065 3626 diserte
3088 3570 3676 3638 tradidisse,confusa

2027 3674 2155 3714 esse
2180 3659 2426 3714 nomina
2456 3659 2717 3730 episcopi
2749 3664 2808 3714 et
2826 3659 3154 3731 presbyteri
3196 3660 3256 3714 in
3278 3659 3512 3728 scriptis
3531 3675 3672 3729 apo-

2026 3749 2477 3820 stolicis.Neque
2511 3750 2672 3804 enim
2704 3766 3064 3820 quemquam
3098 3766 3208 3804 nos
3229 3749 3672 3819 scimus,neque

2024 3839 2132 3893 viri
2167 3839 2322 3894 docti
2354 3839 2687 3908 quianobis
2717 3839 3297 3908 dissentiunt,adhuc
3311 3853 3674 3909 quemquam

2026 3929 2432 3996 nominarunt,
2465 3928 2567 3998 qui
2600 3927 2758 3983 idem
2783 3935 2919 3984 ante
2955 3945 3054 3983 eos
3086 3928 3490 3984 afﬁrmaverit.
3519 3930 3593 3983 At
3613 3927 3676 3982 hi

2027 4024 2300 4090 vergente
2323 4018 2450 4089 jam
2499 4016 2574 4074 ad
2607 4018 2788 4073 ﬁnem
2819 4023 3030 4089 quarto
3089 4017 3302 4073 saeculo
3347 4017 3677 4088 scripsere;

2030 4113 2089 4163 et
2127 4113 2263 4163 ante
2305 4124 2406 4163 eos
2485 4107 2724 4179 scripsit
2780 4106 3168 4179 Epiphanius,
3220 4107 3321 4177 qui
3380 4107 3679 4162 contraria

2031 4197 2232 4253 omnia
2262 4196 2482 4251 docuit.
2517 4197 2662 4251 Cum
2701 4197 2861 4251 enim
2893 4196 3105 4251 Acrius
3137 4212 3208 4251 ex
3239 4211 3512 4250 sermone
3534 4212 3680 4266 apo-

2032 4287 2241 4342 stolico
2290 4285 2611 4353 docuisset,
2671 4283 2802 4337 εἷναι
2867 4283 2959 4338 τὸν
3018 4282 3180 4338 αὐτὸν
3213 4281 3524 4353 ἐπίσκοπον,
3583 4283 3676 4338 τὸν

2031 4373 2190 4429 αὐτὸν
2224 4368 2610 4448 πρεσϐύτερον,
2645 4375 2757 4431 hoc
2789 4392 2862 4430 ex
2883 4374 3149 4431 haeretici
3181 4375 3516 4448 ignorantia
3539 4391 3678 4447 pro-

2031 4466 2251 4522 fectum
2281 4466 2513 4535 asserit,
2565 4467 2665 4537 qui
2719 4483 2840 4521 non
2875 4467 3284 4522 observaverat
3320 4485 3389 4522 ex
3417 4467 3680 4537 antiquis

2034 4555 2320 4630 historiis,
2354 4555 2414 4610 in
2444 4554 2742 4627 aliquibus
2799 4555 3068 4612 ecclesiis
3124 4555 3196 4611 ab
3242 4556 3468 4628 origine
3497 4555 3681 4611 fuisse

275 4638 516 4708 habere,
547 4637 652 4693 sed
674 4638 735 4692 in
756 4638 962 4692 multis
985 4636 1116 4692 aliis
1138 4635 1452 4690 inferiores
1481 4633 1599 4688 illis
1631 4651 1759 4690 esse
1776 4634 1930 4690 vide-
1958 4626 2005 4691 D
2036 4627 2435 4716 presbyteros,
2463 4626 2729 4700 nondum
2775 4645 3114 4701 constitutis
3145 4626 3457 4717 episcopis,
3492 4645 3553 4699 in
3579 4643 3684 4699 ali-

275 4725 524 4781 bantur:
588 4743 758 4798 grave
816 4726 1302 4798 existimaverunt
1359 4723 1760 4795 apostolorum
1810 4723 1922 4779 sibi

273 4815 574 4871 vindicare
599 4815 1126 4888 nuncupationem.
1144 4796 1500 4869 .Diviserunt
1522 4830 1662 4884 ergo
1680 4813 1925 4868 nomina

278 4903 491 4975 ipsa,et
520 4904 662 4971 illis,
685 4904 743 4958 id
775 4912 864 4959 est
885 4902 1251 4976 presbyteris
1273 4917 1494 4956 nomen
1512 4901 1921 4972 reliquerunt:

278 4994 375 5049 alii
410 5011 546 5048 vero
579 4994 844 5066 episc0pi
876 4999 1016 5049 sunt
1056 4991 1406 5062 nuncupati,
1440 4991 1621 5062 hique
1653 4995 1712 5045 et
1767 4990 1928 5045 ordi-

284 5086 545 5140 nationis
575 5085 808 5157 praediti
832 5088 1144 5155 potestate,
1177 5083 1259 5137 ita
1287 5087 1354 5137 ut
1381 5081 1728 5154 plenissime
1746 5081 1928 5137 iidem

281 5179 727 5246 cognoscerent.
758 5174 936 5244 Atqui
968 5178 1026 5228 et
1056 5172 1369 5244 episcopus
1392 5170 1702 5242 presbyter
1737 5177 1846 5241 est,
1872 5175 1932 5226 et

277 5265 589 5336 presbyter
605 5264 940 5335 episcopus.
969 5265 1059 5317 An
1091 5277 1278 5316 unum
1302 5260 1696 5331 eumdemque
1736 5260 1930 5315 homi-

277 5370 416 5407 nem
437 5353 534 5407 hic
559 5353 672 5407 sibi
703 5358 760 5409 et
790 5352 1004 5424 subjici
1038 5355 1096 5407 et
1125 5365 1380 5421 praeesse
1413 5350 1537 5404 vult
1565 5349 1591 5404 ‘2
1623 5370 1651 5399 ››
1685 5349 1930 5414 Qualem

276 5441 612 5497 orationem
670 5441 1106 5512 primitivorum
1157 5439 1405 5493 fratrum
1433 5443 1532 5493 aut
1554 5438 1933 5509 presbytero—

275 5549 411 5587 rum
438 5532 681 5604 nomine
713 5531 932 5603 promit
961 5531 1056 5586 hic
1079 5546 1285 5585 eorum
1313 5529 1641 5585 Tertullus!
1667 5532 1791 5585 Non
1809 5531 1935 5584 haec

277 5638 488 5680 eorum
520 5627 859 5695 temporum
908 5626 1008 5678 aut
1054 5619 1368 5675 hominum
1428 5624 1585 5690 sunt,
1640 5617 1743 5676 sed
1772 5619 1936 5677 Aerii

349 5710 398 5748 ⁴⁹
421 5714 588 5770 Rom.
611 5727 735 5782 xm,
768 5710 821 5767 1.
855 5709 899 5746 ⁵ο
924 5711 950 5764 Ῑ
976 5711 1132 5767 Petr.
1166 5725 1232 5780 ιι,
1257 5709 1344 5766 13.

2032 4733 2248 4804 quibus
2279 4733 2880 4805 episcopos,nondum
2914 4734 3130 4789 additis
3157 4733 3686 4806 presbyteriszqua

2031 4822 2212 4877 unica
2232 4822 2641 4878 observatione
2673 4822 2802 4877 tolli
2831 4824 3058 4894 putavit
3091 4823 3493 4893 promiscuam
3515 4820 3684 4877 illam

2033 4911 2346 4967 nominum
2363 4912 2978 4982 usurpationemﬂsac
3009 4917 3208 4966 autem
3227 4916 3434 4966 contra
3453 4909 3685 4964 hasreti-

2037 5017 2170 5056 cum
2192 4999 2439 5071 protulit
2457 5000 2840 5071 Epiphanius,
2873 5005 2940 5055 ut
2969 5001 3032 5054 in
3064 4998 3427 5071 exponendis
3461 5003 3689 5069 aposto-

2037 5090 2111 5144 lis
2135 5088 2287 5144 fmde
2314 5088 2648 5159 deceptum,
2683 5093 2740 5144 et
2760 5089 3140 5158 antiquorum
3159 5092 3687 5142 monumentorum

2039 5181 2333 5252 ignarum.
2367 5177 2632 5232 Credidit
2659 5178 2860 5248 itaque
2881 5178 3246 5248 Epiphanius
3275 5182 3503 5232 veteres
3516 5177 3685 5232 Chri-

2042 5269 2267 5324 stianos
2297 5267 2470 5322 aliter
2499 5265 2827 5338 apostolum
2860 5265 3243 5321 intellexisse.
3279 5265 3553 5322 Nondum
3584 5267 3691 5340 igi-

2043 5363 2139 5413 tur
2169 5358 2268 5412 illa
2296 5356 2622 5428 apostolica
2651 5355 2962 5410 nominum
2997 5355 3264 5410 confusio
3324 5356 3385 5409 in
3428 5356 3693 5414 Ecclesia

2043 5447 2244 5519 agnita
2276 5450 2540 5515 est,teste
2571 5443 2919 5516 Epiphanio.
2955 5446 3153 5514 Neque
3186 5460 3320 5499 vero
3361 5445 3523 5501 illius
3555 5463 3693 5502 sen-

2043 5537 2243 5591 tentias
2273 5536 2398 5590 ulla
2428 5534 2672 5607 vestigia
2692 5538 2922 5588 exstare
2953 5539 3096 5604 puto
3155 5534 3314 5606 apud
3372 5537 3694 5608 scriptores

2045 5623 2481 5682 ecclesiasticos
2494 5622 2824 5696 Epiphanio
2837 5622 3142 5696 aliquanto
3157 5624 3546 5698 antiquiores.
3569 5627 3695 5685 Imo
