4064 6134
368 396 487 462 435

1439 399 1502 461 S.
1551 397 1948 462 IGNATIUS.
1997 429 2072 440 —
2116 394 2741 460 PROLEGOMINAJ

3660 397 3782 460 186

373 535 618 593 secundi
652 538 708 589 et
738 535 898 589 tertii
929 533 1126 590 δευουιί
1153 533 1470 606 scriptores
1503 535 1863 592 contrarium
1904 552 2011 606 po-
2047 539 2095 604 Α
2131 551 2427 605 praesumo
2459 551 2566 606 per
2593 531 3074 605 Ecclesiam,quts
3105 548 3284 606 super
3303 533 3474 590 illum
3490 534 3789 593 aediﬁcata

372 628 492 681 tius
525 625 799 679 statuisse
825 623 1072 696 putandi
1100 629 1257 679 sunt.

443 713 644 768 Tradit
673 714 926 768 Dallmus
956 714 1192 784 Ephesi,
1235 714 1412 770 unius
1443 715 1630 785 urbis,
1665 715 1868 786 plures
1895 731 2015 770 non

372 803 683 873 primi,sed
715 803 1188 874 secundigradus
1219 806 1570 876 prmpositos
1598 805 2015 876 episcoporum

372 892 614 947 nomine
648 892 990 964 signiﬁcari,
1040 896 1168 948 Act.
1229 911 1324 959 xx,
1373 896 1460 947 28.
1523 896 1878 964 Veteresque
1937 893 2020 947 ita

372 983 564 1040 locum
595 986 1015 1057 interpretatos
1073 987 1322 1042 asserit:
1371 986 1641 1042 nominat
1669 987 2018 1058 Chrysosto-

371 1089 556 1144 mum,
581 1073 1036 1141 Theodoretum,
1071 1074 1518 1146 Hieronymum,
1551 1076 1722 1142 alios,
1771 1075 1874 1130 sed
1928 1075 2020 1129 his

371 1163 673 1218 neminem
705 1164 1088 1219 vetustiorem
1121 1165 1411 1220 nominat.
1472 1165 1626 1220 Nihil
1684 1165 1865 1237 igitur
1893 1165 2020 1219 hanc

371 1251 445 1306 ad
477 1253 723 1307 secundi
757 1258 860 1307 aut
889 1253 1047 1307 tertii
1097 1253 1298 1308 saaculi
1356 1254 1714 1309 sententiam
1770 1253 2018 1309 faciunt.

371 1342 444 1394 At
473 1341 732 1397 lrenaaus
766 1358 886 1397 non
916 1342 1140 1413 putavit
1183 1342 1424 1398 eosdem
1469 1343 1623 1398 viros
1681 1360 1748 1398 eo
1794 1342 1906 1397 loci
1965 1347 2024 1397 et

372 1431 683 1503 episcopos
713 1431 895 1487 fuisse
926 1432 1114 1487 dictos
1146 1439 1204 1487 et
1233 1433 1629 1504 presbyteros,
1664 1437 1722 1488 et
1747 1433 1819 1488 ad
1845 1432 2020 1487 unius

372 1518 539 1575 urbis
571 1521 886 1577 ecclesiam
906 1521 1286 1592 pertinuisse.
1321 1523 1414 1576 Sic
1453 1523 1611 1577 enim
1644 1522 1766 1590 ille,
1799 1522 1901 1577 lib.
1937 1539 2020 1582 ιιι,

373 1626 499 1680 cap.
529 1611 594 1665 14
624 1629 636 1667 :
673 1635 701 1660 «
735 1613 802 1666 ln
833 1611 1026 1665 Mileto
1069 1611 1230 1665 enim
1254 1612 1596 1667 convocatis
1628 1613 1920 1684 episc0pis
1967 1617 2024 1667 et

371 1700 757 1771 presbyteris,
792 1701 892 1771 qui
928 1705 1098 1756 erant
1127 1701 1199 1755 ab
1229 1701 1459 1771 Epheso
1482 1709 1539 1756 et
1563 1719 1597 1757 a
1626 1702 1875 1773 reliquis
1896 1719 2026 1773 pro-

374 1791 553 1844 ximis
585 1791 942 1846 civitatibus.
979 1813 1006 1840 ››
1040 1793 1401 1847 Convocavit
1431 1793 1485 1847 S.
1519 1792 1740 1848 Paulus
1797 1798 1854 1848 et
1899 1793 2022 1864 epi-

2127 640 2366 678 omnem
2395 624 2643 695 gradum
2707 623 2935 680 ordinis
2979 623 3069 679 sui
3127 623 3200 679 de
3241 626 3619 696 monogamia
3660 631 3790 682 erat

2129 713 2506 768 collocatura.
2545 735 2572 762 »
2622 716 2963 784 Iterumque
3011 731 3138 785 cap.
3177 716 3236 769 11
3281 733 3295 770 :
3330 737 3358 764 ιι
3390 715 3590 780 Qualis
3622 732 3685 770 es
3717 714 3780 770 id

2129 803 2579 858 matrimonium
2611 803 2940 874 postulans,
2971 803 3129 875 quod
3161 804 3246 858 eis
3277 820 3311 860 a
3343 805 3558 876 quibus
3581 811 3786 876 postu-

2129 893 2217 947 las
2271 908 2390 947 non
2450 892 2590 948 licet
2646 892 2912 949 habere:
2947 893 3019 948 ab
3077 895 3354 965 episcopo
3403 912 3784 967 monogamo,

2129 999 2164 1037 a
2195 981 2560 1054 presbyteris
2593 986 2650 1037 et
2679 981 2947 1038 diaconis
2978 983 3249 1054 ejusdem
3265 985 3685 1050 sacramenti,a
3706 986 3788 1038 vi-

2129 1072 2264 1127 duis
2287 1088 2541 1142 quarum
2575 1076 2796 1127 sectam
2828 1073 3117 1128 recusasti
3141 1073 3168 1126 ‘2
3195 1093 3223 1122 »
3248 1074 3475 1128 Pariter
3495 1078 3554 1128 et
3582 1074 3792 1146 Orige-

2129 1177 2238 1217 nes
2256 1161 2587 1216 observavit
2607 1161 2898 1217 secundas
2919 1161 3159 1233 nuptias
3181 1161 3458 1217 omnibus
3477 1162 3793 1218 ordinibus

2133 1249 2552 1305 ecclesiasticis
2591 1251 2993 1321 particulatim
3043 1267 3171 1305 esse
3225 1256 3487 1322 negatas,
3521 1269 3657 1304 κατα
3685 1250 3790 1318 τήν

2130 1341 2228 1393 τοῦ
2262 1336 2605 1393 Ἀποστόλου
2635 1337 2759 1412 περὶ
2792 1343 2902 1393 τῶν
2929 1336 3398 1407 ἐκκλησιαπικῶν
3447 1340 3790 1412 πραγμάτων

2129 1447 2188 1482 νο
2198 1425 2846 1500 μοθεσίαν,‹‹εθοιιηι1ιιηι
2866 1429 3024 1502 leges
3035 1429 3108 1484 ab
3130 1429 3406 1501 Apostolo
3423 1429 3494 1485 de
3506 1430 3686 1485 rebus
3705 1447 3796 1486 ec-

2132 1517 2642 1574 clesiasticislatas
2664 1535 2676 1586 ;
2705 1541 2730 1568 »
2746 1519 2979 1574 nullum
3001 1519 3275 1574 ordinem
3290 1520 3347 1573 in
3362 1519 3619 1574 Ecclesia
3637 1536 3793 1589 esse,

2134 1612 2226 1666 cui
2261 1628 2328 1666 ea
2359 1611 2454 1666 lex
2487 1612 2797 1682 speciatim
2854 1613 3202 1683 praescripta
3258 1629 3378 1667 non
3421 1612 3498 1667 sit
3533 1629 3546 1667 :
3577 1609 3790 1668 Οὐδένα

2131 1700 2238 1772 γὰρ
2268 1702 2377 1753 τῶν
2428 1698 2535 1752 ἀπὸ
2587 1701 2690 1766 τῆς
2748 1698 3076 1768 Ἐκκλησίας
3135 1699 3414 1774 ὑπεροχήν
3471 1721 3590 1755 τινα
3635 1701 3792 1776 παρὰ

2130 1785 2258 1848 τοὺς
2287 1785 2535 1848 πολλοὺς
2568 1787 2642 1849 ὡς
2674 1785 2726 1841 ἐν
2783 1783 3088 1860 συμϐόλοις
3130 1788 3463 1866 ἀνειληφότα
3525 1788 3789 1865 βούλεται

375 1895 586 1949 secpos
618 1884 677 1933 et
707 1879 1106 1950 presbyteros,
1139 1898 1208 1935 ex
1263 1881 1560 1937 sententia
1608 1881 1832 1951 lrenaai,
1862 1887 1920 1936 et
1951 1881 2005 1935 al

2133 1877 2161 1930 ὁ
2196 1877 2411 1936 Παῦλος
2444 1873 2696 1952 δευτέρου
2729 1883 3082 1950 πεπειρᾶσθαι
3114 1878 3320 1953 γάμου.
3356 1902 3382 1930 ‹‹
3417 1882 3496 1935 Ex
3526 1881 3599 1936 iis
3622 1883 3787 1937 enim

373 1967 599 2038 Epheso
632 1973 691 2022 et
734 1968 805 2022 ab
839 1968 970 2023 aliis
1022 1969 1174 2023 Asiaa
1236 1970 1615 2025 civitatibus:
1664 1987 1785 2025 non
1842 1971 2021 2042 igitur

369 2058 547 2112 unius
577 2057 764 2128 urbis,
797 2063 898 2113 aut
926 2058 1084 2114 solos
1112 2059 1358 2114 secundi
1390 2060 1618 2115 ordinis
1669 2061 2020 2131 praepositos

369 2147 843 2216 convocavit,aut
873 2149 1181 2220 episc0pos
1210 2149 1545 2220 appellavit.
1579 2151 1745 2205 Hunc
1775 2149 2015 2220 quidem

365 2238 648 2291 Actorum
705 2236 903 2292 locum
953 2241 1163 2308 quarto
1217 2238 1434 2294 sazculo
1521 2243 1578 2292 et
1631 2239 2016 2309 sequentibus

365 2324 632 2388 laudant,
666 2331 724 2380 et
753 2327 922 2396 quasi
945 2326 1194 2382 fundum
1237 2343 1357 2382 suae
1416 2329 1727 2383 sententiae
1785 2333 2018 2400 ponunt

364 2415 842 2486 Chrysostomus,
877 2416 1268 2488 Hieronymus
1298 2416 1538 2487 aliique,
1571 2417 1642 2473 de
1692 2434 1812 2473 una
1865 2415 2013 2473 urbe

363 2505 658 2575 prmcipue
679 2505 1337 2576 disputanteerenaaus
1371 2507 1614 2562 secundi
1649 2507 2014 2563 saaculiscri-

363 2597 516 2663 ptor,
549 2593 831 2664 apostolis
861 2594 1320 2665 apostolicisque
1350 2595 1536 2650 multo
1567 2595 1827 2667 propior,
1861 2594 2011 2648 nihil

364 2683 478 2737 tale
510 2682 595 2737 vel
630 2684 962 2738 somniavit.
996 2684 1104 2739 llla
1133 2685 1333 2757 igitur,
1387 2702 1562 2756 quam
1595 2686 1820 2756 volunt,
1871 2701 2010 2756 apo-

368 2770 579 2826 stolica
599 2772 909 2826 nominum
966 2772 1226 2845 episcOpi
1261 2778 1318 2827 et
1365 2774 1698 2846 presbyteri
1739 2775 2010 2832 confusio

362 2861 591 2914 Irenaeo
623 2861 970 2934 fuitignota.

431 2951 679 3006 Multum
710 2951 795 3004 illi
846 2952 1036 3006 fidunt
1097 2952 1290 3007 verbis
1340 2955 1612 3024 Apostoli
1671 2955 1745 3010 ad
1790 2957 2006 3024 Titum,

361 3041 530 3110 quasi
562 3041 770 3096 eadem
797 3041 1041 3095 omnino
1093 3049 1386 3112 praecepta
1445 3043 1582 3098 data
1629 3044 1850 3099 fuerint
1884 3046 2010 3116 epi—

359 3147 536 3201 scopo
568 3137 626 3183 et
666 3129 1032 3200 presbytero,
1086 3131 1351 3202 adeoque
1391 3131 1552 3187 idem
1597 3133 1681 3186 illi
1719 3133 1832 3189 duo
1866 3134 2004 3189 sint.

357 3222 431 3272 At
451 3220 725 3273 Clemens
743 3219 1179 3274 Alexandrinus
1197 3220 1372 3276 aliter
1386 3221 1559 3291 plane
1582 3223 1787 3290 sensit,
1822 3224 2010 3279 multa

358 3323 546 3377 eaque
574 3307 854 3362 distincte
878 3309 1151 3379 episcopo
1184 3315 1241 3363 et
1270 3310 1615 3381 presbytero
1630 3311 1765 3367 data
1784 3330 2008 3384 praece-

356 3401 456 3467 pta
487 3397 547 3451 in
570 3397 870 3468 Scriptura
891 3397 1240 3460 observavit,
1283 3416 1402 3454 non
1438 3400 1637 3455 minus
1661 3418 1838 3471 quam
1877 3402 2007 3458 dia-

357 3486 522 3540 conis
549 3490 608 3540 et
636 3486 845 3542 viduis.
870 3485 962 3542 Sic
993 3487 1154 3542 enim
1184 3487 1286 3542 ille
1317 3489 1613 3558 Paedagoyi
1635 3489 1736 3544 lib.
1760 3508 1838 3558 ιιι,
1875 3508 2001 3564 cap.

360 3577 425 3627 12
459 3591 470 3628 :
505 3572 704 3647 Μυρίαι
737 3571 794 3628 δὲ
824 3568 944 3627 ὅσαι
999 3574 1270 3639 ὑποθῆκαι
1311 3575 1386 3636 εἷς
1441 3577 1723 3649 πρόσω)πῶ
1778 3576 2003 3634 ἐκλεκτὰ

357 3660 1144 3740 διατείνουσαι,ἐγγεγράφαται
1178 3669 1298 3725 ταῖς
1333 3659 1552 3739 βίϐλοις
1581 3671 1701 3730 ταῖς
1731 3666 2002 3743 ἁγίαις³α⁹ι

360 3752 475 3823 μὲν,
507 3746 920 3828 πρεῶυτέροις,
953 3752 1006 3806 at
1040 3749 1120 3820 δὲ,
1153 3751 1491 3815 ἑπισκόποιςο
1533 3755 1588 3809 αἱ
1619 3753 1998 3827 δὲ,διακόνοις·

355 3839 547 3910 ἄλλαι,
575 3843 799 3920 χήραις.
830 3865 856 3893 ‹‹
886 3843 1150 3898 Plurima
1181 3849 1477 3916 prmcepta
1508 3862 1638 3916 quas
1674 3847 1749 3902 ad
1780 3847 2000 3904 electas

358 3948 645 4003 personas
677 3933 1001 4004 pertinent,
1033 3933 1094 3987 in
1127 3933 1348 3988 sanctis
1379 3934 1547 3990 libris
1579 3937 1799 4008 scripta
1821 3945 1996 4007 sunt;

353 4023 478 4076 haec
509 4021 748 4092 quidem
786 4021 1169 4092 presbyteris,
1203 4023 1319 4076 alia
1366 4039 1499 4078 vero
1533 4025 1846 4098 epiSCOpis,
1882 4029 2002 4082 alia

352 4113 638 4176 diaconis,
672 4111 790 4166 alia
820 4111 1027 4166 viduis.
1064 4134 1092 4160 »
1124 4112 1386 4175 Quatuor
1415 4112 1648 4170 diversa
1673 4116 1995 4171 electarum

349 4217 741 4274 personarum
774 4216 991 4272 genera
1050 4207 1360 4256 enumerat
1392 4217 1405 4269 ;
1437 4204 1760 4276 unicuique
1793 4207 1995 4277 generi

349 4291 591 4361 pr0pria
620 4295 916 4360 praecepta
971 4289 1215 4344 ascribit
1243 4308 1257 4356 ;
1292 4291 1600 4363 episc0pos
1631 4310 1750 4348 non
1798 4295 1995 4349 minus

350 4395 384 4433 a
412 4377 795 4448 presbyteris,
847 4392 1024 4445 quam
1083 4377 1458 4448 presbyteros
1488 4398 1521 4435 a
1552 4381 1840 4448 diaconis,
1894 4387 1997 4436 aut

347 4464 631 4519 diaconos
653 4479 686 4517 a
709 4461 899 4517 viduis
930 4461 1255 4536 distinguit.
1287 4466 1413 4520 Non
1444 4467 1624 4538 igitur
1675 4468 1834 4522 novit
1865 4467 1995 4523 Cle-

347 4569 519 4609 mens
540 4551 705 4606 illam
734 4551 1142 4608 confusionem
1173 4555 1480 4610 nominum
1515 4556 1574 4610 in
1595 4556 1994 4626 praeceptisab

2131 1965 2231 2038 qui
2262 1966 2539 2022 Ecclesiae
2559 1983 2780 2022 nomen
2812 1967 3442 2036 dederunt,neminem
3466 1970 3564 2041 qui
3591 1970 3788 2042 digni-

2128 2061 2312 2111 tatem
2345 2057 2605 2127 aliquam
2637 2075 2759 2129 prae
2793 2059 3196 2131 multis,quasi
3229 2061 3291 2115 in
3315 2060 3620 2132 symbolis.
3641 2061 3782 2116 fue-

2127 2145 2206 2200 rit
2225 2151 2602 2215 consecutus,
2637 2147 2855 2202 Paulus
2879 2148 3172 2204 secundas
3200 2149 3438 2221 nuptias
3476 2155 3786 2222 expertum

2126 2233 2312 2291 fuisse
2342 2235 2485 2292 vult.
2522 2258 2549 2285 »
2581 2238 2653 2291 Ut
2684 2237 2796 2292 hoc
2828 2238 3230 2309 particulatim
3261 2239 3332 2294 de
3357 2240 3604 2313 singulis
3621 2240 3788 2296 ordi-

2126 2325 2302 2380 nibus
2333 2342 2536 2381 verum
2571 2342 2700 2381 esse
2749 2327 3043 2395 ostendat,
3079 2345 3184 2400 pro
3244 2329 3537 2400 episcopis
3588 2330 3730 2385 citat
3759 2331 3783 2385 Ι

2124 2415 2272 2469 Tim.
2299 2430 2380 2483 Ill,
2403 2419 2455 2481 2,
2484 2432 2591 2486 pro
2622 2415 2886 2471 diaconis
2917 2418 3276 2475 versiculum
3315 2421 3402 2485 12,
3445 2437 3550 2490 pro
3589 2420 3783 2475 viduis

2124 2503 2315 2558 ITim.
2338 2520 2392 2573 ν,
2424 2505 2476 2570 9,
2507 2521 2612 2576 pro
2644 2505 3008 2576 presbyteris
3058 2506 3314 2578 denique
3363 2509 3472 2562 Tit.
3533 2525 3571 2575 ι,
3623 2511 3674 2562 5.
3708 2510 3785 2562 At

2125 2592 2173 2647 si
2197 2593 2456 2664 episc0pi
2491 2594 2600 2649 sub
2632 2594 2997 2666 presbyteris
3021 2596 3785 2666 continerentur,satiserat

2123 2681 2395 2737 laudasse
2417 2683 2740 2754 Epistolam
2772 2685 2844 2740 ad
2871 2685 3063 2740 Titum
3083 2703 3096 2752 ;
3115 2686 3162 2740 si
3194 2687 3524 2758 presbyteri
3537 2687 3646 2742 sub
3659 2687 3782 2758 epi-

2124 2770 2663 2842 sc0pis,contentus
2696 2789 2824 2828 esse
2855 2779 3090 2844 poterat
3111 2774 3240 2831 loco
3270 2776 3344 2831 ad
3374 2777 3773 2832 Timotheum.

2123 2860 2257 2914 Haec
2289 2859 2469 2930 igitur
2497 2860 2571 2915 ad
2600 2861 2794 2916 Titum
2827 2862 2881 2916 S.
2906 2863 3073 2918 Pauli
3107 2864 3282 2919 verba
3315 2869 3432 2919 tam
3462 2865 3782 2936 diligenter

2121 2953 2255 3019 post
2285 2950 2516 3020 reliqua
2545 2949 2820 3017 laudans,
2845 2967 3016 3007 suum
3041 2954 3254 3022 cuique
3280 2953 3475 3008 ordini
3498 2952 3776 3009 distincte

2121 3045 2484 3110 praeceptum
2517 3039 2588 3095 ab
2615 3041 2895 3112 Apostolo
2927 3042 3129 3097 datum
3156 3042 3338 3097 fuisse
3371 3043 3775 3115 innuit,magi-

2123 3128 2311 3180 strum
2371 3144 2543 3182 suum
2593 3127 2961 3184 Clementem
3019 3135 3294 3200 sequens,
3327 3129 3425 3184 ubi
3477 3130 3654 3202 plene
3700 3132 3774 3186 de

2118 3217 2431 3286 praeceptis
2463 3217 2748 3288 loquitur,
2774 3218 2835 3272 in
2865 3219 3210 3289 Paedagogo;
3244 3224 3304 3274 et
3334 3219 3640 3291 supplens,
3674 3221 3776 3275 ubi

2119 3304 2317 3359 minus
2348 3305 2548 3376 plene,
2599 3306 2661 3359 in
2717 3308 2925 3362 Strom.
2977 3324 3036 3362 in
3070 3324 3084 3363 :
3144 3306 3252 3363 Ναὶ
3315 3307 3408 3380 μὲν
3441 3307 3531 3362 καὶ
3562 3307 3652 3362 τὸν
3679 3315 3780 3377 τῆς

2119 3395 2246 3465 μιᾶς
2277 3395 2533 3466 γυναικὸς
2583 3390 2754 3468 ἄνδρα
2811 3396 2953 3450 πάνυ
3013 3393 3328 3472 διαδέχεται
3386 3394 3483 3452 κᾶν
3543 3392 3780 3472 πρεσϐύ-

2112 3501 2268 3554 τερος
2325 3482 2385 3557 ᾖ,
2439 3482 2536 3539 κᾶν
2592 3480 2868 3554 διάκονος,
2931 3485 3028 3540 κᾶν
3088 3487 3302 3557 λαϊκὸς,
3389 3485 3776 3556 ἀνεπιλήπτως

2113 3573 2278 3648 γάμῳ
2319 3573 2626 3647 χρώμενος,
2663 3581 2718 3630 et
2745 3577 2903 3630 tertii
2932 3577 3132 3631 saeculi
3157 3578 3512 3632 sententiam
3554 3593 3777 3648 reprae-

2114 3669 2376 3720 sentans.
2401 3665 2457 3719 S.
2494 3663 2655 3719 Pauli
2697 3663 2769 3718 ad
2797 3664 2990 3719 Titum
3025 3665 3204 3719 verba
3233 3665 3597 3736 presbyteris
3628 3665 3774 3719 assi-

2112 3759 2273 3825 gnat,
2306 3753 2406 3807 illa
2436 3752 2510 3807 ad
2541 3752 2915 3807 Timotheum
2949 3752 3226 3824 episcopo
3275 3759 3555 3822 reservat,
3593 3753 3772 3825 plane

2111 3846 2178 3896 ut
2207 3845 2341 3912 post
2370 3856 2505 3894 eum
2561 3839 2875 3910 Gregorius
2933 3840 3328 3896 Nazianzenus
3385 3842 3447 3896 in
3501 3841 3772 3897 oratione

2112 3930 2183 3984 de
2216 3928 2491 3983 laudibus
2523 3927 2577 3984 S.
2611 3927 2954 3983 Athanasii:
2989 3929 3165 3983 Τοῦτο
3199 3925 3277 3996 δὲ,
3307 3928 3360 3982 ἐν
3394 3929 3481 3991 οἷς
3511 3929 3770 4002 Τιμοθέῳ

2109 4017 2244 4089 πρὸς
2276 4015 2438 4069 αὐτὸν
2467 4015 2691 4091 γράφων
2753 4022 3065 4088 νομοθετεῖ,
3105 4022 3292 4072 τυπῶν
3324 4023 3403 4091 τῷ
3462 4017 3618 4096 λόγῳ
3675 4021 3769 4074 τὸν

2109 4104 2411 4173 ἐπισκοπῆς
2440 4105 2908 4179 προστησόμενον.
2947 4129 2974 4158 ‹‹
3017 4110 3262 4176 Partim,
3312 4111 3374 4164 in
3427 4111 3642 4180 quibus
3690 4110 3765 4165 ad

2107 4195 2476 4251 Timotheum
2511 4196 2780 4252 scribens
2802 4196 2964 4269 leges
2995 4198 3283 4268 fert,eum
3315 4199 3415 4270 qui
3439 4199 3500 4254 in
3536 4199 3764 4270 episco-

2107 4291 2249 4354 patu
2279 4286 2631 4357 praesideret
2661 4287 3003 4344 etl‘ormans.
3038 4309 3066 4338 η

2179 4393 2304 4448 Non
2337 4393 2516 4466 igitur
2547 4399 2793 4465 apparet
2815 4409 3178 4465 quemquam
3213 4395 3456 4450 secundi
3488 4400 3588 4450 aut
3607 4395 3763 4452 tertii

2107 4483 2309 4537 saeculi
2343 4482 2746 4538 Christianum
2780 4485 3265 4539 communionem
3291 4486 3604 4541 nominum
3628 4486 3764 4559 epi-

2107 4573 2269 4642 scopi
2292 4579 2350 4626 et
2381 4571 2711 4643 presbyteri
2769 4572 2830 4627 in
2897 4573 3133 4644 scriptis
3187 4574 3530 4646 apostolicis
3561 4576 3762 4630 obser-

347 4642 629 4715 Apostolo
662 4641 834 4710 datis,
868 4659 1046 4712 quam
1078 4643 1386 4699 observare
1421 4644 1531 4699 sibi
1563 4646 1718 4700 visus
1753 4651 1839 4700 est
1862 4645 2003 4702 Hie-
2035 4641 2082 4708 D
2110 4641 2296 4716 vage,
2331 4641 2478 4716 Nam
2526 4641 2790 4716 mstinus
2831 4641 3057 4733 max-ty}
3113 4641 3244 4716 10.5-
3269 4667 3614 4736 προεστῶτος
3661 4667 3762 4732 τῆς

344 4748 650 4804 ronymus,
684 4731 784 4802 qui
834 4732 984 4787 hanc
1051 4732 1187 4787 inde
1237 4734 1682 4790 conclusionem
1740 4734 1992 4792 elicuit:

348 4847 369 4873 ι
407 4823 570 4878 Idem
601 4827 692 4876 est
722 4838 858 4893 ergo
907 4823 1217 4892 presbyter
1244 4825 1344 4894 qui
1373 4829 1431 4879 et
1463 4825 1794 4896 episcopus.
1833 4847 1860 4874 »
1893 4826 1992 4880 Di-

345 4913 499 4969 citur
527 4911 930 4983 particulatim
962 4917 1021 4966 et
1045 4911 1321 4966 distincte
1357 4912 1428 4967 ab
1461 4913 1727 4983 apostolo
1760 4913 1833 4968 de
1872 4916 1992 4986 epi-

345 5002 560 5073 scopis,
594 5000 959 5072 presbyteris
991 5005 1048 5054 et
1074 4999 1360 5066 diaconis,
1405 5016 1505 5056 eos
1537 5018 1667 5056 esse
1717 5009 1991 5074 oportere

339 5092 494 5146 viros
523 5091 702 5146 unius
734 5089 956 5144 uxoris.
991 5087 1410 5157 Tertullianus,
1434 5090 1535 5160 qui
1594 5096 1716 5146 tres
1748 5092 1992 5148 ordines

339 5183 592 5255 agnovit,
639 5180 962 5251 unicuique
989 5179 1212 5234 dictum
1246 5181 1356 5236 hoc
1385 5181 1661 5253 intelligit
1689 5200 1753 5237 ει(
1787 5186 1866 5238 De
1900 5201 1990 5239 ec-

339 5271 686 5328 clesiasticis
745 5269 1053 5325 ordinibus
1094 5270 1397 5342 agebatur,
1459 5272 1665 5342 quales
1725 5273 1988 5328 ordinari

337 5371 653 5436 oporteret.
690 5363 1008 5435 Oportebat
1032 5364 1211 5436 igitur
1240 5381 1480 5419 omnem
1535 5365 1867 5420 communis
1897 5364 1990 5419 di-

337 5456 603 5524 sciplinas
627 5455 877 5508 formam
898 5469 1003 5507 sua
1020 5452 1210 5507 fronte
1243 5455 1490 5525 proponi
1520 5473 1532 5522 ;
1568 5455 1826 5510 edictum
1849 5471 1992 5526 quo-

336 5543 653 5599 dammodo
701 5544 966 5598 futurum
1032 5543 1322 5598 universis
1371 5545 1433 5599 in
1509 5545 1922 5617 prwsessione,
1956 5565 1986 5595 »

332 5635 410 5690 De
439 5635 808 5701 monoyamia.
834 5648 962 5703 cap.
993 5633 1076 5689 l2.
1100 5633 1169 5688 Et
1199 5648 1406 5689 rursus
1432 5651 1560 5706 cap.
1585 5637 1620 5689 8
1644 5651 1658 5689 :
1689 5655 1716 5688 α
1741 5635 1987 5690 Petrum

331 5723 529 5786 solum
556 5721 793 5780 invenio
824 5722 1103 5778 maritum
1137 5739 1244 5796 per
1272 5739 1506 5780 socrum
1533 5740 1988 5798 ;monogamum

2109 4745 2460 4816 Ἐκκλησίας,
2491 4754 2773 4820 tanquam
2809 4749 3128 4822 singularis
3181 4756 3240 4805 et
3269 4754 3520 4808 exsortis
3559 4752 3766 4808 Eccle-

2109 4837 2211 4891 sia;
2243 4838 2515 4906 rectoris,
2550 4843 2610 4893 et
2638 4838 3024 4894 diaconorum
3060 4839 3300 4910 quidem
3326 4842 3634 4908 meminit;
3665 4857 3766 4896 no-

2107 4941 2246 4982 men
2301 4934 2501 4982 autem
2563 4927 2823 4999 episcopi
2867 4928 2956 4983 vel
2990 4928 3318 5000 presbyteri
3351 4931 3562 4985 nullibi
3599 4932 3659 4984 in
3691 4930 3765 4984 iis

2108 5032 2240 5086 quas
2274 5021 2619 5087 supersunt,
2649 5017 2886 5088 scriptis
2933 5021 3263 5090 usurpavit.
3322 5020 3507 5074 Nimis
3564 5023 3762 5074 autem

2107 5110 2380 5176 coactum
2407 5110 2517 5171 est,
2545 5105 2702 5174 quod
2733 5122 2767 5159 a
2825 5105 3134 5163 Blondello
3197 5109 3257 5163 in
3311 5109 3589 5178 Apologia
3634 5107 3762 5162 sine

2105 5191 2228 5246 ullo
2283 5192 2670 5247 fundamento
2725 5192 2863 5248 inde
2922 5196 3230 5260 asseritur,
3291 5195 3465 5249 binos
3529 5199 3762 5248 tantum

2104 5281 2422 5336 Christiani
2484 5282 2625 5337 cleri
2669 5282 2884 5354 gradus
2943 5300 2976 5338 a
3028 5286 3255 5340 Iustino
3316 5283 3575 5355 agnosci.
3635 5283 3763 5337 Non

2104 5372 2264 5426 enim
2293 5371 2373 5425 ibi
2407 5372 2646 5426 ordines
2668 5372 2943 5426 Ecclesia}
2970 5380 3301 5441 enumerat,
3327 5389 3444 5427 non
3473 5372 3543 5427 de
3557 5372 3769 5443 guber—

2106 5461 2348 5515 natione
2372 5461 2571 5533 populi
2605 5462 2758 5532 agit;
2791 5461 3254 5518 celebrationem
3279 5468 3513 5518 tantum
3547 5463 3766 5518 eucha-

2105 5551 2287 5606 ristiaa
2316 5552 2647 5606 solemnem
2681 5552 2952 5622 explicat,
3006 5558 3062 5606 et
3096 5570 3228 5624 qua)
3257 5554 3318 5608 in
3366 5552 3466 5608 illa
3516 5553 3772 5609 admini-

2105 5641 2352 5696 stranda
2384 5641 2668 5714 episcopi,
2703 5657 2834 5714 quas
2893 5640 3285 5700 diaconorum
3333 5649 3536 5715 partes
3570 5649 3771 5702 essent

2105 5728 2368 5802 exponit.
2414 5728 2579 5796 Quod
2632 5734 2831 5790 autem
2878 5735 3082 5805 partes
3141 5730 3404 5809 epiS'COpi
3449 5731 3766 5806 aliquando
