4064 6134
346 313 467 400 m

1075 339 1134 402 εἶ.
1182 339 1599 402 PEARSONII
1643 340 1983 403 VlNDICIA

2094 337 2532 402 GNATIANJE.
2581 370 2659 381 —
2703 336 2909 398 PARS
2953 336 3029 398 II.

3651 339 3771 401 438

349 472 419 529 ab
450 471 578 544 ipso
609 472 1054 543 peragerentur,
1075 471 1396 543 aliquando
1429 473 1502 530 ab
1525 473 1628 529 illo
1656 473 2002 546 presbytero
2031 473 2087 543 Α
2115 470 2189 528 de
2241 471 2534 544 episcOpis
2602 468 2771 541 quasi
2803 469 2876 526 de
2907 467 3269 542 presbyteris
3314 471 3405 525 est
3449 468 3701 527 locutus.
3741 493 3770 522 »

349 561 881 628 demandarentur,
906 561 1040 617 ideo
1069 565 1416 634 προεστῶτος
1444 563 1721 636 generale
1751 563 2005 619 vocabu-

348 652 471 707 lum
501 651 778 706 adhibuit
805 667 818 716 ;
844 650 1128 707 diaconos
1159 657 1358 708 autem
1384 654 1623 725 proprie
1655 653 2007 720 enuntiavit,

349 742 486 813 quia
517 758 728 797 eorum
759 748 959 812 partes
990 741 1063 796 ab
1091 741 1235 812 ipsis
1263 758 1502 814 semper
1551 743 2004 815 peragebantur.

346 833 602 886 Irenmus
633 831 828 886 locum
864 831 1220 902 palmarium
1249 831 1425 887 aliter
1445 832 1690 887 omnino
1714 831 2009 887 intellexit

346 928 401 975 ct
432 920 724 991 exposuit,
752 920 985 992 reliqua
1015 920 1069 974 S.
1106 920 1423 992 Scriptura;
1474 922 1626 987 loca,
1685 937 1817 992 quaa
1869 937 2006 991 pro-

346 1009 821 1066 adversariorum
845 1009 1140 1065 sententia
1155 1009 1588 1079 aﬂ‘eruntur,ne
1612 1009 1855 1081 quidem
1878 1009 2008 1064 teti-

345 1100 445 1170 git.
470 1097 744 1153 Clemens
776 1097 1215 1152 Alexandrinus
1238 1097 1370 1154 loca
1393 1097 1466 1153 de
1496 1098 1711 1153 officiis
1742 1096 2006 1169 episcopi

347 1191 405 1242 et
433 1186 765 1258 presbyteri
793 1187 876 1242 ita
909 1186 1239 1242 secundum
1271 1187 1519 1243 nomina
1570 1187 1632 1241 in
1683 1186 2003 1258 Scripturis

347 1277 626 1333 distincta
657 1277 971 1344 intellexit,
990 1284 1058 1334 ut
1085 1283 1382 1350 praacepta
1412 1278 1514 1334 illa
1569 1277 1830 1350 plurima
1881 1293 2003 1333 non

348 1369 550 1423 minus
580 1367 654 1422 de
686 1368 981 1440 episcopis
1013 1375 1072 1424 et
1103 1369 1673 1440 presbyteris,quam
1699 1368 1770 1423 de
1803 1367 2000 1423 diaco~

344 1457 435 1512 nis
465 1462 523 1511 et
551 1457 747 1512 viduis
782 1457 1015 1512 diversa
1043 1457 1466 1528 pronuntiarit.
1503 1457 1910 1512 Tertullianus
1943 1462 2004 1511 et

345 1545 624 1617 Origenes
657 1546 1107 1602 distinctionem
1130 1546 1444 1602 nominum
1476 1547 1632 1618 apud
1655 1545 2001 1618 Apostolum

344 1635 490 1691 adeo
530 1641 810 1692 accurate
851 1637 1264 1706 observabant,
1296 1644 1362 1693 ut
1390 1653 1499 1693 sua
1529 1637 1732 1692 omnia
1761 1636 1834 1692 ad
1867 1653 2000 1693 eam

346 1725 686 1797 dirigerent.
715 1728 844 1782 Non
878 1727 1057 1799 igitur
1087 1733 1336 1798 apparet
1365 1727 1556 1782 ullum
1581 1728 1740 1782 intra
1787 1729 1890 1780 100
1945 1731 2002 1780 et

2121 561 2315 619 Secuti
2345 566 2485 616 sunt
2511 561 2690 633 igitur
2709 559 2964 631 apostoli
2985 575 3213 616 morem
3264 558 3550 630 loquendi
3590 576 3625 617 a
3671 577 3773 631 po-

2118 651 2260 723 pulo
2303 651 2636 706 Christiano
2678 655 3052 721 usurpatum,
3086 666 3159 704 ex
3213 649 3509 704 sententia
3563 650 3770 705 Hiero-

2118 741 2282 812 nymi
2319 758 2332 807 ;
2365 745 2429 794 ut
2451 739 2752 810 apostolos
2782 738 3004 794 imitari
3034 739 3096 793 in
3138 739 3246 793 hac
3277 754 3340 792 re
3397 737 3549 793 nihil
3607 737 3771 794 aliud

2117 830 2216 894 sit,
2253 845 2433 899 quam
2466 828 2796 884 secundum
2825 828 3126 900 vulgatum
3157 828 3218 882 in
3250 827 3509 884 Ecclesia
3539 844 3770 883 morem

2117 920 2399 992 loquendi
2431 919 2711 975 scribere.
2751 918 2833 973 Illi
2882 919 3061 988 igitur
3088 918 3344 975 maxime
3375 918 3589 974 imitati
3621 934 3768 989 apo-

2116 1009 2299 1064 stolos
2330 1014 2490 1076 sunt,
2523 1008 2626 1079 qui
2654 1007 2983 1064 secundum
3024 1024 3146 1064 suae
3169 1007 3360 1063 aetatis
3407 1022 3768 1073 sermonem,

2114 1115 2236 1154 non
2266 1097 2629 1169 apostolicae,
2681 1097 3067 1167 scripserunt.
3099 1097 3207 1161 Qui
3240 1096 3766 1167 Hieronymianam

2115 1190 2473 1246 sententiam
2505 1205 2666 1244 nunc
2698 1191 3023 1258 exponunt,
3074 1202 3324 1257 eamque
3385 1185 3558 1241 nobis
3611 1185 3766 1257 obji-

2112 1279 2304 1344 ciunt,
2332 1279 2536 1332 volunt
2565 1293 2636 1332 ex
2664 1276 2824 1332 illius
2858 1281 3059 1332 mente
3102 1275 3303 1332 nullos
3359 1275 3765 1347 apostolorum

2115 1374 2380 1440 tempore
2411 1373 2628 1440 praeter
2656 1384 2760 1422 seu
2791 1383 2970 1438 supra
2998 1367 3376 1439 presbyteros
3405 1366 3591 1422 fuisse
3621 1382 3765 1422 con-

2114 1457 2372 1522 stitutos,
2407 1463 2693 1528 tanquam
2745 1455 3044 1528 legitimos
3105 1460 3162 1511 et
3204 1455 3473 1512 distincti
3533 1454 3761 1511 ordinis

2110 1551 2214 1602 aut
2242 1545 2458 1617 gradus
2489 1546 3062 1617 episcOpos;postea
3095 1545 3295 1616 igitur,
3355 1566 3384 1596 α
3445 1560 3580 1600 cum
3638 1549 3762 1600 toto

2109 1635 2252 1690 orbe
2281 1635 2580 1690 decretum
2611 1639 2720 1700 est,
2753 1639 2819 1689 ut
2845 1650 3002 1690 unus
3043 1633 3114 1689 de
3145 1633 3507 1704 presbyteris
3537 1633 3761 1690 electus

2110 1728 2614 1796 superponeretur
2648 1723 2902 1790 caeteris,
2936 1723 3010 1779 ad
3036 1739 3215 1792 quem
3245 1723 3440 1779 omnis
3488 1722 3762 1778 Ecclesiaa

348 1815 534 1870 multo
565 1815 764 1888 plures
785 1832 978 1872 annos
1009 1821 1142 1888 post
1170 1817 1225 1872 S.
1269 1816 1479 1887 lgnatii
1531 1815 1883 1886 martyrium
1938 1813 1998 1868 in
2028 1845 2078 1912 Β
2111 1830 2253 1870 cura
2282 1813 2628 1884 pertineret,
2664 1835 2692 1863 »
2727 1811 3026 1884 postulare
3053 1828 3175 1870 non
3207 1815 3457 1883 possunt
3486 1816 3554 1867 ut
3611 1812 3759 1868 scri-

345 1905 749 1976 apostolorum
765 1906 1000 1976 scriptis
1019 1907 1172 1960 hanc
1185 1907 1494 1961 nominum
1510 1904 1992 1960 communionem

344 1992 712 2050 observasse.
761 1995 1213 2064 Iniquissimum
1261 1999 1459 2049 autem
1519 1998 1626 2063 est,
1687 2009 1994 2048 sermones

346 2083 594 2139 secundi
617 2083 817 2140 saeculi
847 2083 922 2139 ad
953 2100 1224 2139 normam
1273 2083 1572 2155 opinionis
1620 2089 1830 2154 quarto
1887 2082 1991 2138 de-

343 2188 508 2227 mum
540 2173 761 2228 saeculo
793 2178 937 2227 ortw
965 2172 1220 2243 exigere.

411 2280 706 2337 Secundo.
738 2281 921 2334 Nemo
953 2295 1159 2334 eorum
1205 2278 1472 2333 omnium
1515 2278 1615 2350 qui
1647 2277 1991 2334 communia

335 2370 600 2443 episcopi
635 2377 692 2426 et
722 2369 1053 2442 presbyteri
1084 2370 1331 2425 nomina
1387 2369 1450 2424 in
1507 2369 1604 2425 SS.
1666 2368 1989 2440 Scripturis

332 2461 514 2517 fuisse
548 2460 862 2532 putabant,
887 2460 948 2514 in
981 2476 1048 2515 eo
1082 2459 1377 2515 sermonis
1408 2475 1625 2530 genere
1686 2457 1988 2529 apostolos

337 2557 573 2606 secutus
605 2555 712 2617 est,
747 2555 849 2604 aut
878 2549 1061 2604 alium
1122 2564 1485 2620 quemquam
1535 2552 1805 2602 secutum
1859 2563 1988 2601 esse

344 2639 508 2694 dixit.
545 2639 645 2693 Hic
677 2639 966 2694 habemus
988 2638 1390 2692 adversarium
1422 2635 1594 2691 nobis
1620 2636 1794 2708 plane
1848 2652 1987 2690 con-

343 2727 1141 2798 sentientem.Epistolarum,
1174 2725 1388 2796 inquit,
1422 2725 1676 2796 scriptor
1697 2745 1725 2773 ‹‹
1748 2724 1864 2779 duo
1887 2723 1988 2778 illa

350 2815 572 2870 nomina
623 2815 800 2887 plane
862 2816 1072 2871 eodem
1133 2831 1313 2870 sensu
1351 2814 1584 2884 accipit,
1619 2829 1735 2884 quo
1765 2829 1800 2867 a
1829 2813 1988 2866 tertii

351 2905 541 2960 seaculi
565 2910 622 2960 et
653 2905 1034 2976 sequentium
1077 2903 1429 2959 Christianis
1481 2901 1556 2957 ad
1615 2901 1740 2956 haec
1793 2917 1984 2972 usque

347 2998 611 3066 tempora
641 3001 884 3067 accepta
909 2995 1090 3049 fuisse
1122 3000 1181 3049 et
1220 2993 1442 3049 scimus
1470 2997 1529 3047 et
1559 2991 1816 3046 libenter
1844 3007 1987 3046 con-

338 3084 672 3139 cedimus.»
700 3088 768 3139 At
795 3084 895 3155 qui
920 3082 1403 3139 communionem
1427 3082 1641 3137 horum
1672 3080 1986 3135 nominum

333 3173 393 3227 in
451 3173 618 3229 libris
675 3173 1017 3244 apostolicis
1069 3171 1361 3244 reperisse
1393 3188 1455 3226 se
1503 3169 1812 3242 putabant,
1844 3174 1980 3225 ante

332 3270 608 3335 quartum
660 3263 942 3318 saeculum
993 3279 1114 3317 non
1174 3261 1567 3317 exstiterunt:
1628 3260 1701 3315 ad
1750 3276 1980 3315 morem

329 3353 536 3424 Ignatii
563 3351 745 3424 igitur
770 3351 952 3406 locuti
987 3355 1163 3416 sunt;
1197 3354 1256 3405 et
1286 3365 1397 3404 nec
1428 3348 1541 3420 ipsi
1594 3348 1983 3403 imitabantur

328 3442 629 3513 apostolos
660 3442 722 3495 in
753 3441 863 3496 hoc
886 3439 1171 3510 loquendi
1204 3439 1380 3494 modo
1411 3455 1424 3505 ;
1459 3455 1570 3494 nec
1617 3454 1979 3509 quemquam

329 3549 534 3588 eorum
567 3533 837 3586 omnium
869 3531 970 3600 qui
1002 3536 1138 3586 ante
1172 3545 1235 3584 se
1263 3529 1650 3600 scripserunt,
1682 3528 1979 3600 apostolos

328 3638 394 3676 eo
424 3637 608 3677 sensu
631 3625 901 3692 acceptos
960 3620 1259 3674 imitatum
1318 3618 1500 3673 fuisse
1563 3618 1976 3685 observabant,

327 3718 428 3766 aut
458 3710 744 3782 neglectae
774 3709 1127 3764 imitationis
1159 3705 1537 3763 accusabant.
1566 3707 1626 3760 Β.
1650 3707 1979 3762 Theodore-

328 3797 1232 3872 tus,quiexistimavitapostolis
1267 3797 1444 3867 ipsos,
1479 3812 1580 3851 eos
1611 3797 1710 3867 qui
1734 3796 1978 3852 secundi

329 3893 558 3948 ordinis
586 3896 806 3959 essent,
838 3907 997 3945 nunc
1040 3889 1441 3962 presbyteros,
1475 3905 1636 3943 nunc
1666 3889 1977 3959 episcopos

326 3983 680 4054 appellasse,
721 3997 824 4035 eos
883 3983 1081 4035 autem
1124 3979 1225 4049 qui
1257 3977 1423 4048 primi
1470 3977 1697 4032 ordinis
1755 3983 1974 4047 essent,

323 4072 620 4143 apostolos
651 4069 872 4126 dixisse
904 4085 917 4134 ;
951 4085 1060 4124 nec
1091 4069 1216 4139 ipse
1241 4066 1540 4139 apostolos
1565 4066 1831 4122 imitatus
1862 4071 1968 4135 est,

320 4177 516 4232 neque
545 4174 908 4229 quemquam
940 4157 1290 4227 scriptorem
1332 4155 1802 4210 ecclesiasticum
1834 4172 1974 4226 apo-

320 4251 596 4306 stolicum
630 4263 968 4304 sermonem
1001 4251 1274 4302 secutum
1319 4261 1446 4300 esse
1493 4245 1813 4300 arbitratus
1845 4250 1970 4312 est;

318 4340 418 4394 sed
464 4355 680 4395 omnes
725 4336 978 4408 apostoli
1045 4351 1265 4390 nomen
1321 4333 1465 4405 ipsis
1507 4333 1746 4406 proprie
1803 4333 1974 4389 dictis

317 4429 600 4500 apostolis
628 4441 993 4493 resenvasse,
1019 4423 1277 4496 episcopi
1311 4429 1512 4479 autem
1543 4440 1764 4481 nomen
1795 4425 1972 4495 primi

317 4520 543 4575 ordinis
575 4516 984 4574 sacerdotibus
999 4515 1332 4587 assignasse
1367 4513 1686 4585 perhibuit.
1708 4514 1763 4568 S.
1797 4514 1974 4586 Chry-

2107 1909 2307 1975 ptores
2339 1902 2747 1968 ecclesiastici,
2803 1907 2968 1959 tanta
3005 1900 3067 1958 in
3125 1918 3189 1958 re
3247 1901 3374 1973 ipsa
3429 1902 3755 1960 mutatione

2095 1992 2274 2060 facta,
2321 1992 2804 2048 communionem
2853 1991 3166 2048 nominum
3203 1991 3553 2048 retinerent.
3610 1992 3742 2061 Ipse

2097 2082 2420 2138 Salmasius
2451 2081 2513 2137 in
2542 2085 2831 2153 Apparatu
2855 2099 2879 2138 τ
2903 2103 2932 2132 «
2965 2082 3052 2136 Ab
3083 2099 3152 2138 eo
3189 2087 3452 2154 tempore
3500 2097 3615 2151 quo
3673 2097 3745 2136 ex

2096 2188 2217 2227 uno
2257 2171 2465 2227 ordine
2524 2170 2917 2242 presbyterali
2959 2176 3020 2226 et
3065 2171 3389 2242 episcOpali
3437 2169 3555 2226 duo
3599 2169 3738 2226 facti

2097 2268 2256 2332 sunt,
2316 2280 2536 2318 nomen
2593 2263 2923 2334 presbyteri
2964 2262 3092 2318 dari
3141 2263 3400 2320 desitum
3458 2268 3546 2318 est
3614 2263 3740 2332 epi-

2094 2371 2294 2427 scopo.
2334 2355 2390 2408 Si
2451 2354 2752 2409 distinctio
2800 2353 3114 2410 nominum
3162 2354 3341 2410 simul
3381 2367 3739 2410 munerum-

2095 2461 2210 2514 que
2238 2450 2296 2499 et
2325 2444 2574 2515 proinde
2605 2443 2785 2498 etiam
2816 2443 3095 2499 ordinum
3126 2444 3283 2500 inter
3325 2444 3740 2517 presbyterum

2094 2537 2153 2586 et
2179 2531 2522 2602 episcopum
2550 2531 2706 2586 facta
2737 2536 2846 2597 est,
2880 2553 2908 2582 »
2940 2537 3007 2587 ut
3037 2531 3208 2588 docet
3242 2532 3585 2601 Salmasius,
3618 2548 3740 2587 non

2092 2619 2164 2676 de
2195 2621 2527 2676 imitatione
2548 2621 2841 2676 sermonis
2872 2621 3315 2693 apostolici,sed
3337 2622 3408 2677 de
3430 2622 3515 2678 rei
3544 2627 3740 2678 muta-

2092 2710 2253 2765 tione
2269 2727 2423 2780 quaer
2439 2709 2662 2765 endum
2684 2715 2776 2765 est
2797 2724 2811 2777 ;
2836 2727 2954 2781 qua
2970 2711 3550 2780 mutata,secundum
3573 2711 3736 2766 illius

2092 2799 2473 2869 sententiam,
2507 2798 2760 2855 imitatio
2792 2799 3199 2872 apostolorum
3222 2816 3352 2856 esse
3372 2816 3496 2856 non
3525 2799 3736 2872 potuit.

2163 2889 2498 2954 Quinetiam
2527 2889 2700 2945 tertio
2723 2888 3156 2945 observandum
3186 2894 3276 2946 est
3294 2889 3562 2946 nondum
3591 2905 3737 2944 con-

2089 2982 2244 3034 stare
2271 2978 2516 3035 nomina
2543 2979 2804 3052 episcopi
2833 2983 2891 3036 et
2915 2979 3244 3050 presbyteri
3300 2980 3364 3036 in
3395 2979 3734 3052 apostolicis

2089 3068 2346 3140 scriptis,
2377 3069 2478 3124 ubi
2510 3069 2580 3124 de
2614 3069 2829 3125 ofﬁciis
2851 3068 3269 3125 ecclesiasticis
3311 3069 3524 3142 agitur,
3552 3086 3731 3141 syno-

2092 3173 2273 3228 nyma
2285 3174 2436 3213 esse.
2457 3159 2625 3213 Certe
2638 3163 2990 3230 argumenta
3010 3174 3142 3230 qua
3166 3159 3451 3215 hactenus
3479 3159 3736 3215 adducta

2093 3252 2378 3316 sunt,non
2404 3247 2462 3302 id
2495 3248 2735 3303 credere
2765 3265 2876 3304 nos
2905 3249 3240 3304 necessario
3262 3253 3476 3322 cogunt
3503 3267 3517 3316 ;
3549 3253 3609 3304 et
3636 3265 3738 3320 po-

2090 3336 2208 3393 tius
2237 3337 2545 3410 probabile
2574 3342 2662 3393 est
2680 3339 2862 3394 talem
2889 3337 3100 3395 harum
3130 3355 3339 3394 vocum
3370 3339 3738 3396 communio-

2086 3443 2225 3484 nem
2248 3429 2310 3483 in
2329 3427 2735 3500 apostolorum
2749 3427 2986 3501 scriptis
3007 3429 3253 3484 minime
3276 3446 3405 3484 esse
3423 3429 3736 3486 admitten-

2087 3517 2620 3588 dam.Primo,quia
2646 3518 2693 3572 si
2717 3517 3004 3591 originem
3030 3517 3208 3588 hujus
3225 3518 3732 3588 interpretationis

2087 3622 2446 3675 quaeramus,
2495 3607 2756 3677 primum
2811 3607 3078 3662 omnium
3111 3606 3211 3676 qui
3265 3607 3426 3660 illam
3458 3606 3532 3661 ad
3563 3623 3730 3662 suam

2086 3695 2445 3749 sententiam
2475 3695 2945 3751 conﬁrmandam
2967 3693 3478 3766 protulit,Aerium
3502 3695 3732 3749 haeret-i-

2085 3800 2220 3839 cum
2250 3784 2432 3839 fuisse
2463 3785 3098 3856 comperiemus;cujus
3117 3784 3413 3839 sententia
3434 3785 3732 3856 quampri-

2083 3889 2248 3928 mum
2270 3873 2572 3944 publicata
2603 3879 2710 3943 est,
2751 3890 2786 3928 a
2806 3874 2861 3928 S.
2886 3873 3214 3945 Epiphanio
3255 3873 3455 3928 statim
3485 3874 3729 3946 explosa

2084 3967 2192 4018 est.
2226 3962 2514 4033 Secundo,
2539 3961 2623 4017 illi
2650 3962 2946 4029 catholici,
2972 3962 3072 4034 qui
3103 3962 3374 4019 eamdem
3405 3969 3613 4034 postea
3642 3963 3728 4019 in-

2085 4051 2705 4123 terpretationem,sed
2736 4052 2798 4106 in
2832 4051 3014 4107 alium
3037 4051 3241 4119 ﬁnem,
3275 4051 3531 4123 amplexi
3565 4057 3724 4122 sunt,

2083 4143 2201 4198 sive
2231 4148 2479 4208 veteres,
2506 4143 2625 4198 sive
2657 4142 2978 4198 modernos
3027 4141 3387 4208 consideres,
3419 4159 3728 4214 nunquam

2081 4233 2144 4287 in
2175 4249 2246 4287 ea
2276 4232 2626 4303 explicanda
2649 4233 2986 4287 consentire
3009 4232 3414 4303 potuerunt.Si
3428 4232 3589 4287 modi
3611 4250 3728 4288 om-

2081 4337 2188 4376 nes
2207 4320 2711 4392 excutiantur,qui
2731 4320 2806 4375 ad
2837 4321 3322 4376 communionem
3344 4320 3598 4378 duorum
3627 4339 3728 4378 no-

2081 4411 2313 4466 minum
2331 4410 2740 4482 explicandam
2758 4410 2853 4466 vel
2873 4410 3194 4484 excogitari
3207 4411 3297 4466 vel
3312 4411 3453 4485 fingi
3475 4414 3723 4484 possint,

2080 4501 2174 4556 vix
2195 4517 2382 4556 unum
2408 4504 2510 4556 aut
2529 4499 2782 4558 alterum
2805 4499 3278 4572 invenies,quem
3307 4517 3482 4557 nemo
3510 4501 3728 4574 ample-

317 4584 1190 4677 sostomus,Theophylactuset
1209 4584 1603 4659 (Ecumenius
1618 4619 1718 4658 eos
1733 4603 1832 4675 qui
1852 4584 1973 4676 epi-
2005 4584 2050 4648 D
2080 4607 2189 4646 xus
2221 4595 2328 4658 est,
2359 4590 2590 4646 nullum
2623 4606 2765 4646 sane
2791 4590 2855 4646 in
2885 4607 3002 4662 quo
3035 4595 3173 4660 tres,
3203 4591 3295 4646 vel
3325 4591 3441 4648 duo
3472 4593 3722 4648 fortasse

318 4699 476 4770 scopi
499 4702 693 4766 erant,
735 4695 806 4751 ab
829 4694 1114 4766 apostolis
1144 4709 1266 4749 non
1297 4698 1530 4748 tantum
1567 4692 1968 4764 presbyteros,

319 4789 419 4844 sed
445 4794 504 4843 et
533 4788 816 4843 diaconos
845 4786 1034 4841 dictos
1064 4784 1248 4840 fuisse
1289 4783 1581 4854 putabant
1605 4799 1618 4849 ;
1665 4783 1969 4838 neminem

318 4883 517 4933 tamen
549 4875 975 4931 existimabant
1012 4873 1172 4928 hunc
1207 4888 1544 4927 sermonem
1577 4871 1968 4943 apostolicum

314 4974 584 5023 secutum
608 4983 758 5023 esse.
817 4965 957 5030 Quis
1017 4964 1176 5018 enim
1232 4978 1498 5033 unquam
1532 4961 1710 5034 primi
1742 4962 1968 5017 ordinis

312 5057 699 5128 praepositum
717 5054 1027 5109 diaconum
1045 5051 1359 5124 appellavit
1377 5051 1406 5105 ‘i
1426 5051 1823 5122 Hieronymus
1841 5050 1967 5122 ipse

307 5147 608 5202 neminem
638 5149 773 5216 post
806 5143 1103 5215 apostolos
1161 5157 1500 5196 sermonem
1557 5141 1962 5213 apostolicum

307 5237 603 5292 imitatum
637 5251 766 5290 esse
794 5233 1167 5299 existimavit,
1191 5232 1294 5288 sed
1324 5247 1816 5303 unumquemque
1875 5230 1964 5285 sui

308 5327 595 5397 temporis
629 5327 690 5380 in
722 5322 1017 5395 loquendo
1049 5339 1276 5377 morem
1317 5326 1613 5394 spectasse
1649 5335 1662 5387 ;
1695 5337 1769 5375 ne
1823 5335 1966 5391 apo-

307 5417 493 5472 stolos
521 5414 766 5486 quidem
791 5414 950 5484 ipsos
974 5413 1148 5468 aliter
1165 5410 1390 5466 locutos
1423 5428 1549 5466 esse
1603 5410 1845 5480 putavit.
1880 5410 1966 5463 Ita

310 5507 471 5561 enim
504 5505 567 5559 in
601 5503 1040 5559 Commentario
1071 5502 1135 5556 in
1181 5501 1508 5572 Epistolam
1539 5499 1614 5554 ad
1642 5499 1834 5554 Titum
1865 5498 1962 5552 lo-

307 5596 516 5669 quitur
543 5610 560 5650 :
593 5613 616 5642 ι
639 5593 791 5660 Quia
818 5591 1058 5648 eosdem
1087 5591 1396 5663 episcopos
1428 5607 1497 5645 eo
1518 5594 1786 5662 tempore
1814 5603 1964 5659 quos

309 5691 371 5746 et
395 5683 784 5761 presbyteros
799 5680 1200 5755 appellabant,
1213 5683 1531 5754 propterea
1550 5677 1964 5737 indifferenter

2080 4692 2506 4755 convenerunt,
2541 4686 2589 4740 si
2621 4686 2755 4742 illos
2786 4687 3064 4758 excipias,
3090 4687 3190 4756 qui
3217 4687 3419 4742 omnia
3457 4686 3530 4742 ab
3588 4687 3720 4742 aliis

2080 4795 2150 4834 ex
2180 4777 2444 4849 professo
2465 4775 3338 4848 transcripserunLQuicunque
3351 4775 3722 4833 communio-

2081 4883 2220 4922 nem
2251 4867 2463 4921 horum
2495 4865 2750 4921 duorum
2779 4865 3093 4920 nominum
3121 4870 3318 4920 mente
3359 4865 3720 4934 concipiunt,

2079 4971 2322 5011 necesse
2345 4958 2436 5009 est
2455 4959 2520 5008 ut
2551 4961 2651 5010 aut
2671 4969 2857 5009 unum
2878 4954 3148 5008 ordinem
3179 4957 3409 5008 tantum
3440 4952 3502 5006 in
3533 4952 3722 5008 eccle-

2081 5045 2185 5101 siis
2217 5043 2623 5115 apostolorum
2665 5042 2925 5114 primum
2958 5057 3098 5096 cura
3128 5047 3187 5096 et
3215 5041 3563 5096 auctoritate
3589 5041 3722 5096 fun-

2077 5133 2252 5199 datis,
2288 5137 2390 5188 aut
2417 5133 2564 5188 duos
2609 5131 2902 5186 exstitisse
2951 5135 3305 5201 supponant.
3357 5132 3428 5184 Et
3483 5130 3725 5200 quidem

2078 5225 2180 5296 qui
2203 5223 2357 5278 hanc
2387 5221 2871 5277 communionem
2904 5221 3215 5276 nominum
3248 5223 3523 5288 tuentur,"
3543 5221 3603 5276 in
3636 5220 3724 5274 di-

2079 5331 2273 5369 versas
2296 5313 2367 5367 de
2401 5327 2649 5365 numero
2680 5308 2958 5365 ordinum
2989 5315 3130 5364 tunc
3155 5309 3441 5380 temporis
3471 5309 3726 5366 existen-

2075 5405 2224 5459 tium
2248 5401 2576 5457 sententias
2599 5398 2766 5455 divisi
2786 5400 3170 5454 sunt.0mnes
3195 5406 3720 5471 agnoscunt,post-

2076 5511 2255 5566 quam
2287 5493 2425 5548 Novi
2458 5490 2713 5546 Fazderis
2740 5489 2876 5544 libri
2902 5489 3127 5544 exarati
3155 5496 3312 5558 sunt,
3336 5489 3536 5561 aliquo
3568 5496 3724 5548 tem-

2071 5584 2232 5659 poris
2259 5580 2760 5648 intervallo,duos
2790 5579 3031 5636 ordines
3055 5595 3161 5636 seu
3191 5578 3408 5653 gradus
3439 5581 3721 5638 ecclesia-

2072 5674 2222 5733 ticos
2249 5677 2311 5731 et
2340 5671 2561 5744 ofﬁcio,
2595 5674 2654 5729 et
2676 5669 2963 5745 dignitate
3016 5669 3352 5742 distinctos,
3411 5671 3532 5728 sive
3575 5671 3715 5744 jure
