4064 6134
333 342 449 404 Ml

1057 338 1116 400 ι.
1167 338 1583 421 ΡΕᾼΗδΟΝΙΙ
1631 335 1989 400 νΙΝΒΙΟΙΑΞ

2098 333 2522 396 ὶΝΑΤΙᾹΝιΕ.
2568 367 2647 379 --
2690 332 2902 397 PARS
2947 331 3026 395 Ῑῐ.

3631 339 3747 398 442

336 483 447 544 ret,
472 473 875 530 incertissima
897 477 986 529 est
1009 473 1533 530 etinvalidissima.
1567 475 1622 529 S.
1654 473 1993 544 Chrysosto-
2027 487 2079 552 Α
2109 469 2489 526 doctissimus
2523 468 2694 525 ﬁnxit
2739 472 2798 524 et
2844 469 3109 524 omnium
3164 468 3392 540 primus
3439 469 3754 540 formavit;

342 582 513 623 mus:
551 565 814 626 Ἐνταῦθα
847 563 1129 632 ζητήσειεν
1168 562 1230 616 ἄν
1260 583 1343 623 τις
1393 559 1640 626 εἰκότῶς,
1690 561 1742 614 τί
1793 559 1999 629 δήποτε

344 651 590 726 οὐδαμοῦ
621 657 701 724 τῷ
731 649 926 725 κλήρῳ
952 651 1172 728 γράφων
1205 649 1479 725 ἀλλαχοῦ,
1526 651 1629 705 οὐκ
1675 649 1726 704 ἐν
1776 650 1994 724 Ῥώμῃ,

343 744 441 798 οὐκ
485 739 537 795 ἐν
597 739 868 815 Κορίνθῳ,
911 739 1010 793 οὐκ
1056 739 1108 793 ἐν
1163 738 1395 816 Ἐφέσῳ,
1453 737 1601 794 ἀλλὰ
1650 742 1809 812 κοινῇ
1866 742 1996 792 πᾶσι

338 835 455 891 τοῖς
497 829 692 903 ἁγίοις,
726 826 761 896 ἦ
794 831 910 888 τοῖς
957 832 1196 896 πιστοῖς,
1227 825 1263 897 ἤ
1294 833 1411 888 τοῖς
1461 823 1863 903 ἠγαπημένοις,
1916 825 1999 880 ἐν-

342 924 512 983 ταῦθα
540 922 619 989 τῷ
644 916 841 990 κλήρῳ
892 916 1125 993 γράφει;
1181 941 1208 968 ‹‹
1245 919 1348 972 Hic
1394 920 1530 989 jure
1573 919 1705 989 quis
1749 922 1993 988 quaerat,

345 1011 487 1084 quid
519 1009 761 1065 demum
793 1008 890 1076 sit,
923 1008 1079 1078 quod
1114 1025 1248 1064 cum
1297 1025 1601 1079 nunquam
1648 1008 1722 1063 ad
1770 1008 1996 1063 clerum

342 1101 482 1158 alibi
514 1099 841 1170 scripserit,
872 1114 992 1152 non
1023 1097 1097 1154 ad
1129 1100 1483 1166 Romanum,
1518 1115 1638 1153 non
1669 1097 1744 1152 ad
1790 1099 1994 1152 Corin-

348 1190 631 1257 thiacum,
663 1204 784 1243 non
817 1187 890 1242 ad
919 1187 1303 1258 Ephesinum,
1339 1186 1442 1242 sed
1499 1187 1892 1243 communiter
1921 1187 1996 1243 ad

348 1295 550 1336 omnes
577 1282 836 1345 sanctos,
859 1277 951 1331 vel
973 1276 1292 1344 ﬁdeles,vel
1317 1276 1588 1346 dilectos,
1619 1277 1746 1331 hanc
1766 1276 1840 1332 ad
1871 1277 1992 1332 cle—

346 1386 478 1425 rum
499 1367 804 1423 scribit?»
827 1366 961 1421 Haac
982 1365 1300 1421 difﬁcultas
1324 1372 1430 1421 est.
1461 1384 1638 1438 quam
1670 1366 1754 1422 sic
1784 1366 1993 1422 tollere

341 1465 635 1514 conatur:
667 1457 790 1514 *Οτι
819 1454 974 1511 αὐτοὶ
1019 1457 1107 1509 καὶ
1160 1453 1502 1525 ἀπέστειλαν,
1551 1454 1640 1509 καὶ
1684 1453 1990 1532 ἓκαρποφό-

343 1568 533 1622 ρησαν,
565 1546 656 1600 καὶ
700 1544 853 1600 αὐτοὶ
886 1541 1132 1618 ἔπεμψαν
1182 1545 1318 1620 πρὸς
1368 1543 1525 1598 αὐτὸν
1584 1545 1676 1599 τὸν
1725 1543 1994 1621 Ἐπαφρό-

342 1638 515 1696 διτον.
551 1662 578 1688 ‹‹
612 1639 778 1705 Quod
808 1637 894 1692 illi
927 1637 1205 1693 collectas
1253 1637 1525 1702 fecerint,
1572 1642 1630 1692 et
1675 1637 1748 1692 ad
1796 1637 1991 1709 ipsum

337 1728 802 1802 Epaphroditum
833 1727 1127 1782 miserint.
1165 1748 1192 1777 »
1228 1729 1301 1781 At
1331 1727 1443 1781 hoc
1474 1727 1765 1782 incertum
1801 1742 1814 1792 ;
1870 1727 1991 1781 imo

339 1820 537 1892 potius
560 1817 924 1874 contrarium
951 1821 1179 1871 certum
1202 1821 1321 1882 est;
1346 1832 1480 1871 cum
1503 1816 1805 1887 apostolus
1834 1832 1989 1887 saepe
2017 1859 2064 1924 Β

601 1912 612 1924 ι
677 1907 687 1917 ·
766 1906 828 1924 1,,
909 1923 961 1924 κγ
1013 1905 1345 1924 ,ι--ᾼ3ι-ι-ᾼ-
1414 1905 1657 1924 ,ᾉ--.·μ-ῌ-
1724 1903 1789 1924 -.ι
1848 1920 1983 1924 ._____

340 1912 640 1982 agnoscat,
674 1907 737 1961 in
766 1906 877 1961 hac
907 1923 970 1960 re
1003 1905 1354 1960 charitatem
1403 1905 1669 1959 omnium
1719 1903 1793 1960 ad
1839 1920 1987 1975 quos

340 1999 562 2062 scribit,
588 2012 783 2066 neque
805 1995 990 2050 ullam
1013 1995 1169 2049 inter
1189 1995 1422 2063 fratres,
1446 2011 1549 2049 seu
1573 1993 1987 2065 Philippesios,

338 2093 394 2143 et
425 2103 629 2142 eorum
662 2086 888 2141 clerum
916 2083 1336 2151 differentiam,
1379 2083 1439 2137 in
1491 2083 1844 2139 necessariis
1875 2082 1990 2137 mi-

335 2177 663 2232 nistrandis
685 2173 1089 2230 autmittendo
1103 2173 1502 2244 Epaphrodito
1521 2171 1990 2227 observet.Nulla

340 2266 639 2320 enimvero
672 2279 846 2319 causa
881 2267 969 2317 est
999 2263 1141 2316 satis
1167 2261 1332 2332 justa
1361 2279 1467 2316 cur
1511 2263 1605 2317 hic
1653 2262 1986 2334 apostolum

340 2355 411 2410 ad
443 2354 666 2409 clerum
721 2352 1026 2423 scripsisse
1078 2352 1413 2406 necessario
1462 2357 1810 2418 statuamus,
1852 2367 1987 2406 cum

338 2446 446 2498 hoc
478 2443 549 2498 ab
587 2459 655 2497 eo
689 2457 1000 2512 nunquam
1033 2439 1178 2496 alias
1209 2440 1432 2496 factum
1465 2441 1579 2507 sit;
1621 2457 1761 2496 nam
1809 2441 1990 2496 verba

336 2533 433 2588 illa
464 2530 555 2584 σὺν
603 2528 932 2590 ἐπισκόποις
991 2529 1079 2582 καὶ
1142 2525 1415 2590 διακόνοις
1468 2546 1590 2584 non
1649 2531 1987 2586 necessario

337 2639 469 2679 cum
494 2622 718 2677 sanctis
751 2621 853 2690 qui
886 2625 1056 2675 erant
1085 2620 1372 2692 Philippis
1404 2621 1866 2692 conjunguntur,
1885 2619 1988 2674 sed

343 2731 472 2768 cum
506 2711 681 2768 Paulo
705 2717 760 2767 et
783 2711 1088 2766 Timotheo
1113 2711 1389 2782 conjungi
1414 2716 1682 2782 possunt.
1705 2713 1894 2782 Atque
1926 2712 1989 2766 in

359 2819 489 2857 eum
515 2801 755 2857 modum
787 2799 914 2855 haec
935 2799 1110 2855 verba
1133 2801 1350 2871 accipit
1368 2800 1823 2868 Ambrosiaster,
1856 2800 1994 2855 scri-

357 2897 484 2963 ptor
506 2891 642 2946 satis
669 2895 913 2945 acutus:
942 2912 970 2940 «
996 2891 1101 2954 Qui
1129 2896 1255 2945 sunt
1284 2889 1577 2960 Philippis,
1607 2890 1823 2960 quibus
1856 2889 1994 2945 scri-

347 2980 429 3034 bit
459 2981 772 3052 signiﬁcat,
807 2996 928 3035 cum
959 2981 1227 3050 episcopis
1257 2985 1310 3034 et
1353 2979 1694 3046 diaconibus,
1744 2978 1855 3033 hoc
1903 2982 1994 3033 est

345 3085 475 3125 cum
508 3069 687 3125 Paulo
721 3075 779 3124 et
807 3069 1135 3133 Timotheo,
1165 3069 1265 3138 qui
1287 3069 1490 3138 utique
1515 3068 1775 3140 episcopi
1799 3072 1988 3133 erant,

345 3158 522 3214 simul
554 3165 612 3213 et
641 3157 994 3229 signiﬁcavit
1023 3163 1081 3212 et
1111 3157 1393 3212 diaconos
1425 3158 1525 3228 qui
1571 3157 1994 3213 ministrabant

2106 559 2270 614 nulla
2291 577 2400 614 vox
2433 564 2521 614 est
2551 559 2610 613 in
2631 559 2918 629 epistolis,
2952 575 3082 630 quas
3122 558 3223 613 illo
3255 559 3538 631 temporis
3569 560 3757 616 inter-

2103 649 2256 703 vallo
2280 654 2419 704 nata
2438 649 2641 713 fuisse,
2663 648 2888 703 nullius
2911 648 3065 702 vocis
3086 664 3294 702 sensus
3318 649 3416 720 qui
3443 654 3580 704 tunc
3611 656 3756 705 tem-

2104 740 2264 811 poris
2291 740 2549 811 primum
2573 739 2836 810 erupisse
2864 738 3113 803 dicatur,
3145 738 3312 794 nulla
3335 738 3618 809 loquendi
3640 740 3757 795 for-

2103 829 2266 884 mula
2296 846 2426 900 quas
2458 845 2580 883 non
2613 828 2667 882 S.
2703 828 2911 900 Ignatii
2944 834 3173 884 aetatem
3207 827 3378 883 ferat.
3408 829 3634 884 Nomen
3664 829 3750 882 ai-

2105 921 2378 989 ρεσιωτῶν
2410 916 2563 972 male
2599 917 2870 988 exagitat,
2905 917 3064 987 quod
3099 922 3296 972 tamen
3320 918 3507 972 nostri
3541 918 3754 989 Ignatii

2103 1023 2224 1061 non
2246 1012 2335 1062 est
2359 1025 2372 1076 ;
2399 1006 2604 1061 Latina
2633 1021 2753 1060 non
2772 1011 2960 1078 urget,
2994 1005 3348 1061 Hammondi
3379 1008 3754 1078 responsioni

2103 1097 2489 1166 acquiescens
2518 1113 2531 1161 ;
2557 1099 2616 1150 et
2636 1094 2878 1166 quidem
2907 1096 3226 1166 sapienter.
3251 1096 3395 1150 Nam
3418 1102 3476 1150 et
3493 1097 3548 1150 S.
3573 1096 3757 1168 Chry-

2103 1191 2399 1241 sostomus
2431 1185 2491 1239 in
2521 1202 2642 1240 una
2671 1185 2926 1256 epistola
2958 1189 3045 1252 l5,
3072 1185 3134 1240 in
3157 1202 3275 1256 qua
3297 1190 3581 1256 tanquam
3604 1185 3756 1240 alter

2102 1276 2361 1348 Ignatius
2387 1273 2755 1347 μακροτέρους
2787 1277 2896 1328 τῶν
2929 1270 3149 1347 δρόμων
3183 1272 3307 1334 τοὺς
3339 1271 3596 1335 διαύλους
3647 1273 3752 1329 de-

2103 1363 2327 1431 scribit,
2359 1365 2467 1418 has
2498 1364 2792 1436 ejusmodi
2822 1380 2991 1419 voces
3022 1363 3220 1432 habet,
3245 1359 3530 1438 δρουγγὸς,
3567 1360 3749 1436 μίλια,

2103 1450 2398 1520 λεκτίκιον,
2435 1448 2700 1526 βούρδων,
2758 1450 3080 1519 κάστελλον,
3137 1451 3381 1525 βικαρία,
3439 1449 3746 1526 τριϐοὖνος,

2102 1539 2222 1616 ῥήξ,
2257 1559 2403 1613 quas
2452 1541 2610 1613 apud
2667 1542 3176 1614 elegantissimum
3239 1543 3750 1614 tersissimumque

2102 1632 2452 1702 scriptorem
2485 1647 2608 1686 non
2657 1632 2931 1702 quaasivit
2978 1632 3288 1689 Meursius.
3343 1632 3456 1687 Sed
3513 1636 3754 1706 movent

2102 1738 2238 1776 eum
2263 1743 2289 1771 «
2313 1720 2556 1776 nomina
2576 1721 2733 1776 varie
2759 1721 3085 1792 composita
3109 1740 3123 1788 ;
3148 1728 3206 1776 et
3228 1723 3752 1792 miriﬁca,quibus,

2098 1816 2164 1866 ut
2193 1810 2297 1879 ait,
2332 1809 2596 1882 epistolas
2639 1809 2713 1864 ad
2754 1810 3059 1865 fastidium
3111 1816 3361 1866 scatent.
3396 1833 3423 1860 »
3471 1811 3757 1865 Producit

2095 1901 2296 1971 itaque
2311 1899 3124 1974 quamplurima,colligitque
3139 1905 3423 1972 tanquam
3447 1897 3608 1971 ἐσμὸν
3630 1897 3752 1953 ἀτό-

2094 2009 2212 2043 πων
2259 1987 2349 2043 καὶ
2398 1986 2738 2065 διαστρόφων
2801 1988 3104 2062 ὀνομάτων,
3161 1997 3264 2048 aut
3299 1993 3562 2046 τοσοῦτον
3622 1988 3748 2063 βόρ-

2095 2071 2256 2153 ϐορον
2291 2079 2659 2152 συνερανίσας,
2691 2084 2760 2134 ut
2787 2078 3050 2150 loquitur
3081 2081 3391 2136 Lucianus.
3428 2082 3499 2135 Ut
3545 2083 3745 2135 autem

2096 2168 2373 2238 epistolas
2395 2169 2486 2223 his
2511 2174 2738 2224 scatere
2759 2169 3054 2235 ostendat,
3088 2170 3274 2224 multa
3298 2168 3743 2240 interpolatoris

2094 2264 2195 2314 aut
2227 2259 2449 2313 ﬁctoris
2501 2257 2781 2314 vocabula
2829 2258 2900 2312 iis
2950 2275 3079 2329 quae
3127 2259 3199 2314 ab
3249 2263 3488 2314 auctore
3537 2264 3740 2315 nostro

2093 2353 2377 2419 usurpata
2399 2353 2557 2416 sunt,
2585 2347 2902 2416 admiscet;
2935 2347 3136 2417 qualia
3158 2353 3297 2404 sunt
3322 2366 3334 2403 :
3368 2345 3745 2422 πνευματοφό-

2095 2455 2208 2509 ρος,
2267 2435 2788 2508 ἀξιομνημόνευτος,
2845 2433 3232 2506 ἀξιεπαίνετος,
3306 2433 3741 2511 χριστόληπτος,

2095 2524 2548 2598 ἀνθρωπομίμος,
2593 2520 3148 2599 χρηματολαίλαπες,
3200 2532 3259 2582 et
3306 2533 3512 2598 postea
3558 2546 3746 2581 κακεν-

2092 2613 2324 2687 τρεχής,
2397 2609 2974 2687 μεγαλοῤῥημοσῦναι.
3024 2615 3174 2679 Quid
3231 2615 3389 2686 quod
3445 2610 3743 2690 ἁνυστέρη-

2094 2721 2185 2763 τος
2215 2703 2371 2756 inter
2396 2718 2568 2756 voces
2602 2703 2850 2757 miriﬁce
2881 2703 3238 2774 compositas
3283 2711 3652 2773 numeretur,
3687 2710 3744 2759 et

2095 2793 2251 2848 inter
2271 2791 2515 2846 nomina
2537 2791 2901 2846 substantiva
2918 2789 3390 2865 éxauxneiaquaa
3411 2794 3556 2848 nihil
3579 2793 3742 2849 aliud

2095 2889 2319 2946 habent
2348 2906 2526 2960 quam
2558 2889 2591 2942 ἄ
2621 2888 2939 2958 στερητικὸν
2972 2890 3281 2962 praeﬁxum
3308 2909 3322 2957 ;
3346 2908 3481 2946 cum
3503 2892 3566 2947 in
3588 2894 3742 2947 Novo

2095 2981 2469 3035 Testamento
2492 2977 2700 3034 eadem
2722 2979 3012 3050 particula
3042 2979 3280 3035 vocibus
3302 2979 3542 3036 aliunde
3565 2981 3744 3036 etiam

2098 3075 2155 3124 et
2177 3068 2342 3140 prius
2365 3069 2712 3141 compositis
2735 3068 3061 3140 saepissime
3086 3069 3358 3139 addatur,
3382 3069 3586 3140 quales
3610 3075 3749 3125 sunt

2097 3155 2552 3232 ἀγενεαλόγητος,
2599 3153 2947 3233 ἀδιαφθορία,
3003 3155 3388 3227 ἀκαταστασία,
3442 3157 3750 3232 ἀκατάγνω-

339 3249 409 3304 ei.
441 3249 528 3303 Ad
559 3248 794 3320 plebem
821 3249 980 3303 enim
1015 3249 1239 3303 scribit.
1272 3250 1416 3303 Nam
1449 3249 1496 3303 si
1531 3248 1821 3320 episcopis
1854 3248 1989 3303 scri-

2099 3226 2246 3314 στος,
2333 3226 2750 3318 ἂέιετανόητοςί
2813 3226 3230 3322 ὄίνεκδιήγητος,
3323 3226 3747 3322 ἂνεξιχνίαστος,

337 3338 722 3408 beret,etloci
754 3337 938 3409 ipsius
963 3339 1240 3409 episcopo
1263 3337 1644 3394 scribendum
1693 3343 1837 3404 erat,
1872 3355 1992 3393 non

337 3427 570 3482 duobus
593 3428 681 3483 vel
704 3427 912 3495 tribus,
939 3427 1091 3482 sicut
1113 3431 1170 3482 et
1192 3426 1265 3482 ad
1291 3428 1482 3481 Titum
1507 3432 1564 3481 et
1595 3427 1990 3482 Timotheum.

407 3519 540 3573 Haec
564 3535 699 3573 cum
735 3517 856 3572 sint
880 3523 1147 3572 veterum
1172 3516 1564 3572 fundamenta
1585 3516 1799 3588 quibus
1831 3532 1994 3570 com-

332 3608 675 3663 munionem
690 3606 995 3662 nominum
1013 3606 1397 3677 apostolicam
1416 3609 1992 3678 superstruunt,quae

335 3697 561 3752 nullam
595 3697 838 3751 omnino
873 3695 1289 3750 certitudinem
1321 3713 1440 3767 pra:
1465 3712 1526 3750 se
1548 3696 1834 3760 ferunt,et
1857 3710 1992 3749 cum

340 3787 458 3840 sint
489 3803 560 3841 ex
589 3786 756 3857 praxi
790 3790 847 3840 et
876 3784 1305 3840 consuetudine
1337 3784 1637 3840 inferioris
1668 3783 1858 3838 aetatis
1887 3783 1994 3837 de-

333 3875 621 3942 ducta,ad
655 3875 848 3946 prima
879 3873 1152 3930 Ecclesiae
1181 3879 1452 3944 tempora
1476 3890 1596 3928 non
1618 3873 1991 3945 pertingant;

347 3966 480 4035 quis
503 3981 623 4019 non
648 3965 807 4018 videt
829 3963 1181 4018 imitationis
1210 3963 1546 4034 apostolicae
1568 3964 1630 4017 in
1650 3979 1764 4018 usu
1780 3963 1991 4018 horum

335 4053 651 4108 verborum
677 4053 1092 4109 necessitatem
1112 4069 1358 4123 prosrus
1380 4069 1730 4108 evanescere
1752 4052 1778 4106 ?
1794 4057 1853 4106 et
1873 4051 1994 4123 pal-

336 4144 589 4199 marium
614 4148 1032 4216 argumentnm
1058 4139 1297 4197 tandem
1321 4142 1383 4196 in
1405 4143 1660 4198 nihilum
1678 4146 1878 4213 aperte
1903 4158 1990 4197 re-

335 4233 474 4306 digi,
509 4233 669 4304 quod
701 4233 879 4288 etiam
911 4231 1012 4286 illa
1041 4232 1466 4288 communione
1497 4231 1821 4303 apostolica
1852 4246 1988 4286 con-

337 4339 501 4378 cessa
531 4338 736 4377 revera
764 4321 933 4377 nulla
963 4321 1012 4374 vi
1047 4320 1278 4392 pollet?

954 4409 1183 4463 CAPUT
1222 4409 1364 4464 XIV.

340 4502 501 4562 Nulla
530 4500 798 4555 vocabula
825 4499 1114 4555 ostendunt
1170 4497 1311 4552 hunc
1358 4497 1680 4568 scriptorem
1727 4498 1824 4552 diu
1862 4503 1988 4567 post

2096 3333 2532 3408 ἂνεξερεύνητος,
2564 3334 3107 3410 ὰπροσωπολήπτης,
3156 3337 3404 3408 aliaeque
3435 3339 3747 3410 quamplu-

2094 3425 2261 3480 rimas
2283 3428 2311 3478 ?
2341 3425 2493 3489 Quin
2523 3430 2582 3480 et
2613 3425 2771 3480 inter
2801 3425 2927 3481 haec
2961 3419 3316 3500 βεϐαιοσύνην
3351 3427 3546 3482 attulit
3575 3427 3746 3498 quasi

2095 3513 2315 3586 grande
2348 3514 2721 3582 vocabulum,
2757 3514 2918 3584 quod
2950 3515 3214 3586 ejusdem
3247 3515 3451 3570 formai
3482 3521 3572 3570 est
3609 3532 3744 3571 cum

2097 3603 2408 3659 tritissima
2456 3621 2595 3660 voce
2653 3601 2993 3673 δικαιοσύνη,
3051 3621 3243 3675 neque
3299 3605 3486 3675 magis
3524 3604 3745 3676 grande

2097 3710 2273 3764 quam
2299 3693 2448 3748 illud
2471 3709 2504 3748 a
2535 3693 2589 3747 S.
2624 3693 2806 3748 Paulo
2838 3710 2959 3748 non
2989 3693 3176 3749 semel
3211 3699 3584 3764 usurpatum,
3616 3689 3746 3763 ἄγα-

2096 3782 2332 3851 θωσύνη.
2366 3783 2465 3836 His
2515 3782 2693 3854 igitur
2743 3783 3051 3853 expunctis
3101 3799 3386 3837 numerus
3434 3781 3743 3851 decrescit,

2094 3873 2332 3944 reliqua
2356 3886 2496 3926 sane
2517 3876 2583 3925 ut
2613 3871 2770 3925 varie
2801 3871 3129 3940 composita
3159 3872 3298 3937 sint,
3331 3887 3452 3925 non
3485 3877 3623 3925 sunt
3651 3877 3744 3926 ta-

2095 3979 2234 4018 men
2258 3961 2404 4016 adeo
2426 3960 2696 4015 miriﬁca.
2733 3959 2871 4024 Quis
2904 3960 3062 4014 enim
3086 3976 3349 4030 unquam
3372 3960 3745 4032 compositio-

2094 4069 2199 4106 nes
2230 4051 2291 4106 in
2324 4051 2523 4105 Graica
2551 4048 2755 4120 lingua
2785 4048 3034 4103 miratus
3065 4053 3172 4114 est,
3208 4064 3386 4118 quam
3409 4064 3615 4104 omnes
3636 4065 3742 4102 no-

2093 4145 2232 4196 runt
2251 4139 2490 4196 vocibus
2512 4138 2856 4208 compositis
2876 4137 3106 4192 maxime
3129 4136 3429 4192 abundare
3442 4137 3742 4207 ‘llndeque

2093 4246 2224 4284 eam
2255 4229 2550 4301 praecipue
2581 4227 2846 4298 linguam
2872 4225 2944 4280 ob
2976 4231 3364 4294 venustatem,
3389 4226 3742 4299 elegantiam

2027 4356 2034 4359 -
2093 4324 2152 4374 et
2180 4317 2590 4373 felicissimam
2620 4315 2935 4371 verborum
2961 4315 3194 4386 copiam
3225 4317 3536 4388 praedicari
3567 4333 3742 4372 nemo

2093 4409 2344 4480 ignorat.
2376 4408 2507 4478 Ipse
2533 4406 2736 4462 Cicero
2767 4405 3198 4475 elegantiarum
3249 4407 3510 4478 Optimus
3532 4406 3742 4478 judex,

2092 4505 2151 4556 et
2179 4500 2241 4556 in
2273 4500 2434 4555 omni
2465 4497 2748 4570 loquendi
2785 4514 3002 4570 genere
3033 4498 3207 4554 facile
3233 4499 3482 4570 primus,
3503 4515 3638 4555 cum
3669 4497 3746 4556 ad

405 4575 692 4660 [Qnafiu’ﬂ
708 4573 927 4660 υίετξίδξξῤ
968 4571 1852 4660 (0985,,9_9{n1?3§?f§i7§p?stu},'93§
1872 4585 1982 4660 ἬδῙῖ
2014 4595 2060 4660 D
2091 4591 2372 4658 Atticum,
2406 4588 2712 4656 scriberet,
2737 4587 2838 4658 qui
2860 4588 3059 4643 Graeca
3081 4586 3351 4644 doctrina
3370 4588 3625 4643 maxime
3648 4587 3746 4642 de-

407 4640 572 4699 o'lent.
644 4642 917 4712 Exempla
976 4658 1044 4695 ea:
1099 4644 1246 4695 Novo
1292 4643 1645 4706 Testamento,
1716 4640 1984 4695 Clemente

413 4719 674 4783 Romano,
708 4716 981 4769 Cicerone.
1018 4713 1252 4768 Poeticae
1270 4728 1378 4767 non
1402 4719 1548 4767 sunt.
1583 4713 1644 4766 Si
1674 4728 1793 4782 qua
1836 4725 1988 4768 rara?

406 4791 517 4844 sint
549 4792 645 4842 aut
674 4801 849 4850 novae,
883 4783 1088 4854 optime
1114 4785 1334 4853 Ignatio
1372 4786 1716 4839 conveniunt.
1777 4785 1983 4839 Nume-

407 4875 500 4914 rus
554 4873 743 4913 vocum
801 4857 868 4910 ab
927 4855 1096 4926 ἄξιος,
1164 4856 1410 4925 exemplo
1493 4855 1888 4924 Xenophontis,
1953 4871 1987 4909 a

409 4931 557 5003 φέρω
587 4929 871 5003 communi
894 4927 1263 5003 omniumysu
1311 4927 1646 5003 defenditur.
1687 4927 1984 5003 Verborum

406 4998 751 5057 immodestia
781 4999 1080 5066 refellitur.
1115 4998 1442 5067 conjectura
1473 4999 1538 5067 de
1566 5002 1756 5066 ﬁctore
1791 4998 1980 5067 rejici-

410 5082 518 5128 tur.
553 5064 856 5144 Usurpatio
886 5085 1076 5144 vocurn
1104 5064 1284 5144 φύσις,
1337 5075 1414 5144 et_
1438 5064 1585 5144 ᾅδειν
1642 5064 1980 5137 defenditur.

407 5146 634 5201 Phrases
665 5139 871 5212 dliquw
898 5139 1257 5211 explicantur
1284 5158 1348 5196 ac
1377 5139 1768 5209 defenduntur.

405 5234 607 5305 Capite
637 5235 704 5286 27
736 5230 926 5286 multa
955 5229 1069 5285 alia
1101 5230 1258 5285 hunc
1304 5230 1654 5301 scriptorem
1700 5228 1985 5284 vocabula

335 5322 432 5378 diu
464 5328 595 5395 post
625 5320 921 5393 Ignatium
946 5320 1159 5374 vixisse
1193 5318 1404 5375 docere
1436 5336 1608 5391 posse
1631 5319 1980 5386 arbitratur;

331 5430 435 5484 ego
466 5429 603 5467 vero
637 5409 1025 5466 asserendum
1057 5425 1185 5464 esse
1218 5426 1337 5464 non
1367 5407 1571 5464 dubito
1594 5409 1656 5464 in
1679 5407 1984 5480 scriptoris

332 5519 611 5559 sermone
642 5500 797 5556 nihil
827 5499 1071 5554 omnino
1103 5499 1420 5566 contineri,
1455 5498 1610 5569 quod
1645 5515 1765 5554 wvo
1814 5498 1981 5569 Igna-

330 5593 492 5648 tiano
520 5591 722 5646 minus
754 5604 934 5660 quam
987 5587 1322 5644 Eusebiano
1373 5593 1678 5660 congruat.
1732 5586 1982 5642 Ducenti

326 5682 469 5745 anni
491 5683 681 5743 sunta
709 5679 767 5738 S.
788 5679 1014 5752 Ignatio
1039 5676 1114 5738 ad
1136 5676 1488 5751 scriptorem
1511 5693 1672 5751 eum,
1687 5690 1872 5751 quem
1895 5677 1983 5756 vir

2095 4679 2447 4748 lectabatur,
2482 4695 2553 4733 ex
2583 4693 2654 4732 ea
2678 4676 2877 4749 lingua
2908 4678 3014 4732 has
3042 4693 3213 4732 voces
3247 4677 3475 4750 selegit,
3527 4676 3741 4748 quibus

2095 4768 2376 4840 epistolas
2409 4784 2543 4822 suas
2575 4770 2908 4835 exornaret,
2945 4771 3002 4821 et
3029 4767 3150 4821 viro
3182 4768 3440 4822 maximo
3482 4764 3745 4837 gratissi-

2094 4875 2221 4914 mas
2281 4857 2564 4924 efﬁceret,
2624 4854 2925 4923 ὀξύπεινος,
2992 4853 3292 4928 καχέκτης,
3368 4851 3742 4926 ἂδικαίαρχοι,

2094 4939 2488 5018 ἡμερόλεγδον,
2547 4940 2863 5018 νεμανδρία,
2933 4941 3474 5018 ὑπομεμψιμοίρους,
3540 4940 3746 4996 νεόκτι-

2096 5054 2215 5102 στα,
2275 5028 2710 5106 ψεοδησιόδειον,
2776 5036 3268 5107 φαινοπροσωπεῖν,
3351 5041 3741 5103 πειθαναγκην,

2095 5119 2520 5192 ἀνηθοποίητον,
2552 5118 2921 5186 κοιλιολυσία,
2955 5118 3409 5193 ἄπεραντολογία,
3460 5117 3741 5194 ἀνεμοφό-

2095 5231 2258 5285 ρητα,
2317 5207 2780 5284 ἂναντιφωνησία,
2833 5206 3211 5284 ῥωπογραφία,
3269 5206 3638 5283 πεπλοραφία,
3684 5213 3746 5264 et

2095 5299 2168 5356 ad
2198 5299 2474 5364 Quietum
2507 5296 2772 5363 fratrem,
2815 5295 3282 5367 μουσοπάτακτος,
3315 5294 3611 5352 ἂντίεκτον.

2165 5405 2433 5478 Optimus
2470 5401 2876 5460 Hammondus
2927 5403 3256 5461 adduxerat
3299 5423 3369 5462 ex
3415 5405 3511 5462 SS.
3564 5407 3738 5474 Luca,

2092 5495 2298 5563 Paulo,
2330 5497 2504 5550 Petro
2537 5498 2594 5548 et
2623 5493 2845 5548 Joanne
2877 5509 3049 5550 voces
3078 5511 3198 5550 non
3229 5496 3431 5552 minus
3479 5496 3636 5551 varie
3686 5498 3745 5551 et

2093 5584 2342 5640 miriﬁce
2360 5582 2748 5655 compositas;
2769 5582 2873 5638 sed
2884 5584 3204 5656 respondet
3221 5585 3476 5642 Dallaaus
3493 5603 3591 5643 eas
3613 5599 3744 5643 esse

2092 5673 2503 5750 paucissimas.
2533 5673 2701 5733 Certe
2729 5671 3072 5735 Blondellus
3101 5679 3168 5734 27
3189 5676 3536 5750 adduxerat,
3567 5675 3745 5736 nam,
