4064 6134
297 371 417 432 M3

1447 369 1512 430 S.
1557 363 1950 430 IGNATIUS.
1997 399 2076 412 —
2117 364 2752 430 PHOLEGOMENA.

3579 365 3704 425 444

299 504 554 560 mondus
587 508 651 560 10
681 506 932 571 tantum,
967 500 1070 557 sed
1099 500 1345 570 addidit,
1381 505 1515 568 etc.,
1550 501 1708 572 quod
1750 501 1947 573 plures
1977 503 2030 569 Α
2061 502 2288 556 ratione
2321 502 2626 558 asseritur.
2662 503 2742 556 Ne
2773 517 2892 556 una
2923 498 3162 571 quidem
3196 512 3301 553 vox
3333 515 3366 553 a
3388 497 3608 553 Dallazo
3641 516 3714 554 ex

300 594 568 666 ejusdem
599 593 909 648 commatis
959 591 1020 646 in
1078 593 1232 646 Novo
1281 593 1653 646 Testamento
1703 589 1947 646 cuilibet

299 683 483 738 obviae
517 687 734 739 essent.
767 681 1055 747 Quoniam
1087 698 1221 736 vero
1252 681 1324 735 de
1356 681 1650 751 paucitate
1693 696 1948 750 conque-

297 773 450 828 ritur
479 788 492 839 ;
525 773 616 826 hae
648 773 828 827 etiam
859 788 1027 827 voces
1053 771 1125 826 ad
1157 770 1457 826 cumulum
1485 771 1788 836 accedant,
1814 769 1946 844 ἀγα-

300 861 543 930 θοποιία,
575 861 998 934 αἱματεκχυσια,
1053 857 1512 934 ἀλεκτοροφωνία,
1560 856 1944 932 ἀλλοτριοεπί-

301 971 526 1022 σκοπος,
587 949 1050 1024 ἀνθρωποκτόνος,
1110 945 1537 1022 ἀποκαραδοκία,
1595 947 1946 1022 ἀποσυνάγω-

298 1060 418 1118 γος,
450 1039 852 1115 ἀργυροκόπος,
883 1037 1292 1113 ἆρσενοκοίτης,
1326 1032 1662 1109 δεξιολάὅος,
1699 1036 1946 1110 δευτερό-

297 1149 536 1203 πρωτος,
601 1126 989 1202 δικαιοκρισία,
1051 1127 1490 1202 ἐθελοθρησκεία,
1542 1126 1944 1199 εὖπερίστατος,

295 1216 677 1287 καλλιέλαιος,
708 1217 1058 1290 κωμόπολις,
1093 1215 1423 1294 μογιλάλος,
1455 1216 1780 1295 οῒνοφλυγία
1811 1217 1945 1272 ὁλο-

298 1305 525 1381 κληρία,
583 1303 956 1382 σητόϐρωτος,
1013 1301 1512 1382 σκωληκόϐρωτος,
1563 1306 1941 1383 τροποφορὲω,

299 1397 665 1474 φρεναπάτης,
727 1396 1198 1471 ὑπερεκπεροσῶς,
1249 1394 1651 1475 ψευδάδελφος,
1732 1416 1946 1470 καρπο-

297 1486 487 1562 φόρος,
545 1485 1091 1564 καρποφορούμενον,
1143 1485 1534 1560 θανατηφόρος,
1591 1489 1708 1541 Jac.
1761 1503 1836 1556 In,
1889 1488 1940 1554 8,

299 1576 499 1649 (quam
529 1593 733 1632 vocem
765 1577 825 1630 in
857 1577 1080 1648 lgnatio
1111 1581 1314 1630 nostro
1347 1592 1498 1647 aegre
1527 1576 1639 1630 fert
1668 1575 1944 1630 Blondel-

297 1667 414 1738 lus)
445 1659 891 1739 παραδιατριϐαί,
925 1665 1010 1720 vel
1038 1659 1475 1738 διαπαρατριϐαί,
1501 1672 1751 1734 utroque
1784 1664 1940 1719 enim

297 1755 475 1810 modo
507 1755 722 1827 legitur
750 1756 773 1808 l
803 1755 951 1810 Tim.
993 1772 1066 1820 vi,
1097 1756 1148 1823 5,
1183 1770 1317 1808 cum
1349 1747 1625 1826 διατριϐὴ,
1660 1758 1718 1808 et
1767 1773 1942 1825 παρα-

2058 592 2282 662 Ignatio
2315 598 2518 647 nostro
2550 591 2824 658 adducta,
2857 590 3012 662 apud
3043 589 3256 654 ullum,
3290 588 3522 660 Opinor,
3550 593 3709 644 vete-

2056 696 2182 735 rem
2213 687 2449 753 poetam
2481 686 2709 746 exstat;
2743 681 2856 735 imo
2891 697 2960 736 ex
2988 680 3063 734 iis
3096 679 3389 750 pleraeque
3433 679 3514 733 ita
3567 683 3710 732 sunt

2054 768 2418 841 composita),
2450 777 2517 826 ut
2548 787 2581 826 a
2611 771 2776 842 poesi
2815 769 2991 841 plane
3040 768 3418 824 abhorreant.
3470 764 3704 835 Ἀξιονό-

2060 881 2282 934 μαστος,
2371 859 2635 932 ὰξιόθεος,
2741 858 3218 932 ἁξιομακάριστος,
3315 868 3708 931 θεομακαριος,

2055 949 2647 1024 θεόμακαριστότατος,
2693 946 3008 1025 ἂγιοφόρος,
3058 945 3480 1019 ἂξιεπίτευκτος,
3538 942 3710 1000 πολυο

2055 1041 2334 1114 αγάπητος
2369 1047 2426 1096 et
2451 1040 2673 1096 similia
2704 1040 2858 1112 apud
2891 1055 3068 1111 quem
3117 1043 3353 1110 poetam
3403 1038 3713 1108 reperien-

2055 1136 2153 1186 tur
2174 1131 2202 1186 ‘?
2233 1133 2429 1186 Poetaa
2460 1130 2621 1185 enim
2653 1130 2715 1184 in
2749 1129 3281 1200 compositionibus
3315 1128 3582 1182 brevium
3602 1128 3716 1200 syl-

2055 1221 2323 1277 labarum
2355 1222 2579 1276 coitum
2611 1220 2854 1284 evitant,
2888 1219 3157 1288 adeoque
3186 1218 3398 1272 breves
3421 1218 3481 1272 in
3503 1217 3712 1289 longas

2057 1316 2308 1367 mutant.
2343 1312 2633 1365 Caeterum
2665 1310 2727 1363 in
2756 1309 2913 1363 Novo
2945 1310 3317 1363 Testamento
3343 1324 3462 1362 non
3495 1306 3717 1362 desunt

2053 1399 2334 1456 vocabula
2365 1401 2614 1472 poeticas
2645 1397 2918 1469 originis.
2961 1399 3013 1452 S.
3047 1400 3259 1452 Petrus
3306 1397 3377 1451 de
3436 1413 3581 1452 cane
3633 1396 3710 1452 ad

2053 1491 2339 1546 vomitum
2366 1489 2656 1544 redeunte
2686 1487 2937 1558 loquens
2969 1504 3102 1543 cum
3133 1479 3323 1558 ἔμετον
3355 1503 3424 1541 ex
3449 1486 3585 1541 LXX
3616 1486 3711 1540 di-

2055 1595 2188 1634 cere
2217 1579 2496 1650 potuerit,
2532 1577 2680 1632 dixit
2708 1574 2959 1648 ἐξέραμα,
2995 1576 3152 1648 quod
3184 1593 3253 1630 ex
3275 1574 3559 1630 versiculo
3593 1575 3706 1629 ali-

2054 1685 2168 1740 quo
2182 1667 2536 1740 parmmiaco
2555 1667 2824 1721 hausisse
2845 1665 3095 1732 videtur,
3118 1671 3183 1719 ut
3204 1671 3261 1719 et
3282 1664 3432 1718 illud
3456 1659 3704 1730 κύλισμα

2055 1752 2350 1831 βορϐόρου.
2383 1755 2544 1811 Idem
2567 1748 3026 1827 ἐγκομϐώσασθαι
3052 1754 3203 1808 dixit
3227 1771 3239 1819 ;
3273 1753 3429 1824 quod
3453 1752 3700 1807 verbum

295 1839 459 1914 τριϐή
494 1845 710 1928 Graecis
741 1844 884 1899 satis
913 1848 1066 1898 nota:
1100 1843 1237 1908 sint,
1268 1836 1670 1928 παραδιατριϐή
1705 1843 1796 1898 vel
1827 1839 1941 1896 δια-

2052 1846 2207 1918 apud
2249 1851 2453 1918 poetas
2484 1844 2856 1901 solummodo
2891 1843 3157 1898 invenire
3186 1843 3379 1912 potuit
3433 1842 3706 1909 Photius,

279 1925 610 2004 ’παρατριϐή
643 1949 762 1986 non
794 1933 957 1988 item.
991 1925 1424 2006 Διαπαρατριϐαί
1453 1937 1649 1986 autem
1683 1932 1945 2002 antiqui-

288 2026 392 2076 tus
417 2020 699 2092 scriptum
725 2021 905 2076 fuisse
925 2039 1041 2076 non
1066 2025 1298 2076 tantum
1319 2021 1948 2076 codexvetustissimus

301 2110 762 2178 Alexandrinus,
798 2117 857 2166 et
886 2111 1224 2182 Stephanici
1257 2127 1489 2178 omnes,
1521 2116 1580 2166 et
1609 2112 1950 2183 Chrysosto—

300 2200 382 2255 mi
415 2204 474 2254 et
502 2199 852 2254 Theodoreti
874 2199 1164 2256 editiones
1197 2201 1493 2267 evincunt,
1516 2201 1617 2254 sed
1641 2201 1820 2256 etiam
1849 2217 1946 2256 ex-

297 2287 628 2359 positiones
658 2287 788 2359 ejus
818 2287 973 2343 vocis
1005 2305 1136 2358 quae
1176 2305 1336 2343 nunc
1385 2287 1541 2359 apud
1590 2289 1944 2358 Hesychium

300 2381 554 2443 exstant;
588 2381 644 2431 et
673 2376 934 2442 Suidam,
968 2377 1328 2448 Hesychius:
1364 2370 1795 2450 Διαπεριτριϐαί,
1819 2376 1944 2448 lege

291 2482 363 2520 ex
393 2465 726 2520 litterarum
755 2467 932 2531 serie,
965 2460 1422 2538 Διαπαρατριϐαὶ,
1445 2462 1942 2540 ἐνδελεχισμοὶ,ἒν-

295 2552 592 2630 δελὲχειαι.
627 2557 833 2612 Suidas
858 2573 870 2610 :
899 2550 1350 2630 Διαπαρατριϐαὶ,
1379 2553 1942 2630 ὲνδελὲγειαιᾉίἱιιῐιο

290 2648 362 2703 de
396 2652 596 2702 autem
629 2648 714 2702 illi
743 2665 864 2703 non
896 2648 1236 2704 habuerunt
1271 2665 1449 2719 quam
1481 2665 1551 2703 ex
1581 2649 1691 2703 hoc
1723 2647 1851 2702 loco
1885 2649 1940 2702 S.

290 2739 477 2794 Pauli.
498 2739 648 2803 Quid
677 2739 833 2808 quod
859 2738 1266 2794 Andronicum
1291 2743 1350 2793 et
1372 2738 1610 2793 Junium
1634 2743 1803 2793 vocet
1829 2757 1943 2791 συν-

289 2824 686 2904 αιχμαλώτους
717 2845 876 2893 suos,
923 2845 1058 2883 cum
1106 2829 1231 2900 ipse
1281 2833 1504 2895 tamen,
1557 2833 1625 2882 ut
1671 2827 1942 2883 observat

291 2917 768 2987 Chrysostomus,
789 2915 1151 2991 αἰχμάλωτος
1176 2934 1296 2972 non
1325 2915 1548 2972 fuerit?
1578 2918 1633 2972 Si
1663 2918 1753 2971 haa
1769 2932 1940 2972 voces

290 3007 449 3061 varie
481 3007 822 3078 compositae
856 3007 973 3061 illis
1005 3007 1300 3061 addantur
1330 3023 1476 3078 quas
1508 3006 1937 3075 Hammondus,

291 3099 391 3150 aut
422 3113 530 3151 nos
561 3101 697 3150 ante
729 3095 1191 3161 numeravimus,
1225 3111 1426 3164 paucas
1449 3110 1568 3148 non
1592 3100 1792 3158 erunt;
1818 3092 1937 3147 imo

2059 1937 2476 2007 Epicharmum
2507 1935 2732 1990 scilicet
2789 1939 2846 1988 et
2893 1933 3319 2005 Apollodorum
3351 1932 3708 2002 Carystium.

2054 2027 2203 2093 Quid
2237 2037 2434 2082 autem
2460 2025 2558 2080 ille
2580 2024 2670 2080 de.
2699 2025 2733 2079 S
2757 2025 2928 2078 Petro
2946 2023 3322 2096 judicaverit,
3347 2021 3517 2076 velim
3541 2022 3710 2077 intel-

2051 2115 2241 2186 ligant
2269 2116 2356 2169 illi
2391 2117 2489 2186 qui
2523 2115 2812 2186 lgnatium
2846 2118 3116 2167 nostrum
3147 2111 3295 2168 adeo
3329 2127 3528 2166 severe
3577 2116 3703 2166 tra-

2053 2210 2215 2259 ctant
2245 2219 2257 2260 :
2289 2204 2349 2260 Ὀ
2394 2203 2487 2275 μὲν
2521 2203 2624 2278 γὰρ
2679 2202 2942 2276 μακάριος
2990 2199 3080 2255 καὶ
3121 2205 3420 2276 κορυφαῖος
3479 2196 3702 2273 Πέτρος,

2050 2289 2207 2348 οὐδὲν
2235 2293 2357 2365 περῖ
2392 2293 2492 2360 τήν
2553 2290 2790 2367 ἐκλογὴν
2847 2294 2956 2344 τῶν
3021 2288 3361 2360 Ἐλλήνικῶν
3418 2288 3702 2362 ὀνομάτων

2047 2379 2392 2453 οπουδάζων,
2420 2382 2622 2451 ταύτην
2678 2385 2797 2442 τοῖς
2844 2380 3036 2434 ἑαυτοῦ
3085 2377 3393 2458 παρείληφε
3437 2379 3706 2452 γράμμα-

2049 2473 2154 2525 σίψ
2189 2469 2250 2525 οὒ
2281 2471 2384 2545 γὰρ
2417 2470 2544 2545 ἠχώ
2573 2491 2692 2524 τινα
2720 2469 2812 2524 καὶ
2841 2469 3043 2545 τέχνην
3088 2468 3377 2543 ῥημάτων,
3428 2465 3557 2522 οὐδὲ
3603 2465 3703 2522 λε·

2048 2557 2229 2632 ξιδίων
2263 2560 2436 2636 ψόφον
2478 2558 2568 2613 καὶ
2625 2558 2899 2616 κτύπον...
2963 2556 3110 2613 ἀλλὰ
3167 2561 3360 2632 ψυχῶν
3421 2556 3700 2630 σωτηρίας

2045 2655 2162 2713 τοῖς
2190 2646 2488 2724 ἀκροαταῖς
2547 2647 2778 2703 ἐνθεῖναι
2834 2644 3097 2726 φροντίδα
3147 2645 3372 2710 ἐτίθετο.
3425 2669 3452 2696 ‹‹
3486 2649 3699 2702 Beatus

2048 2740 2210 2795 enim
2236 2745 2294 2794 et
2324 2739 2667 2811 coryphaeus
2699 2740 2930 2808 Petrus,
2965 2737 3200 2793 nullum
3253 2739 3314 2792 in
3365 2739 3702 2792 Graacorum

2045 2830 2358 2885 nominum
2391 2829 2678 2885 electione
2711 2828 2970 2883 studium
2997 2844 3247 2900 ponens,
3297 2827 3449 2880 hanc
3497 2842 3698 2881 vocem

2045 2913 2496 2992 ἐγκομϐώσασθαι
2531 2919 2653 2974 suis
2677 2918 2914 2990 scriptis
2943 2918 3212 2972 inseruit.
3232 2918 3358 2970 Non
3377 2916 3534 2970 enim
3550 2915 3694 2970 echo

2046 3014 2148 3064 aut
2168 3008 2486 3063 artificium
2515 3007 2848 3074 verborum,
2877 3024 3068 3077 neque
3094 3005 3512 3060 vocabulorum
3540 3002 3696 3057 soni-

2045 3102 2192 3167 tum,
2225 3098 2329 3153 sed
2359 3097 2695 3153 animarum
2728 3097 2980 3153 salutem
3012 3094 3381 3150 auditoribus
3427 3093 3690 3148 inserere

290 3185 744 3254 quamplurimas
776 3188 995 3248 essent,
1031 3183 1078 3236 si
1111 3200 1319 3238 omnes
1350 3199 1421 3237 ex
1442 3182 1676 3254 scriptis
1707 3187 1937 3253 aposto—
1976 3215 2019 3282 Ο
2052 3204 2255 3243 curam
2287 3186 2516 3242 habuit.
2546 3208 2574 3238 »

286 3272 417 3327 licis
451 3277 928 3342 excerperentur.
955 3272 1164 3326 Mirum
1191 3271 1370 3343 igitur
1393 3270 1576 3325 videri
1600 3287 1720 3325 non
1738 3271 1933 3339 debet,

287 3365 336 3420 si
367 3364 474 3418 viri
505 3364 813 3436 apostolici
846 3370 946 3419 aut
975 3364 1186 3419 iisdem
1211 3369 1313 3418 aut
1340 3364 1633 3418 similibus
1655 3364 1945 3436 composi-

289 3453 554 3508 tionibus
584 3458 894 3510 uterentur
924 3471 937 3520 ;
970 3453 1303 3524 prmsertim
1327 3469 1462 3507 cum
1494 3453 1706 3508 Graeca
1725 3452 1941 3525 linguas

294 3542 441 3598 adeo
474 3548 673 3597 essent
692 3542 1018 3598 familiares
1042 3547 1145 3597 aut
1166 3541 1386 3596 eaedem
1413 3545 1512 3596 aut
1542 3541 1768 3598 similes
1791 3559 1944 3598 com-

291 3632 638 3704 positiones.
664 3633 844 3686 Unica
867 3631 968 3686 illa
991 3631 1314 3685 Clementis
1336 3631 1584 3687 Romani
1600 3631 1943 3702 epistola,ut

292 3738 453 3776 nunc
483 3725 692 3788 exstat,
726 3721 775 3776 si
809 3720 940 3775 loca
969 3737 1038 3775 ex
1085 3721 1405 3792 Scripturis
1450 3727 1727 3792 excerpta
1768 3739 1942 3793 sepo-

290 3826 416 3877 nas,
453 3809 758 3882 epistolico
791 3826 967 3882 opere
998 3809 1210 3882 lgnatii
1242 3810 1429 3864 multo
1456 3810 1708 3878 brevior,
1724 3811 1942 3866 talibus

289 3900 822 3970 compositionibus
851 3899 1039 3972 magis
1069 3904 1276 3954 scatet.
1299 3899 1513 3964 Quales
1559 3905 1699 3954 sunt
1728 3917 1740 3954 :
1774 3900 1938 3973 Ἀγα-

288 3986 535 4057 θοποιία,
594 3989 972 4065 ἁγιοπρεπεῖς,
1031 3985 1448 4063 ἀδελφοκτονία,
1506 3983 1940 4060 ἁμϐλυωπῆσαι,

290 4076 798 4152 ἀναζωπυρησάτω,
831 4077 1201 4155 ἀξιαγαπτηός
1222 4083 1422 4150 (quam
1454 4095 1656 4134 vocem
1687 4077 1748 4132 in
1769 4077 1937 4150 lgna-

291 4168 376 4222 tio
404 4169 687 4241 culpant),
721 4165 1116 4242 ἁντοφθαλμεῖ,
1172 4167 1553 4241 ἀπροσκόπως,
1604 4167 1936 4242 ἂπροσωπο-

293 4251 544 4322 λήπτως,
575 4254 977 4322 αὖτεπαίνετος,
1012 4252 1470 4325 αὖτομολοῦντες,
1531 4251 1937 4328 δικαιοπραγία,

293 4338 808 4416 δωδεκάσκηπτρον,
867 4343 1294 4417 ἐργοπαρέκτης,
1381 4343 1758 4418 ἓτεροκλινεῖς,
1821 4343 1936 4398 ἑτε-

295 4431 620 4504 ρογνώμων,
707 4428 1088 4505 εὐπρόσδεκτα,
1176 4430 1484 4506 Θεοστυγία,
1584 4430 1934 4510 κοινωφελὲς,

286 4523 655 4594 κυοφοροῦσα,
693 4515 1092 4589 λειποτακτεῖν,
1147 4519 1529 4593 ματαιοπονία,
1585 4521 1937 4598 μεγαλοῤῥη-

295 4613 503 4682 μονεῖν,
611 4609 1076 4683 μωμοσκοπηθέν,
1192 4609 1518 4685 οἶκουργεῖν,

292 4695 887 4774 προοδοιπορήσαντες,
947 4696 1362 4776 ῥιψοκινδύνως,
1415 4697 1936 4776 χρησμοδοτεῖσθαι,

296 4786 655 4866 φυλλορροεῖ,
687 4785 1044 4868 φιλαδελφία,
1073 4795 1131 4845 et
1160 4806 1194 4844 ἃ
1222 4793 1326 4842 πᾶν
1358 4791 1684 4862 composita
1734 4808 1940 4862 quam-

292 4881 568 4953 plurima,
602 4879 673 4936 de
707 4880 921 4952 quibus
941 4879 1234 4951 agendum
1257 4885 1480 4951 postea.
1512 4883 1589 4935 De
1616 4881 1942 4937 multitudi-

298 4987 373 5026 ne
404 4987 611 5027 vocum
647 4971 803 5027 varie
851 4969 1313 5042 compositamm
1370 4969 1577 5026 frivola
1626 4970 1801 5042 plane
1852 4977 1942 5026 est

294 5061 561 5133 exceptio
593 5067 651 5116 et
682 5059 902 5117 criticis
942 5060 1162 5115 nostris
1220 5059 1482 5132 indigna,
1533 5058 1604 5114 de
1655 5060 1940 5132 qualitate

289 5151 478 5208 multo
509 5151 717 5224 magis.

361 5242 578 5314 Objicit
613 5243 773 5297 enim
807 5239 1068 5296 secundo
1099 5239 1353 5295 Dallaaus
1375 5238 1660 5295 vocabula
1684 5240 1811 5295 haec
1830 5239 1940 5295 mi-

295 5333 460 5388 riﬁce
491 5332 819 5403 composita
851 5347 980 5386 esse
1007 5330 1258 5402 poetica,
1293 5329 1452 5400 quod
1493 5333 1695 5400 aperte
1727 5329 1942 5385 falsum

298 5428 406 5480 est.
425 5423 698 5475 Veterum
717 5419 959 5491 quidem
980 5419 1503 5491 grammaticorum
1524 5420 1821 5475 sententia
1835 5425 1942 5475 est:

297 5509 464 5566 Ξέναι
497 5507 762 5571 συνθέσεις
792 5511 1038 5577 ποιητῶν
1069 5504 1427 5578 τολμήματα,
1460 5513 1521 5561 et
1550 5507 1625 5562 ad
1655 5508 1911 5564 orationi

295 5599 434 5674 ὕψος
454 5613 626 5655 voces
655 5597 919 5668 poeticas
949 5594 1268 5669 aliquando
1291 5600 1604 5667 usurpatas
1631 5597 1826 5654 facere
1843 5615 1947 5654 no-

295 5685 704 5752 taruntcritici
716 5691 942 5743 veteres
957 5701 972 5757 ;
989 5684 1095 5744 sed
1109 5683 1258 5745 tales
1275 5699 1406 5742 esse
1425 5685 1763 5759 Ignatianas
1781 5685 1948 5748 nulla

2121 3279 2195 3332 At
2228 3277 2274 3331 si
2307 3276 2540 3348 poetica
2568 3293 2688 3332 non
2721 3275 2862 3343 sint,
2894 3293 3029 3332 rara
3073 3279 3274 3331 tamen
3322 3277 3460 3330 sunt
3506 3278 3563 3328 ct
3609 3273 3703 3328 in-

2047 3365 2282 3420 usitata.
2318 3366 2607 3420 Fortasse.
2633 3365 2813 3420 Multa
2844 3366 3085 3437 quidem
3105 3365 3388 3422 vocabula
3411 3363 3703 3437 ejusmodi

2047 3459 2206 3525 sunt,
2234 3460 2301 3510 ut
2320 3455 2428 3510 sub
2448 3455 2617 3509 initio
2640 3455 3076 3510 Christianismi
3101 3473 3220 3511 non
3243 3455 3548 3527 potuerint
3577 3469 3697 3507 non

2047 3561 2177 3600 esse
2210 3545 2514 3611 tnusitata,
2547 3562 2676 3614 quas
2709 3562 2781 3599 ex
2811 3544 3097 3616 religione
3131 3545 3467 3598 Christiana
3519 3542 3695 3612 origi—

2046 3649 2185 3688 nem
2219 3632 2616 3705 sumpseruni,
2649 3637 2714 3686 ut
2744 3631 3108 3705 σαρκόφόρος,
3140 3625 3423 3705 θεοφόρος,
3474 3647 3698 3701 χριστο-

2047 3720 2236 3796 φόρος,
2267 3722 2555 3797 ναοφόρος,
2586 3719 2991 3793 χριστώνυμος.
3053 3718 3213 3773 Talia
3261 3717 3701 3789 quamplurima

2047 3813 2108 3866 in
2138 3813 2292 3867 Novo
2323 3813 2699 3866 Testamento
2731 3814 2983 3875 exstant,
3020 3825 3148 3880 quae
3181 3824 3315 3863 cum
3346 3807 3542 3878 prima
3563 3823 3703 3878 apo-

2045 3900 2335 3955 Stolorum
2365 3897 2788 3970 praadicatione
2821 3903 2960 3952 nata
2991 3903 3148 3964 sunt,
3182 3901 3249 3950 ut
3277 3891 3698 3969 ψευδόχριστος,

2045 3985 2417 4062 ἀντίχριστος,
2479 3982 2872 4064 ψευδάδελφος,
2930 3985 3291 4056 κατανάθεμα.
3347 3986 3467 4040 Hoc
3525 3991 3582 4040 et
3634 3985 3698 4039 in

2045 4079 2222 4134 sectis
2243 4077 2736 4149 philosophorum
2761 4092 2996 4148 semper
3021 4075 3393 4130 observatum
3418 4080 3528 4144 est,
3553 4098 3578 4123 «
3606 4075 3703 4128 Ze-

2043 4185 2120 4224 no
2149 4167 2422 4240 plurimis
2453 4167 2619 4222 novis
2649 4166 2841 4222 verbis
2871 4183 3014 4221 usus
3046 4171 3166 4233 est;
3200 4182 3352 4220 nova
3398 4166 3555 4220 enim
3605 4164 3698 4218 di-

2043 4258 2231 4314 cebat.
2258 4279 2286 4307 »
2314 4257 2476 4330 Apud
2493 4257 2779 4312 Arianum
2807 4257 3160 4327 scriptorem
3183 4255 3326 4310 satis
3348 4253 3693 4325 castigatum

2042 4365 2212 4404 voces
2242 4347 2392 4401 mire
2427 4346 2788 4417 compositas
2818 4345 3102 4409 invenies,
3138 4361 3270 4413 quae
3319 4360 3352 4398 a
3396 4342 3594 4396 stoicis
3626 4359 3697 4396 ex

2043 4439 2309 4509 ipsorum
2341 4436 2614 4492 doctrina
2645 4440 2785 4490 sunt
2815 4434 3180 4504 excogitatae,
3214 4438 3280 4488 ut
3303 4427 3700 4505 μικρόδουλον,

2043 4535 2100 4584 et
2135 4523 2569 4601 μεγαλόδουλον,
2619 4522 2981 4600 θεοχόλωτοι,
3037 4518 3451 4594 ὑποληψείδιον,
3500 4522 3700 4576 ἀναπο-

1622 4617 1935 4688 πτεροφυεῖ,
1968 4589 2418 4690 Ι)⁶τει›κτότερον,
2511 4613 2966 4689 ἂπεκλεγὸμενον,
3054 4610 3582 4687 ἂπεριπτωτότερον,
3644 4619 3702 4669 et

2049 4707 2285 4764 similia.
2322 4707 2606 4776 Loquitur
2634 4703 2895 4777 Ignatius
2945 4709 3012 4758 ut
3057 4702 3427 4757 Christianus
3461 4719 3474 4769 ;
3522 4701 3701 4758 verba

2048 4796 2225 4851 habet
2256 4812 2376 4850 sua:
2406 4793 2678 4864 religioni
2713 4792 2975 4864 propria,
3003 4796 3060 4847 et
3079 4807 3114 4846 a
3142 4791 3419 4862 gentibus
3449 4790 3699 4846 minime

2049 4890 2335 4958 usurpata
2361 4900 2373 4949 ;
2409 4884 2567 4954 quod
2599 4882 2683 4936 illi
2715 4883 2852 4936 vitio
2881 4881 3024 4936 verti
3061 4897 3181 4935 non
3210 4879 3404 4935 debet.
3425 4881 3705 4936 Demodi-

2051 4992 2153 5030 cus
2184 4973 2339 5046 apud
2369 4972 2680 5027 Platonem
2711 4971 2879 5042 quasi
2913 4969 3174 5042 agricola
3202 4968 3468 5040 loquitur
3495 4987 3506 5023 :
3542 4967 3702 5041 Ἐμοὶ

2055 5063 2168 5136 μὲν,
2199 5062 2245 5115 ὦ
2275 5061 2574 5134 Σώκρατες,
2615 5059 2650 5128 ἢ
2695 5058 2891 5114 τούτου
2940 5061 3038 5113 τοῦ
3086 5054 3278 5118 παιδὸς
3331 5055 3438 5112 εἶ’τε
3483 5057 3698 5135 φυτείαν

2052 5148 2160 5205 αἵτε
2188 5147 2540 5204 παιδοποιίαν
2572 5149 2681 5223 χρή
2711 5149 2893 5225 φάναι.
2940 5147 3027 5203 Ad
3082 5165 3214 5218 qua!
3256 5148 3431 5203 verba
3478 5148 3697 5219 Diony-

2053 5241 2177 5297 sius
2217 5240 2701 5295 Halicarnasseus
2733 5238 2934 5293 critice
2965 5237 3236 5292 observat
3263 5253 3275 5290 :
3311 5237 3490 5290 Τοῦτο
3545 5231 3603 5288 δὲ
3633 5235 3699 5288 οὐ

2055 5331 2166 5403 χρὴ
2197 5327 2466 5401 νομίζειν,
2499 5327 2581 5382 ὅτι
2617 5326 2831 5403 μεγᾶλῃ
2865 5331 2933 5400 τῇ
2966 5328 3116 5399 φωνῇ
3152 5327 3358 5399 χρῆται
3393 5327 3421 5378 ὁ
3451 5321 3703 5393 Πλάτων,

2054 5415 2181 5472 ἀλλ’
2211 5415 2427 5471 ἐπειδὰν
2462 5418 2488 5470 ὁ
2522 5415 2835 5489 Δημόδικος
2863 5413 3142 5489 ἐργατικὸς
3171 5415 3260 5468 καὶ
3292 5415 3532 5489 γεωργὸς
3586 5436 3709 5488 φω-

2051 5507 2142 5567 νὰς
2175 5503 2369 5579 ἂφίησι
2411 5511 2509 5574 τῆς
2565 5504 2788 5579 τέχνης.
2853 5506 3038 5559 «Non
3081 5505 3419 5560 existimare
3470 5510 3707 5576 oportet

2053 5596 2261 5670 grandi
2291 5613 2428 5652 voce
2452 5597 2546 5654 uti
2575 5595 2901 5664 Platonem,
2935 5591 3040 5649 sed
3072 5593 3448 5663 Demodicus,
3500 5599 3703 5667 utpote

2055 5684 2334 5761 agricola,
2374 5683 2552 5742 verba
2605 5700 2730 5742 suae
2783 5681 2927 5742 artis
2960 5683 3182 5742 emittit.
3215 5704 3245 5736 »
3289 5684 3416 5743 Imo
3461 5687 3520 5741 et
3564 5681 3707 5740 Novi
