4064 6134
359 386 476 450 μδ

1081 384 1138 446 J.
1189 378 1612 446 PEARSONII
1655 379 1992 443 VlNDlCl/l

2106 379 2580 443 GNATIANIE.
2627 413 2700 428 -
2744 379 2956 443 PARS
2996 376 3082 441 II.

3649 368 3768 431 “6

365 519 620 578 Fcederis
636 519 957 590 scriptores
979 533 1126 572 nova
1139 517 1318 572 etiam
1336 515 1527 571 obiter
1543 513 1826 570 vocabula
1839 530 2006 569 usur—
2037 514 2088 581 Α
2123 532 2255 573 rum
2283 515 2735 572 similitudinem
2764 530 2936 570 voces
2967 510 3174 568 codem
3207 505 3383 564 modo
3406 503 3766 576 compositas

362 628 530 685 passe
555 627 589 665 a
610 609 908 664 veteribus
935 625 1086 680 saepe
1108 607 1481 664 observatum
1502 610 1608 662 est.
1640 607 1812 661 Notat
1862 608 2002 662 Gre-

363 702 558 775 gorius
581 701 882 772 Nyssenus
905 699 961 756 S.
995 699 1358 767 Mattbaaum,
1381 697 1482 753 ubi
1515 697 1598 752 ait
1624 697 1699 768 μή
1738 695 2007 769 βαττοΛο-

364 792 595 866 γήσητε,
630 789 730 856 τήν
773 787 930 858 ξένην
989 785 1190 856 ταύτην
1230 793 1331 855 τῆς
1395 784 1592 855 λὲξεως
1649 785 2002 855 καινοτομίαν

362 879 723 953 ἐξευρηκέναι,
755 902 782 929 «
818 879 1193 950 peregrinam
1224 882 1283 932 et
1336 894 1548 932 novam
1581 877 1733 931 hanc
1792 875 1998 930 dictio-

361 986 497 1026 nem
517 969 907 1041 excogitasse.
941 988 969 1017 »
997 969 1157 1023 Idem
1180 966 1252 1021 de
1270 983 1408 1021 voce
1429 963 1706 1024 ὲπιούσιος
1737 965 2008 1020 observat

366 1061 645 1133 Origenes
677 1057 739 1113 in
760 1057 910 1112 libro
932 1059 1008 1112 De
1047 1060 1295 1112 oratione
1325 1055 1591 1111 nondum
1615 1054 1771 1111 edito
1798 1070 1810 1110 :
1847 1055 2008 1127 Πρῶ-

362 1169 450 1202 τον
485 1145 576 1201 οὖν
606 1146 810 1217 ἱστὲον,
842 1146 926 1200 ’ὁτι
958 1145 992 1215 ἠ
1053 1142 1196 1218 λὲξῖς
1253 1146 1286 1212 ἡ
1347 1142 1621 1206 ἑπιοόσιος
1677 1143 1801 1217 παρ’
1832 1139 2006 1195 οὐδενὶ

363 1243 469 1292 τῶν
496 1235 785 1308 Ἑλλήνων
819 1234 943 1291 οὐδὲ
979 1241 1089 1291 τῶν
1121 1239 1302 1316 σοφῶν
1334 1234 1670 1307 ὠνόμασται,
1704 1230 1830 1287 οὐδὲ
1855 1232 1907 1286 ὲν
1939 1229 2008 1306 τῇ

364 1329 468 1382 τῶν
499 1324 734 1382 ἰδιωτῶν
760 1326 1011 1397 συνηθείᾳ
1065 1322 1366 1401 τέτριπται,
1420 1322 1548 1379 ἀλλ’
1598 1317 1738 1378 ἔοικε
1789 1321 2006 1378 πεπλά-

367 1429 484 1482 σθαι
516 1417 620 1472 ὑπὸ
646 1421 753 1472 τῶν
787 1413 1211 1494 εὐαγγελιστῶν.
1247 1439 1274 1467 ‹‹
1306 1416 1573 1472 Primum
1606 1415 1785 1488 igitur
1813 1414 2008 1470 scien-

364 1509 524 1574 dum,
558 1509 717 1580 quod
759 1508 1111 1564 vocabulum
1163 1505 1438 1566 ἐπιούσιος
1493 1504 1648 1576 apud
1704 1503 2005 1559 neminem

365 1601 696 1654 Graecorum
731 1606 833 1654 aut
890 1597 1246 1670 sapientium
1279 1595 1669 1662 nominatum,
1701 1611 1894 1665 neque
1946 1594 2005 1647 in

362 1689 511 1762 vulgi
548 1706 824 1744 sermone
846 1687 1149 1757 communi
1181 1689 1466 1742 usitatum
1495 1692 1583 1740 est
1608 1701 1620 1750 ;
1649 1684 1753 1740 sed
1774 1684 2008 1739 videtur

364 1781 435 1835 ab
462 1781 834 1852 evangelistis
867 1780 1183 1836 confictum
1212 1795 1361 1834 esse.
1385 1801 1412 1828 ››
1437 1777 1596 1832 Idem
1627 1776 1696 1830 de
1719 1793 1856 1831 voce
1874 1794 2006 1848 περ-

2123 608 2196 663 ad
2228 624 2424 663 veram
2455 607 2830 662 sanctitatem
2854 621 2921 659 ac
2951 601 3126 674 plane
3150 600 3449 655 internam
3473 593 3767 666 excogita-

2119 699 2200 754 vit
2229 703 2287 753 et
2307 697 2616 768 usurpavit
2643 694 3117 768 Ignatius.Quam
3144 688 3334 745 multa
3363 691 3502 742 sunt
3528 701 3658 756 quae
3690 700 3763 737 ex

2120 806 2241 844 una
2266 805 2405 843 voce
2435 789 2537 840 πᾶν
2572 787 2633 840 in
2665 785 2842 840 unica
2899 780 3151 854 epistola
3197 777 3446 834 arcessit
3491 775 3765 829 Clemens

2121 881 2420 933 Romanus
2456 877 2467 930 !
2501 871 2882 947 παμμεγέθης,
2915 867 3452 943 παμμεγεθέστατος,
3493 859 3766 934 παμπλή-

2121 966 2241 1035 Θης,
2275 963 2554 1038 πανάγιος,
2597 961 2916 1037 πανάρετος,
2973 956 3388 1029 παντοκράτωρ,
3457 970 3766 1024 παντοκρα-

2118 1054 2364 1129 τορικός,
2396 1053 2826 1121 παντοποιητής,
2855 1045 3263 1118 παντεπόπτης.

2191 1164 2370 1220 Plura
2399 1163 2578 1236 igitur
2597 1157 2941 1233 hujusmodi
2973 1172 3152 1229 quam
3168 1171 3353 1211 unum
3367 1156 3471 1209 aut
3487 1151 3736 1207 alterum
3749 1191 3762 1218 ,

2119 1256 2192 1312 ab
2224 1254 2463 1326 optimis
2490 1250 2878 1324 scriptoribus
2909 1253 2966 1303 et
2991 1248 3051 1302 in
3081 1262 3259 1319 opere
3289 1241 3573 1300 laudabili
3595 1257 3764 1296 usur-

2119 1352 2256 1420 pata
2285 1345 2466 1400 fuisse
2493 1348 2557 1398 ut
2579 1341 2935 1397 concederet
2955 1338 3205 1394 Dallzeus
3227 1349 3471 1390 necesse
3490 1329 3602 1386 fuit
3625 1326 3762 1420 ;sed

2120 1416 2258 1492 sunt
2288 1435 2392 1489 illa
2413 1432 2737 1505 epistolicis
2788 1428 2995 1498 multo,
3028 1432 3093 1482 ut
3122 1426 3248 1498 ipse
3282 1422 3534 1496 judicat,
3565 1416 3764 1474 mode-

2119 1527 2320 1581 stiora.
2356 1523 2616 1578 Modesta
2636 1521 2939 1576 enimvero
2971 1521 3111 1572 sunt
3159 1515 3262 1569 illa
3316 1509 3600 1568 vocabula
3630 1523 3760 1578 quae

2119 1616 2216 1672 alii
2242 1617 2625 1685 usurparunt,
2659 1609 3013 1665 immodesta
3043 1622 3173 1677 quae
3205 1603 3459 1674 scriptor
3499 1597 3762 1672 epistoli-

2118 1722 2242 1762 cus.
2275 1706 2348 1758 At
2379 1703 2587 1769 multa,
2614 1705 2681 1755 ut
2738 1697 3130 1762 ostendimus,
3165 1693 3372 1748 eadem
3424 1695 3562 1745 sunt
3595 1704 3609 1742 :
3654 1703 3762 1758 par

2118 1793 2367 1867 proinde
2400 1792 2461 1846 in
2493 1791 2564 1845 iis
2588 1789 2900 1846 modestia.
2933 1788 3072 1852 Quae
3128 1783 3200 1839 ab
3262 1781 3394 1837 aliis
3451 1784 3586 1834 ante
3621 1793 3756 1832 eum

362 1867 641 1943 περεῦεται
672 1876 934 1926 veterum
959 1869 1255 1942 judicium
1287 1868 1416 1923 fuit.
1449 1868 1519 1921 Et
1549 1866 1705 1937 quod
1729 1865 1992 1936 objicitul

2112 1865 2330 1956 scripta
2361 1898 2482 1938 non
2515 1881 2810 1944 videntur,
2831 1881 2990 1933 certe
3041 1871 3400 1928 immodesta
3428 1886 3550 1924 non
3595 1871 3754 1922 sunt.

360 1959 584 2032 Ignatio
617 1964 841 2028 nostro,
875 1959 1280 2015 celeberrimis
1310 1957 1450 2012 viris
1493 1955 2000 2027 scriptoribusque

354 2049 592 2120 optimis
623 2049 922 2120 objectum
950 2049 1134 2104 fuisse
1165 2047 1528 2121 legimus.lta
1548 2043 1998 2102 Marcellinusin

355 2139 484 2193 Vita
513 2137 872 2210 Thucydidis
898 2155 912 2194 :
944 2135 1132 2198 Ὅλως
1163 2136 1448 2215 ἐφευρετής
1479 2133 1590 2190 ἐστι
1640 2137 1840 2188 καινῶν
1871 2131 1996 2186 dvo-

354 2225 555 2300 μάτων.
592 2251 618 2278 ‹‹
652 2231 764 2284 Per
794 2234 982 2284 totum
1013 2228 1288 2282 inventor
1315 2233 1404 2282 est
1422 2242 1630 2281 vocum
1653 2241 1995 2280 novarum.»

347 2319 425 2370 De
458 2318 847 2389 Xenophonte
878 2316 1112 2382 Suidas,
1133 2317 1196 2371 V.
1229 2312 1481 2388 Ἀγυιάν;
1515 2311 1700 2373 Ὀλως
1729 2309 1996 2366 πολλὰτᾶ

342 2402 780 2478 γλωσσηματικᾶ
811 2405 937 2479 παρ’
967 2403 1135 2476 αὐτῷ.
1171 2404 1426 2460 Galenus
1465 2403 1569 2458 lib.
1599 2420 1617 2457 ι
1674 2405 1732 2457 in
1777 2403 1992 2472 Hippo-

345 2502 548 2550 cratem
581 2497 647 2550 de
677 2497 949 2563 articulis,
983 2495 1053 2550 de
1086 2494 1295 2549 eodem
1331 2493 1464 2548 :Kai
1519 2491 1622 2566 γὰρ
1675 2489 1876 2553 ἐκεῖνος
1915 2489 1991 2545 εἷ’-

344 2603 440 2657 περ
471 2605 554 2644 τις
583 2583 671 2638 καὶ
705 2581 876 2646 ἄλλος
929 2582 1246 2657 ἑρμηνεύων
1303 2579 1606 2642 πολιτικῶς
1647 2581 1801 2654 ὅμως
1848 2600 1991 2656 παρ-

351 2667 613 2743 εμϐάλλει
673 2670 948 2734 πολλάκις
1020 2670 1480 2746 γλωσσηματικά.
1569 2671 1991 2727 Glossematica

358 2770 543 2818 autem
567 2770 708 2819 sunt
737 2781 892 2833 rara,
931 2765 1215 2820 inusitata
1245 2769 1303 2818 et
1333 2763 1668 2835 peregrina.

430 2853 712 2917 Qum-itur
741 2855 900 2926 quod
933 2860 1052 2910 tam
1097 2855 1286 2910 multa
1315 2853 1386 2908 ab
1418 2871 1536 2909 uno
1569 2852 1850 2909 vocabulo
1883 2853 1989 2908 ba-

356 2941 503 3010 beat,
534 2950 599 2998 ut
629 2961 664 2999 a
694 2945 841 3018 φέρω
877 2950 933 2999 et
957 2943 1029 3000 ab
1061 2944 1231 3012 ἄξιος,
1263 2961 1396 3000 cum
1430 2943 1594 2999 nulla
1637 2943 1987 3015 compositio

349 3029 715 3103 frequentior
743 3039 802 3088 et
830 3033 1027 3089 tritior
1056 3034 1133 3090 sit
1153 3034 1308 3105 apud
1339 3032 1593 3105 optimos
1634 3039 1692 3088 et
1721 3032 1988 3104 vulgares

349 3122 582 3177 Graeciaa
637 3124 976 3195 scriptores.
1036 3121 1436 3198 Ἀξιαγάπητος
1485 3122 1716 3194 Ignatii,
1777 3121 1880 3176 sed
1932 3125 1989 3175 et

2112 1955 2255 2031 Nam
2289 1973 2453 2028 illam
2477 1964 3017 2027 immodestiamvel
3048 1965 3110 2019 in
3131 1959 3560 2033 compositione
3592 1955 3753 2011 velin

2111 2061 2543 2136 signiﬁcatione
2572 2059 2896 2114 consistere
2921 2053 3239 2110 dicendum
3273 2055 3379 2106 est.
3413 2053 3478 2103 In
3520 2061 3756 2116 compo-

2107 2152 2320 2207 sitione
2353 2149 2743 2206 immodestus
2761 2145 2876 2202 dici
2898 2161 3018 2199 non
3040 2146 3234 2214 potest
3255 2137 3753 2210 epistolarumau-

2105 2247 2268 2298 ctor:
2303 2257 2438 2297 cum
2467 2245 2570 2295 aut
2599 2238 2805 2292 eadem
2836 2239 2938 2290 aut
2967 2231 3142 2304 plane
3174 2227 3386 2284 similis
3405 2222 3753 2296 compositio

2105 2331 2167 2386 in
2197 2331 2328 2388 aliis
2357 2331 2548 2400 iisque
2571 2326 2811 2399 optimis
2834 2319 3221 2393 scriptoribus
3272 2316 3635 2371 observetur.
3663 2311 3748 2368 Si-

2102 2420 2401 2493 gnificatio
2430 2423 2627 2474 autem
2659 2430 2888 2479 vocum,
2921 2411 2969 2466 si
3001 2426 3132 2479 quae
3163 2407 3313 2462 forte
3355 2405 3428 2460 ab
3483 2403 3609 2493 ipso
3640 2419 3748 2493 put

2102 2489 2303 2565 tentur
2324 2507 2685 2580 excogitatas,
2704 2500 3056 2558 immodesta
3076 2495 3305 2553 censeri
3328 2510 3448 2549 non
3469 2492 3664 2558 debet,
3699 2489 3747 2544 si

2099 2616 2195 2654 res
2225 2600 2352 2670 ipsa
2373 2598 2467 2652 bis
2497 2592 2837 2651 nominibus
2859 2591 3138 2646 denotata
3157 2585 3385 2641 {uerita
3406 2583 3590 2639 sacris
3603 2580 3749 2636 scri-

2101 2688 2372 2761 ptoribus
2402 2685 2638 2742 tradita.
2659 2685 2838 2738 Docet
2866 2681 2921 2734 S.
2955 2677 3172 2733 Paulus
3204 2674 3503 2729 Christum
3528 2671 3589 2725 in
3611 2686 3750 2761 san-

2103 2755 2215 2832 ctis
2237 2775 2506 2831 habitare
2529 2774 2572 2809 ⁵¹
2603 2790 2615 2827 :
2651 2771 2893 2828 eosdem
2926 2768 3106 2839 igitur
3154 2762 3418 2836 Ignatius
3445 2755 3746 2836 χριστοφὸ-

2104 2884 2232 2940 ρους
2263 2871 2321 2920 et
2343 2864 2550 2920 eodem
2584 2877 2762 2918 sensu
2792 2857 3127 2931 appellavit.
3153 2851 3351 2907 Tradit
3390 2849 3553 2940 fidem
3580 2863 3748 2940 apo-

2099 2935 2286 3010 stolus
2321 2969 2570 3024 corpora
2635 2955 2976 3007 sanctorum
3035 2960 3162 2999 esse
3221 2939 3444 3010 templa
3495 2935 3746 3008 Spiritus

2100 3045 2290 3099 sancti
2322 3044 2407 3099 59:
2439 3059 2619 3114 quare
2652 3039 2892 3096 eosdem
2920 3041 3123 3093 noster
3166 3031 3388 3087 vocavit
3415 3025 3740 3102 ναοφόρους.

2099 3132 2372 3188 Ostendit
2402 3129 2718 3204 Apostolus
2750 3127 2987 3200 impios,
3032 3123 3173 3179 dum
3225 3121 3441 3186 vivunt,
3474 3120 3744 3204 mortuos

343 3211 659 3267 Clementis
708 3214 1005 3280 Romani;
1055 3209 1507 3284 ἀξιοθαύμαστος,
1561 3207 1989 3283 ἀξιομνημόνευ-

2106 3238 2230 3277 esse
2261 3221 2310 3255 ⁵³
2341 3202 2472 3276 εοε-
2494 3219 2590 3274 ille
2643 3214 3008 3293 νεκροφόρους
3068 3210 3341 3267 nominat
3373 3221 3553 3262 sensu
3579 3202 3743 3258 Chri-

341 3318 455 3371 τος,
512 3299 1023 3374 ἆξιοπρεπέστατος,
1083 3300 1694 3376 ἀξιομακαριστότατος,
1744 3297 1986 3368 ἀξιέπαι-

2106 3270 2228 3277 --_-
2346 3270 2441 3276 ,η
2687 3270 2694 3271 γ
2740 3270 2749 3290 ,
2883 3270 2892 3289 ,
2997 3270 3006 3274 -

2106 3311 2316 3379 stiano,
2345 3327 2478 3366 cum
2529 3307 2711 3364 erci
2752 3270 2830 3361 ea.
2868 3320 3008 3359 voce
3057 3297 3417 3356 libitinarios
3448 3291 3748 3348 intellexe-

339 3408 427 3450 νος
457 3392 614 3462 apud
629 3392 1029 3461 nostrum,sed
1053 3397 1110 3447 et
1137 3392 1294 3464 apud
1323 3389 1992 3464 Xenophontemlegun-

340 3481 436 3534 tur
468 3499 482 3548 ;
517 3481 674 3552 apud
704 3499 880 3553 quem
914 3488 972 3537 et
1000 3483 1126 3538 haac
1155 3487 1444 3554 praeterea
1475 3481 1746 3554 legimus,
1781 3477 1995 3554 ἀξιάγα-

339 3589 484 3640 στος,
543 3569 913 3642 ἀξιάιιουστος,
968 3570 1345 3645 ἆξιακρόατος,
1403 3568 1791 3640 ἀξιεπαίνετος,
1848 3570 1987 3644 ἆξιὲ-

341 3679 558 3734 ραστος,
590 3653 933 3728 ἂξιοϐίωτος,
1001 3659 1304 3735 ἀξιόεργος,
1364 3657 1688 3732 ἀξιοθέατος,
1738 3658 1991 3730 ἀξιόκτη-

339 3768 452 3816 τος,
501 3747 956 3824 ἀξιολογώτερος,
1013 3747 1304 3819 ἀξιόνικος,
1358 3747 1692 3817 ἀξιόπιστος,
1751 3747 1991 3818 ἀξιόσκε’

341 3858 494 3907 πτος,
546 3836 1028 3908 ἀξιοσπούδαστος,
1090 3838 1540 3914 ἀξιοτέκμαρτος,
1601 3836 1984 3916 ἀξιοφίλητος,

339 3925 798 4007 ἀξιοχρεώτατος.
833 3931 1162 4002 XenOpbon
1189 3937 1411 3996 tamen,
1445 3931 1613 4002 cujus
1665 3947 1846 4003 opera
1892 3931 1984 3987 his

337 4020 642 4075 vocabulis
673 4025 921 4085 scatent,
951 4037 985 4076 a
1013 4021 1309 4076 veteribus
1339 4021 1561 4076 criticis
1599 4019 1834 4095 καθαρὸς
1865 4024 1981 4082 τοῖς

339 4107 588 4180 ὀνόμασι,
620 4108 708 4162 καὶ
742 4109 938 4185 σαφὴς,
971 4107 1061 4162 καὶ
1093 4107 1339 4183 ἐναργής,
1374 4134 1401 4159 ‹‹
1463 4128 1648 4182 purus
1697 4115 1755 4166 et
1813 4129 1983 4183 pers-

335 4199 542 4269 picuus
572 4217 599 4249 »
623 4197 927 4270 judicatus
959 4204 1078 4254 est:
1103 4200 1274 4271 cujus
1298 4217 1634 4256 sermonem
1662 4201 1803 4272 ipsa:
1841 4203 1983 4256 Gra-

336 4287 428 4342 tias
451 4287 816 4352 Quintiliano
836 4288 1076 4344 ﬁnxisse
1093 4289 1443 4345 videbantur
1467 4307 1481 4358 ;
1523 4291 1584 4345 in
1608 4307 1722 4362 quo
1757 4295 1815 4345 et
1851 4291 1982 4362 «ju—

335 4377 699 4432 cunditatem
733 4378 1129 4434 inaffectatam
1162 4401 1190 4428 »
1232 4379 1521 4435 observat.
1581 4381 1919 4453 Composita
1949 4397 1983 4436 a

2099 3400 2474 3455 rint.Monuit
2495 3400 2551 3455 S.
2577 3397 2794 3453 Paulus
2817 3391 3184 3450 Christianos
3204 3393 3271 3444 ut
3300 3387 3560 3441 viverent
3583 3379 3744 3450 ἀξίως

2097 3492 2196 3542 τοῦ
2227 3491 2362 3542 Θεοῦ
2387 3487 2454 3557 ⁵⁸,
2483 3504 2584 3543 eos
2615 3486 2717 3557 qui
2775 3485 2860 3539 ita
2883 3482 3152 3537 vixerant
3181 3475 3440 3548 lgnatius
3470 3469 3744 3540 ἀξιοθὲους

2098 3583 2283 3633 vocat.
2318 3579 2622 3644 Quaenam,
2654 3575 2885 3642 amabo,
2918 3572 2980 3626 in
3024 3569 3118 3624 his
3149 3563 3472 3628 vocabulis,
3505 3560 3553 3615 si
3613 3575 3741 3613 rem

2096 3667 2287 3739 ipsam
2301 3673 2358 3724 et
2374 3667 2867 3736 signiﬁcationem
2884 3665 3134 3733 spectes,
3150 3651 3525 3710 immodestia
3553 3649 3580 3703 ‘I
3611 3665 3739 3703 om-

2096 3758 2238 3813 nino
2257 3757 2442 3812 nulla.
2457 3758 2716 3828 Apparet
2737 3750 2978 3808 tandem
3011 3765 3078 3802 ex
3105 3746 3196 3800 his
3217 3739 3516 3797 vocabulis
3539 3741 3738 3828 tanto-

2094 3864 2235 3919 pere
2288 3825 2617 3916 deturpatis
2665 3842 2897 3915 poetica
2953 3853 3082 3893 esse
3139 3833 3324 3895 nulla,
3385 3825 3742 3919 immodesta

2095 3917 2279 4007 nulla,
2312 3953 2447 3992 rara
2502 3935 2744 4006 quidem
2803 3937 2860 3986 et
2909 3928 3191 3984 inusitata
3224 3917 3691 3995 perpaucissima
3725 3930 3739 3980 ;

2095 4042 2346 4098 eamque
2377 4025 2816 4081 accusationem
2873 4035 2993 4076 non
3041 4017 3104 4070 in
3162 4017 3486 4077 auctorem,
3529 4007 3632 4063 sed
3679 4005 3742 4059 in

2093 4116 2494 4173 Christianum
2527 4112 2815 4178 recidere,
2837 4110 2937 4180 qui
2969 4122 3103 4163 cum
3135 4100 3345 4175 Ignatii
3377 4099 3649 4163 novus,et
3678 4099 3745 4148 ut

2091 4205 2353 4276 loquitur
2375 4203 2792 4266 Tertullianus,
2823 4199 3138 4254 hesternus
3168 4192 3300 4260 fuit,
3360 4204 3508 4244 nova
3565 4200 3742 4239 voca-

2091 4293 2232 4350 bula
2263 4293 2513 4365 peperit.

2162 4386 2305 4439 Cum
2340 4383 2411 4438 de
2442 4381 2692 4455 singulis
2723 4384 2844 4434 tam
2879 4376 3054 4447 male,
3085 4373 3389 4428 videamus
3411 4384 3486 4424 an
3510 4365 3581 4422 de
3606 4380 3740 4455 con-

337 4465 482 4542 φέρω
513 4467 669 4538 apud
702 4468 932 4522 Gl‘iBCOS
961 4483 1114 4539 Pelle
1163 4467 1398 4524 inﬁnita
1425 4475 1583 4534 sunt.
1635 4474 1693 4524 et
1723 4469 1783 4523 in
1817 4468 1980 4524 Omni
2082 4474 2308 4547 junctis
2332 4454 2554 4528 melius
2572 4467 3254 4542 disputaverit.Quatuor
3285 4460 3414 4532 ejus
3444 4454 3744 4528 composi-

337 4572 534 4611 rerum
561 4573 777 4629 genere
803 4557 1054 4612 maxime
1086 4558 1591 4628 usitata.lgnatius
1624 4575 1754 4630 quas
1780 4557 1977 4627 habet,

2091 4543 2272 4620 tionis
2303 4579 2474 4618 voces
2505 4562 2567 4616 in
2599 4576 2721 4616 una
2751 4556 3046 4613 sententia
3088 4550 3430 4618 observavit,
3465 4543 3740 4622 θεοφόροι,

337 4647 457 4702 fere
486 4646 835 4718 religionem
869 4651 926 4700 et
953 4646 1420 4702 Christianorum
1461 4648 1833 4704 sanctitatem
1854 4663 1985 4720 spe-

2106 4652 2182 4708 ιαὶ
2211 4651 2492 4730 ναοφόροι,
2525 4646 2910 4724 χριστοφόροι,
2942 4641 3261 4721 ἀγνοφόροι,
3317 4654 3534 4730 easque
3593 4650 3740 4730 nau-

340 4739 530 4803 ctant;
556 4751 742 4806 eaque
765 4734 1092 4806 compluria
1121 4737 1523 4807 composuisse
1543 4753 1663 4792 non
1685 4736 1984 4793 immerito

339 4824 567 4880 censeri
599 4823 959 4894 debet,quod
985 4825 1046 4879 in
1078 4825 1388 4896 gentilium
1421 4826 1603 4882 sacris
1635 4842 1717 4882 ea;
1740 4843 1982 4898 compo-

340 4915 585 4969 sitiones
617 4913 1100 4985 frequentissime
1142 4915 1603 4987 usurpabantur.
1655 4917 1720 4970 In
1770 4915 1984 4971 ritibus

336 5020 538 5060 eorum
563 5003 992 5076 superstitiosis
1020 5003 1242 5076 ubique
1269 5010 1606 5075 occurrunt,
1639 5003 1979 5084 ἀνθεσφόροι,

334 5093 660 5169 ἀρρηφόροι,
722 5091 1084 5170 δαφνηφόροι,
1149 5090 1523 5172 δειπνοφόροι,
1586 5091 1982 5169 διονυσιφόροι,

331 5177 674 5260 διφροφόροι,
707 5179 1015 5258 ὶρῥηφόροι
1060 5189 1118 5238 et
1147 5181 1451 5257 ἑρσιφόροι,
1485 5181 1810 5260 ὀσχοφόροι,
1845 5181 1981 5238 θαλ-

330 5267 583 5348 λοφόροι,
617 5271 975 5348 θεσμοφόροι,
1007 5271 1315 5348 ἱεροφόροι,
1362 5276 1688 5350 κανηφόροι,
1721 5273 1979 5350 κιστοφό-

331 5381 438 5434 ροι,
472 5360 818 5437 λικνοφόροι,
880 5357 1272 5437 λουτροφόροι,
1315 5363 1742 5440 ναρθηκοφόροι,
1777 5361 1983 5419 πεπλο“

330 5449 513 5525 φόροι,
546 5448 844 5527 πυρφόροι,
891 5450 1257 5528 σκαφηφόροι,
1315 5451 1657 5528 σκιροφόροι,
1715 5473 1978 5533 στεφανη-

332 5533 516 5618 φόροι,
543 5535 886 5616 ὗὸριαφόροι,
923 5545 980 5594 et
1041 5536 1361 5619 ὑδροφόροι,
1422 5543 1725 5621 φωσφόροι.
1758 5545 1846 5600 Ad
1877 5561 1980 5600 eo-

2097 4759 2258 4798 seam
2292 4722 2588 4797 e'xcituras
2619 4722 2865 4811 putavit,
2904 4735 2991 4789 vir
3026 4736 3319 4790 emunctm
3352 4728 3531 4793 naris,
3563 4729 3629 4778 ut
3658 4722 3742 4811 vi-

2094 4831 2287 4900 detur,
2323 4835 2466 4902 quot
2498 4833 2584 4884 tot
2620 4809 2892 4900 ejusdem
2951 4817 3397 4894 compositionis
3455 4809 3741 4902 vocabula

2095 4919 2272 4975 simul
2300 4900 2706 4974 enuntientur.
2740 4918 2814 4971 At
2843 4915 2958 4970 duo
2990 4909 3306 4983 Apostolus
3335 4902 3514 4961 simul
3539 4900 3738 4972 posuit

2095 5004 2402 5077 ὁλοτελεῖς,
2433 5005 2524 5061 καὶ
2557 5002 2892 5078 ὁλόκληρον,
2922 5004 2946 5056 Ι
2971 5002 3171 5056 Thess.
3215 5015 3268 5064 v,
3308 4998 3406 5060 25;
3453 4990 3566 5046 tria
3622 4989 3742 5078 xe-

2092 5098 2357 5170 nophon,
2391 5075 2934 5174 φιλανθρωπότατος,
2977 5087 3066 5142 καὶ
3125 5075 3737 5174 φιλομαθέστατος,ἐαῖ

2091 5161 2546 5266 φιλοτιμότατος.
2579 5161 2849 5240 .iustinus
2905 5161 3147 5249 martyri
3179 5170 3464 5266 Apolpgia.
3491 5173 3511 5223 1
3554 5183 3567 5222 :
3630 5161 3738 5266 Κᾶν

2095 5253 2197 5330 ἀπὸ
2229 5272 2551 5348 Κρίσκεντος
2604 5273 2698 5324 τοῦ
2747 5266 3060 5346 φιλοψόωου
3125 5260 3215 5318 καὶ
3267 5255 3642 5338 φιλοκόμπου·
3677 5253 3740 5307 οὐ

2090 5365 2194 5441 γὰρ
2231 5345 2532 5444 φιλόσοφον
2565 5359 2735 5414 εἰπεῖν
2762 5345 2928 5426 νᾶξιον
2964 5353 3082 5444 ,τὸν
3142 5347 3338 5444 ἄνδραέ
3385 5345 3739 5444 Et‘statinl':

2201 5430 2466 5530 προέφην,
2500 5448 2562 5506 οὗ
2594 5448 2895 5528 φιλόσοφος
2927 5441 3072 5500 ἀλλᾶ
3117 5437 3406 5530 φιλόδοξος
3464 5435 3600 5530 ἆνὴῌρ
3633 5430 3740 5488 38t-

2090 5524 2302 5614 κνυται,
2331 5524 2390 5603 ές
2419 5563 2482 5616 γε
2514 5524 2656 5615 μηδὲ
2684 5539 2747 5594 τὸ
2807 5524 3151 5612 Σωκρατικὸν
3209 5526 3520 5604 ἀξιέραστον
3553 5524 3611 5581 δν
3641 5544 3740 5581 τοο

401 5695 447 5732 ’ί
477 5694 692 5770 Ephes.
723 5701 812 5764 in,
847 5693 930 5746 17.
962 5677 1011 5729 ⁸⁸
1039 5693 1064 5748 Ι
1092 5692 1205 5749 Cor
1233 5709 1308 5767 VI,
1340 5693 1428 5752 19.
1452 5695 1502 5733 ⁵⁸
1530 5697 1700 5755 Rom.
1730 5711 1806 5766 vr,
1831 5701 1886 5756 2.
1913 5693 1992 5747 κ’(

2106 5743 2108 5752 ,
2139 5715 2178 5770 1,
2204 5697 2290 5755 10.
