4064 6134
268 351 388 418 ,447

1375 351 1437 412 S.
1483 347 1879 412 IGNATIUS.
1928 377 2004 390 —
2047 339 2678 404 PROLEGOMENA.

3571 348 3696 410 448

278 485 371 554 μᾷ.
403 482 714 556 Gregorius
735 483 1136 541 Naziansenus
1167 501 1179 539 :
1216 483 1331 552 Τὴν
1367 478 1764 556 ὁμότιμον,καὶ
1789 476 1924 550 ὁμό-

2042 476 2150 531 bus
2183 473 2400 548 passim
2431 477 2716 546 usurpata
2753 471 2880 544 ipse
2912 489 3060 530 nove
3090 481 3358 548 usurpat,
3395 481 3453 532 et
3472 487 3690 549 praeter

277 593 468 648 φρονα,
499 573 588 626 καὶ
617 572 928 649 ὁμόψυχον.
965 575 1156 630 Alibi:
1193 573 1299 630 Καὶ
1332 574 1550 648 πτωχοὶ
1619 571 1710 626 τὸν
1761 567 1925 648 φιλόσ

276 681 500 736 πτωχον
531 663 730 716 καὶτὸν
771 662 1050 739 φιλόξενον
1085 664 1138 717 o't
1182 665 1343 734 ξένοι,
1403 663 1494 717 καὶ
1551 659 1779 740 ἀδελφοὶ
1835 659 1926 712 τὸν

277 747 639 824 φιλάδελφον.
674 755 936 808 Rursus:
997 748 1335 813 Φιλόπαιδες
1394 749 1559 828 ἄμφω
1614 750 1704 804 καὶ
1763 745 1926 825 φιλό-

276 859 518 914 χριστοι,
577 842 637 894 τὸ
695 838 1152 915 παραδοξότατον,
1217 839 1431 914 μᾶλλον
1479 837 1535 894 δὲ
1567 837 1925 916 φιλόχριστοι

276 928 311 997 ἢ
347 925 690 1000 φιλόπαιδες.
726 933 987 996 Quatuor
1016 932 1195 989 simul
1226 932 1563 1003 Simplicius
1596 931 1656 984 in
1691 928 1925 1000 Epicte-

282 1024 407 1074 tum
433 1039 444 1076 :
475 1016 600 1073 Ὃδε
636 1021 728 1092 μὲν
762 1018 1063 1096 φιλήδονος
1089 1018 1256 1074 ἔσται·
1320 1018 1409 1074 ὅδε
1438 1019 1530 1073 καὶ
1562 1016 1922 1097 φιλοχρήμα-

278 1128 394 1176 τος,
427 1107 516 1161 mi
548 1106 720 1170 ἄλλος
752 1107 1096 1186 φιλόμουσος
1126 1109 1216 1164 καὶ
1275 1107 1607 1187 φιλόσοφος.
1652 1107 1925 1162 Clemens

280 1201 580 1255 Romanus
607 1219 618 1255 :
653 1198 724 1253 Οὐ
752 1198 941 1259 πάντες
973 1199 1106 1254 εἰσὶν
1156 1195 1420 1277 ἔπαρχοι,
1453 1195 1576 1253 οὐδὲ
1605 1194 1923 1270 χιλίαρχοι,

282 1283 406 1340 οὐδὲ
437 1288 848 1362 ἑκατόνταρχοι,
892 1285 1017 1342 οὐδὲ
1074 1289 1564 1363 πεντηκόνταρχοι.
1625 1286 1925 1358 Epictetus

281 1377 406 1448 ipse
434 1377 588 1448 apud
616 1377 908 1433 Stobaaum
939 1379 1222 1449 quinque,
1264 1374 1443 1438 οὖδέὶς
1499 1373 1924 1453 φιλοχρήματος

278 1462 366 1516 καὶ
395 1459 715 1540 φιλήδονος,
748 1463 838 1517 καὶ
870 1461 1162 1540 φιλόδοξος
1195 1462 1608 1541 φιλάνθρωπος,
1643 1459 1790 1514 ἀλλὰ
1825 1458 1924 1531 μό-

278 1571 369 1612 νος
400 1552 427 1605 ὁ
460 1549 787 1627 φιλόκαλος.

355 1643 669 1714 Hucusque
700 1644 1064 1715 argumentis
1078 1645 1533 1716 nihilpromovit
1559 1639 1927 1695 virdoctissi-

282 1748 415 1786 mus
445 1750 457 1798 ;
491 1732 796 1788 videamus
829 1734 971 1804 quid
1005 1734 1363 1804 conjecturis
1407 1732 1612 1803 possit.
1649 1751 1677 1779 ‹‹
1734 1729 1924 1797 Ratio,

284 1821 498 1890 inquit,
531 1838 637 1876 cur
678 1823 792 1876 ista
811 1829 934 1876 tam
968 1822 1135 1876 avide
1166 1827 1405 1891 tamque
1429 1821 1690 1875 studiose
1731 1832 1929 1873 conse-

286 1915 476 1966 ctatus
502 1910 731 1978 sit,non
761 1916 848 1964 est
878 1911 1149 1966 obscura.
1181 1911 1472 1965 Nimirum
1523 1911 1624 1980 qui
1649 1921 1928 1976 magnum

284 2000 473 2054 virum
499 1999 896 2054 simulandum
920 1999 1090 2054 ﬁnxit
1115 2000 1186 2058 (si
1209 2000 1261 2054 ei
1281 1999 1592 2054 credamus
1641 1997 1739 2066 qui
1765 1996 1934 2050 ﬁcto-

281 2105 410 2145 rem
433 2089 626 2160 ipsum
645 2089 1361 2160 ﬁnxit),putavitaliquam
1380 2087 1698 2159 Ignatianaa
1712 2085 1934 2156 magni-

287 2178 509 2233 tudinis
525 2178 780 2249 speciem
797 2179 1182 2250 prsebiturum
1199 2194 1532 2233 sermonem
1549 2193 1616 2230 ex
1629 2176 1934 2248 hujusmo-

285 2268 344 2322 di
365 2268 455 2324 vel
481 2269 809 2340 priscis,ve1
829 2269 979 2324 raris
1000 2270 1088 2323 vel
1120 2269 1458 2340 grandibus,
1492 2266 1581 2322 vel
1611 2265 1932 2321 audacibus

287 2358 481 2412 verbis
513 2363 824 2413 structum.
859 2381 886 2407 ››
916 2356 1269 2412 Praaclarum
1329 2374 1469 2412 sane
1527 2360 1932 2411 commentum

290 2453 347 2502 et
370 2448 724 2502 hariolatore
753 2448 994 2516 dignum
1030 2447 1041 2501 Ξ
1076 2447 1224 2512 Quid
1257 2447 1415 2501 enim
1440 2447 1467 2500 ‘2
1497 2462 1572 2501 an
1630 2444 1937 2517 Ignatiana

289 2537 633 2608 magnitudo
658 2553 726 2591 ex
756 2536 961 2609 grandi
989 2553 1262 2591 sermone
1291 2536 1631 2604 conﬁata,et
1651 2533 1933 2589 fortitudo

291 2625 650 2680 sanctissimi
674 2626 948 2697 martyris
968 2643 1038 2680 ex
1056 2625 1245 2679 verbis
1266 2624 1588 2680 audacibus
1609 2623 1938 2694 composita

296 2718 551 2789 cuipiam
577 2717 756 2772 videri
781 2718 1116 2788 potuit?An
1141 2719 1273 2773 ideo
1296 2719 1608 2789 quisquam
1632 2733 1767 2771 eum
1798 2715 1936 2770 forti

295 2811 353 2861 et
373 2806 552 2861 alacri
575 2807 773 2862 animo
807 2807 880 2862 ad
912 2807 1417 2862 ferocissimarum
1461 2807 1786 2862 bestiarum
1834 2821 1938 2860 ora

293 2910 642 2965 properasse
673 2900 928 2965 putaret,
957 2895 1488 2966 quodChristianos
1510 2901 1611 2950 aut
1639 2891 1934 2969 θεοφόρους

287 2989 392 3038 aut
421 2982 849 3060 χριστοφόρους,
885 2990 987 3039 aut
1023 2982 1321 3060 ναοφόρους
1355 2985 1743 3051 nominasset,
1779 2981 1938 3053 quod

285 3072 679 3146 πραῦπάθειαν,
713 3078 815 3128 aut
875 3066 1254 3145 βεϐαιοσῦνην,
1307 3079 1409 3128 aut
1468 3071 1807 3146 ἆκαυχησίαν
1841 3072 1936 3125 in-

2032 566 2285 622 aliorum
2318 565 2838 635 morema-Ergone
2857 564 3117 635 Ignatius
3152 582 3281 621 esse
3305 584 3424 622 non
3440 571 3683 640 potuit?

2033 659 2121 710 An
2154 655 2263 710 soli
2296 655 2460 726 plani
2492 659 2550 708 et
2579 654 2814 708 ﬁctores
2845 654 3129 709 vocabula
3162 673 3307 710 nove
3348 663 3407 712 et
3465 666 3684 730 prazter

2033 746 2286 800 aliorum
2321 762 2548 800 morem
2581 751 2869 816 usurpant
2899 744 2924 799 ?
2954 746 3176 801 Planus
3208 747 3386 820 igitur
3415 748 3680 820 fuit,non

2032 836 2424 908 Thucydides,
2460 836 2559 906 qui
2592 834 2956 906 ἀποσίμωσιν,
3021 842 3078 892 et
3107 834 3404 911 κωλύμην,
3438 846 3496 895 et
3544 841 3684 896 ἀπο..

2030 923 2269 1002 τείχισιν
2303 943 2420 980 non
2457 925 2786 980 secundum
2817 926 3070 981 aliorum
3103 943 3331 982 morem
3354 933 3682 1002 usurpavit.

2031 1016 2180 1079 Quot
2212 1016 2528 1086 scriptores
2557 1015 2739 1069 ΕΙ·ωοὶ
2799 1019 2956 1084 sunt,
2986 1016 3085 1086 qui
3139 1017 3312 1072 aliter
3337 1036 3507 1075 voces
3538 1038 3687 1077 non-

2033 1103 2228 1158 nullas
2259 1107 2617 1174 acceperunt
2637 1120 2815 1173 quam
2837 1103 2909 1158 ab
2943 1103 3072 1158 aliis
3090 1112 3344 1176 accepta)
3378 1109 3564 1164 sunt?
3583 1111 3686 1166 Vix

2035 1192 2296 1263 aliquem
2328 1192 2484 1246 inter
2514 1198 2739 1248 veteres
2772 1193 2949 1247 etiam
2998 1193 3358 1251 clarissimos
3412 1203 3685 1255 auctores

2033 1281 2581 1353 nominabis,quem
2613 1299 2732 1337 non
2766 1282 3154 1339 observarunt
3184 1288 3552 1356 grammatici
3585 1308 3687 1361 pe-

2034 1371 2241 1426 culiari
2275 1372 2476 1443 aliquo
2499 1389 2678 1427 sensu
2735 1373 2936 1443 aliqua
2993 1375 3281 1431 vocabula
3338 1395 3682 1451 usurpasse.

2030 1462 2312 1525 Quaanam
2345 1467 2564 1530 autem,
2599 1468 2699 1516 aut
2755 1469 2899 1533 quot
2927 1463 3028 1518 illa
3060 1471 3199 1519 sunt
3255 1469 3474 1538 passim
3506 1487 3684 1525 usur-

2033 1554 2327 1620 pata,qua3
2351 1555 2556 1605 noster
2576 1568 2723 1605 nove
2741 1553 3083 1624 usurpavit?
3099 1555 3223 1608 Duo
3243 1561 3682 1634 tantumgiczq,

2035 1643 2092 1691 et
2148 1634 2309 1706 ᾄδωε
2370 1640 2611 1693 tertium
2674 1640 2834 1693 enim
2892 1636 3105 1712 ἄρχειν,
3160 1644 3380 1698 ﬁctoris
3439 1653 3547 1701 est.
3607 1651 3684 1702 At

2033 1725 2190 1800 φύσις
2216 1734 2282 1782 ut
2307 1734 2396 1783 est
2413 1746 2519 1783 vox
2547 1729 2875 1797 tritissima,
2913 1731 2993 1785 ita
3023 1733 3182 1786 vario
3232 1750 3467 1806 semper
3499 1738 3680 1809 signi-

1957 1832 2004 1895 B
2037 1817 2212 1872 ﬁcatu
2270 1818 2426 1889 apud
2493 1819 2747 1889 optimos
2798 1821 3118 1891 scriptores
3175 1825 3449 1894 sumitur,
3501 1827 3684 1882 etiam

2036 1907 2403 1961 Christianos
2455 1913 2512 1961 et
2551 1924 2770 1963 sacros.
2823 1909 2985 1964 Unde
3037 1915 3311 1983 anonymi
3369 1915 3684 1986 cujusdam

2038 1997 2564 2051 commentariolus
2595 1998 2887 2053 conﬂatus
2918 2005 3026 2068 est,
3061 2003 3159 2072 qui
3201 2002 3261 2057 in
3320 2003 3687 2062 Bibliotheca

2040 2084 2526 2154 Vindoboniensi,
2555 2091 2704 2141 teste
2741 2087 3069 2156 Lambecio,
3128 2107 3233 2144 ms.
3294 2099 3504 2162 exstat,
3549 2112 3686 2150 cum

2042 2174 2153 2229 hoc
2186 2175 2400 2229 titulo:
2468 2174 2527 2229 ἹΙ
2591 2175 2747 2251 φύσις
2801 2176 3022 2250 ὁσαχῶς
3071 2183 3140 2252 τῇ
3201 2181 3319 2250 θείᾳ
3373 2181 3685 2256 παρείληπ-

2042 2283 2131 2317 ται
2164 2266 2371 2338 Γραφῇ.
2406 2267 2545 2329 Quot
2577 2267 2750 2321 modis
2799 2265 2957 2338 φύσις
3010 2271 3068 2323 in
3125 2272 3183 2325 S.
3243 2273 3533 2342 Scriptura
3590 2293 3685 2330 ac-

2035 2356 2296 2423 cipiatur.
2321 2354 2490 2419 Quid,
2524 2372 2747 2425 quaeso,
2793 2357 3088 2429 signiﬁcat
3141 2362 3298 2436 φύσις
3355 2365 3511 2434 apud
3550 2367 3686 2437 Epi-

2038 2443 2323 2514 phanium
2355 2444 2568 2498 haeresi
2599 2447 2658 2498 3t
2703 2445 2802 2499 ubi
2834 2448 2949 2501 ait:
3005 2447 3104 2509 Εἰς
3162 2450 3374 2524 Κύπρον
3432 2448 3489 2506 δὲ
3547 2452 3684 2523 ἐλη-

2041 2531 2222 2596 λυθὼς
2254 2533 2327 2593 ὡς
2365 2534 2622 2609 ναυάγιον
2688 2535 2923 2597 ὑποστὰς
2982 2535 3135 2614 φύσει
3197 2546 3523 2612 σωματικῶς
3581 2550 3682 2612 τῆς

2040 2622 2270 2683 πίστεως
2303 2621 2484 2693 ἐξέστη
2524 2641 2538 2689 ;
2569 2629 2733 2679 Certe
2764 2627 3035 2682 Petavius
3087 2645 3205 2683 non
3237 2630 3400 2699 vidit,
3435 2649 3569 2687 cum
3602 2634 3683 2690 ita

2039 2713 2214 2768 vertit
2241 2731 2253 2768 :
2289 2735 2315 2763 ‹‹
2346 2713 2454 2768 Sed
2480 2713 2553 2768 ad
2584 2713 2836 2785 Cyprum
2863 2716 3094 2773 delatus
3124 2719 3262 2774 ﬁdei
3285 2721 3680 2794 naufragium,

2039 2803 2196 2858 velut
2217 2802 2479 2874 corporis
2509 2803 3005 2873 fecisset,ibidem
3031 2825 3294 2878 passus.»
3331 2811 3479 2876 Quid
3507 2813 3682 2883 paulo

2041 2891 2226 2965 post?
2259 2891 2398 2966 Ἐγὼ
2432 2887 2488 2944 δὲ
2545 2890 2694 2946 ἆτινα
2752 2893 2904 2970 φύσει
2962 2895 3248 2970 ἀναγκαῖον
3305 2899 3436 2952 εἶναι
3469 2901 3682 2974 ἡγησά-

2046 3004 2155 3056 μην
2189 2981 2264 3043 εἰς
2293 2980 2593 3058 τούμφανὲς
2618 2980 2819 3055 ἐλθεῖν,
2877 2987 3026 3049 ταῦθ’
3081 2986 3447 3062 ὑπηγόρευσα.
3506 2993 3682 3046 Peta-

2042 3071 2169 3126 vius
2199 3070 2358 3124 enim
2389 3087 2597 3126 rursus
2620 3072 2858 3127 omisit:
2894 3095 2921 3122 α
2954 3075 3066 3145 Ego
3099 3093 3232 3130 vero
3283 3093 3350 3132 ea
3398 3077 3682 3133 duntaxat

283 3161 552 3217 credibili
587 3162 835 3216 audacia
874 3162 933 3215 in
967 3162 1232 3233 epistolis
1258 3163 1608 3234 scripserit?
1636 3162 1925 3231 Pleraque
1966 3197 2008 3263 Ο
2043 3161 2322 3231 proposui
2359 3177 2488 3230 qua
2521 3161 2581 3215 in
2613 3162 2876 3218 medium
2910 3164 3152 3234 proferri
3183 3170 3453 3237 oportere
3484 3166 3682 3222 duxi.»

282 3252 406 3305 haec
433 3250 671 3319 quidem
694 3268 728 3304 a
755 3251 1061 3306 Blondello
1091 3258 1293 3307 notata
1323 3259 1461 3307 sunt
1485 3269 1498 3319 ;
1534 3252 1637 3307 sed
1671 3257 1735 3306 ut
1755 3258 1926 3322 putre

281 3340 640 3394 fermentum
665 3339 736 3393 ab
756 3340 980 3411 Ignatio
993 3342 1342 3396 amoliretur
1360 3359 1373 3409 ;
1393 3358 1586 3411 neque
1602 3341 1761 3395 enim
1780 3340 1926 3395 adeo

279 3426 736 3492 insanivit,utad
747 3429 1066 3496 Ignatianaa
1083 3430 1506 3501 magnitudinis
1526 3430 1768 3501 speciem
1783 3447 1929 3501 prae-

281 3515 538 3572 bendam
570 3517 694 3572 haec
725 3518 1050 3589 excogitata
1079 3535 1207 3573 esse
1239 3519 1481 3574 diceret.
1517 3519 1773 3575 Grandia
1802 3518 1928 3574 haec

281 3622 399 3660 non
436 3621 562 3660 esse
594 3606 877 3662 vocabula
899 3613 1001 3662 aut
1023 3608 1270 3664 audacia
1300 3625 1475 3680 supra
1507 3608 1790 3664 evicimus
1824 3625 1837 3677 ;
1872 3613 1931 3663 et

279 3694 559 3763 frequens
591 3694 1014 3766 plerarumque
1041 3714 1182 3752 usus
1221 3697 1377 3768 apud
1406 3698 1723 3769 scriptores
1754 3699 1929 3754 casti-

285 3784 620 3855 gatissimos
645 3784 805 3840 idem
837 3791 1106 3842 testatur.
1137 3787 1426 3843 Fictorem
1476 3794 1676 3843 autem
1729 3789 1928 3844 nescio

286 3891 462 3944 quem
495 3891 565 3929 ea
593 3874 959 3943 adhibuisse,
993 3877 1149 3948 quod
1179 3878 1374 3949 prisca
1411 3883 1733 3948 putaret,et
1757 3883 1929 3933 aetate

287 3979 393 4017 sua
422 3979 822 4030 rara,omnem
850 3971 1152 4037 stuporem
1180 3973 1440 4038 superat.
1474 3970 1562 4021 An
1594 3968 1719 4024 haec
1759 3985 1928 4022 exco-

287 4051 469 4124 gitare
494 4054 664 4109 ﬁctor
688 4054 776 4108 vel
809 4055 1021 4127 fungus
1049 4056 1259 4127 potuit,
1318 4060 1384 4111 ut
1438 4057 1718 4129 lgnatius,
1754 4074 1929 4126 quem

289 4142 571 4198 simulare
594 4144 794 4214 voluit,
829 4161 982 4200 unus
1031 4146 1102 4200 de
1161 4145 1347 4201 cascis
1407 4145 1704 4200 videretur
1727 4146 1754 4200 Ὺ
1786 4147 1930 4200 Cum

291 4255 317 4282 «
342 4233 536 4302 prisca
567 4233 763 4301 audio,
797 4234 942 4288 mihi
973 4241 1280 4290 versantur
1308 4239 1443 4288 ante
1475 4235 1676 4289 oculos
1698 4234 1933 4306 Ulysses

292 4329 352 4378 et
381 4325 608 4390 Nestor,
642 4341 894 4393 quorum
921 4331 1060 4380 aetas
1090 4325 1248 4379 mille
1281 4326 1402 4380 fere
1425 4329 1528 4379 200
1560 4327 1732 4381 annis
1755 4343 1936 4381 saacu-

292 4411 416 4466 lum
448 4412 820 4482 Ignatianum
845 4414 1286 4480 antecedebat,»
1318 4421 1383 4469 ut
1411 4414 1551 4469 olim
1573 4415 1695 4470 ille.
1719 4419 1806 4470 An
1830 4415 1936 4488 πρὸ

295 4497 496 4574 χιλίων
530 4497 663 4552 ἐτῶν
699 4496 1029 4574 διαλέγεται,
1062 4507 1128 4557 ut
1149 4503 1232 4558 ait
1262 4503 1552 4559 Lucianus
1574 4503 1602 4558 7
1623 4507 1760 4559 A11«
1790 4504 1936 4560 duo-

297 4590 490 4644 decim
511 4589 746 4646 tabulas
775 4591 1056 4660 loquitur,

296 4679 531 4745 borum,
564 4684 622 4734 et
649 4680 822 4735 hians
854 4679 1225 4750 compositio,
1287 4684 1342 4733 et
1385 4679 1675 4736 inconditi
1731 4697 1939 4736 sensus

294 4768 565 4824 redolent
595 4769 1007 4840 antiquitatem
1037 4788 1050 4836 ;
1079 4790 1106 4817 »
1155 4767 1259 4822 sed
1282 4785 1460 4839 quam
1486 4768 1514 4822 ?
1556 4786 1676 4824 non
1707 4774 1940 4824 mtatem

296 4857 551 4930 Trajani.
585 4858 697 4914 Sed
720 4873 912 4928 neque
943 4857 1139 4928 prisca
1169 4856 1269 4911 illa
1296 4857 1486 4912 ﬁctori
1517 4857 1700 4912 videri
1731 4863 1940 4929 potue-

297 4953 457 5004 runt.
481 4947 696 5019 Aliqua
719 4965 789 5003 ex
821 4946 940 5002 illis
972 4947 1221 5001 fortasse
1279 4962 1431 5001 nova
1486 4953 1628 5000 tunc
1687 4947 1801 5002 dici
1835 4963 1940 5017 po-

297 5043 560 5106 tuerunt,
591 5043 794 5110 utpote
827 5042 960 5109 post
1017 5036 1534 5091 Christianismum
1567 5042 1716 5104 orta,
1748 5036 1944 5107 prisca

296 5129 474 5200 plane
498 5127 999 5185 nulla.Accusavit
1020 5128 1145 5183 haac
1167 5129 1294 5199 ipsa
1323 5127 1486 5198 prius
1518 5132 1580 5182 ut
1611 5144 1944 5195 nova,nunc

298 5223 363 5271 ut
392 5219 587 5290 prisca
609 5219 865 5292 exagitat
890 5237 902 5286 ;
923 5234 1118 5289 neque
1153 5233 1224 5272 ex
1246 5216 1317 5271 iis
1349 5232 1479 5287 qum
1511 5233 1677 5280 nova,
1705 5216 1790 5271 vel
1811 5233 1942 5287 quae

298 5307 491 5378 prisca
516 5309 825 5364 videantur
855 5307 1334 5363 ostendit.Fictor
1362 5322 1502 5361 sane
1526 5311 1591 5360 ut
1611 5307 1856 5375 antiqua
1887 5310 1946 5359 et

301 5395 606 5464 inusitata,
634 5396 912 5475 Θεοφὸρον,
961 5396 1326 5472 χριστοφόρον
1352 5401 1409 5450 et
1473 5395 1692 5450 similia
1721 5394 1944 5467 Ignatio

302 5500 636 5554 supponere
668 5505 787 5541 non
821 5486 1029 5557 potuit,
1064 5500 1199 5540 cum
1244 5483 1560 5554 scriptores
1611 5489 1745 5555 post
1785 5485 1947 5555 Igna-

301 5572 472 5642 tium,
505 5577 641 5628 ante
672 5574 1008 5645 Eusebium,
1041 5590 1110 5630 ea
1137 5572 1570 5644 usurpaverint.

375 5661 487 5720 Sed
513 5686 538 5714 «
575 5666 634 5719 et
663 5663 934 5737 quaedam
958 5663 1135 5720 verba
1162 5677 1269 5736 per
1302 5679 1363 5719 se
1395 5663 1620 5735 optima
1649 5667 1708 5720 et
1762 5665 1949 5724 omni-

2043 3249 2193 3315 Quid
2225 3249 2484 3320 denique
2513 3251 2726 3306 haeresi
2759 3254 2819 3306 51
2856 3252 2884 3307 7
2937 3252 3134 3308 Ὁπότε
3190 3250 3248 3308 δὶ
3305 3256 3369 3309 οὐ
3431 3252 3682 3331 δέχονται

2035 3337 2284 3414 φύσειτὰ
2317 3331 2506 3412 βιϐλία
2554 3339 2619 3391 τὰ
2675 3339 2782 3393 ἀπὸ
2836 3345 2932 3394 τοῦ
3002 3341 3154 3416 ἀίῖου
3212 3344 3466 3399 Ἰωάννου
3521 3366 3683 3416 κεκη-

2037 3423 2292 3501 ρυγμένα.
2330 3449 2358 3476 ‹‹
2390 3427 2503 3482 Sed
2537 3444 2672 3482 cum
2720 3430 3028 3485 universos
3057 3434 3300 3488 Joannis
3332 3433 3516 3490 libros
3545 3444 3681 3506 pro-

2034 3517 2161 3588 prie
2193 3516 2522 3588 rejiciant.»
2549 3519 2630 3571 [ta
2665 3517 2901 3573 tandem
2932 3521 3314 3586 Petavius,an
3347 3530 3505 3579 recte
3526 3523 3681 3578 ?Sed

2037 3605 2295 3676 Ignatius
2326 3611 2547 3670 noster,
2582 3611 2808 3661 naturae
2836 3630 2862 3656 «
2897 3609 3136 3663 nomine
3167 3610 3259 3665 bis
3289 3613 3509 3667 abusus
3541 3617 3632 3666 est
3665 3629 3678 3679 ;

2038 3711 2279 3749 sensum
2305 3695 2358 3748 ei
2389 3695 2588 3749 nescio
2623 3696 3384 3766 quem,inquit,abstrusum
3419 3707 3476 3755 et
3497 3700 3677 3756 avul-

2036 3785 2159 3856 gari
2191 3800 2300 3838 usu
2333 3789 2626 3837 remotum
2657 3785 2968 3855 afﬁngens.
3005 3808 3033 3835 »
3069 3787 3285 3842 Locum
3317 3806 3387 3843 ex
3418 3790 3682 3860 Epistola

2037 3874 2110 3928 ad
2134 3871 2418 3942 Ephesios
2449 3869 2709 3941 adducit,
2739 3873 2798 3926 in
2831 3890 2967 3943 quo,
2997 3876 3302 3948 nimirum,
3340 3902 3366 3928 ‹‹
3393 3881 3686 3936 extrican-

2036 3962 2108 4016 do
2141 3960 2357 4016 sudant
2378 3960 2791 4031 interpretes.»
2822 3963 3060 4018 Possem
3083 3967 3307 4037 pariter
3329 3987 3400 4023 ex
3423 3971 3478 4025 S.
3503 3971 3683 4025 Paulo

2035 4052 2232 4106 locum
2272 4048 2588 4117 adducere,
2621 4052 2642 4104 Ι
2671 4053 2889 4119 Cor.x1,
2927 4055 3016 4126 14,
3048 4054 3120 4110 de
3153 4073 3268 4127 quo
3301 4076 3420 4114 non
3472 4060 3688 4115 sudant

2038 4144 2267 4196 tantum
2292 4138 2395 4194 sed
2427 4144 2484 4193 et
2522 4139 2923 4212 digladientur
2943 4144 3049 4197 viri
3073 4145 3542 4204 doctissimi.Sed
3565 4167 3684 4204 non

2039 4249 2187 4303 opus
2218 4237 2308 4287 est
2334 4248 2346 4286 :
2379 4232 2754 4303 apertissima
2776 4234 2932 4288 enim
2965 4234 3198 4291 fallacia
3229 4237 3324 4292 hic
3353 4240 3538 4294 utitur
3556 4239 3687 4295 Dal-

2037 4330 2185 4386 Iasus
2238 4338 2252 4377 :
2313 4319 2737 4394 πολυαγάπητον
2795 4318 2969 4394 ὄνομα
3047 4322 3308 4394 κέκτησθε
3391 4327 3540 4403 φύσει
3612 4324 3688 4381 δι-

2041 4410 2189 4482 καίᾳ,
2226 4429 2356 4483 quaa
2388 4412 2597 4468 recitat
2626 4413 2803 4468 verba
2824 4415 3009 4468 nostri
3037 4416 3275 4484 quidem
3309 4424 3466 4486 sunt,
3492 4419 3595 4474 sed
3627 4420 3689 4476 in

2045 4505 2128 4559 eis
2161 4503 2518 4559 extricandis
2552 4519 2670 4558 non
2699 4504 2914 4558 sudant
2944 4505 3318 4577 interpretes.
3369 4509 3693 4581 Interpola—

1097 4614 1116 4638 ι
1154 4597 1218 4646 ut
1240 4592 1462 4647 Seneca
1481 4592 1508 4646 ?
1535 4612 1556 4639 ι
1583 4591 1795 4647 Sordes
1809 4609 1932 4646 ver-

2043 4597 2135 4647 tor
2159 4609 2265 4662 pro
2298 4591 2728 4663 πολυαγάπητον
2760 4591 3065 4648 substituit
3101 4575 3222 4666 'pro
3283 4614 3388 4652 suo
3448 4575 3689 4656 arbitrio

2048 4678 2454 4748 πολυπόθητον·
2489 4680 2646 4734 unde
2679 4681 2950 4736 Usserius
2983 4689 3042 4737 et
3069 4684 3299 4752 Junius,
3329 4702 3463 4742 cum
3495 4706 3691 4746 veram

2048 4770 2367 4824 lectionem
2400 4785 2519 4822 non
2549 4768 2851 4839 vidissent,
2887 4777 3091 4842 argute
3115 4773 3292 4828 nimis
3316 4774 3386 4829 de
3415 4778 3695 4848 etymolo-

2049 4858 2142 4930 gia
2185 4855 2448 4932 Ἐφεσίων
2511 4855 2884 4913 disserebant
2934 4877 2948 4927 ;
3007 4878 3137 4931 quae
3203 4862 3444 4933 quidem
3492 4867 3694 4923 Isaaco

2053 4946 2256 5001 Vossio
2297 4946 2509 5000 merito
2562 4947 2763 5000 minus
2821 4947 3156 5018 placebant.
3191 4952 3341 5016 Quid
3397 4953 3553 5027 φύσει
3613 4952 3694 5009 δι-

2051 5033 2175 5104 καίᾳ
2208 5041 2384 5104 esset,
2416 5041 2629 5090 neutra
2669 5053 2807 5106 pars
2856 5036 3163 5095 dubitabat
3190 5057 3203 5108 ;
3263 5047 3512 5114 uterque
3545 5045 3697 5101 Lati-

2052 5141 2164 5181 nus
2183 5125 2478 5196 interpres
2500 5132 2706 5179 natura
2726 5125 2880 5196 justa
2901 5127 3160 5182 reddidit
3185 5147 3199 5195 ;
3232 5130 3377 5185 adeo
3401 5133 3595 5187 omnis
3627 5151 3697 5188 ex

2053 5213 2332 5270 vocabulo
2365 5212 2521 5291 φύσις
2554 5214 2732 5269 sudor
2763 5214 3063 5272 abstersus
3095 5225 3202 5272 est.
3235 5220 3322 5274 Ad
3370 5221 3698 5277 Trallenses

2054 5321 2123 5360 ea
2150 5321 2289 5360 voce
2313 5305 2526 5359 iterum
2570 5305 2776 5376 utitur,
2838 5303 2899 5358 οὐ
2946 5305 3081 5359 κατὰ
3110 5307 3331 5380 γρῆσιν,
3393 5306 3536 5363 ἀλλὰ
3563 5311 3702 5366 κατὰ

2055 5392 2238 5469 φύσιν,
2269 5394 2328 5449 id
2359 5399 2469 5463 est,
2498 5393 2616 5446 καθ’
2668 5389 2796 5465 ἓξιψ
2848 5412 2985 5450 nam
3055 5399 3338 5472 φυσιοῦται
3380 5397 3412 5466 ἡ
3471 5395 3603 5468 ἓξις,
3637 5407 3705 5457 ut

2053 5487 2318 5558 loquitur
2339 5487 2606 5542 Clemens
2635 5487 3091 5543 Alexandrinus.
3141 5488 3290 5544 Satis
3344 5498 3544 5562 aperte
3575 5494 3704 5550 hz—ec

2058 5581 2116 5631 et
2147 5577 2449 5649 eleganter
2487 5575 2643 5632 dicta
2675 5583 2850 5644 sunt;
2883 5593 3014 5647 quae
3049 5582 3245 5633 tamen
3277 5581 3550 5638 archaica
3573 5599 3703 5639 esse

2057 5666 2418 5725 vult-censor
2437 5671 2495 5722 et
2532 5666 2806 5739 miriﬁca,
2839 5681 2975 5726 cum
3031 5665 3154 5730 sint
3206 5667 3385 5742 plane
3443 5671 3705 5746 vulgaria
