4064 6134
300 307 417 368 449

1025 299 1083 359 J.
1130 296 1551 360 PEAHSONII
1594 295 1968 358 VINDICIIE
2011 295 2493 360 IGNATIANIE.
2541 323 2624 347 -ι
2661 299 2863 360 PARS
2907 300 2987 360 II.

3603 303 3722 368 450

305 449 364 500 et
388 439 626 496 usitata.
659 437 724 491 In
756 432 1171 505 antiquissima
1188 431 1468 488 Barnabas
1497 431 1780 504 epistola:
1808 454 1826 479 ι
1848 431 1953 485 Su-
1984 432 2039 500 Α
2140 431 2218 486 De
2257 449 2474 488 «nexus
2487 432 2800 489 verborum
2824 431 3078 488 miriflca
3097 433 3363 490 ratione»
3381 435 3498 492 late
3523 436 3724 509 dispu.

309 548 412 606 pra
451 528 700 583 modum
719 524 1018 580 exhilaror
1038 523 1228 578 beatis
1249 527 1306 576 et
1326 521 1625 593 praclaris
1655 519 1961 591 spiritibus

313 619 522 675 vestris
555 615 717 688 quod
739 615 823 669 sic
845 612 1178 668 naturalem
1201 611 1449 682 gratiam
1472 610 1785 681 accepistis
1809 627 1822 676 ;
1853 631 1878 659 »
1907 613 1965 664 et

316 720 514 769 tamen
547 708 748 763 statim
780 704 963 772 addit,
997 727 1024 754 ‹‹
1061 704 1200 775 quia
1231 720 1362 758 vere
1393 702 1561 757 video
1595 702 1656 757 in
1677 701 1841 756 vobis
1870 701 1967 755 in-

319 803 515 857 fusum
547 796 826 868 spiritum
857 793 929 848 ab
960 792 1207 847 honesto
1227 792 1386 846 fonte
1416 791 1539 846 Dei.
1577 813 1604 839 »
1655 789 1967 862 Gregorius

320 890 712 945 Nazianzenus
735 883 1002 938 oratione
1029 883 1130 936 13:
1167 879 1358 954 Χρόνῳ
1389 878 1476 932 καὶ
1527 878 1677 952 λόγῳ
1733 871 1969 950 βεϐαιω-

321 977 400 1030 Θὶν
427 973 566 1028 ἅπαν
596 970 804 1026 καλλὸν
838 970 996 1046 φύσις
1027 966 1362 1037 καθίσταται,
1391 967 1630 1040 καθάπερ
1681 964 1770 1019 καὶ
1827 966 1862 1032 ἡ
1915 962 1967 1016 ἐν

323 1069 455 1138 ἡμῖν
492 1063 697 1138 ἀγάπη.
734 1082 761 1111 ‹‹
794 1062 1023 1115 Bonum
1065 1074 1240 1113 omne
1300 1063 1566 1129 tempore
1625 1073 1693 1111 ac
1742 1056 1971 1110 ratione

325 1156 740 1212 conﬁrmatum
793 1151 854 1205 in
887 1156 1162 1204 naturam
1203 1149 1434 1213 transit,
1467 1151 1533 1200 ut
1564 1151 1622 1200 et
1653 1162 1722 1200 ea
1747 1161 1879 1216 qua;
1909 1144 1973 1197 in

329 1247 496 1304 nobis
533 1249 623 1298 est
655 1242 934 1297 Charitas.
971 1261 999 1288 ››
1027 1239 1283 1294 Verbum
1315 1237 1494 1292 etiam
1532 1231 1678 1304 ᾅδειν
1729 1240 1973 1302 cantare,

329 1353 447 1393 non
479 1332 712 1406 vulgari
745 1336 804 1386 et
831 1329 1116 1401 legitimo,
1151 1327 1252 1382 sed
1283 1327 1515 1398 poetico
1549 1342 1732 1380 sensu
1779 1322 1978 1395 posuit

329 1445 432 1500 pro
491 1425 790 1481 celebrare.
847 1419 1150 1491 Duplicem
1210 1417 1451 1489 quidem
1508 1417 1667 1470 hunc
1734 1428 1977 1469 sensum

329 1498 656 1590 agnoscunt
710 1508 1103 1584 grammatici,
1147 1513 1214 1563 ut
1275 1507 1667 1561 Ammonius:
1724 1503 1799 1557 Τὸ
1829 1498 1975 1572 ᾅδειν

328 1606 461 1662 ποτὲ
495 1603 588 1677 μὲν
617 1601 679 1656 τὸ
711 1597 943 1674 ψάλλειν
978 1594 1166 1666 δηλοῖ,
1200 1594 1366 1650 ἐνίοτε
1398 1591 1454 1649 δὲ
1483 1593 1546 1648 τὸ
1567 1591 1849 1669 φημίζειν·
1876 1590 1978 1646 sed

335 1711 516 1752 unam
547 1691 1042 1764 signiﬁcationem
1091 1686 1358 1758 poeticae,
1416 1684 1664 1740 alteram
1720 1678 1980 1753 pedestri

331 1781 584 1840 orationi
616 1782 1184 1848 competere,nemo,
1219 1773 1448 1843 opinor,
1482 1770 1674 1826 adhuc
1725 1767 1976 1823 monuit.
2013 1816 2058 1882 Β

331 1875 390 1882 __
477 1872 493 1882 ι
637 1875 648 1882 ρ
694 1869 729 1882 α.
939 1870 949 1882 ι
1072 1860 1100 1871 ⁸¹
1141 1861 1198 1882 ν’)
1394 1880 1432 1882 κ-
1501 1861 1763 1882 ,Αι-ι--..---
1828 1857 1976 1882 --.ιιι

331 1875 400 1930 Et
423 1872 572 1927 adeo
634 1869 810 1923 tritus
869 1870 957 1921 est
1006 1860 1102 1918 τοῖ’)
1134 1861 1277 1933 ᾄδειν
1336 1880 1441 1934 pro
1490 1861 1782 1928 celebrare,
1825 1857 1981 1928 apud

333 1963 528 2018 omnis
558 1959 792 2032 generis
820 1955 1139 2026 scriptores
1165 1971 1328 2021 usus,
1357 1959 1422 2008 ut
1471 1950 1742 2021 exempla
1800 1949 1862 2002 in
1919 1963 1985 2000 re

334 2059 455 2107 tam
480 2057 620 2105 nota
651 2048 914 2119 proferre
946 2043 1184 2115 pudeat.
1221 2043 1408 2097 Verba
1437 2042 1719 2096 inusitata
1763 2044 1821 2093 et
1877 2037 1984 2091 ob-

337 2156 509 2197 scura
529 2138 783 2193 Dallazus
819 2141 936 2189 tam
970 2134 1312 2203 frequenter
1341 2131 1565 2203 lgnatio
1596 2134 1800 2184 nostro
1835 2126 1985 2197 obji-

340 2233 439 2298 cit,
464 2235 530 2284 ut
557 2227 762 2283 credas
796 2225 965 2280 illum
997 2241 1118 2279 non
1152 2223 1324 2277 aliter
1343 2221 1650 2293 scripsisse
1681 2217 1984 2290 epistolas,

344 2337 523 2392 quam
553 2318 688 2374 olim
725 2315 1087 2371 Alexarchus
1118 2311 1432 2367 Cassandri
1490 2310 1673 2363 frater
1727 2305 1987 2378 scripsit,

339 2412 509 2482 cujus
541 2407 789 2479 epistola
820 2404 974 2476 apud
995 2403 1344 2457 Athenaeum
1377 2399 1475 2454 lib.
1510 2415 1570 2452 ιιι
1594 2401 1990 2466 exstat,quam

341 2517 415 2554 ne
450 2497 728 2570 Pythium
761 2493 1003 2566 quidem
1032 2490 1399 2546 intellexisse
1433 2486 1622 2543 critici
1679 2485 1989 2557 putabant,

338 2597 400 2645 ut
427 2587 682 2643 Dallzeus
711 2585 1046 2657 Ignatianas
1080 2581 1363 2652 epistolas
1394 2579 1590 2650 prisca
1608 2577 1798 2631 Loxiae
1822 2573 1994 2646 Apol-

339 2679 478 2733 linis
510 2675 752 2732 oracula
782 2673 1058 2744 appellat.
1093 2671 1255 2726 Illius
1285 2667 1546 2740 epistola)
1578 2664 1886 2735 inscriptio
1909 2662 1994 2716 sic

345 2767 494 2840 apud
519 2767 870 2822 Athenaeum
895 2761 1229 2832 concipitur
1261 2775 1273 2812 :
1310 2754 1645 2829 Ἀλέξαρχος
1677 2753 1704 2806 ὁ
1759 2751 1988 2825 μάρμων

356 2856 584 2928 πρόμοις
613 2855 813 2927 γαθεῖν.
849 2850 1231 2906 Casaubonus
1280 2847 1550 2902 observat
1605 2845 1666 2898 in
1715 2859 1826 2897 ms.
1887 2857 1994 2912 pro

365 2946 584 3018 μάρμων
616 2944 729 3016 legi
767 2941 1012 3014 μάρκων,
1045 2943 1213 3011 putat
1245 2936 1465 3009 μάρκων
1496 2935 1831 3006 significare
1882 2932 1996 2986 im-

348 3040 698 3107 peratorem,
732 3047 931 3100 regem
959 3047 971 3095 ;
1005 3029 1409 3099 conjecturam
1435 3026 1631 3079 ﬁrmat
1660 3022 1854 3076 verbis
1882 3021 1995 3074 He-

347 3124 568 3197 sychii:
604 3121 849 3194 Μάρκος,
883 3117 1100 3185 ἐντολή.
1135 3114 1545 3170 Infelicissime
1605 3111 1825 3166 omnia.
1886 3110 1996 3163 Ne-

348 3229 463 3284 que
495 3212 653 3267 enim
689 3207 1051 3264 Alexarchus
1083 3206 1407 3276 imperator
1439 3207 1540 3257 aut
1568 3218 1671 3256 rex
1703 3200 1853 3265 fuit;
1887 3214 1993 3252 ne-

348 3318 461 3373 que
496 3299 701 3372 μάρκος
729 3301 924 3354 Grzece
953 3297 1296 3360 mandatum,
1332 3291 1647 3365 signiﬁcat.
1679 3289 1788 3344 Illa
1817 3287 1992 3342 verba

345 3392 643 3464 Hesychii,
667 3396 730 3445 ut
756 3389 874 3444 alia
897 3386 1243 3458 compluria,
1270 3403 1341 3440 ex
1372 3383 1552 3438 veteri
1584 3382 1773 3436 lexico
1827 3384 1990 3434 tran-

350 3482 569 3554 scripta
602 3485 760 3547 sunt,
789 3495 904 3548 quo
938 3475 1398 3532 continebantur
1453 3471 1698 3526 nomina
1754 3467 1996 3540 propria

349 3572 484 3627 Novi
510 3569 873 3624 Testamenti
906 3567 979 3622 ad
1013 3565 1328 3620 Hebraicas
1347 3561 1602 3634 origines
1626 3559 1765 3614 satis
1796 3559 1995 3628 inepte

350 3660 561 3714 relata.
592 3659 750 3712 Inter
780 3656 897 3711 alia
928 3654 1083 3725 apud
1115 3655 1564 3721 Hieronymum,
1590 3665 1720 3720 qua)
1744 3663 1815 3701 ex
1841 3645 1996 3701 Actis

347 3749 730 3821 colliguntur,
789 3768 817 3794 «
877 3747 1125 3812 Marcus,
1185 3742 1524 3795 mandatum.
1559 3759 1587 3786 »
1646 3736 1803 3791 Talia
1836 3739 1996 3801 sunt,

351 3839 508 3910 apud
564 3834 940 3906 Hesychium,
1003 3829 1227 3905 Πέτρος,
1287 3825 1546 3894 ἐπιλύων,
1581 3821 1995 3899 ἐπιγινώσκων,

353 3926 510 3998 apud
542 3926 991 3995 Hieronymum,
1025 3943 1054 3970 «
1087 3923 1316 3985 Petrus,
1349 3931 1718 3987 agnoscens,»
1751 3917 1809 3969 et
1867 3930 1997 3968 rur-

356 4033 485 4071 sum
520 4031 532 4068 :
569 4036 597 4064 ‹‹
631 4016 864 4080 Petrus,
896 4025 1212 4081 agnoscens,
1245 4008 1364 4062 sive
1395 4007 1708 4063 dissolvens.
1747 4024 1775 4052 ››
1829 4000 2001 4073 Apud

355 4120 532 4174 quem
569 4103 768 4171 etiam,
804 4122 831 4150 ‹‹
863 4098 1150 4165 Priscilla,
1183 4111 1498 4165 agnoscens,
1558 4092 1838 4164 Pyrrhus,
1889 4091 2000 4144 dis-

353 4195 581 4248 solvens.
617 4213 644 4240 ››
678 4189 843 4245 Unde
874 4193 1008 4259 post
1031 4185 1220 4242 multa
1241 4189 1397 4238 recte
1430 4180 1768 4237 concludit:
1806 4202 1833 4229 «
1869 4180 2003 4234 Haec

358 4282 558 4338 omnia
589 4282 790 4336 Grieca
820 4278 1067 4333 nomina
1097 4275 1185 4330 vel
1236 4275 1441 4328 Latina
1489 4287 1667 4342 quam
1715 4269 2004 4324 violenter

358 4371 687 4427 secundum
716 4369 978 4440 linguam
1011 4365 1358 4421 Hebraicam
1414 4362 1807 4432 interpretata
1860 4359 2002 4424 sint,

358 4459 740 4532 perspicuum
777 4474 904 4512 esse
936 4460 1078 4527 puto
1102 4453 1330 4508 lectori.
1367 4473 1395 4500 »
1429 4452 1555 4506 Non
1583 4450 1762 4521 igitur
1790 4447 1817 4500 ὁ
1862 4446 2002 4521 μάρ-

2070 525 2156 576 tat
2185 521 2271 575 vir
2299 522 2958 592 doctissimus,eamque
2977 544 2998 573 ι
3035 523 3108 578 ad
3127 523 3293 579 illam
3314 542 3492 595 quam
3526 549 3554 577 »
3576 529 3721 583 scri-

2073 617 2206 683 ptor
2231 633 2258 661 «
2291 616 2620 666 assectatur
2647 627 2928 683 pompam
2959 611 3208 667 multum
3231 613 3425 669 facere
3444 617 3728 674 »arbitra.

2074 707 2187 756 tur.
2224 699 2541 754 Videamus
2592 705 2790 754 autem
2826 717 3101 771 quamam
3142 701 3246 755 illa
3277 702 3396 756 sint
3430 707 3724 774 quzeadeo

2075 791 2409 862 pompatice
2427 790 2691 860 loquitur
2707 790 2966 860 lgnatius
2981 793 3626 866 noster.«Evangelium
3646 797 3729 851 di-

2078 882 2165 935 xit
2195 880 2410 934 Christi
2443 895 2705 934 carnem.
2734 900 2761 928 »
2785 880 2970 944 Quam
2999 881 3368 952 pompatice!
3401 883 3725 960 προσφυγὼν

2081 966 2400 1043 Εὐαγγελίῳ
2431 967 2504 1028 ὡς
2539 964 2695 1040 σαρκὶ
2738 968 2994 1038 Χριστοῦ·
3054 970 3180 1024 Non
3234 971 3326 1026 his
3384 973 3578 1028 verbis
3635 975 3726 1028 di-

2081 1066 2235 1114 serte
2268 1058 2642 1130 Evangelium
2665 1057 2878 1112 Christi
2901 1073 3141 1113 carnem
3165 1059 3333 1128 dixit,
3366 1063 3470 1118 sed
3499 1065 3726 1135 fugien-

2084 1149 2220 1204 dum
2245 1152 2450 1203 monet
2480 1147 2554 1202 ad
2587 1147 2964 1219 Evangelium
3019 1151 3301 1219 tanquam
3355 1151 3428 1206 ad
3485 1170 3724 1210 carnem

2083 1238 2323 1293 Christi.
2358 1239 2448 1291 An
2479 1235 2747 1291 Christus
2775 1253 2837 1290 se
2869 1237 3060 1292 furem
3093 1237 3260 1307 dixit,
3294 1257 3429 1295 cum
3461 1243 3587 1298 haec
3644 1244 3726 1298 lo-

2084 1331 2275 1394 cutus,
2310 1330 2400 1380 est
2426 1325 2546 1392 ἣκω
2579 1321 2666 1376 ἐπὶ
2699 1323 2756 1376 σὲ
2786 1323 2861 1384 ὡς
2891 1321 3158 1394 κλέπτης,
3203 1330 3424 1385 «venio
3446 1331 3519 1386 ad
3553 1337 3628 1400 te,
3658 1349 3725 1387 eo

2085 1415 2260 1471 modo
2292 1431 2408 1485 quo
2439 1413 2536 1468 fur
2555 1413 2754 1468 venire
2777 1413 2973 1469 solet?
2996 1437 3024 1464 ››
3043 1423 3128 1470 An
3153 1415 3356 1473 lunam
3379 1421 3729 1492 sanguinem

2085 1504 2237 1559 dixit
2265 1505 2322 1559 S.
2377 1504 2656 1570 Joannes,
2713 1519 2847 1557 cum
2876 1503 2979 1559 illa
3008 1505 3265 1576 scripsit,
3313 1508 3348 1575 ἡ
3382 1506 3586 1580 σελήνη
3620 1508 3732 1582 ἐγέ-

2085 1612 2206 1645 νετο
2239 1590 2312 1652 ὡς
2344 1590 2506 1662 αἷμα,
2539 1613 2566 1640 ‹‹
2603 1592 2766 1646 Luna
2797 1593 2950 1646 facta
2980 1598 3069 1647 est
3089 1598 3373 1666 tanquam
3405 1600 3733 1670 sanguis?»

2087 1684 2175 1736 An
2207 1697 2342 1736 cum
2369 1680 2786 1751 Philippenses
2812 1681 3162 1753 Polycarpus
3201 1685 3379 1756 jubet
3434 1687 3732 1760 subjectos

2091 1789 2218 1828 esse
2249 1772 2611 1843 presbyteris
2643 1777 2702 1826 et
2730 1772 3020 1843 diaconis,
3054 1772 3128 1835 ὡς
3177 1779 3294 1846 Θεῷ
3350 1776 3438 1830 καὶ
3496 1781 3733 1854 Χριστῷ,

2089 1863 2498 1934 presbyterum
2558 1863 2742 1916 Deum
2799 1861 2970 1930 dixit,
3032 1869 3135 1918 aut
3190 1865 3505 1922 diaconum
3573 1871 3736 1924 Chri-

2090 1957 2247 2006 stum
2280 1951 2307 2005 ?
2362 1949 2530 2005 Nullo
2575 1950 2772 2004 modo.
2829 1949 2918 2011 Ὠς
2973 1952 3429 2011 similitudinem
3479 1956 3739 2029 aliquam

2092 2039 2448 2096 denotat.Ad
2472 2040 2851 2111 Evangelium
2874 2040 3045 2112 fugit,
3101 2059 3168 2096 ac
3218 2044 3266 2098 si
3317 2046 3391 2100 ad
3444 2046 3741 2102 Christum

2091 2130 2466 2183 incarnatum
2512 2127 2792 2199 fugeret;
2849 2129 2913 2182 in
2986 2129 3089 2183 illo
3163 2131 3324 2186 enim
3404 2134 3743 2206 depingitur

2091 2218 2446 2284 incarnatio,
2507 2218 2644 2280 vita,
2704 2217 2901 2288 passio
2961 2219 3197 2274 Christi.
3258 2221 3459 2276 Fidem
3501 2224 3741 2293 quidem

2096 2323 2338 2362 carnem
2371 2305 2610 2370 Christi,
2640 2309 2698 2359 et
2720 2305 3070 2361 charitatem
3101 2310 3448 2379 sanguinem
3501 2313 3742 2383 Christi,

2096 2395 2376 2466 appellat,
2411 2410 2530 2448 non
2562 2393 2959 2465 singulariter,
3010 2413 3131 2451 non
3190 2399 3560 2472 mirabiliter,
3621 2420 3741 2459 non

2101 2483 2464 2556 prodigiose;
2496 2483 2608 2537 hoc
2639 2483 2799 2537 enim
2831 2483 2982 2538 nihil
3013 2485 3176 2540 aliud
3206 2493 3315 2558 est,
3347 2506 3524 2559 quam
3559 2496 3742 2549 totam

2096 2572 2402 2643 religionis
2433 2571 2780 2626 Christianas
2813 2572 2931 2627 vim
2958 2579 3015 2627 et
3044 2574 3373 2632 efﬁcaciam
3403 2579 3464 2633 in
3512 2581 3628 2635 ﬁde
3686 2587 3744 2636 et

2097 2670 2382 2725 charitate
2406 2669 2718 2725 collocare.
2755 2671 3032 2726 Hortatur
3051 2677 3118 2727 ut
3138 2675 3414 2746 episcopo
3445 2677 3745 2748 obediant,

2111 2777 2226 2831 quo
2259 2759 2400 2813 unio
2432 2775 2635 2813 eorum
2669 2759 2746 2813 sit
2774 2760 3030 2814 carnalis
3061 2766 3120 2816 et
3149 2764 3473 2833 spiritualis
3499 2783 3511 2832 ;
3541 2767 3600 2822 id
3633 2774 3745 2837 est,

2099 2855 2165 2904 ut
2192 2864 2311 2902 non
2341 2851 2571 2902 tantum
2595 2863 2841 2918 corpore
2873 2848 2935 2902 in
2957 2849 3226 2904 eamdem
3248 2852 3572 2909 Ecclesiam
3601 2873 3744 2911 con-

2099 2938 2359 3005 veniant,
2378 2937 2481 2992 sed
2495 2937 2672 2991 etiam
2691 2937 2910 2992 animis
2922 2944 3098 3009 atque
3122 2942 3434 2997 sententiis
3454 2945 3744 3001 unitatem

2103 3027 2320 3081 colant.
2357 3027 2551 3080 Monet
2581 3025 2970 3097 Polycarpum
3002 3034 3067 3082 ut
3087 3027 3282 3084 locum
3316 3048 3488 3086 suum
3542 3033 3746 3089 defen-

2107 3115 2348 3184 dat,hoc
2373 3120 2484 3180 est,
2517 3116 2930 3170 auctoritatem
2989 3133 3167 3186 quam
3197 3119 3501 3176 obtinebat
3556 3123 3616 3176 in
3649 3125 3750 3178 Ec-

2035 3179 2078 3246 Ο
2110 3204 2292 3260 clesia
2312 3205 2736 3270 tueatur,omni
2765 3221 2906 3259 cura
2931 3206 3156 3261 carnali
3180 3213 3239 3262 et
3269 3210 3751 3283 spirituali;quod

2117 3294 2335 3349 mirum
2365 3293 2591 3348 nemini
2613 3294 2794 3349 videri
2827 3295 3128 3366 debet,qui
3160 3297 3303 3371 legit
3333 3301 3445 3356 ista
3474 3301 3700 3357 S.Pauli
3735 3321 3748 3358 :

2101 3381 2430 3453 Ὑπωηιάζῳ
2492 3402 2597 3453 μου
2652 3382 2714 3437 τὸ
2773 3387 2952 3454 σῶμα.
3015 3387 3234 3442 Moneri
3291 3389 3413 3443 vult
3477 3392 3752 3448 mulieres

2107 3472 2582 3538 Christianas,ut
2604 3473 2832 3527 maritis
2862 3479 3154 3530 contentae
3185 3476 3305 3531 sint
3334 3493 3512 3535 carne
3546 3487 3604 3534 et
3636 3481 3750 3552 spi-

2104 3561 2362 3628 ritu,hoc
2392 3566 2501 3628 est,
2523 3583 2550 3610 «
2582 3566 2648 3616 ut
2679 3578 2799 3617 non
2829 3563 3148 3618 carnaliter
3173 3568 3537 3632 tantum,sed
3557 3585 3752 3640 neque

2105 3650 2304 3704 animo
2337 3650 2760 3720 concupiscant
2789 3650 2938 3706 alios
2968 3652 3144 3719 viros,
3179 3675 3199 3702 ι
3235 3659 3302 3708 ut
3330 3660 3487 3709 recte
3519 3657 3753 3712 Isaacus

2111 3739 2368 3793 Vossius.
2403 3740 2469 3792 In
2501 3739 2772 3793 eamdem
2804 3741 3159 3796 sententiam
3205 3742 3436 3799 locutus
3491 3745 3754 3816 lgnatius

2110 3831 2315 3881 noster
2344 3827 2406 3880 in
2436 3826 2688 3896 epistola
2717 3827 2792 3881 ad
2813 3828 3236 3898 Ephesios,sed
3261 3831 3436 3887 verba
3461 3835 3755 3889 truncavit

2110 3915 2381 3982 Dallaeus,
2417 3921 2482 3969 ut
2510 3915 2696 3986 magis
2749 3915 3000 3972 obscura
3040 3917 3394 3988 viderentur,
3458 3918 3641 3992 μένετε
3697 3918 3749 3975 ἐν

2110 4014 2332 4086 Χριστῷ
2359 4016 2631 4084 σαρκικῶς
2663 4011 2753 4065 καὶ
2783 4019 3182 4085 πνευματικῶς.
3219 4019 3302 4071 Ita
3332 4017 3529 4072 locum
3589 4020 3752 4088 citat,

2110 4109 2175 4158 ut
2204 4120 2238 4158 a
2268 4102 2642 4157 dolosissimo
2677 4103 2983 4158 Blondello
3016 4104 3322 4161 laudatum
3353 4108 3594 4178 reperit.
3637 4108 3752 4164 Sed

2115 4193 2342 4264 integra
2375 4192 2670 4246 sententia
2701 4197 2790 4245 est
2823 4208 2836 4246 :
2871 4191 2959 4246 Ἑν
2987 4191 3134 4266 πάσῃ
3162 4192 3347 4267 ἁγνείᾳ
3402 4194 3490 4248 καὶ
3546 4215 3762 4271 σωφρο-

2117 4282 2248 4355 σύνῃ
2287 4281 2473 4352 μὲνετε
2503 4279 2554 4334 ἐν
2585 4281 2767 4349 Ἰησοῦ
2807 4283 3027 4354 Χριστῷ
3059 4287 3329 4359 σαρρικῶς
3377 4285 3468 4338 καὶ
3525 4305 3766 4358 πνευμα-

2113 4373 2300 4430 rixam.
2332 4369 2512 4425 Vetus
2544 4371 2840 4442 interpres
2870 4389 2882 4426 :
2915 4394 2943 4422 «
2980 4372 3048 4426 In
3070 4373 3231 4428 omni
3254 4376 3523 4430 castitate
3548 4381 3606 4430 et
3627 4381 3770 4431 tem-

2118 4458 2389 4532 perantia
2419 4460 2710 4514 maneatis
2740 4460 2801 4513 in
2831 4461 2970 4515 Jesu
3016 4462 3273 4531 Christo,
3336 4465 3659 4520 carnaliter
3714 4469 3772 4520 et

363 4569 500 4620 μων,
525 4563 720 4618 neque
753 4545 780 4598 ὁ
817 4544 1037 4617 μάρκων
1067 4543 1140 4597 ad
1171 4541 1585 4604 Alexarchum.
1617 4537 1848 4609 opinor.
1876 4553 2012 4608 ρετ·
2045 4535 2090 4601 D
2123 4549 2534 4622 spiritualiter.
2570 4572 2598 4599 ››
2627 4550 2777 4615 Quid
2807 4556 3002 4607 autem
3037 4553 3198 4608 aliud
3227 4554 3320 4609 his
3350 4556 3544 4611 verbis
3602 4556 3769 4623 dixit,

362 4637 648 4693 tinet.Sed
680 4635 996 4707 legendum
1019 4633 1249 4687 videtur
1271 4646 1393 4685 una
1421 4644 1559 4682 voce
1587 4623 2018 4698 ὁμαίμων.Βᾶῐᾶ

365 4733 451 4783 est
481 4727 750 4798 epistola,
804 4729 870 4779 ut
927 4723 1201 4777 observat
1257 4719 1597 4782 Athenaaus,
1657 4715 1731 4771 ad
1786 4717 2020 4769 Κασσαν-

366 4813 530 4890 δρὲων
566 4811 864 4888 ἄρχοντας.
902 4835 930 4862 ‹‹
999 4808 1530 4867 Cassandrensium
1554 4805 1956 4877 magistratus,
1989 4824 2018 4853 »

364 4907 471 4961 hos
531 4910 700 4960 vocat
749 4901 1005 4974 ὁμαίμων
1053 4898 1322 4972 πρόμους,
1357 4917 1382 4949 ι
1439 4897 2019 4967 consanguineorum

368 4995 770 5068 magistratus,
806 5008 908 5046 seu
941 4989 1314 5062 praepositos,
1348 5009 1376 5037 ››
1411 4989 1553 5042 sunt
1598 4985 1757 5040 enim
1807 4984 2021 5058 πρόμοι

369 5084 420 5138 ot
452 5085 792 5158 προεστῶτες
820 5102 834 5149 ;
871 5078 1342 5150 consanguineos
1363 5080 1562 5130 autem
1595 5073 1855 5145 appellat
1883 5075 2023 5128 Cas-

367 5170 910 5242 sandrenses,quod
944 5170 1071 5240 ipse
1102 5165 1415 5222 Cassandri
1447 5164 1602 5236 regis
1632 5163 1815 5218 frater
1843 5168 2020 5230 esset,

372 5263 470 5333 qui
504 5260 924 5316 Cassandriam
968 5255 1256 5313 condidit.
1318 5253 1630 5324 Inscriptio
1689 5252 1869 5324 igitur
1896 5253 2024 5308 hinc

364 5357 537 5407 sonat
565 5368 578 5404 :
614 5373 642 5399 «
678 5349 1038 5404 Alexarchus
1066 5344 1641 5415 consanguineorum
1672 5342 2026 5413 magistrati-

363 5441 476 5495 bus
534 5438 815 5512 gaudere,
875 5458 905 5486 ››
962 5443 1143 5508 γαθεῖν
1177 5434 1335 5490 enim
1369 5432 1528 5487 idem
1569 5435 1659 5487 est
1687 5432 1848 5502 quod
1879 5429 2018 5509 χαί-

366 5550 492 5605 ρειν.
528 5526 700 5594 Quod
728 5526 950 5598 vulgari
999 5526 1200 5598 lingua
1257 5524 1458 5577 Grmca
1509 5521 1592 5575 ita
1648 5521 2020 5592 exprimitur,

363 5619 708 5691 Ἀλέξαρχος
730 5611 1115 5690 Κασσανδρέων
1141 5611 1417 5688 ἄρχουσσι
1446 5608 1678 5685 χαίρειν.

2127 4655 2302 4710 quam
2337 4639 2496 4710 quod
2528 4640 2580 4693 S.
2615 4640 2834 4696 Paulus
2893 4641 2942 4695 II
2999 4643 3128 4697 Cor.
3181 4660 3276 4711 vn,
3333 4648 3401 4699 l:
3453 4646 3774 4701 Mundemus

2126 4744 2224 4782 nos
2242 4729 2309 4782 ab
2340 4730 2489 4782 omni
2519 4729 2964 4797 iniquinamento
2985 4734 3169 4787 carnis
3217 4739 3269 4786 et
3316 4734 3568 4804 spiritus,
3607 4737 3777 4803 perﬁ-

2128 4820 2322 4872 cientes
2352 4817 2839 4885 sanctiﬁcationem
2877 4821 2937 4872 in
2981 4822 3178 4876 timore
3233 4823 3382 4876 Dei?
3429 4825 3554 4877 Non
3597 4822 3776 4893 igitur

2129 4905 2255 4960 hinc
2288 4905 2520 4960 obscura
2549 4911 2707 4974 sunt,
2750 4907 2852 4961 sed
2884 4909 3198 4979 perspicua
3229 4910 3392 4979 satis,
3447 4925 3641 4980 neque
3690 4909 3778 4964 lo-

2131 4995 2385 5049 cutionis
2415 4994 2686 5065 exempla
2705 4995 2944 5050 aliunde
2967 4997 3290 5066 quaerenda
3311 4999 3575 5064 sunt,ubi
3603 4997 3779 5054 verba

2131 5099 2266 5138 cum
2297 5083 2353 5138 S.
2386 5083 2554 5136 Pauli
2585 5083 2843 5139 dictione
2876 5089 2934 5138 et
2961 5086 3258 5141 sententia
3301 5090 3416 5141 tam
3441 5086 3594 5142 bene
3644 5104 3780 5142 con-

2133 5172 2753 5242 veniuntQuanquam
2787 5173 2928 5243 quid
2963 5175 3132 5228 estin
3164 5175 3256 5229 his
3287 5176 3497 5247 Ignatii
3530 5176 3780 5231 locutio-

2134 5259 2310 5315 nibus
2341 5259 2528 5328 magis
2579 5259 2797 5314 mirum
2829 5266 2931 5314 aut
2979 5261 3298 5316 obscurum
3358 5264 3616 5333 quamin
3663 5263 3782 5319 illis

2135 5349 2324 5404 verbis
2354 5348 2718 5415 Tertulliani,
2773 5350 2843 5402 De
2872 5349 3026 5404 cultu
3055 5350 3395 5418 feminarum
3424 5369 3485 5420 ιι,
3546 5369 3676 5425 cap.
3710 5356 3780 5410 9:

2136 5461 2163 5490 κ
2197 5438 2315 5495 Nos
2346 5454 2550 5493 sumus
2573 5437 2944 5493 circumcisio
2977 5440 3559 5513 omnium,spiritalis
3591 5446 3650 5498 et
3668 5458 3792 5498 car-

2131 5528 2288 5584 nalis
2319 5546 2331 5583 :
2360 5543 2500 5583 nam
2530 5533 2590 5584 et
2618 5527 2679 5583 in
2703 5528 2916 5599 spiritu
2953 5533 3010 5584 et
3059 5529 3119 5584 in
3177 5545 3354 5588 carne
3396 5532 3613 5588 seculo
3673 5533 3790 5588 cir-

2133 5617 2530 5702 cumcidimur
2549 5619 2576 5674 ?
2601 5640 2621 5669 ι
2657 5619 2783 5675 Νοιι
2807 5618 3257 5678 dico‘Dallaaum
3302 5623 3671 5694 episcopatus
3721 5636 3753 5677 ο
