4064 6134
343 200 460 264 151

1408 193 1475 262 Β.
1519 197 1926 259 IGNATIUS.
1974 231 2052 251 -—
2092 199 2706 264 PROLEGOMENA.

3637 216 3762 280 452

342 334 695 393 hierarchias
727 332 930 389 odium
953 345 1303 398 excascasse,
1339 345 1454 401 quo
1495 329 1694 385 minus
1723 329 1849 386 haec
1908 349 1920 382 1

2032 333 2074 402 Α
2109 329 2492 405 λαμπρότερος
2530 333 2557 386 ὁ
2581 331 2799 407 δεσμός.
2839 356 2864 390 α
2924 337 3036 394 Sed
3066 338 3178 396 hac
3207 357 3429 400 corona
3457 343 3766 405 illustrior

344 427 549 494 deret;
584 425 694 479 hoc
725 423 878 490 dico,
913 424 1389 492 prmconceptam
1420 418 1492 474 de
1534 419 1738 473 ﬁctore
1791 420 1992 476 nescio

341 532 457 586 quo
481 515 681 583 inepto
706 510 1063 566 sententiam
1084 508 1605 581 impedivisse,quo
1617 508 1816 563 minus
1832 525 1992 564 men-

338 609 460 659 tem
483 601 742 657 auctoris
765 600 1126 670 exquireret,
1160 603 1262 653 aut
1302 597 1590 668 optimum
1624 597 1754 669 ejus
1794 598 1987 654 verbis

339 709 581 749 sensum
616 696 674 746 et
705 690 806 745 tali
829 689 949 744 viro
969 689 1213 760 dignum
1245 687 1441 742 inesse
1464 686 1982 744 animadverteret.

403 800 512 856 Sed
546 805 603 853 et
631 797 868 853 vincula
902 813 1007 851 sua
1033 795 1369 867 spirituales
1416 794 1768 866 margaritas
1794 795 1978 862 dicit;

329 892 440 946 hoc
471 890 544 946 ad
571 883 736 964 ὄγκον
768 885 1027 958 pertinet
1057 884 1156 939 :in
1188 885 1260 940 iis
1292 888 1456 956 Optat
1484 900 1795 956 resurgere
1831 885 1980 950 ;hoc

328 981 612 1036 audacius
635 984 693 1032 et
722 975 970 1048 frigidus
1000 980 1107 1029 est.
1144 974 1232 1029 Ad
1263 974 1404 1045 quid
1438 974 1616 1046 igitur
1674 973 1979 1046 pertinent

326 1070 432 1126 illa
453 1071 507 1125 S.
538 1067 850 1138 Polycarpi
883 1066 942 1120 in
966 1065 1092 1135 ipso
1128 1064 1295 1119 initio
1330 1063 1595 1134 epistolae
1627 1063 1700 1118 ad
1748 1063 1973 1134 Philip-

2105 427 2330 478 catena.
2368 444 2394 466 τι
2424 424 2629 479 Nonne
2661 427 2772 481 hoc
2792 425 3007 483 falsum
3039 429 3315 486 videtur?
3335 449 3410 488 an
3433 435 3761 509 quidquam
3859 444 3861 446 ’

2097 517 2294 584 potest
2319 530 2448 569 esse
2480 531 2697 570 corona
2718 515 2967 587 justitim
2990 517 3282 575 illustrius
3311 525 3339 578 ?
3369 529 3470 577 aut
3503 525 3549 579 si
3583 529 3765 598 quid-

2096 618 2275 671 quam
2308 619 2436 658 esse
2458 604 2665 676 possit,
2698 622 2772 660 an
2803 607 3059 662 catena?
3097 608 3261 665 Idem
3294 611 3757 685 Chrysostomus

2093 690 2164 745 de
2199 692 2254 746 S.
2279 693 2445 778 Pauli
2465 694 2736 759 vinculis,
2771 712 2902 766 quae
2933 713 3040 752 sua
3069 703 3242 754 aetate
3277 703 3576 760 exstitisse
3635 725 3752 778 pu-

2092 775 2673 856 ῐᾶῢεὶῐεἙϐουλόμην
2727 781 2858 839 ἰδείν
2883 785 2977 849 τὰς
3038 785 3276 857 ἁλύσεις,
3337 793 3398 854 ἅς
3440 775 3746 852 δεδοίκᾶσιν

2090 870 2184 940 μὶν
2247 866 2501 942 δαιμονες
2549 871 2638 927 καὶ
2699 871 3002 950 φρίττουσι,
3053 873 3331 933 αἰδοῦνται
3393 877 3448 935 δέ
3492 881 3744 961 ἄγγελοι.

2089 979 2114 1010 ι
2143 960 2366 1016 Vellem
2397 961 2594 1018 videre
2627 968 2866 1020 catenas
2897 983 3046 1038 quas
3078 971 3448 1040 metuebant,
3482 960 3554 1029 ad
3588 993 3739 1047 quas

2082 1061 2551 1117 contremiscunt
2580 1063 2897 1131 daemones,
2931 1083 3077 1137 quas
3101 1070 3296 1140 angeli
3318 1081 3736 1130 venerantur.»

322 1154 652 1230 penses,de
675 1153 882 1209 eadem
905 1152 1082 1223 plane
1112 1168 1194 1216 re,
1227 1150 1557 1221 iisdemque
1615 1149 1885 1220 vinculis,
1908 1155 1975 1206 ut
2081 1149 2194 1203 Sed
2226 1149 2285 1204 in
2316 1151 2409 1205 his
2442 1151 2692 1207 vinculis
2723 1159 2887 1224 Optat
2930 1156 3222 1229 refugere,
3254 1177 3362 1231 pro
3421 1163 3730 1221 hominem

320 1248 573 1313 videtur,
605 1251 665 1298 et
695 1261 766 1301 ex
795 1242 1126 1298 imitatione
1158 1241 1212 1295 S.
1247 1240 1477 1313 Ignatii,
1528 1239 1628 1294 ubi
1678 1245 1970 1310 martyres

319 1335 603 1392 describit
635 1351 648 1390 :
683 1330 828 1393 Τοὺς
859 1328 1244 1401 ἐνειλημένους
1294 1327 1678 1402 ἀγιοπρεπέσιν
1720 1324 1965 1399 δεσμοῖς,

317 1429 471 1484 ἅτινά
501 1427 612 1488 ἑςτι
644 1421 959 1496 διαδήματι
995 1427 1105 1477 τῶν
1136 1419 1361 1490 ἀληθῶς
1395 1421 1499 1476 ὑπὸ
1527 1424 1663 1476 Θεοῦ
1717 1420 1808 1475 καὶ
1864 1425 1963 1475 τοῦ

315 1516 518 1592 Κυρίου
538 1519 695 1590 ἡμῶν
726 1511 1154 1588 ἐκλελεγμένων.
1177 1535 1205 1563 ‹‹
1248 1515 1501 1567 Innexos
1531 1511 1780 1566 vinculis
1809 1511 1963 1567 viros

315 1613 550 1664 sanctos
573 1603 1012 1672 decorantibus,
1046 1619 1176 1672 qum
1200 1606 1339 1656 sunt
1363 1600 1699 1656 diademata
1729 1617 1956 1669 eorum,

312 1699 471 1769 quia
501 1698 617 1751 Deo
645 1703 702 1750 et
731 1693 979 1750 Domino
1032 1696 1234 1746 nostro
1283 1691 1455 1747 electi
1501 1695 1640 1745 sunt
1675 1690 1701 1745 ?
1748 1710 1772 1740 ιν
1817 1692 1955 1755 Quae
1986 1709 2034 1776 Β

307 1787 573 1841 imitatus
604 1789 693 1839 est
721 1784 778 1837 S.
811 1783 1285 1853 Cbrysostomus,
1311 1779 1381 1834 de
1423 1780 1478 1834 S.
1530 1778 1712 1834 Paulo
1761 1779 1952 1834 vincto

305 1875 606 1930 disserens
631 1869 1091 1944 ειίαντὸςχρυαοῦ
1122 1866 1506 1942 λαμπροτέρας
1532 1863 1716 1928 αὺτοῖς
1743 1863 1948 1922 ἐδείκνυ

302 1965 398 2026 τὰς
431 1969 639 2038 χεῖρας,
688 1959 890 2022 παντὸς
951 1955 1291 2032 διαδήματος
1349 1956 1657 2033 βασιλικοῦ.
1692 1981 1720 2008 ‹‹
1775 1959 1946 2014 Omni

302 2071 445 2111 auro
477 2052 913 2125 splendidiores
936 2049 1195 2106 ostendit
1221 2049 1336 2104 illis
1357 2049 1764 2116 manus,omni
1784 2049 1945 2121 regio

301 2143 656 2199 diademate.
691 2163 719 2192 »
753 2141 1044 2213 lgnatium
1075 2145 1273 2194 autem
1317 2139 1581 2194 imitatus
1640 2143 1728 2193 est
1779 2138 1947 2209 Poly-

295 2258 509 2312 carpus
531 2256 544 2294 :
570 2255 707 2293 nam
742 2237 1078 2293 diademata
1106 2235 1440 2308 margaritis
1463 2251 1717 2290 maxime
1739 2238 1939 2291 ornari

295 2329 586 2385 solebant.
627 2329 1078 2399 Chrysostomus
1108 2325 1374 2380 oratione
1405 2327 1463 2378 in
1512 2326 1570 2380 S.
1625 2325 1940 2381 Meletium:

292 2418 542 2492 Καθάπερ
574 2437 655 2478 τις
681 2417 936 2493 στέφανον
967 2411 1183 2469 πλέκων
1217 2417 1476 2488 χρυσοῦν,
1505 2412 1619 2467 εἶτα
1666 2415 1934 2487 μαργαρί-

281 2529 378 2570 τας
412 2507 658 2572 ἐντιθεὶς,
695 2509 764 2578 τῇ
817 2503 1115 2568 πυκνότητι
1159 2506 1267 2556 τῶν
1325 2499 1490 2556 λίθων
1548 2499 1930 2577 λαμπρότερον

2078 1239 2364 1294 audacem
2399 1240 2410 1294 ι
2444 1241 2591 1312 proh
2645 1242 2921 1314 frigidum
2982 1247 3362 1318 sophistam!
3419 1253 3541 1308 Imo
3601 1256 3730 1311 haec

2073 1327 2181 1382 viri
2239 1335 2397 1394 sunt,
2457 1335 2515 1384 et
2570 1332 2910 1401 passionem
2989 1352 3095 1404 pro
3182 1337 3399 1394 Christi
3481 1343 3726 1400 nomine

2074 1417 2329 1474 maxime
2363 1418 2734 1488 uestimentis,
2759 1427 2816 1476 et
2847 1424 3114 1496 martyrii
3145 1428 3542 1484 certissimum
3575 1449 3720 1504 prae-

2071 1506 2258 1562 mium
2290 1508 2629 1564 ﬁrmissime
2660 1513 3079 1582 exspectantis.
3142 1516 3292 1580 Quid
3340 1519 3498 1573 enim
3557 1521 3718 1577 aliud

2068 1603 2159 1653 est
2187 1599 2247 1654 in
2306 1599 2551 1655 vinculis
2608 1601 2902 1673 refugere,
2927 1620 3105 1674 quam
3139 1623 3339 1662 coram
3372 1609 3489 1664 Deo
3522 1611 3586 1665 in
3618 1613 3714 1668 die

2056 1687 2268 1759 judicii
2305 1694 2587 1758 tanquam
2621 1696 2942 1762 martyrem
2965 1710 3070 1764 pro
3090 1695 3319 1751 Christo
3339 1710 3715 1769 apparere,et

2064 1792 2262 1832 coram
2277 1779 2501 1848 angelis
2516 1779 2928 1836 ethominibus
2954 1783 3334 1853 passionibus
3367 1790 3714 1848 testimonia

2060 1866 2337 1922 exhibere
2361 1867 2388 1922 ?
2417 1868 2688 1939 Legimus
2711 1869 2990 1940 Babylam
3016 1872 3290 1944 S.lgnatii
3311 1876 3373 1932 in
3403 1879 3710 1951 epiSCOpa-

2055 1961 2120 2010 tu
2145 1956 2532 2012 Antiochensi
2563 1975 2988 2028 successorem,
3019 1967 3084 2017 ut
3114 1963 3262 2018 illud
3321 1968 3450 2037 ejus
3507 1975 3707 2027 votum

2057 2045 2184 2100 sine
2215 2045 2394 2102 dubio
2427 2047 2662 2117 assequi
2693 2054 2911 2118 posset,
2947 2050 3007 2105 in
3048 2053 3344 2110 mandatis
3376 2056 3612 2114 dedisse
3639 2067 3708 2116 ut

2051 2133 2282 2189 vincula
2313 2150 2419 2189 sua
2448 2134 2625 2189 simul
2659 2152 2792 2190 cum
2835 2153 3080 2209 corpore
3137 2141 3554 2213 sepelirentur.
3619 2148 3706 2203 Ita

2051 2223 2260 2278 Suidas
2291 2241 2361 2278 ex
2392 2224 2592 2295 aliquo
2623 2224 2802 2280 veteri
2864 2227 3150 2299 scriptore
3182 2247 3194 2286 :
3255 2234 3480 2286 Ἔπειτα
3538 2233 3700 2298 αὐτὸς

2046 2306 2324 2383 προῦτεινε
2355 2311 2446 2366 τὸν
2479 2310 2680 2386 αὐχένα
2707 2315 2787 2384 τῷ
2816 2312 2977 2392 ξίφει,
3028 2313 3402 2390 ἐντειλάμενος
3459 2327 3576 2384 τοῖς
3635 2326 3699 2380 τὸ

2046 2403 2204 2472 σῶμα
2236 2401 2400 2454 αὐτοῦ
2422 2397 2860 2474 συλλεξομένοις,
2913 2404 3009 2468 τὰς
3039 2403 3258 2471 ἁλύσεις
3314 2409 3402 2464 mi
3449 2411 3546 2473 τὰς
3601 2413 3693 2467 τιέ-

2043 2483 2136 2550 δας
2168 2489 2317 2561 αὐτῷ
2349 2490 2635 2564 συνθάψαι,
2665 2491 2762 2546 ”Ιν’
2791 2495 2826 2556 ἦ
2863 2513 2955 2564 μοι
3003 2499 3192 2564 ταῦτα,
3252 2498 3408 2574 φησὶ,
3458 2499 3692 2574 κειμένῳ

281 2595 558 2672 ἐργάζεται
616 2592 879 2667 διάδημα.
923 2617 948 2647 ι
1000 2597 1068 2650 Ut
1116 2593 1413 2665 quispiam
1475 2610 1756 2649 coronam
1823 2611 1920 2650 au-

2037 2585 2265 2659 κόσμος.
2292 2611 2320 2639 ‹‹
2353 2589 2609 2645 Tandem
2640 2591 2766 2662 ipse
2798 2592 3047 2664 Babylas
3078 2597 3367 2654 cervicem
3391 2601 3515 2656 ensi
3546 2619 3685 2673 pro-

280 2704 444 2743 ream
505 2693 730 2750 texens,
783 2684 922 2740 dein
961 2683 1309 2755 margaritas
1376 2683 1710 2754 imponens,
1780 2700 1924 2739 con-

281 2778 543 2834 densatis
568 2775 866 2848 lapidibus
893 2773 1266 2846 splendidius
1287 2773 1561 2828 diadema
1593 2774 1922 2830 efticit.»Ad

277 2867 434 2938 quod
489 2867 793 2938 pertinent
849 2865 952 2920 illa
1036 2863 1443 2937 Lugdunensis
1511 2864 1786 2919 Ecclesia:
1851 2864 1923 2919 de

275 2957 636 3028 martyribus
694 2955 862 3011 suis:
922 2955 1084 3007 ’Ὥστε
1147 2952 1236 3007 καὶ
1300 2952 1366 3006 τὰ
1452 2949 1622 3024 δεσμὰ
1711 2952 1917 3026 κόσμον

2037 2677 2245 2746 tendit,
2278 2695 2413 2733 cum
2445 2679 2563 2734 illis
2594 2680 2696 2750 qui
2728 2681 3031 2737 collecturi
3076 2691 3262 2750 erant,
3323 2690 3682 2758 mandasset,

2033 2772 2101 2822 ut
2128 2767 2360 2823 vincula
2391 2773 2448 2823 et
2478 2769 2793 2840 compedes
2825 2787 2959 2826 cum
2986 2773 3113 2844 ipso
3145 2776 3680 2846 sepelirent,Ut,in-

2034 2856 2180 2927 quit,
2214 2857 2340 2911 haac
2370 2857 2758 2928 mihijacenti
2791 2868 3139 2917 ornamento
3189 2864 3326 2918 sint.
3360 2887 3388 2914 »
3423 2867 3538 2921 Hoc
3571 2885 3677 2922 au-

2031 2949 2151 3000 tem
2182 2962 2386 3001 verum
2403 2962 2529 3001 esse
2553 2952 2806 3002 testatur
2825 2949 3274 3020 Chrysostomus
3289 2954 3671 3010 Antiochense

270 3045 523 3120 ἐμπρεπῆ
585 3044 922 3118 περικεῖσθαι
977 3041 1185 3109 αὐτοῖς,
1239 3041 1316 3103 ὡς
1395 3040 1580 3116 νύμφη
1640 3061 1918 3114 κεκοσμη-

2032 3034 2306 3090 Ecclesim
2339 3035 2648 3107 presbyter
2678 3037 2954 3092 Oratione
2987 3037 3046 3092 in
3063 3037 3341 3110 Babylam
3376 3059 3388 3097 :
3426 3039 3664 3096 Μέλλων

271 3133 401 3207 μένη
499 3131 550 3187 ἐν
637 3136 975 3206 κροσσωτοῖς
1069 3135 1298 3208 χρυσοῖς
1419 3129 1913 3202 πεποικιλμένοις.

268 3246 296 3276 ‹‹
352 3223 513 3279 Adeo
573 3227 638 3278 ut
689 3221 924 3277 vincula
980 3221 1042 3275 in
1099 3221 1380 3276 decorum
1430 3221 1574 3292 ipsis
1633 3228 1911 3277 ornatum

267 3314 469 3369 addita
499 3313 774 3368 habuisse
797 3312 1157 3380 viderentur,
1189 3311 1379 3365 instar
1401 3327 1628 3381 sponsas
1659 3311 1910 3365 fimbriis

263 3403 460 3459 aureis
490 3403 797 3474 variegatis
828 3407 1050 3456 ornatas
1079 3401 1106 3455 τ
1137 3423 1164 3449 ››
1187 3401 1274 3456 Ita
1295 3401 1351 3456 S.
1385 3401 1709 3472 Cyprianus
1731 3401 1904 3473 epist.

263 3498 368 3549 ’77:
405 3515 433 3544 «
466 3483 682 3548 Dica'tis
709 3493 825 3546 Deo
856 3490 1199 3546 hominibus
1227 3495 1284 3543 et
1314 3489 1492 3544 ﬁdem
1543 3506 1708 3544 suam
1768 3491 1907 3545 reli-

260 3585 424 3655 giosa
479 3583 692 3638 virtute
751 3581 1108 3636 testantibus
1161 3583 1512 3635 ornamenta
1555 3584 1694 3634 sunt
1767 3580 1900 3646 ista,

256 3689 376 3728 non
393 3672 629 3728 vincula
654 3687 792 3726 :nec
809 3669 1281 3724 Christionorum
1302 3668 1482 3740 pedes
1505 3667 1577 3723 ad
1601 3668 1899 3724 infamiam

253 3761 665 3834 copulant,sed
692 3759 1111 3816 clarificantad
1137 3775 1420 3814 coronam
1443 3776 1457 3826 ;
1483 3781 1508 3807 »ι
1534 3775 1653 3812 non
1678 3762 1898 3830 tempo-

250 3852 461 3918 ralem,
494 3857 557 3905 ut
597 3841 946 3922 opinor,sed
979 3847 1344 3920 spiritualem
1372 3853 1428 3902 et
1459 3852 1762 3903 aeternam.
1789 3850 1896 3920 Op-

250 3941 394 3997 time
425 3940 735 4011 respondit
765 3937 1072 3995 Blondello
1103 3939 1338 3993 Isaacus
1400 3937 1660 4002 Vossius,
1721 3938 1893 4009 spiri-

248 4039 441 4094 tuales
494 4037 826 4109 nuncupari
886 4037 1256 4108 margaritas,
1303 4035 1583 4106 quoniam
1617 4035 1890 4107 spiritua-

241 4129 360 4184 lem
381 4135 438 4185 et
459 4131 637 4184 vitam
661 4134 944 4182 aeternam
967 4126 1323 4197 promittunt
1350 4146 1364 4190 ;
1384 4141 1521 4180 nam
1545 4131 1600 4180 et
1616 4126 1890 4197 pretiosa

252 4220 583 4289 margaritae
615 4217 963 4272 assimilavit
985 4232 1231 4286 regnum
1289 4214 1570 4269 caelorum
1626 4215 1890 4270 Christus

242 4307 390 4377 ipse.
425 4306 536 4360 Sed
562 4305 778 4360 falsum
809 4309 976 4375 putat
1005 4321 1134 4358 esse
1167 4303 1529 4368 Blondellus,
1573 4321 1707 4358 cum
1768 4304 1890 4358 vin-

240 4393 374 4447 cula
404 4392 736 4462 spiritualia
767 4391 1084 4458 dicuntur;
1109 4391 1317 4446 eodem
1351 4396 1505 4446 certe
1547 4391 1742 4456 modo,
1768 4408 1884 4462 quo

2025 3123 2206 3177 τοίνυν
2236 3123 2264 3177 ὁ
2298 3123 2566 3198 μακάριος
2614 3124 3042 3202 ἀποσφάττεσθαι
3093 3125 3321 3197 ἐκεῖνος,
3385 3129 3519 3202 μετᾶ
3571 3135 3669 3185 τοῦ

2024 3209 2252 3285 σιδήρου
2278 3213 2342 3267 τὸ
2375 3216 2535 3286 σῶμα
2583 3220 2813 3286 ταφῆναι
2869 3213 3211 3290 Ense-ann.“
3267 3220 3409 3275 Cum
3464 3220 3672 3278 beatus

2023 3304 2120 3359 ille
2145 3304 2272 3375 jam
2307 3305 2693 3362 trucidandus
2725 3313 2899 3377 esset,
2934 3309 3239 3365 mandavit
3259 3317 3323 3366 ut
3346 3329 3480 3367 cum
3512 3312 3668 3368 ferro

2023 3410 2234 3464 corpus
2266 3394 2640 3465 sepeliretur.
2677 3417 2704 3444 ››
2739 3398 2807 3449 Ει
2838 3414 3044 3454 rursus
3071 3416 3084 3452 :
3117 3396 3264 3453 Αὐτὰ
3314 3402 3422 3454 τῶν
3483 3398 3664 3465 ἄθλων

2021 3476 2275 3553 σύμϐολα
2306 3485 2631 3559 συνταφῆνπιι
2671 3482 2882 3537 κελεύει
2905 3483 2986 3556 τῷ
3025 3486 3259 3558 σώματι.
3300 3512 3325 3538 ‹‹
3359 3491 3493 3560 Ipsa
3534 3508 3664 3546 cer-

2016 3573 2306 3628 taminum
2337 3573 2607 3644 symbola
2631 3588 2762 3626 cum
2788 3589 3032 3644 corpore
3057 3578 3660 3650 consepelirijubet.»

2012 3663 2095 3716 Ac
2124 3661 2382 3732 denique
2416 3678 2428 3715 :
2464 3658 2566 3715 Καί
2597 3659 2800 3712 κεῖνται
2847 3664 2939 3712 νῦν
3013 3662 3147 3732 μετὰ
3202 3670 3300 3730 τῆς
3351 3666 3550 3741 τέφρας
3601 3667 3656 3720 αἱ

2009 3745 2189 3816 πέδαι,
2226 3770 2254 3799 ‹‹
2313 3754 2372 3803 et
2413 3765 2574 3802 nunc
2621 3765 2754 3804 cum
2802 3749 3002 3804 cinere
3035 3753 3588 3826 compedesjacent.
3626 3778 3652 3805 ››

2009 3839 2094 3893 Ita
2123 3843 2181 3892 et
2210 3837 2458 3892 homilia
2489 3840 2543 3903 9,
2577 3837 2653 3892 ad
2676 3837 2979 3909 Ephesios.
3015 3840 3166 3906 Quin
3199 3847 3258 3896 ot
3284 3843 3444 3898 idem
3467 3846 3649 3917 Chry-

2007 3931 2300 3982 sostomus
2359 3926 2520 3982 hom.
2581 3929 2635 3992 8,
2684 3928 2990 3999 Ignatiano
3039 3946 3206 3986 more
3235 3933 3298 3986 in
3328 3933 3456 3989 haec
3476 3935 3654 3991 verba

2003 4011 2340 4084 prorumpit
2371 4027 2384 4068 :
2413 4009 2560 4086 Ἐγὼ
2587 4015 2694 4065 τῶν
2726 4007 2938 4084 δεσμῶν
2973 4011 3208 4089 ὀναίμην
3241 4013 3653 4075 ﬁnitivum-Uti-

2003 4118 2141 4158 nam
2172 4119 2277 4174 ego
2311 4101 2442 4158 istis
2471 4101 2722 4158 vinculis
2753 4101 2917 4158 fruar
2949 4103 2960 4158 !
2995 4127 3022 4153 ››

2072 4210 2186 4266 Sed
2226 4215 2394 4265 vocat
2421 4210 2706 4281 Ephesios
2738 4210 2966 4282 lapides
3015 4213 3243 4285 templi,
3311 4215 3527 4272 relatos
3584 4217 3647 4271 in

2000 4299 2248 4368 excelsa,
2285 4300 2383 4366 ait,
2418 4315 2525 4370 per
2554 4317 2788 4356 crucem
2821 4301 3058 4367 Christi,
3095 4304 3263 4374 quasi
3296 4321 3402 4374 per
3429 4304 3646 4360 machi-

1999 4403 2137 4442 nam
2173 4388 2514 4459 quamdam,
2551 4389 2770 4459 Spiritu
2800 4390 2856 4442 S.
2890 4392 3058 4460 quasi
3091 4392 3231 4447 fune
3263 4393 3643 4460 utentes,fide

240 4481 454 4536 falsum
485 4487 593 4545 est,
628 4496 924 4534 carcerem
958 4496 1084 4534 esse
1116 4478 1354 4534 beatum
1389 4497 1402 4535 :
1437 4485 1494 4534 et
1543 4485 1742 4535 tamen
1800 4481 1882 4537 ita
1910 4467 1956 4532 Β
1998 4481 2282 4547 tanquam
2315 4476 2681 4532 subvectore.
2716 4479 2890 4543 Nova,
2925 4479 3175 4547 scilicet,
3206 4481 3331 4536 haec
3391 4489 3531 4538 sunt
3587 4489 3646 4540 et

233 4569 496 4640 loquitur
517 4569 774 4642 optimus
806 4573 865 4621 et
891 4567 1252 4622 tersissimus
1283 4568 1534 4638 scriptor
1557 4569 1608 4623 S.
1641 4569 1876 4639 Cypria-

233 4675 368 4724 nus,
402 4659 574 4730 epist.
609 4659 682 4714 ad
713 4655 1014 4728 Seagrium
1051 4673 1112 4723 ;«
1165 4658 1209 4712 Ο
1265 4657 1504 4712 beatum
1553 4673 1871 4724 carcerem,

231 4764 410 4820 quem
440 4746 754 4804 illustravit
783 4750 976 4800 vestra
1004 4745 1321 4816 praesentia
1357 4745 1369 4799 !
1403 4747 1446 4801 Ο
1474 4746 1713 4801 beatum
1746 4763 1874 4802 car-

226 4839 553 4909 cerem,qui
585 4837 858 4892 homines
888 4835 992 4889 Dei
1030 4835 1211 4890 mittit
1232 4834 1306 4889 ad
1335 4834 1547 4890 calum
1572 4836 1584 4890 l
1616 4856 1646 4884 »
1669 4837 1874 4891 Nonne

222 4944 528 4984 carcerem
551 4927 683 4983 ideo
713 4926 860 4982 dixit
879 4925 1285 4995 beatum,quia
1307 4925 1527 4980 sanctis
1559 4925 1875 4981 beatitudi-

224 5033 365 5073 nem
395 5016 830 5090 promittit?De
879 5013 1112 5069 vinculo
1141 5014 1196 5069 S.
1227 5013 1388 5068 Pauli
1411 5013 1560 5068 dixit
1595 5015 1651 5070 S.
1688 5015 1874 5086 Chry-

221 5112 522 5162 sostomus
552 5105 758 5161 homil.
793 5103 868 5158 ad
898 5103 1110 5174 Ephes.
1146 5117 1232 5156 iv:
1271 5097 1413 5156 Οὒδὲ
1467 5107 1570 5170 τῆς
1627 5100 1874 5164 ἁλύσεως

219 5193 428 5264 ἐκείνης
462 5194 891 5268 μακαριώτερον,
913 5214 936 5243 ι
962 5191 1117 5248 Nihil
1151 5192 1252 5246 illo
1284 5190 1515 5248 vinculo
1547 5191 1802 5247 beatius.
1839 5214 1867 5242 »

219 5286 287 5337 Et
315 5285 533 5340 falsum
565 5285 745 5340 etiam
769 5285 899 5350 hoc,
923 5282 972 5337 si
995 5281 1406 5336 Blondelliano
1440 5297 1604 5335 more
1635 5286 1871 5336 senten-

215 5373 332 5426 tias
363 5375 752 5429 maximorem
809 5373 1069 5426 virorum
1131 5371 1541 5426 discutiamus.
1597 5371 1755 5425 Dixit
1809 5371 1864 5426 S.

207 5460 468 5518 Paulus:
505 5465 632 5518 «In
680 5461 910 5533 reliquo
969 5460 1232 5532 reposita
1290 5465 1380 5516 est
1439 5460 1586 5514 mihi
1646 5477 1870 5518 corona

198 5549 969 5626 justitiaa.»Chrysostomus
1000 5566 1012 5605 :
1049 5544 1228 5600 Ἀλλᾶ
1256 5550 1353 5601 τοῦ
1387 5550 1647 5628 στεφάνου
1668 5548 1866 5604 τούτου

1985 4565 2431 4621 absurda.Nova
2452 4565 2704 4620 fortasse
2728 4567 2852 4620 haec
2873 4567 2998 4622 visa
3013 4574 3152 4624 sunt
3176 4586 3310 4626 cum
3337 4587 3407 4626 ea
3427 4574 3645 4628 scribe-

1985 4659 2076 4710 ret
2087 4653 2527 4726 lgnatius,cumj
2537 4670 2623 4709 am
2637 4654 2844 4726 religio
2859 4655 2936 4710 Ch
2947 4657 3194 4714 ristiana
3204 4676 3411 4715 recens
3426 4661 3646 4717 videre—

1985 4750 2222 4815 tur;quo
2231 4743 2405 4798 modo
2421 4759 2576 4798 nunc
2595 4759 2749 4800 nova
2762 4744 3350 4818 dicantur,quomodo
3363 4750 3640 4819 absurda,

1982 4851 2102 4890 non
2124 4833 2312 4888 video.
2338 4833 2584 4887 Sanctos
2603 4849 2730 4888 esse
2758 4835 2964 4905 templi
2985 4835 3088 4890 Dei
3110 4835 3340 4908 lapides
3365 4839 3498 4908 quis
3522 4857 3643 4895 non

1983 4923 2130 4978 dixit
2159 4925 2292 4993 post
2323 4921 2677 4992 S.Petrum,l
2702 4924 2872 4994 Ep.u,
2904 4927 2935 4977 5
2963 4925 3060 4978 εει
3080 4925 3190 4994 ipsi
3222 4931 3484 4996 tanquam
3501 4928 3643 4999 lapi-

1983 5014 2074 5068 des
2103 5013 2215 5066 vivi
2266 5010 2788 5080 superaediﬁcamini
2820 5014 3014 5068 domus
3043 5015 3354 5082 spiritualis
3383 5016 3410 5070 ‘i
3440 5019 3640 5088 Neque

1981 5103 2095 5158 hoc
2125 5104 2304 5172 negat
2331 5098 2586 5155 Dallaaus
2613 5118 2625 5168 ;
2651 5101 2753 5156 sed
2782 5118 2999 5157 novum
3022 5107 3084 5156 et
3111 5103 3436 5159 absurdum
3459 5111 3552 5160 est
3574 5112 3640 5162 ut

1980 5191 2040 5246 hi
2070 5191 2135 5246 in
2167 5189 2400 5244 excelsa
2429 5190 2764 5244 referantur
2808 5207 2913 5260 per
2942 5191 3299 5246 machinam.
3334 5193 3499 5246 Certe
3531 5210 3637 5263 per

1981 5280 2324 5336 machinam
2357 5278 2419 5333 in
2448 5278 2683 5334 excelsa
2714 5279 2854 5334 ferri
2878 5279 3104 5350 lapides
3136 5297 3350 5336 novum
3377 5297 3499 5336 non
3523 5290 3632 5353 est,

1981 5369 2085 5425 sed
2115 5369 2261 5425 locis
2293 5367 2572 5423 omnibus
2616 5367 3103 5439 temporibusque
3156 5369 3460 5425 usitatum.
3520 5371 3631 5427 Sed

1974 5459 2129 5516 tales
2152 5456 2381 5529 lapides
2412 5456 2618 5526 quales
2651 5457 2885 5529 Ephesii
2911 5457 3221 5523 erant,hoc
3253 5464 3341 5515 est
3371 5466 3626 5530 sanctos,

1979 5550 2042 5606 in
2073 5547 2307 5604 excelsa
2336 5545 2476 5602 ferri
2509 5545 2758 5602 fortasse
2791 5562 3006 5602 novum
3039 5551 3097 5602 et
3127 5546 3454 5605 absurdum
3477 5549 3633 5607 vide-
