4064 6134
281 290 400 353 453

1008 291 1066 352 J.
1111 288 1541 353 PEARSONII
1586 289 1963 354 VINDICLE
2004 289 2498 352 lGNATIANA‘J.
2544 324 2623 336 —
2664 291 2864 352 PARS
2908 293 2990 353 II.

3581 293 3698 352 454

280 429 399 482 tur.
423 426 596 481 Certe
617 424 1034 497 Chrysostomo
1066 441 1188 480 non
1214 423 1544 492 videbatur,
1569 423 1670 496 qui
1694 422 1768 478 ad
1790 422 1935 478 tales
1968 425 2021 492 Α
2052 427 2284 494 ptorem
2313 425 2368 479 S.
2403 424 2568 480 Pauli
2596 424 2873 496 epistolas
2917 423 3216 481 imitatum
3247 441 3397 493 esse,
3432 424 3698 498 Apostoli

281 516 596 573 machinas
629 515 927 585 pertinere
971 515 1129 585 ipsas
1166 520 1406 570 catenas
1437 519 1778 570 sanctorum
1810 514 1933 568 exi-

284 606 566 661 stimavit.
601 606 682 659 De
715 610 925 658 catena
974 605 1027 659 S.
1059 604 1246 660 Pauli.
1294 604 1455 658 hom.
1489 605 1520 657 8
1554 603 1628 658 ad
1656 603 1940 675 Ephesios

285 699 368 752 ita.
419 696 675 752 scribit:
739 691 880 763 Αὕτη
940 693 1066 754 τοὺς
1146 689 1483 766 δεδεμένους,
1553 693 1792 765 καθάπερ
1853 688 1942 745 διά

281 806 427 846 τινος
490 789 754 857 μηχανῆς
807 779 954 837 ἕλκει
1007 781 1145 857 πρὸς
1201 784 1292 835 τὸν
1353 781 1603 855 οὐρανὸν,
1637 781 1724 836 καὶ
1758 778 1942 855 ὥσπερ

281 881 458 950 χρυσῆ
521 873 673 947 σειρὰ
733 871 1085 945 ἐξαρτηθεῖσα
1164 869 1383 926 ἀνέλκει
1439 872 1576 948 πρὸς
1629 870 1788 925 αὐτὸν
1847 871 1938 925 τὸν

283 963 534 1037 οὐρανόν.
573 985 600 1012 ‹‹
637 963 769 1017 Haec
818 962 1046 1017 vinctos
1106 967 1390 1034 tanquam
1448 979 1555 1034 per
1603 962 1942 1017 machinam

283 1055 466 1110 trahit
485 1052 561 1108 ad
585 1052 786 1121 cmlos,
813 1057 871 1106 et
891 1057 1173 1122 tanquam
1190 1068 1406 1108 aureus
1424 1051 1583 1107 funis
1601 1052 1943 1122 dependens

285 1160 519 1200 sursum
581 1141 762 1196 trahit
818 1140 893 1196 ad
949 1140 1125 1196 caelos
1165 1142 1346 1213 ipsos.
1382 1163 1410 1190 »
1442 1143 1532 1196 An
1563 1147 1758 1196 autem
1794 1157 1942 1196 crux

285 1235 419 1290 talis
441 1233 721 1288 machina
742 1231 856 1285 dici
884 1247 1004 1287 non
1028 1231 1268 1302 potest?
1295 1231 1696 1287 Tertullianus
1721 1231 1812 1286 Ad
1839 1247 1945 1285 na-

288 1327 457 1380 tiones
486 1321 592 1378 lib.
627 1339 664 1391 1,
699 1338 749 1376 c.
786 1323 889 1376 18:
948 1341 977 1370 «
1009 1321 1066 1374 Si
1099 1337 1335 1376 crucem
1365 1319 1696 1392 configendi
1735 1334 1945 1390 corpo-

286 1416 367 1470 ris
398 1412 740 1468 machinam
773 1410 972 1466 nullus
999 1411 1193 1466 adhuc
1217 1427 1288 1465 ex
1311 1410 1474 1465 vobis
1506 1409 1763 1482 Regulus
1786 1406 1945 1479 pepi—

287 1501 385 1574 git.
414 1523 444 1550 ››
477 1502 685 1555 Nonne
708 1499 818 1554 hoc
849 1497 1033 1554 culvis
1062 1497 1301 1553 obvium
1326 1497 1455 1564 fuit,
1483 1497 1584 1568 qui
1618 1512 1688 1552 ea
1719 1496 1945 1568 legerat

288 1608 415 1662 quae
442 1590 711 1645 Christus
743 1588 929 1643 dixit:
972 1589 1086 1658 Ego
1133 1590 1184 1643 si
1226 1588 1506 1643 exaltatus
1533 1591 1692 1656 fuero
1717 1604 1744 1641 e
1775 1593 1945 1652 terra,

286 1680 395 1735 hoc
422 1683 533 1746 est,
560 1679 608 1732 si
641 1677 836 1732 crucis
869 1677 1209 1732 machinam
1236 1676 1582 1746 ascendero,
1610 1677 1796 1730 omnia
1828 1681 1944 1728 tra-

287 1770 412 1823 ham
442 1769 516 1822 ad
545 1769 833 1837 meipsum,
889 1767 1056 1864 Joan.
1116 1782 1218 1832 xu,
1268 1765 1364 1865 ‘32.
1401 1764 1941 1865 Quomodonaut‘em
1972 1799 2018 1865 Β

287 1858 467 1912 trahit
494 1858 671 1922 Deus,
704 1856 821 1910 nisi
869 1854 1152 1910 funiculis
1199 1854 1408 1923 Adam,
1437 1862 1495 1910 et
1523 1853 1770 1909 vinculis
1800 1853 1936 1909 cha-

284 1946 478 2002 ritatis
500 1945 527 1999 ‘I
561 1944 673 1999 Sed
706 1945 951 2016 quinam
984 1943 1044 1998 hi
1076 1943 1325 1998 funiculi
1359 1945 1550 1998 sunt?
1578 1946 1744 1999 Certe
1785 1945 1938 1998 Deus

285 2053 391 2108 per
419 2034 713 2106 Spiritum
745 2033 1019 2087 homines
1051 2033 1126 2087 ad
1155 2049 1217 2087 se
1252 2032 1606 2098 trahit.Quid
1637 2032 1733 2087 hic
1764 2032 1940 2104 igitur

283 2122 550 2190 absurdi,
569 2122 712 2192 quid
734 2122 866 2176 novi
883 2121 910 2176 ‘?
925 2123 1130 2176 Nonne
1157 2121 1372 2176 melius
1394 2121 1610 2176 dicitur
1631 2122 1814 2176 Deum
1833 2137 1939 2175 nos

283 2230 388 2285 per
409 2213 718 2284 Spiritum,
752 2228 931 2282 quam
964 2228 1069 2266 nos
1096 2228 1202 2282 per
1234 2211 1516 2282 Spiritum
1547 2210 1648 2265 Dei
1681 2211 1937 2266 trahere.

283 2304 352 2356 Et
381 2308 581 2357 tamen
639 2302 951 2372 Gregorius
1010 2300 1405 2355 Nazianzenus
1453 2317 1572 2355 non
1603 2301 1821 2356 veritus
1853 2304 1942 2354 est

287 2392 524 2447 dicere:
589 2387 863 2461 Πνεύματι
934 2392 1306 2462 στοιχοῦντες,
1371 2389 1548 2461 τούτῳ
1605 2390 1705 2458 τήν
1738 2392 1939 2464 γνῶσιν

282 2476 557 2540 ἕλκοντες·
593 2501 620 2529 ‹‹
655 2480 722 2533 In
756 2479 976 2550 Spiritu
1007 2478 1402 2546 ambulantes,
1436 2495 1623 2549 eoque
1655 2479 1938 2551 cognitio-

285 2587 423 2625 nem
457 2569 780 2624 trabentes.
815 2590 843 2617 ››
877 2569 1041 2623 Dona
1071 2568 1294 2639 gratias,
1320 2584 1423 2622 seu
1458 2568 1700 2638 spiritus
1729 2569 1784 2622 S.
1811 2569 1942 2638 Spi-

288 2660 435 2715 ritus
467 2675 622 2730 saape
656 2657 970 2712 dicuntur:
993 2657 1096 2712 illa
1115 2662 1312 2712 autem
1345 2658 1501 2711 inter
1529 2657 1819 2712 beneﬁcia
1839 2674 1944 2712 nu-

289 2750 505 2806 merari
534 2748 754 2803 debent
775 2753 834 2802 et
857 2747 1034 2802 simul
1054 2746 1340 2803 funiculis
1367 2747 1944 2819 comparari,quibus

299 2839 698 2894 efﬁcacissime
724 2837 799 2893 ad
821 2839 1005 2892 Deum
1031 2837 1340 2891 trahimur.
1358 2837 1437 2891 De
1455 2837 1710 2892 miriﬁca
1731 2837 1946 2892 saluta-

300 2928 457 2983 tione
482 2945 593 2982 non
623 2944 773 2999 opus
798 2932 888 2982 est
910 2932 974 2982 ut
996 2925 1414 2998 respondeam.
1439 2927 1567 2980 Non
1607 2926 1767 2981 enim
1801 2943 1944 2983 con-

294 3018 814 3089 statposteriorem
839 3022 1068 3087 partem
1093 3015 1402 3070 sententiae
1425 3015 1499 3070 ad
1525 3015 1946 3071 salutationem

290 3123 416 3162 eam
449 3108 770 3178 pertinere,
804 3123 940 3162 cum
969 3106 1158 3178 possit
1187 3106 1367 3160 etiam
1401 3105 1473 3160 ad
1506 3107 1818 3176 sequentia
1849 3123 1946 3161 re-

2047 513 2306 584 vestigiis
2337 531 2539 585 presse
2573 514 2903 581 inhaasisse,
2937 513 3096 585 quod
3126 515 3187 569 in
3219 515 3379 570 caelis
3424 515 3602 570 etiam
3633 521 3700 572 ut

2047 601 2159 656 sibi
2193 603 2560 674 contingeret
2590 604 2831 675 optavit,
2882 603 3134 675 epistola
3163 605 3236 659 ad
3266 605 3587 675 Ephesios:
3620 604 3696 660 Οὔ

2045 689 2260 764 γένοιτό
2296 712 2388 763 μοι
2445 691 2550 746 ὑπὸ
2579 692 2646 747 τὰ
2679 690 2809 766 ἴχνη
2847 693 3127 767 εὑρεθῆναι
3177 691 3256 747 ὅτ’
3309 691 3367 747 ἄν
3408 697 3546 748 Θεοῦ
3576 692 3696 748 ἐπι-

2044 779 2223 854 τύχω,
2283 805 2310 831 ‹‹
2347 781 2530 853 Cujus
2580 783 2685 838 ﬁat
2740 783 2886 837 mihi
2946 783 3054 838 sub
3110 784 3366 856 vestigiis
3420 785 3694 853 inveniri,

2048 870 2282 941 quando
2316 872 2431 925 Deo
2462 872 2644 927 fruar.
2680 893 2708 921 «
2741 873 2878 937 Quae
2903 872 3076 927 verba
3104 874 3313 944 Ignatii
3345 874 3534 928 nostri
3565 875 3695 929 sine

2045 960 2336 1015 cacozelia
2391 961 2604 1016 imitati
2660 966 2800 1016 sunt
2855 961 3245 1032 Smyrnenses
3301 962 3362 1017 in
3421 963 3695 1035 Martyrio

2048 1049 2103 1102 S.
2136 1048 2469 1120 Polycarpi.
2503 1048 2581 1105 Οὗ
2612 1047 2824 1124 γένοιτο
2856 1045 2909 1101 ἐν
2940 1052 3008 1122 τῇ
3043 1048 3296 1124 βασιλείᾳ
3325 1051 3512 1119 Ἰησοῦ
3543 1052 3692 1125 Χρι-

2049 1140 2176 1190 στοῦ
2207 1137 2343 1209 πρὸς
2382 1137 2449 1191 τὰ
2500 1137 2636 1212 ’ἰχνη
2696 1137 2976 1211 εὑρεθῆναι
3017 1141 3186 1211 ἡμᾶς.
3226 1159 3248 1188 ι
3281 1141 3459 1213 Cujus
3492 1140 3591 1195 ﬁat
3622 1141 3695 1196 ad

2047 1227 2292 1300 vestigia
2324 1233 2386 1282 ut
2417 1245 2525 1283 nos
2556 1229 2617 1282 in
2647 1245 2824 1300 regno
2853 1230 2989 1284 Jesu
3019 1229 3233 1284 Christi
3267 1230 3698 1286 inveniamur.»

2048 1318 2313 1387 Agnosco
2347 1319 2638 1390 Ignatium
2692 1323 2961 1374 nostrum
2994 1335 3234 1374 sensum
3268 1321 3322 1375 S.
3357 1321 3523 1375 Pauli
3567 1321 3699 1375 ani-

2049 1422 2332 1477 mumque
2364 1407 2425 1462 in
2458 1425 2700 1464 succum
2724 1414 2783 1463 et
2801 1409 3151 1480 sanguinem
3175 1409 3698 1479 convertisse,eum

2049 1497 2112 1551 in
2142 1502 2453 1574 numerato
2503 1497 2682 1552 etiam
2712 1499 2774 1551 in
2806 1514 3042 1553 carcere
3088 1498 3388 1568 habuisse,
3422 1515 3696 1554 sermone

2052 1591 2109 1640 et
2139 1591 2337 1640 mente
2359 1585 2580 1656 ubique
2605 1587 2965 1657 expressisse
2993 1603 3006 1654 ;
3027 1587 3130 1642 sed
3153 1592 3209 1643 et
3235 1588 3348 1642 hoc
3371 1587 3555 1644 multo
3578 1605 3698 1644 ma-

2049 1675 2136 1747 gis
2167 1676 2288 1730 viro
2321 1681 2523 1730 sancto
2573 1681 2632 1730 et
2677 1677 2944 1746 martyri,
2979 1677 3174 1747 qualis
3219 1677 3347 1748 ipse
3375 1678 3696 1749 apostolus,

2052 1781 2230 1835 quam
2263 1764 2453 1819 lictori
2485 1764 2762 1836 cuiquam
2793 1770 2894 1819 aut
2917 1765 3226 1837 impostori
3259 1767 3573 1822 convenire
3604 1784 3702 1822 ar-

2047 1853 2253 1908 bitror.
2279 1855 2358 1907 De
2389 1853 2562 1908 modo
2598 1853 2948 1908 imitationis
2972 1859 3096 1909 tota
3114 1855 3186 1909 lis
3209 1860 3318 1924 est,
3342 1872 3417 1910 an
3449 1856 3529 1910 ita
3556 1857 3698 1911 scri-

2048 1947 2181 2013 ptor
2225 1941 2571 2012 Apostolum
2626 1943 2893 1998 imitatus
2924 1944 3021 2011 sit,
3052 1950 3118 2000 ut
3147 1944 3407 2016 lgnatius
3439 1944 3537 2000 ille
3571 1961 3698 2001 esse

2049 2047 2169 2085 non
2199 2032 2404 2102 possit,
2438 2031 2542 2086 sed
2576 2033 2772 2102 potius
2805 2047 2866 2086 se
2897 2049 3090 2102 prasz
3123 2033 3472 2089 imitationis
3505 2035 3700 2089 studio

2047 2129 2392 2194 imposturae
2454 2140 2624 2179 reum
2682 2123 3031 2194 prodiderit.
3065 2127 3181 2196 Ego
3232 2130 3353 2180 tam
3385 2125 3534 2180 bene
3565 2143 3702 2181 eum

2048 2213 2408 2284 apostolicas
2439 2212 2720 2284 epistolas
2779 2213 3076 2268 imitatum
3130 2230 3260 2268 esse
3289 2215 3607 2284 contendo,
3638 2220 3704 2270 ut

2048 2302 2259 2356 merito
2290 2302 2480 2356 virum
2512 2319 2648 2356 eum
2679 2303 3093 2372 apostolicum,
3127 2303 3220 2356 cui
3254 2303 3518 2374 Apostoli
3556 2304 3729 2359 scrio'

2048 2397 2150 2462 pta
2181 2397 2299 2445 tam
2330 2391 2539 2445 intime
2571 2396 2629 2445 et
2652 2390 3002 2445 medullitus
3027 2391 3319 2462 impressa
3340 2392 3702 2466 fuerunt.ju-

2051 2480 2317 2535 dicemus
2341 2498 2356 2546 ;
2389 2486 2508 2535 tam
2531 2480 2705 2549 male,
2729 2485 2852 2534 tam
2874 2480 3148 2550 absurde,
3173 2486 3239 2536 ut
3259 2482 3396 2538 inde
3423 2490 3706 2555 appareat

2051 2586 2188 2624 eum
2220 2570 2608 2640 impostorem
2657 2569 2861 2637 fuisse,
2918 2570 3076 2640 quod
3129 2571 3333 2625 volunt
3363 2573 3708 2643 adversarii,

2049 2675 2294 2730 prorsus
2313 2658 2852 2729 nego.Assertionis
2872 2665 3089 2714 nostra
3106 2660 3414 2716 veritatem
3438 2663 3710 2718 ostendet

2052 2747 2542 2813 commentarius,
2568 2763 2684 2818 quo
2734 2747 2937 2802 omnia
2985 2749 3038 2802 S.
3073 2749 3283 2819 Ignatii
3316 2749 3388 2804 ad
3419 2767 3554 2804 suas
3585 2752 3706 2806 ori-

2056 2837 2222 2908 gines
2253 2835 2610 2901 referantur,
2635 2840 2693 2890 et
2719 2852 2853 2890 cum
2885 2836 2941 2893 S.
2977 2836 3145 2892 Pauli
3168 2837 3361 2892 verbis
3393 2843 3452 2894 et
3480 2844 3714 2895 senten-

2055 2926 2153 2980 tiis
2183 2926 2481 2997 praecipue
2513 2925 2932 2992 conferantur;
2962 2926 3010 2981 si
3044 2942 3309 2996 unquam
3341 2927 3500 2982 illius
3530 2929 3709 2999 perii.

2056 3013 2250 3070 ciendi
2283 3019 2340 3067 et
2383 3013 2595 3068 edendi
2627 3013 2858 3068 occasio
2892 3031 2953 3070 se
2984 3014 3286 3070 obtulerit.
3324 3016 3711 3088 Conjecturas

2057 3103 2297 3158 interim
2326 3103 2674 3171 Dallaeanas,
2706 3109 2771 3158 ut
2803 3121 2864 3158 se
2897 3106 3175 3172 offerunt,
3205 3105 3577 3174 examinabo,
3611 3124 3710 3162 ea-

289 3170 467 3250 ferri:
485 3196 542 3250 Si
575 3196 708 3266 quis
741 3170 942 3250 autem
970 3170 1104 3249 eam
1145 3193 1219 3248 ad
1267 3193 1466 3264 priora
1496 3170 1692 3265 potius
1721 3193 1942 3248 referre
1985 3170 2027 3236 (ἶ
2058 3211 2311 3266 rumque
2344 3170 2814 3250 imbecillitatem
2843 3195 3112 3267 prodam.

288 3286 531 3355 velit,ne
556 3286 639 3340 sic
664 3283 908 3356 quidem
929 3283 1186 3339 absurda
1207 3283 1499 3338 videbitur
1521 3283 1952 3340 salutatio.Non

290 3374 455 3428 enim
490 3373 551 3427 in
583 3372 826 3428 nomine
862 3376 1095 3427 tantum
1127 3370 1365 3436 Christi,
1395 3371 1505 3426 sed
1529 3377 1588 3426 et
1609 3372 1669 3425 in
1699 3373 1952 3439 Christo,

293 3463 383 3519 vel
414 3465 475 3518 in
510 3463 760 3518 Domino
815 3461 1132 3533 Apostolus
1163 3461 1416 3527 salutat;
1449 3461 1716 3516 Christus
1755 3467 1955 3518 autem

294 3571 402 3626 per
432 3559 711 3608 naturam
731 3568 957 3624 perque
982 3567 1051 3606 ea
1081 3567 1212 3621 qum
1237 3549 1298 3604 in
1321 3567 1497 3606 carne
1523 3549 1640 3622 egit
1670 3556 1725 3605 et
1747 3567 1960 3623 passus

292 3648 404 3710 est,
437 3643 664 3714 optime
725 3642 1076 3713 explicatur.
1139 3639 1361 3704 Quibus
1409 3639 1576 3695 addit
1615 3637 1666 3693 ἐν
1719 3639 1960 3708 ὲνότητι.

293 3737 442 3790 Nam
475 3740 541 3788 ut
571 3733 794 3804 optime
832 3731 905 3787 de
938 3732 994 3787 S.
1027 3730 1210 3786 Paulo
1243 3747 1278 3785 a
1306 3730 1724 3801 Chrysostomo
1757 3731 1958 3786 obsero

294 3829 494 3879 vatum
528 3828 654 3877 est:
687 3820 796 3876 Ἀεὶ
858 3817 1069 3892 συνάγει
1127 3817 1219 3872 καὶ
1279 3816 1563 3892 συγκολλᾷ
1593 3819 1659 3872 τὰ
1694 3817 1834 3891 μὲλη
1870 3816 1959 3873 διὰ

288 3916 391 3965 τοῦ
423 3911 733 3983 ἀσπασμοῦ.
791 3934 819 3960 ‹‹
857 3912 1102 3982 Semper
1156 3909 1464 3981 coniungit
1502 3916 1560 3964 et
1589 3910 1960 3982 conglutinat

292 4003 570 4059 membra
616 4019 724 4073 per
780 4000 1221 4056 salutationem.
1257 4020 1284 4048 ››
1343 4001 1545 4070 Neque
1592 4000 1743 4054 mira
1770 4000 1957 4055 videri

290 4091 473 4146 debet
495 4091 556 4144 in
581 4090 1017 4144 resurrectione
1037 4089 1193 4144 facta
1215 4087 1512 4144 salutatio.
1535 4104 1670 4144 cum
1693 4089 1958 4144 vetustis-

293 4181 432 4235 simi
465 4180 784 4234 Christiani
836 4178 928 4233 his
973 4177 1164 4232 verbis
1213 4199 1240 4226 «
1274 4177 1540 4232 Christus
1572 4179 1899 4233 resurrexit
1927 4201 1955 4229 »

293 4287 359 4325 se
393 4274 601 4326 mutuo
637 4269 898 4324 solerent
929 4267 1207 4323 salutare.

935 4399 1165 4456 CAPUT
1205 4401 1320 4454 XV.

299 4519 549 4573 Imitatio
617 4517 873 4587 Apostoli
937 4518 1240 4586 Ignatiana
1304 4511 1613 4584 κακοζηλία
1678 4533 1789 4571 non
1856 4523 1953 4573 est.

375 4587 639 4659 Ὀναίμην
707 4605 816 4642 vox
879 4589 1086 4644 Graecis
1123 4587 1445 4659 familiaris,
1487 4589 1570 4641 ita
1630 4589 1698 4642 ab
1739 4589 1958 4657 lgnatio

375 4658 668 4730 aliquoties
718 4667 1008 4729 usurpata,
1053 4666 1116 4714 ut
1163 4676 1198 4714 α
1246 4658 1623 4730 Chrysostomo
1682 4660 1958 4715 laudetur.

378 4727 616 4786 Censura
648 4727 902 4785 Arruntii
929 4733 1206 4801 reﬁcitur.
1242 4735 1463 4802 (avoca
1504 4727 1772 4802 ἰσόψυχον
1803 4733 1963 4787 nulla

379 4803 616 4873 apostoli
645 4804 906 4857 imitatio.
939 4799 1201 4874 Quid‘sit
1251 4799 1539 4874 laoqwxoq,
1572 4799 1709 4874 quid
1738 4801 1963 4874 ἀντίψυ-

379 4870 509 4945 χον,
541 4875 785 4936 docetur,
818 4882 879 4927 ut
907 4881 958 4927 et
986 4870 1188 4944 περίψη
1201 4892 1293 4943 μα.
1331 4870 1596 4945 Γῆὧαεθέ
1616 4873 1830 4943 aliquot
1859 4870 1962 4929 sae-

374 4944 505 5014 pius
534 4951 817 5014 usurpata:
872 4945 1268 5013 defenduntur.
1317 4944 1507 4998 Irom'a
1564 4947 1867 5013 apostolira
1899 4948 1964 5002 de

382 5016 597 5085 lgnatio
619 5019 846 5070 minime
863 5031 1141 5086 expressa.

383 5159 584 5230 Capite
617 5161 683 5212 28
713 5159 962 5230 probare
998 5159 1210 5214 nititur
1241 5164 1544 5214 auctorem
1576 5159 1964 5230 epistolarum

311 5247 705 5318 impostorem
735 5248 940 5312 fuisse,
974 5264 1044 5302 ex
1075 5247 1406 5302 imitatione
1453 5249 1508 5303 S.
1543 5249 1732 5317 Pauli,
1787 5267 1965 5321 quam

305 5333 644 5403 κακοζηλίαν
676 5342 874 5402 vocat;
917 5353 1099 5407 quare
1153 5341 1352 5391 autem
1391 5336 1479 5390 vir
1519 5339 1880 5408 apostolicus
1911 5347 1970 5396 et

311 5425 787 5496 martyrimitari
810 5426 865 5480 S.
901 5425 1171 5493 Paulum,
1207 5441 1390 5496 quare
1442 5425 1542 5496 qui
1574 5443 1712 5482 eum
1740 5429 1877 5499 vita,
1912 5437 1969 5486 et

313 5521 506 5571 morte
529 5520 771 5570 secutus
801 5519 907 5582 est,
931 5533 1205 5571 sermone
1229 5515 1408 5570 etiam
1427 5517 1596 5588 sequi
1617 5534 1738 5574 non
1766 5526 1970 5592 potue-

313 5605 412 5670 rit,
438 5603 604 5660 haud
633 5603 821 5660 video.
846 5606 1055 5661 Fateor
1089 5604 1366 5677 equidem
1399 5605 1787 5678 epistolarum
1823 5611 1971 5667 scri-

2130 3302 2743 3373 Primo.lmpostorem
2765 3302 2884 3357 olet
2906 3300 3136 3374 ὀναίμην
3161 3304 3337 3360 toties
3360 3304 3432 3360 ab
3456 3322 3524 3360 eo
3549 3323 3714 3361 usur-

2054 3395 2281 3462 patum.
2317 3391 2510 3446 Semel
2540 3396 2740 3446 autem
2771 3391 2828 3446 S.
2861 3391 3082 3447 Paulus
3115 3409 3185 3448 ea
3237 3409 3375 3448 voce
3415 3393 3624 3461 utitur,
3658 3399 3716 3449 et

2057 3480 2300 3552 quidem
2333 3481 2395 3534 in
2421 3479 2682 3552 Epistola
2711 3481 2786 3535 ad
2820 3481 3257 3548 Philemonem,
3285 3481 3382 3535 ubi
3411 3482 3482 3537 de
3515 3483 3718 3538 Onesi-

2057 3586 2154 3624 mo
2186 3569 2398 3641 agitur.
2433 3571 2623 3634 Quare
2684 3585 2818 3623 cum
2877 3569 3220 3624 Theodorus
3274 3571 3470 3624 Beza<<
3505 3572 3717 3627 scitam

2055 3660 2283 3714 Perroti
2307 3659 2549 3730 collegas
2573 3659 2662 3713 sui
2688 3658 3094 3730 conjecturam
3118 3681 3145 3709 »
3173 3659 3319 3715 adeo
3341 3662 3716 3717 commenda-

2059 3749 2226 3815 verit,
2259 3748 2359 3818 qui
2416 3768 2444 3797 «
2492 3747 2744 3803 Paulum
2800 3748 2910 3803 hac
2950 3764 3087 3803 voce
3118 3748 3386 3804 alludere
3417 3749 3489 3804 ad
3523 3750 3717 3821 ipsum

2061 3837 2323 3892 Onesimi
2381 3853 2601 3891 nomen
2659 3836 3052 3892 existimavit:
3087 3859 3116 3886 ››
3175 3838 3395 3893 mirum
3436 3843 3526 3896 est
3555 3840 3718 3911 Igna-

2061 3929 2212 3984 tium
2244 3931 2516 3983 nostrum
2545 3944 2668 3982 non
2700 3931 2934 3983 tantum
2957 3927 3017 3982 in
3041 3928 3291 3999 epistola
3311 3930 3384 3984 ad
3406 3930 3713 4001 Ephesios,

2062 4018 2163 4074 ubi
2197 4017 2461 4072 Onesimi
2495 4034 2700 4074 eorum
2734 4018 2996 4089 epiSCOpi
3030 4018 3398 4074 mentionem
3422 4019 3584 4087 facit,
3612 4021 3714 4075 sed

2063 4108 2242 4162 etiam
2273 4107 2489 4177 smpius
2522 4107 2664 4161 alibi
2697 4122 2766 4161 ea
2809 4123 2948 4162 voce
2999 4107 3106 4161 uti.
3153 4107 3265 4162 Sed
3294 4124 3404 4163 vox
3435 4107 3538 4162 illa
3570 4106 3718 4161 ὀναί-

2065 4215 2172 4266 μην
2206 4196 2348 4250 satis
2405 4195 2561 4266 apud
2620 4196 2851 4250 Graecos
2909 4212 3145 4267 semper
3185 4196 3322 4251 trita
3378 4196 3508 4252 fuit.
3553 4197 3725 4268 Apud

2064 4285 2420 4356 Hesychium
2452 4284 2704 4357 legitur:
2743 4283 3068 4356 Ὀνήμονος,
3129 4285 3275 4357 ἃξιος
3317 4285 3576 4356 ὀνήσεως.
3611 4288 3718 4342 So-

2063 4376 2298 4448 pingius
2343 4375 2661 4447 legendum
2718 4380 2888 4447 putat
2943 4375 3266 4448 Ὀντςσιμος,
3300 4383 3359 4432 et
3396 4377 3721 4450 Epistolam

2065 4466 2207 4521 citat
2234 4467 2286 4520 S.
2305 4464 2475 4519 Pauli
2499 4465 2573 4520 ad
2593 4465 2991 4521 Timotheum.
3016 4467 3126 4522 Sed
3153 4468 3262 4522 hoc
3286 4467 3463 4524 modo
3494 4473 3720 4524 veteres

1989 4535 2037 4598 D
2069 4553 2439 4625 intelligendi
2473 4571 2594 4610 non
2656 4561 2813 4612 sunt.
2867 4557 3007 4621 Quis
3067 4558 3227 4612 enim
3287 4574 3407 4613 non
3432 4558 3590 4613 videt
3616 4575 3722 4629 pro

2070 4642 2373 4716 Ὀνήμονος
2406 4644 2721 4716 legendum
2755 4662 2906 4713 esse,
2950 4647 3262 4718 Ὀνήμενος,
3296 4649 3485 4721 Odyss.
3521 4650 3582 4717 Β,
3617 4650 3682 4703 33
3710 4665 3723 4704 :

2286 4764 2510 4828 Ἐσθλός
2545 4787 2638 4840 μοι
2670 4764 2822 4822 δοκεῖ
2849 4761 3042 4842 ἔμμεν’
3080 4768 3365 4844 ὀνήμενος,

2073 4911 2206 4949 cum
2238 4894 2553 4966 eXplicatio
2585 4895 2880 4967 Hesychii,
2914 4890 3095 4965 ὄνησιν
3129 4895 3320 4949 ἑαυτοῦ
3351 4888 3536 4964 λάϐοι,
3568 4895 3726 4966 apud

2075 4988 2336 5038 veterem
2361 4983 2726 5040 Scholiasten
2750 5001 2816 5040 eo
2843 4985 2973 5040 loco
2999 4985 3234 5040 exstet?
3262 4985 3350 5040 Ad
3380 4985 3724 5041 Onesimum

2075 5079 2255 5138 certe,
2288 5078 2390 5128 aut
2444 5073 2518 5127 ad
2576 5073 2631 5129 S.
2664 5074 2829 5130 Pauli
2889 5074 3088 5129 locum
3120 5090 3241 5128 non
3273 5089 3510 5143 semper
3538 5075 3726 5144 respi-

2077 5164 2355 5223 ciendum
2388 5163 2620 5234 quoties
2651 5163 2724 5218 de
2772 5179 2842 5218 ea
2884 5180 3022 5219 voce
3055 5163 3265 5236 agitur.
3304 5163 3410 5219 Diu
3442 5169 3579 5219 ante
3609 5165 3720 5220 Eu-

2077 5253 2298 5326 ripides
2328 5253 2388 5308 in
2421 5253 2606 5308 Oreste
2629 5268 2642 5306 ε

2398 5377 2584 5430 Ὀναιο
2614 5375 2704 5430 καὶ
2737 5373 2823 5447 σὺ,
2854 5373 2946 5430 καὶ
2973 5377 3002 5431 ὁ
3035 5373 3217 5438 διδοὺς
3248 5373 3379 5450 ἐγώ.

2081 5525 2242 5582 Unde
2290 5523 2476 5580 Aulus
2534 5521 2754 5578 Gellius
2804 5523 2909 5580 lib.
2969 5542 3088 5592 xiv,
3146 5541 3274 5597 cap.
3309 5528 3378 5582 6:
3425 5525 3610 5582 Ὅναιο
3640 5523 3724 5595 σὺ,

2081 5617 2351 5689 inquam,
2383 5614 2725 5673 doctissime
2765 5615 3048 5689 virorum,
3095 5612 3298 5687 ταύτης
3339 5622 3438 5686 τῆς
3467 5616 3732 5693 πολυμα-
