4064 6134
321 318 440 378 455

1391 310 1458 375 5.
1504 311 1909 374 lGNATIUS.
1955 344 2034 355 —
2076 307 2694 370 PROLEGOMENA.

3622 302 3750 363 456

321 452 492 520 θείας,
525 469 645 508 non
699 445 852 504 ὄναιό
883 469 1006 518 σου,
1036 453 1103 505 ut
1159 467 1315 507 nunc
1347 447 1502 506 male
1533 447 1832 504 scribitur.
1864 449 1972 503 Eu-

2089 441 2345 514 ὀναίμην,
2379 442 2539 513 quod
2569 442 2642 496 ab
2675 456 2744 496 eo
2777 440 3032 496 Dallaaus
3063 437 3216 494 mira
3264 438 3508 494 licentia
3549 461 3578 490 «
3613 456 3750 495 sex-

316 542 538 614 ripides
570 541 630 596 in
661 540 1008 612 Hippolyto:

748 685 1029 751 ’¹Ονασθαι,
1066 681 1142 754 μὴ
1180 683 1366 755 μαθεῖν
1405 677 1630 757 βούλου.

325 811 489 867 Unde
519 809 844 882 Hesychius
868 826 882 863 :

749 953 1032 1026 ὋνασΘαι,
1067 950 1407 1027 ὠφελῆσθαι.

315 1081 524 1138 Suidas
556 1082 616 1134 V.
653 1076 942 1150 Ὀναίμην,
978 1079 1121 1134 citat
1153 1079 1312 1133 hunc
1346 1077 1735 1132 versiculum:

315 1204 498 1274 Καῦτη
531 1204 632 1277 γὰρ
662 1203 797 1278 ἑγὼ,
830 1201 1002 1264 οὕτως
1034 1201 1269 1274 ὀναίμην
1292 1204 1399 1255 τῶν
1431 1202 1649 1256 τέκνων.

319 1330 430 1386 Sed
463 1329 618 1401 apud
649 1329 1129 1399 Aristophanem,
1149 1328 1307 1383 unde
1339 1328 1730 1399 transcripsit,
1759 1328 1975 1400 legitur

320 1417 568 1491 ὁνοίμην,
608 1417 1174 1488 Thes-mophoriazusis
1195 1435 1216 1471 :

320 1557 508 1626 Κα-Βτή
541 1558 652 1631 γὰρ.
681 1549 868 1631 ἔχω-χ’,
902 1551 1074 1616 οὕτως
1098 1553 1360 1631 Ῐόνοίμην⁸
1379 1559 1484 1608 τῶν
1517 1552 1740 1625 τέκνων,

321 1633 480 1685 Μισῶ
504 1625 779 1702 τδν’ἂνδ’ρ’
809 1625 1036 1694 ἐκεῖνον,
1071 1625 1115 1680 εί
1150 1628 1224 1699 μὴ
1262 1625 1545 1699 μαίνομαι.

535 1756 664 1826 Ipsa
695 1755 839 1808 enim
869 1769 986 1826 ego,
1021 1754 1102 1806 ita
1129 1754 1294 1826 fruar
1323 1752 1505 1808 liberis
1534 1755 1686 1821 meis,

536 1825 640 1881 Odi
669 1827 850 1879 virum
878 1825 1057 1891 illum,
1091 1825 1197 1878 nisi
1236 1826 1478 1880 insanio.

401 1960 563 2015 Unde
597 1958 848 2031 intelligi
906 1964 1100 2030 potest
1133 1959 1402 2030 Hesychii
1448 1960 1645 2016 locum
1698 1962 1977 2016 mutilum

330 2066 481 2114 esse,
515 2048 617 2103 ubi
649 2047 826 2102 habet
884 2047 1129 2115 Ὀνοιτο,
1192 2046 1423 2119 ὀμοῖως.
1474 2051 1648 2104 Deest
1678 2050 1836 2104 enim
1869 2068 1979 2105 vox

331 2136 560 2208 ὀνοίμην
594 2153 729 2192 cum
761 2137 1152 2208 explicatione
1177 2155 1300 2193 sua.

405 2227 499 2281 Sic
528 2226 812 2282 Admetus
867 2227 1024 2298 apud
1076 2227 1415 2298 Euripidem
1463 2229 1790 2300 alloquitur
1818 2230 1984 2285 Alce-

333 2315 456 2375 stin
478 2329 498 2374 ε

403 2454 658 2534 ⁸Ἀλιςδὲ
689 2454 917 2534 παίδων·
949 2455 1323 2534 τῷνδίὸνηαιν
1356 2455 1613 2534 εὔχομαι.

475 2533 628 2589 Θεοῖς
658 2527 918 2603 γενέσθαι·
953 2533 1048 2584 σοῦ
1080 2531 1184 2604 γὰρ
1216 2527 1315 2584 οὐκ
1345 2527 1622 2604 ὠνῆμεοα.

329 2675 494 2732 Salus
525 2675 858 2749 liberorum;
888 2676 1082 2730 horum
1118 2679 1442 2744 fruitionem
1466 2696 1666 2749 precor

330 2752 468 2804 Deos
497 2747 645 2802 mihi
679 2749 1033 2816 contingere;
1055 2755 1104 2802 te
1135 2751 1278 2802 enim
1299 2765 1408 2803 non
1437 2747 1694 2822 amplius
1715 2755 1978 2821 fruimur.

335 2875 514 2928 Vetus
547 2889 688 2927 sane
722 2877 780 2928 et
807 2872 976 2945 vulgo
1009 2873 1147 2927 trita
1181 2873 1463 2944 loquendi
1494 2875 1771 2943 formula,
1805 2875 1979 2940 οὕτως

336 2962 567 3034 ὀναίμην
628 2962 794 3023 τινός.
851 2964 1130 3034 Synesius
1186 2966 1668 3023 accuratissimus
1717 2975 1978 3025 veterum

327 3056 661 3110 Atticorum
707 3056 970 3110 imitator
996 3056 1167 3126 epist.
1195 3058 1297 3110 44ε
1332 3056 1491 3111 Οὕτω
1520 3064 1620 3126 τῆς
1653 3058 1797 3134 ἱερᾶς
1825 3059 1979 3136 φιλο.

336 3145 527 3209 σοφίας
564 3143 820 3217 ὀναίμην,
851 3143 938 3197 καὶ
999 3143 1218 3218 προσέτι
1273 3148 1383 3199 τῶν
1413 3143 1647 3201 παιδίων
1673 3153 1780 3202 τῶν
1810 3147 1980 3221 ἒμαυ-

2077 533 2302 588 centies
2333 535 2688 602 usurpatum
2717 551 2745 579 »
2777 530 2946 584 dixit.

2143 641 2344 710 Neque
2402 655 2534 694 vere
2595 653 2848 693 censura
2903 635 3176 691 Arruntii
3241 634 3400 706 apud
3452 636 3743 694 Senecam

2075 729 2403 801 quidquam
2436 727 2707 800 dignitati
2743 725 3049 798 scriptoris
3080 725 3268 780 nostri
3305 724 3580 797 derogat.
3614 727 3750 781 Imi-

2079 825 2232 876 tatus
2255 819 2356 874 ille
2393 819 2740 873 Sallustium
2770 822 2877 884 est,
2903 821 2962 871 et
2991 815 3170 872 male.
3197 814 3308 869 Sed
3342 815 3558 886 primo,
3585 816 3745 872 male

2077 912 2213 962 ante
2233 922 2368 961 eum
2387 906 2704 977 scripserat
2727 903 3041 958 Sallustius
3063 919 3132 957 ex
3156 903 3455 957 sententia
3479 903 3743 970 Senecae,

2077 997 2328 1066 ideoque
2360 1012 2480 1050 non
2511 995 2661 1049 bene
2709 993 2848 1048 fecit
2896 993 3237 1060 Arruntius,
3274 992 3375 1062 qui
3407 992 3511 1046 illa
3541 1010 3674 1063 quaa
3711 1010 3746 1048 a

2080 1087 2360 1142 Sallustio
2385 1085 2538 1141 male
2562 1085 2719 1139 dicta
2746 1089 2886 1138 sunt
2910 1083 3056 1138 adeo
3083 1083 3346 1137 studiose
3369 1088 3608 1138 secutus
3630 1088 3744 1138 est.

2079 1177 2271 1230 Verba
2305 1180 2443 1230 sunt
2475 1176 2711 1229 Seneca)
2738 1190 2751 1239 ;
2781 1171 3009 1226 «Vides
3033 1177 3232 1226 autem
3264 1170 3407 1242 quid
3439 1178 3746 1242 sequatur,

2078 1266 2178 1320 ubi
2211 1265 2390 1320 alicui
2421 1264 2627 1319 vitium
2661 1279 2764 1334 pro
2799 1262 3069 1333 exemplo
3103 1266 3210 1316 est.
3250 1283 3277 1311 »
3313 1261 3398 1317 lta
3446 1262 3748 1317 Helladius

2079 1356 2236 1427 apud
2293 1354 2572 1409 Photium
2658 1356 2827 1406 notat
2908 1351 3305 1422 Euphorionis
3395 1349 3749 1420 κακοζήλους

2080 1444 2274 1515 λέξεις,
2295 1461 2413 1499 non
2446 1443 2686 1514 quidem
2719 1466 2736 1492 ι
2761 1459 2879 1496 non
2902 1441 3243 1507 imitandas,
3266 1464 3293 1491 ››
3325 1447 3390 1496 ut
3421 1441 3742 1513 interpres,

2082 1534 2187 1590 sed
2217 1557 2245 1584 ‹‹
2279 1550 2349 1588 ex
2381 1533 2538 1587 mala
2567 1532 2942 1586 affectatione
2975 1553 3002 1581 ››
3036 1531 3370 1602 profectas;
3404 1547 3540 1585 nam
3575 1550 3651 1583 πα
3666 1550 3756 1604 ρε-

2084 1621 2302 1693 ζήλωσε
2330 1621 2420 1675 τὸν
2455 1625 2672 1695 πρῶτον
2704 1617 2985 1674 Διονύσιον
3030 1620 3122 1673 τὸν
3168 1617 3422 1680 Σικελίας
3454 1618 3747 1692 τύραννον,

2083 1737 2110 1763 ‹‹
2146 1713 2492 1784 Dionysium
2525 1712 2782 1783 primum
2840 1709 3053 1764 Sicilire
3108 1714 3429 1780 tyrannum
3473 1710 3746 1765 imitatus

2009 1825 2055 1890 Β
2087 1809 2193 1868 est,
2228 1825 2255 1852 »
2285 1803 2385 1872 qui
2420 1801 2607 1856 multa
2635 1799 2919 1853 vocabula
2959 1795 3355 1870 καταγέλαστα,
3390 1799 3563 1870 plane
3594 1799 3748 1854 ridi-

2088 1889 2218 1946 cula
2249 1889 2611 1962 excogitavit.
2648 1891 2722 1942 At
2751 1887 2970 1958 Optime
3005 1888 3058 1941 S.
3090 1887 3309 1942 Paulus
3339 1905 3480 1942 voce
3512 1885 3750 1957 ὀναίμην

2088 1979 2384 2044 utebatur,
2421 1978 2641 2049 optime
2688 1977 2982 2046 vulgatum
3035 1982 3092 2030 et
3139 1977 3355 2033 Graacis
3386 1977 3748 2032 familiarem

2089 2084 2423 2123 sermonem
2437 2066 2706 2139 religioni
2722 2066 3072 2121 Christianae
3087 2068 3750 2138 attemperavitpptime

2091 2157 2350 2211 ostendit
2395 2155 2690 2226 quomodo
2743 2155 2864 2209 illis
2917 2156 3018 2226 qui
3076 2155 3249 2210 nobis
3296 2156 3553 2210 maxime
3584 2156 3753 2210 chari

2092 2249 2250 2310 sunt,
2281 2244 2396 2299 frui
2428 2247 2716 2315 oporteat,
2741 2259 2954 2315 nempe
2989 2245 3046 2296 in
3079 2244 3329 2310 Domino,
3365 2243 3452 2298 vel
3483 2250 3548 2297 ut
3577 2244 3754 2315 Igna-

2091 2335 2206 2389 tius
2238 2338 2460 2402 noster,
2497 2354 2524 2382 «
2556 2332 2618 2386 in
2650 2333 2786 2386 Deo.
2815 2354 2842 2380 »
2874 2333 3074 2402 Neque
3105 2333 3284 2404 igitur
3313 2333 3409 2388 hic
3440 2334 3496 2387 S.
3529 2333 3751 2387 Paulus

2090 2441 2198 2495 pro
2231 2422 2643 2491 Sallustio,nec
2675 2421 3059 2492 epistolarum
3092 2423 3349 2493 scriptor
3377 2439 3484 2494 pro
3518 2424 3751 2476 Arrun-

2091 2515 2173 2570 tio
2197 2514 2400 2568 haberi
2426 2512 2647 2567 debuit.
2673 2510 2966 2579 Secundo,
2993 2512 3042 2565 si
3067 2512 3320 2582 scriptor
3345 2511 3498 2566 male
3522 2512 3577 2566 S.
3603 2513 3752 2564 Pau-

2092 2605 2214 2660 lum
2237 2603 2498 2658 imitatus
2519 2601 2920 2667 fuisset,nullo
2955 2600 3130 2655 modo
3161 2601 3430 2670 sequitur
3455 2617 3588 2654 eum
3622 2615 3746 2654 non

2089 2695 2272 2750 fuisse
2303 2694 2493 2747 virum
2525 2696 2582 2745 et
2610 2691 2798 2761 pium,
2833 2697 2889 2745 et
2919 2707 3177 2762 gravem,
3203 2696 3261 2745 et
3290 2691 3532 2746 omnino
3564 2689 3745 2744 talem

2091 2785 2329 2856 qualem
2353 2783 2405 2837 S.
2432 2781 2722 2853 Ignatium
2754 2779 2936 2835 fuisse
2962 2797 3169 2835 omnes
3193 2781 3559 2835 credunt.Sic
3582 2779 3745 2833 enim

2091 2875 2315 2928 Seneca
2344 2871 2414 2925 de
2448 2887 2552 2924 suo
2584 2869 2903 2924 Arruntio:
2966 2893 2991 2918 ‹‹
3045 2871 3177 2924 Haec
3225 2870 3404 2940 igitur
3441 2874 3497 2922 et
3527 2868 3742 2938 hujus-

2089 2962 2249 3018 modi
2283 2961 2441 3025 vitia,
2475 2975 2606 3030 quae
2641 2959 2816 3013 alicui
2851 2959 3152 3030 impressit
3180 2957 3576 3018 imitatio,non
3604 2960 3746 3008 sunt

2089 3052 2312 3107 indicia
2343 3049 2617 3118 luxuriae,
2641 3065 2751 3103 nec
2784 3048 2967 3102 animi
3001 3047 3283 3118 corrupti.
3316 3045 3560 3117 Propria
3581 3044 3743 3098 enim

2090 3159 2219 3198 esse
2253 3140 2476 3195 debent
2503 3143 2561 3192 et
2590 3155 2660 3192 ex
2693 3138 2819 3209 ipso
2851 3142 3008 3201 nata,
3035 3153 3106 3190 ex
3142 3134 3357 3205 quibus
3390 3139 3453 3189 tu
3485 3133 3748 3187 aestimes

329 3238 451 3301 τοῦ,
483 3233 558 3296 ὠς
590 3234 691 3287 οὐκ
744 3229 804 3286 ἄν
839 3237 914 3303 μή
948 3231 1195 3306 φιλτάτῳ
1227 3235 1308 3288 σοὶ
1369 3237 1698 3314 τυγχάνοντι
1733 3234 1980 3292 συνεϐού-

2090 3231 2346 3302 alicujus
2377 3230 2641 3284 allectus.
2676 3201 2733 3277 ››’
2762 3227 2920 3282 Cavit
2976 3226 3135 3280 enim
3159 3201 3459 3280 _sollicite
3510 3239 3584 3277 ne
3617 3225 3755 3293 quis

327 3320 498 3376 λευσά
541 3342 595 3375 τι
643 3325 914 3389 τοιοῦτον,
975 3321 1069 3395 ὅγε
1127 3322 1440 3396 ἀπεύχομαί
1467 3330 1583 3386 τοῖς
1613 3324 1834 3400 ἐχθροῖς
1861 3333 1977 3389 τοῖς

325 3409 506 3482 ἐμοῖς.
569 3434 596 3460 ‹‹
656 3411 741 3466 Ita
789 3428 955 3466 sacra
1020 3413 1415 3484 philosophia,
1448 3415 1770 3488 liberisque
1830 3419 1978 3474 meis

329 3502 574 3572 insuper
603 3502 784 3568 fruar,
816 3505 882 3556 ut
929 3500 1034 3556 tibi
1085 3518 1224 3570 non,
1258 3504 1372 3557 nisi
1405 3505 1800 3562 amicissimus
1831 3509 1980 3563 mihi

331 3608 512 3653 esses,
546 3589 769 3660 aliquid
801 3589 1096 3660 ejusmodi
1144 3590 1355 3646 fuerim
1389 3594 1788 3665 consulturus,
1823 3596 1980 3666 quod

330 3679 592 3736 inimicis
649 3678 799 3733 meis
856 3679 1161 3750 deprecor.
1195 3700 1223 3730 »
1284 3681 1362 3735 De
1419 3681 1624 3738 liberis
1681 3687 1979 3758 przecipue

323 3769 623 3840 rebusque
654 3767 1023 3822 charissimis
1063 3773 1164 3823 aut
1213 3771 1484 3840 personis
1513 3773 1665 3828 hanc
1697 3774 1979 3845 loquendi

330 3859 647 3914 formulam
680 3859 1048 3929 usurpabant
1075 3865 1302 3915 veteres
1329 3862 1534 3932 Graaci,
1563 3868 1627 3918 ut
1648 3872 1878 3922 constat
1908 3885 1981 3922 ex

324 3947 1056 4018 Euripide,Arist0phane,
1082 3950 1350 4020 Synesio,
1374 3968 1606 4008 necnon
1630 3969 1700 4008 ex
1724 3956 1978 4011 Luciano

329 4037 428 4109 qui
481 4037 541 4091 in
569 4031 908 4109 Φιλοψευδεῖ
937 4038 1064 4093 11ωο
1091 4039 1268 4094 habet
1296 4055 1308 4096 :
1371 4038 1471 4095 Καὶ
1505 4041 1534 4094 ὁ
1567 4039 1845 4116 Εὐκράτης
1878 4042 1981 4096 ὣσ-

332 4147 429 4200 μερ
463 4127 826 4198 ἀναμνησθεὶς
885 4127 1021 4201 πρὸς
1075 4131 1178 4198 τήν
1237 4124 1360 4204 ὄψιν
1421 4135 1529 4186 τῶν
1580 4134 1760 4199 υἱέων,
1793 4133 1979 4196 Οὕτως

331 4211 583 4286 ὀναίμην,
620 4207 744 4289 ἔφη,
777 4211 1011 4282 τούτων,
1036 4210 1314 4272 ἐπιϐαλὼν
1341 4219 1530 4282 αὐτοῖς
1561 4221 1660 4289 τὴν
1691 4226 1870 4294 χεῖρα,
1904 4223 1978 4284 ὡς

331 4305 538 4373 ἀληθῆ,
592 4302 636 4357 ὦ
686 4303 966 4378 Τυχιάδη,
1024 4307 1160 4380 πρὸς
1217 4308 1275 4362 σὲ
1331 4309 1458 4383 ἐρῶ.
1519 4315 1650 4367 «Et
1679 4315 1979 4383 Eucrates,

333 4394 500 4464 quasi
534 4410 604 4446 ex
659 4401 980 4465 conspectu
1037 4397 1296 4454 ﬁliorum
1353 4403 1477 4456 haec
1536 4403 1595 4456 in
1629 4404 1980 4460 memoriam

330 4487 693 4537 revocasset:
719 4484 806 4537 Ita
825 4484 1008 4551 fruar,
1027 4485 1356 4556 inquiebat,
1380 4490 1561 4560 hisce,
1587 4491 1707 4546 illis
1738 4509 1981 4550 manum

2084 3319 2239 3375 male
2271 3319 2342 3373 de
2374 3317 2689 3372 virtutibus
2711 3321 2813 3371 aut
2841 3314 3104 3370 moribus
3131 3312 3394 3368 Arruntii
3421 3311 3724 3384 judicaret

2086 3426 2264 3480 quem
2297 3410 2423 3480 ipse
2457 3406 2717 3479 appellat
2773 3405 2963 3460 virum
3023 3421 3170 3459 rarm
3229 3402 3610 3475 frugalitatis,
3642 3401 3746 3471 qui

2085 3515 2260 3553 verus
2291 3501 2498 3552 auctor
2527 3497 2787 3550 Historia:
2836 3494 2902 3547 de
2958 3495 3098 3548 bello
3124 3494 3333 3546 Punico
3364 3492 3496 3559 fuit,
3530 3507 3599 3545 ex
3635 3506 3754 3560 qua

2086 3604 2147 3642 se
2180 3586 2502 3658 profecisse
2543 3584 2763 3638 fatetur
2815 3582 3063 3647 Plinius,
3099 3598 3277 3651 quem
3333 3586 3400 3635 ut
3456 3580 3743 3651 optimum

2085 3682 2382 3731 oratorem
2433 3673 2566 3727 Piso
2625 3673 2685 3724 in
2735 3669 2999 3740 periculo
3048 3670 3238 3740 petiit,
3284 3685 3463 3739 quem
3512 3668 3745 3723 Tacitus

2086 3770 2222 3820 ante
2253 3762 2524 3818 Asinium
2574 3759 2820 3827 Gallum,
2882 3763 2942 3810 et
3001 3757 3337 3812 Marcellum
3387 3757 3747 3813 Aserninum

2086 3851 2433 3920 nominavit,
2469 3864 2646 3919 quem
2672 3850 2967 3918 Augustus
2988 3846 3057 3900 de
3081 3863 3424 3901 successore
3457 3846 3746 3901 sollicitus

2085 3959 2206 3998 non
2235 3939 2544 4012 indignum
2567 3934 3158 4007 imperiojudicavit;
3186 3935 3285 4005 qui
3310 3935 3399 3989 vir
3428 3935 3565 3990 talis
3591 3936 3747 3991 inter

2085 4036 2402 4094 Romanos,
2463 4044 2581 4082 non
2640 4025 2833 4098 qualis
2892 4024 3183 4095 impostor
3237 4024 3597 4089 Dallaeanus,
3641 4025 3745 4078 sed

2085 4121 2281 4194 potius
2305 4118 2496 4190 qualis
2519 4121 2756 4172 sanctus
2775 4115 3035 4187 Ignatius
3059 4114 3216 4185 apud
3238 4114 3745 4179 nostros,habitus

2089 4217 2196 4267 est.
2229 4209 2448 4278 Tertio,
2480 4207 2579 4278 qui
2610 4207 2691 4262 ita
2737 4205 2832 4259 vel
2877 4204 3244 4273 Sallustium,
3278 4203 3366 4258 vel
3398 4204 3743 4257 Arruntium

2085 4297 2576 4372 posteaimitatus
2595 4295 2691 4362 sit,
2714 4294 3016 4349 neminem
3049 4294 3322 4348 novimus
3350 4310 3362 4346 :
3393 4292 3740 4361 scriptorem

2087 4396 2285 4446 autem
2319 4392 2589 4441 nostrum
2646 4389 2930 4453 tanquam
2980 4384 3272 4454 Optimum
3307 4383 3485 4436 etiam
3519 4379 3580 4434 in
3629 4379 3739 4434 hac

2087 4481 2217 4551 ipsa
2249 4495 2310 4532 re
2343 4475 2555 4530 imitati
2589 4478 2727 4528 sunt
2771 4473 2874 4526 viri
2925 4473 3191 4527 maximi.
3225 4470 3581 4537 Alexander,
3613 4469 3741 4540 epi-

331 4569 634 4640 injiciens,
684 4576 751 4625 ut
801 4589 936 4628 vera
981 4574 1107 4640 tibi,
1140 4593 1172 4630 o
1213 4578 1523 4648 Tychiada,
1558 4579 1785 4651 loquor,
1822 4605 1850 4632 ))
1878 4584 1986 4640 Re-
2016 4569 2058 4633 D
2091 4587 2303 4641 scopus
2328 4565 2788 4628 Alexandrinus,
2810 4564 3061 4635 epistola
3083 4564 3155 4618 ad
3179 4563 3577 4618 Alexandrum
3599 4560 3741 4616 Con-

331 4659 675 4730 ceptissima
704 4660 814 4715 hac
841 4662 1120 4732 loquendi
1146 4666 1398 4722 formula
1415 4684 1557 4724 usus
1575 4676 1665 4725 est
1687 4673 1742 4726 S.
1765 4674 1981 4728 Paulus

331 4750 406 4804 ad
433 4748 866 4818 Philemonem,
901 4767 1148 4823 eamque
1207 4756 1373 4825 quasi
1417 4757 1857 4817 Christianitate
1888 4763 1986 4817 do-

332 4837 534 4893 navit:
569 4835 717 4909 Ἐγὼ
749 4856 844 4890 σου
881 4836 1113 4910 ὀναίμην
1171 4837 1225 4894 ἐν
1282 4841 1490 4916 Κυρίῳ.
1525 4867 1553 4895 ‹‹
1585 4849 1702 4919 Ego
1736 4853 1789 4904 te
1821 4849 1984 4906 fruar

330 4926 392 4980 in
421 4925 696 4981 Domino.
734 4948 762 4976 »
797 4928 860 4982 In
894 4945 1011 4998 qua
1040 4928 1338 4986 locutione
1362 4955 1388 4982 ‹‹
1415 4933 1577 4990 aliud
1607 4936 1792 4992 multo
1815 4938 1981 4994 intel-

331 5015 538 5087 ligitur
569 5031 747 5086 quam
778 5021 1039 5087 putatur,
1077 5042 1098 5070 ι
1154 5026 1218 5074 ut
1266 5020 1535 5078 observat
1567 5025 1978 5098 Hieronymus.

331 5107 413 5160 Ea
443 5104 623 5178 igitur
652 5122 794 5161 usus
825 5111 914 5160 est
942 5107 1201 5179 Ignatius
1225 5115 1289 5163 ut
1321 5111 1465 5165 satis
1495 5112 1980 5186 familiari,atque

335 5196 581 5267 insuper
611 5213 644 5251 a
675 5197 916 5252 S.Paulo
947 5205 1248 5270 usurpata.
1275 5200 1386 5255 Sed
1411 5218 1592 5271 quare
1612 5205 1785 5259 toties
1806 5221 1983 5260 usur-

337 5285 518 5354 pavit,
543 5302 674 5339 cum
707 5285 759 5339 S.
795 5286 1015 5341 Paulus
1047 5289 1229 5344 semel
1262 5295 1491 5346 tantum
1515 5292 1544 5347 ?
1572 5293 1764 5349 Semel
1798 5295 1985 5349 utitur

337 5372 496 5426 idem
530 5375 828 5444 apostolus
851 5392 992 5432 voce
1022 5374 1369 5451 ἄγαθοποιία,
1395 5381 1665 5437 Clemens
1688 5383 1983 5440 Romanus

336 5459 398 5514 in
448 5478 566 5516 una
622 5465 867 5534 epistola
924 5473 1164 5538 quater;
1221 5471 1407 5526 semel
1455 5472 1512 5527 S.
1544 5473 1752 5528 Petrus
1780 5489 1984 5529 vocem

339 5547 786 5622 μεγαλοπρεπής,
830 5555 890 5610 in
948 5557 1155 5613 eadem
1214 5559 1461 5630 epistola
1492 5560 1762 5617 Clemens
1794 5564 1984 5619 sexies

335 5638 674 5708 usurpavit;
707 5643 880 5698 toties
924 5646 1170 5714 scilicet,
1204 5648 1432 5716 quoties
1483 5649 1742 5720 lgnatius
1781 5657 1987 5707 noster

2091 4656 2688 4728 stantinopolitanum
2720 4671 2731 4708 :
2766 4652 3029 4724 Ὀναίμην
3065 4653 3217 4724 ὑμῶν
3245 4655 3344 4716 τῆς
3377 4649 3739 4729 φιλοχρίστου

2088 4751 2294 4824 ψυχῆς.
2355 4746 2411 4800 S.
2446 4745 2899 4814 Chrysostomus
2956 4742 3016 4796 in
3074 4743 3351 4797 Oratione
3391 4739 3744 4813 panegyrica

2089 4839 2214 4892 haec
2243 4834 2452 4907 lgnatii
2493 4832 2671 4887 verba
2703 4831 2956 4887 maxime
2990 4837 3273 4902 tanquam
3305 4830 3586 4903 praeclara
3617 4829 3744 4884 lau-

2089 4926 2226 4982 dat:
2262 4920 2404 4996 Ἐγὼ
2433 4923 2539 4975 τῶν
2569 4919 2776 4992 θηρίων
2823 4917 3038 4973 ἐκείνων
3072 4917 3331 4991 ὀναίμην,
3363 4925 3422 4975 et
3450 4935 3586 4974 cum
3617 4917 3742 4988 ipse

2089 5015 2335 5071 minime
2399 5011 2574 5065 fuerit
2628 5005 2961 5077 κακόζηλος,
2997 5026 3067 5064 ea
3097 5009 3317 5064 imitari
3351 5014 3600 5064 conatus
3631 5011 3739 5074 est,

2088 5103 2280 5159 verbis
2310 5117 2443 5171 quas
2475 5097 2650 5171 paulo
2705 5103 2839 5153 ante
2886 5098 3266 5169 protulimus,
3301 5097 3447 5174 Ἐγὼ
3475 5099 3584 5150 τῶν
3618 5091 3741 5148 δεσ-

2095 5195 2208 5264 μῶν
2243 5188 2472 5262 ὀναίμην
2504 5185 2717 5241 ἐκείνων
2728 5231 2741 5244 .

2162 5299 2233 5353 Ut
2263 5295 2422 5352 aliud
2450 5293 2783 5363 κακοζηλίας
2833 5294 3173 5367 exemplum
3223 5291 3522 5355 extundat,
3557 5289 3746 5344 multa

2092 5385 2589 5442 comminiscitur.
2651 5385 2952 5439 «Dixerat
3006 5381 3322 5454 Apostolus
3370 5379 3745 5435 Timotheum

2095 5492 2268 5531 suum
2327 5491 2389 5528 se
2449 5473 2670 5527 habere
2727 5471 2995 5548 ἰσόψυχον
3057 5471 3426 5526 unanimem.
3463 5491 3488 5519 η
3524 5470 3603 5524 Ne
3636 5469 3746 5522 hoc

2096 5563 2335 5636 quidem
2366 5577 2568 5617 verum
2627 5567 2736 5618 est.
2782 5556 3012 5629 Οὐδένα,
3043 5559 3241 5630 inquit
3268 5560 3324 5615 S.
3359 5557 3599 5626 Paulus,
3630 5550 3745 5632 ἔχω

2095 5651 2388 5728 ῒσόψυχον.
2423 5652 2510 5705 An
2565 5656 2762 5706 autem
2818 5651 2916 5720 qui
2951 5649 3256 5706 neminem
3287 5667 3348 5704 se
3381 5649 3600 5704 habere
3631 5643 3747 5698 ἰσό-
