4064 6134
302 285 426 345 457

1083 284 1526 347 PEARSONII
1571 279 1954 347 VINDICIJE
1996 279 2480 342 IGNATIAN‘E.
2525 308 2602 328 ο-
2645 279 2849 340 PARS
2892 281 2971 342 II.

3619 281 3743 348 488

303 417 485 488 ψυχον
522 415 693 486 dixit,
728 416 938 472 habere
967 431 1030 473 se
1048 415 1420 473 Timotheum
1449 413 1713 489 ἰσόψυχον
1747 415 1952 471 dixisse

2080 411 2154 476 ὡς
2186 413 2213 466 6
2245 412 2448 486 Κύριος
2467 410 2558 464 τὸν
2586 409 2717 483 ὑπὲρ
2741 412 2922 484 ἠμῶνο
2959 411 3092 485 ὑπὲρ
3127 415 3222 466 σοῦ
3251 412 3354 481 τήν
3385 413 3570 488 ψυχὴν
3591 415 3734 472 ἀντι.

309 507 614 576 putandus
643 505 778 562 est?
807 506 914 561 Sed
942 505 1061 562 sive
1106 507 1376 562 habuerit
1413 512 1468 562 8.
1519 507 1732 564 Paulus
1780 503 1970 577 ἰσόψυ-

307 614 433 669 χον,
459 597 581 653 sive
604 615 717 654 non
742 597 1190 670 habuerit,quid
1213 598 1322 655 hoc
1345 600 1414 655 ad
1439 600 1733 672 Ignatium
1757 598 1971 669 episto-

303 685 479 741 licum
500 686 527 741 ‘2
544 688 762 759 Nempe
785 687 902 752 ille,
930 710 956 738 «
983 689 1428 760 compositionis
1457 691 1642 745 forma
1663 687 1969 760 captus,ad

304 777 456 831 idem
487 776 822 848 exemplum
871 777 1143 834 formavit
1172 774 1468 851 ἂντίψυχος
1499 784 1556 834 et
1584 775 1904 849 ἄντίψυχον.
1945 797 1964 824 ι

304 870 390 920 An
424 883 562 922 vero
594 865 691 922 ille
721 883 849 922 eam
873 881 1072 922 vocem
1103 869 1400 936 formavit,
1423 884 1554 940 qua:
1575 865 1970 939 antiqussima

2088 497 2249 555 δώσω
2278 501 2376 570 τήν
2409 497 2569 573 ἐμήν.
2603 503 2832 557 «Tuam
2869 507 3112 558 mortem
3136 501 3382 560 libenter
3412 505 3740 578 sustinebo,

2087 597 2151 648 ut
2185 592 2464 648 Dominus
2497 609 2599 664 pro
2641 592 2810 648 nobis
2844 597 3090 648 mortem
3125 593 3407 649 sustinuit
3438 611 3451 649 :
3478 595 3740 652 animam

2083 697 2272 737 meam
2307 697 2411 752 pro
2439 685 2494 736 te
2551 681 2823 736 vicariam
2885 681 3054 736 dabo.
3100 704 3129 731 »
3187 686 3350 738 Certe
3408 679 3737 738 ἀντιδιδόναι

2078 767 2178 834 τήν
2212 767 2396 840 ψυχήν
2432 767 2583 822 idem
2616 772 2706 822 est
2757 783 2822 822 ac
2873 765 3174 842 ἀντίψυχον
3231 767 3382 824 εἶναι.
3433 770 3593 836 Quod
3645 776 3736 826 est

2081 861 2340 928 Lycurgo
2373 855 2590 911 rhetori
2643 851 2784 908 ἰδίαν
2823 855 3011 933 ψυχήν
3061 855 3180 911 ἀντὶ
3228 863 3416 926 κοινῆς
3459 857 3734 930 σωτηρίας

305 955 462 1010 fuit?
487 958 573 1010 An
605 956 677 1010 ad
714 955 867 1011 idem
900 956 1233 1028 exemplum
1261 957 1506 1012 formata
1526 973 1653 1022 vox,
1678 973 1801 1027 quae
1820 971 1952 1028 prae-

2077 941 2684 999 ἀντικαταλλασσεσθαι.
2746 944 2925 1011 Quale
3013 944 3310 1021 ἀντίψυχον
3383 948 3736 1006 describitur

307 1044 657 1116 positionem
686 1043 813 1100 loco
864 1045 1123 1100 nominis
1184 1045 1410 1101 habet?
1465 1047 1548 1100 An
1610 1044 1750 1102 illud
1803 1043 1965 1100 Pauli

304 1129 570 1206 ἰσόψυχος
602 1133 948 1204 simpliciter
977 1132 1285 1189 aemulatus
1319 1140 1429 1200 est,
1472 1151 1607 1190 cum
1658 1151 1766 1189 vox
1819 1130 1964 1186 ἀντί-

303 1224 482 1296 ψυχος
515 1221 761 1277 alterius
801 1223 973 1294 plane
1003 1222 1452 1293 signiﬁcationis
1498 1223 1629 1279 sit?
1687 1222 1759 1278 Ut
1809 1221 1962 1278 idem

303 1313 410 1368 has
467 1313 616 1368 duas
673 1329 839 1370 voces
893 1312 1227 1385 significare
1279 1315 1571 1383 ostendat,
1631 1313 1756 1370 vult
1806 1315 1961 1386 apud

306 1401 365 1456 S.
397 1401 668 1472 Paulum,
705 1399 975 1477 ἰσόψυχον
1008 1419 1134 1459 esse
1182 1403 1548 1473 unanimem,
1589 1406 1646 1459 et
1693 1403 1963 1459 observat

301 1497 552 1546 veterem
589 1491 968 1563 interpretem
1001 1491 1209 1564 lgnatii
1242 1491 1324 1547 ita
1364 1493 1604 1548 reddere
1637 1489 1958 1564 ἀντίψυχον.

300 1579 628 1652 Utrumque
658 1580 894 1636 frustra.
917 1580 1116 1652 Neque
1133 1579 1288 1636 enim
1313 1578 1583 1654 ἰσόψυχος
1603 1581 1750 1652 apud
1767 1579 1958 1652 illum,

295 1658 488 1740 nequo
521 1667 816 1742 ἀντίψυχος
843 1669 998 1742 apud
1039 1670 1200 1725 hunc
1253 1669 1592 1725 unanimem
1644 1669 1953 1742 significat.

291 1756 472 1814 Vetus
506 1759 567 1814 S.
600 1757 766 1814 Pauli
797 1758 1107 1830 interpres,
1143 1780 1171 1809 «
1204 1762 1321 1814 tam
1367 1759 1706 1814 unanimem
1761 1761 1956 1814 trans-

292 1846 448 1914 tulit,
483 1849 639 1918 quod
673 1847 830 1903 aliud
863 1852 974 1918 est,
1007 1853 1064 1904 et
1094 1849 1238 1904 Beza
1269 1846 1452 1904 multo
1481 1846 1712 1915 melius,
1765 1869 1792 1898 «
1827 1847 1950 1919 pari

292 1937 484 1992 animo
516 1938 814 2006 affectum,
848 1959 876 1988 »
912 1937 1010 2008 qui
1045 1961 1073 1987 ‹‹
1101 1942 1266 2008 putat
1300 1937 1444 1993 alios
1477 1955 1609 1993 cum
1643 1937 1948 1992 Timotheo

290 2028 641 2099 comparari,
676 2050 704 2077 κ
737 2029 890 2099 quod
916 2028 1208 2084 immerito
1236 2027 1477 2100 sugillat
1499 2028 1797 2083 Heinsius.
1821 2028 1949 2083 Sive

291 2117 445 2174 enim
475 2117 809 2187 Timotheo,
845 2118 961 2172 sive
993 2119 1106 2174 sibi
1140 2115 1406 2192 ἰσόψυχον
1438 2117 1576 2173 velit
1605 2118 1660 2171 S.
1712 2117 1946 2187 Paulus,

288 2207 406 2264 sive
439 2207 674 2278 utrique
705 2209 790 2277 (ut
823 2209 1119 2278 accepisse
1149 2206 1379 2262 videtur
1399 2206 1666 2262 Clemens
1700 2206 1950 2261 Alexan-

289 2297 515 2363 drinus,
551 2297 784 2367 Strom.,
840 2296 942 2353 lib.
995 2313 1096 2352 1v:
1147 2294 1385 2366 Ὁμοίως
1438 2294 1527 2348 καὶ
1585 2294 1709 2369 περὶ
1768 2296 1948 2366 Τιμο-

290 2382 410 2438 θέου
443 2385 534 2439 καὶ
592 2384 788 2438 ἑαυτοῦ
842 2383 1087 2463 γράφων*
1151 2380 1355 2440 Οὐδένα
1411 2383 1514 2458 γὰρ
1582 2381 1720 2458 ἔχω,
1789 2383 1945 2461 φησί,

290 2473 578 2552 ἰσόψυχον,
634 2474 975 2530 «Similiter
1017 2478 1074 2531 et
1141 2475 1211 2530 de
1265 2475 1572 2531 Timotheo
1633 2480 1690 2530 et
1750 2475 1946 2546 seipse

285 2567 576 2632 scribens,
604 2567 892 2622 Neminem
921 2566 1114 2637 habeo,
1148 2566 1358 2636 inquit,
1405 2563 1718 2642 ἰσόψυχον),
1750 2565 1944 2620 virum

293 2655 566 2712 similiter
595 2671 733 2726 erga
764 2654 1168 2727 Philippenses
1201 2655 1495 2720 affectum,
1529 2661 1584 2711 et
1631 2655 1755 2726 pari
1807 2670 1947 2710 cura

292 2762 483 2802 eorum
507 2750 728 2801 statum
752 2753 1208 2817 prosequentem
1231 2745 1536 2818 intelligit,
1559 2749 1620 2800 ut
1642 2745 1946 2817 sequentia

303 2837 716 2892 demonstrant.
751 2838 924 2892 Recte
964 2835 1223 2908 optimus
1270 2835 1558 2906 interpres
1606 2835 1944 2908 Chrysosto-

305 2941 471 2980 mus:
505 2921 704 2981 Οόδένα
733 2923 836 3000 γὰρ
868 2921 984 3002 ἔχω
1019 2923 1314 3002 ἰσόψυχον,
1347 2924 1591 2979 τουτέστι
1629 2929 1736 2979 τῶν
1783 2924 1946 2998 ὁμοί-

298 3014 372 3075 ὡς
402 3033 495 3086 μοι
531 3016 950 3089 μεριμνώντων,
1003 3023 1058 3071 et
1099 3033 1346 3072 rursus:
1401 3015 1546 3068 ’Λντὶ
1586 3019 1684 3068 τοῦ
1737 3015 1948 3088 ὁμοίως

2079 1035 2258 1091 fuisse
2289 1035 2554 1101 Alcestis,
2587 1051 2733 1090 uxor
2761 1035 3012 1106 Admeti,
3045 1037 3200 1108 apud
3231 1037 3732 1110 Euripidem,quaa

2074 1124 2183 1181 viri
2215 1125 2342 1180 loco
2400 1131 2644 1179 mortem
2695 1123 2896 1179 subiit.
2948 1126 3111 1190 Quod
3165 1126 3394 1182 duobus
3454 1127 3646 1182 modis
3701 1143 3735 1183 a

2075 1219 2244 1287 poeta
2275 1213 2643 1285 exprimitur.

2143 1322 2287 1378 Nam
2322 1322 2510 1394 primo
2543 1322 2624 1378 ita
2653 1322 2897 1378 Alcestis
2929 1323 3142 1379 affatur
3165 1323 3477 1380 Admetum
3511 1341 3526 1380 :

2180 1427 2322 1502 Ἐγώ
2356 1447 2412 1482 σε
2442 1421 2741 1502 πρεσϐεόου
2754 1448 2840 1496 σα,
2870 1427 3046 1502 κίιντίΔ
3065 1431 3163 1502 τῆς
3193 1425 3333 1501 ἐμῆς

2177 1496 2384 1625 ait???
2403 1496 2785 1570 καταστήσασα
2814 1503 2927 1578 φῶς
2958 1496 3073 1555 τόδ’
3097 1496 3331 1575 εἰσορᾷν,

2219 1593 2245 1625 ν
2292 1592 2425 1625 σκω.

2179 1683 2288 1750 Ego
2319 1687 2370 1733 te
2403 1677 2607 1750 honore
2635 1675 2918 1750 afﬁciens,
2951 1687 3002 1734 et
3033 1678 3151 1750 loco
3176 1694 3310 1735 mea:

2176 1749 2316 1876 gite:
2348 1752 2396 1805 te
2422 1749 2679 1820 efﬁciens
2703 1749 2820 1805 luce
2851 1749 2956 1806 hac
2983 1749 3121 1817 frui.

2227 1835 2397 1876 ονιον.

2227 1835 2397 1877 ονιον.

2130 1926 2273 1982 Dein
2307 1928 2591 1982 Admetus
2623 1926 2701 1981 ita
2727 1926 2988 1983 Alcestin
3017 1926 3372 1999 alloquitur:

2171 2033 2229 2085 Σ“
2276 2028 2322 2085 δ’
2363 2031 2376 2052 ’
2479 2027 2502 2048 “
2545 2034 2572 2046 “’
2715 2037 2742 2049 ’⁷
2811 2031 2824 2050 ’
2886 2038 2914 2048 ”
3020 2031 3035 2049 “

2218 2055 2246 2085 υ
2352 2045 2645 2108 αντιοουσα
2677 2051 2775 2101 της
2808 2051 2948 2105 eum
2977 2052 3044 2086 τα
3075 2029 3311 2108 φίλτατα

2167 2110 2368 2178 Ψυχῆς
2396 2099 2624 2165 ἔσωσας.

2058 2213 2130 2285 Tu
2159 2229 2285 2269 vero
2309 2213 2452 2268 dans
2483 2229 2549 2268 ea
2581 2229 2707 2283 quae
2741 2211 2996 2268 habuisti
3033 2211 3364 2268 charissima
3419 2229 3523 2285 pro
3582 2226 3709 2269 mea

2061 2284 2199 2352 Vita,
2230 2287 2462 2339 servasti
2487 2301 2598 2340 me.

2125 2396 2382 2462 Utroque
2414 2396 2610 2446 autem
2645 2390 2816 2446 modo
2873 2387 3174 2463 ἀντίψυχον
3230 2395 3428 2462 aperte
3485 2390 3710 2447 descri-

2056 2481 2235 2536 bitur.
2274 2487 2346 2534 De
2369 2480 2594 2535 Christo
2635 2479 2761 2550 ipso
2791 2484 2847 2533 ὃ.
2885 2479 3245 2535 Athanasius
3276 2480 3378 2536 lib.
3413 2481 3487 2537 De
3525 2483 3709 2537 Incur-

2054 2569 2286 2625 natione
2321 2569 2532 2625 Verbi:
2562 2567 2718 2640 Ὑπὲρ
2743 2568 2945 2628 πάντας
2967 2567 3070 2642 γὰρ
3094 2563 3166 2621 ὤν
3191 2568 3219 2622 6
3244 2567 3423 2643 Λόγος
3444 2574 3540 2624 τοῦ
3554 2571 3711 2636 Θεοῦ,

2054 2657 2281 2718 εἰκότως
2335 2657 2425 2710 τὸν
2492 2657 2683 2710 ἑαυτοῦ
2741 2655 2864 2710 ναὸν
2911 2656 3000 2710 καὶ
3049 2656 3111 2710 τὸ
3180 2658 3491 2732 σωματικὸν
3547 2651 3713 2734 ἔργα·

2052 2767 2141 2801 νον
2173 2747 2466 2821 προσάγων
2528 2744 2830 2820 ἀντίψυχον
2883 2745 3014 2820 ὑπὲρ
3066 2746 3299 2816 πάντων,
3350 2746 3598 2821 ἐπλήρου
3641 2744 3706 2801 τὸ

2054 2833 2412 2914 ὀφειλόμενον
2447 2833 2497 2888 ἐν
2531 2838 2608 2906 τῷ
2635 2833 2861 2907 θανότῳ.
2887 2858 2913 2885 ‹‹
2941 2841 3083 2890 Cum
3107 2843 3264 2892 esset
3293 2853 3471 2909 super
3501 2852 3707 2892 omnes

2051 2927 2304 2983 Verbum
2327 2925 2453 2992 Dei,
2483 2926 2613 2996 jure
2645 2941 2819 2980 suum
2853 2924 3140 2998 templum
3181 2931 3239 2982 et
3281 2925 3582 2999 corporale
3613 2927 3702 2982 in-

2052 3019 2174 3072 stru
2186 3019 2448 3072 mentum
2471 3013 2687 3070 sistens
2709 3010 3005 3091 ἀντίψυχον
3031 3031 3132 3087 pro
3152 3014 3707 3087 omnibus,explevit

293 3100 414 3176 ἐμοὶ
449 3101 757 3176 κηδόμενον
795 3105 948 3177 ὑμῶν
996 3103 1084 3158 καὶ
1136 3104 1512 3181 φροντίζοντα.
1572 3106 1721 3162 Licet
1765 3105 1945 3178 igitur

2062 3105 2316 3161 debitum
2342 3103 2399 3158 in
2435 3109 2638 3160 morte.
2676 3126 2704 3152 »
2729 3105 2887 3171 Quod
2921 3102 3054 3159 aliis
3086 3105 3279 3161 verbis
3322 3109 3452 3176 post
3508 3105 3650 3160 dixit
3683 3119 3702 3162 :

289 3193 349 3250 S.
384 3194 602 3250 Paulus
635 3194 928 3267 psalmum
965 3211 1050 3262 LV,
1088 3180 1156 3249 14
1184 3195 1507 3267 respexisse
1538 3199 1794 3267 putetur,
1845 3195 1945 3252 ubi

2062 3191 2206 3249 Ἀντὶ
2238 3193 2451 3248 πάντων
2480 3193 2570 3246 τὸν
2631 3192 2824 3246 ἑαυτοῦ
2876 3195 3000 3246 ναὸν
3059 3191 3138 3254 εἷς
3199 3191 3423 3257 θάνατον
3474 3192 3701 3268 παραδι-

290 3287 456 3340 vetus
489 3285 800 3356 interpres,
833 3279 1082 3356 ἄνθρωπε
1120 3281 1352 3357 ἰσόψυχε
1385 3283 1658 3354 reddidit,
1716 3305 1736 3333 ι
1770 3284 1944 3342 homo

292 3373 613 3439 unanimis,
649 3396 678 3423 ››
713 3389 886 3444 quem
919 3372 1200 3429 Glossarii
1238 3379 1438 3428 auctor
1489 3377 1744 3429 secutus.
1799 3377 1943 3446 Apo-

297 3463 486 3519 stolus
517 3467 736 3533 tamen,
773 3463 870 3534 qui
909 3463 1142 3518 Hebraea
1175 3480 1286 3518 non
1322 3463 1517 3518 minus
1542 3480 1719 3534 quam
1755 3463 1947 3519 Graeca

295 3554 471 3622 novit,
530 3569 661 3608 eum
727 3551 907 3608 Graeci
965 3552 1232 3608 vocabuli
1281 3569 1452 3608 usum
1512 3553 1796 3624 probavit,
1845 3555 1946 3626 qui

293 3644 530 3700 Hebraeo
565 3644 818 3699 maxime
849 3643 1166 3700 conformis
1212 3643 1343 3711 fuit,
1394 3661 1473 3701 sc.
1516 3654 1672 3710 12W:
1729 3647 1950 3716 «juxta

291 3734 730 3805 preportionem
793 3749 1006 3799 meam,
1068 3733 1389 3788 secundum
1453 3733 1945 3806 comparationem

291 3836 508 3886 meam,
563 3821 734 3890 juxta
791 3819 1232 3875 aestimationem
1294 3822 1427 3892 mei,
1489 3844 1517 3870 »
1577 3823 1668 3877 cui
1725 3823 1945 3878 notioni

289 3911 508 3981 optime
541 3912 856 3980 respondet
903 3908 998 3964 hic
1045 3906 1315 3983 ἰσόψυχος
1367 3932 1394 3961 ‹‹
1436 3911 1560 3982 pari
1609 3913 1804 3968 animo
1857 3911 1946 3967 vel

293 3999 502 4054 affectu
538 3999 900 4070 praeditus.»
947 3999 1058 4054 Sed
1115 3999 1162 4054 si
1217 3997 1482 4072 ἷσόψυχος
1537 4018 1636 4072 pro
1683 4003 1944 4057 unanimi

298 4094 590 4156 sumatur,
625 4094 778 4144 certe
810 4089 962 4160 apud
998 4089 1285 4160 lgnatium
1345 4095 1610 4146 nostrum
1653 4089 1944 4165 ἀντίψυχον

289 4179 371 4233 ita
403 4178 554 4234 sumi
585 4193 697 4233 non
733 4179 920 4234 debet.
955 4179 1240 4250 Loquitur
1272 4177 1366 4234 ille
1389 4185 1670 4250 tanquam
1705 4187 1947 4252 martyr,

288 4277 338 4322 et
372 4268 550 4323 vitam
585 4284 647 4323 se
678 4283 879 4323 eorum
927 4267 1050 4324 loco
1103 4269 1431 4340 positurum
1477 4269 1637 4335 dicit,
1690 4270 1846 4325 unde
1894 4275 1951 4325 et

283 4357 520 4412 vincula
553 4356 728 4413 etiam
777 4356 1000 4428 adjicit.
1050 4358 1132 4412 Ad
1185 4359 1561 4429 Smyrnaeos:
1619 4355 1946 4434 Ἀντίψυχον

294 4446 444 4517 ὑμῶν
479 4445 542 4499 τὸ
575 4444 785 4517 πνεῦμά
817 4465 943 4518 μου,
1003 4445 1091 4499 καὶ
1131 4446 1198 4500 τὰ
1253 4442 1426 4519 δεσμά
1473 4466 1600 4518 μου.
1645 4450 1723 4503 Ad
1770 4451 1950 4522 Poly-

2053 3281 2199 3345 δούς·
2236 3308 2262 3335 ‹‹
2297 3301 2400 3357 pro
2431 3284 2708 3340 omnibus
2737 3283 3022 3356 templum
3055 3301 3230 3341 suum
3265 3286 3438 3342 morti
3468 3287 3638 3355 dans,
3668 3307 3698 3335 ››

2050 3381 2116 3431 ut
2143 3379 2199 3430 et
2234 3380 2367 3430 ante
2396 3390 2408 3429 :
2437 3371 2584 3428 Ἀντὶ
2623 3372 2838 3427 πάντων
2870 3372 3032 3427 αὑτὸν
3080 3372 3294 3446 θανάτῳ
3343 3370 3698 3448 παραδιδούς.

2051 3465 2209 3520 Idem
2244 3481 2451 3518 rursus
2499 3480 2631 3534 pag.
2681 3463 2746 3517 91
2784 3479 2797 3518 :
2848 3461 3022 3523 Οὗτός
3068 3461 3209 3516 ἐστιν
3242 3464 3276 3530 ἡ
3311 3462 3525 3517 πάντων
3562 3463 3702 3533 ζωῆ,

2049 3553 2139 3607 καὶ
2171 3554 2198 3606 6
2229 3552 2303 3614 ὡς
2335 3547 2610 3626 πρόϐατον
2645 3551 2777 3625 ὑπὲρ
2824 3558 2926 3621 τῆς
2976 3551 3195 3606 πάντῶν
3240 3551 3510 3627 σωτηρίας
3554 3551 3702 3606 ἀντίη

2053 3645 2232 3717 ψυχον
2263 3643 2326 3696 τὸ
2367 3641 2559 3695 ἑαυτοῦ
2590 3644 2749 3714 σῶμα
2804 3639 2884 3701 εἰς
2929 3639 3155 3696 θάνατον
3202 3637 3499 3716 παραδούς.
3536 3664 3565 3691 ‹‹
3596 3642 3706 3698 Hie

2051 3739 2142 3788 est
2169 3732 2431 3787 omnium
2467 3731 2603 3786 vita.
2638 3731 2736 3802 qui
2771 3735 2832 3786 ut
2864 3731 2987 3787 ovis
3042 3749 3145 3804 pro
3206 3732 3472 3787 omnium
3517 3729 3706 3787 salute

2050 3821 2348 3894 ἀντίψυχον
2380 3838 2589 3892 corpus
2619 3837 2790 3876 suum
2821 3820 2881 3876 in
2915 3826 3161 3877 mortem
3208 3821 3470 3876 tradidit.
3506 3843 3534 3871 »
3583 3825 3704 3878 Hoc

2053 3911 2228 3983 igitur
2266 3916 2352 3966 est
2408 3910 2558 3981 quod
2617 3911 2885 3966 Christus
2942 3909 3107 3979 dixit,
3168 3910 3422 3966 animam
3477 3926 3540 3966 se
3595 3926 3700 3982 pro

2053 4001 2260 4057 ovibus
2293 4000 2842 4070 positurum;dedii
2870 4003 2930 4054 ut
2950 3996 3402 4073 ἀντίλυτρον,ἱια
3445 4003 3503 4054 et
3549 3995 3702 4051 ἀντί-

2052 4091 2248 4162 ψυχον.
2283 4095 2402 4143 Ηοο
2428 4094 2619 4142 autem
2647 4095 2708 4143 ut
2732 4088 2961 4159 proprie
2982 4093 3038 4142 et
3059 4089 3360 4160 signanter
3381 4088 3451 4142 de
3471 4087 3699 4142 Christo

2054 4179 2270 4233 dictum
2296 4183 2404 4241 est,
2442 4178 2521 4232 ita
2545 4177 2718 4232 etiam
2745 4193 2850 4231 suo
2880 4178 3051 4232 modo
3078 4177 3148 4231 de
3170 4176 3298 4231 aliis
3319 4192 3386 4231 ac
3408 4173 3699 4247 praecipue

2055 4267 2411 4338 martyribus
2428 4265 2695 4337 usurpari
2713 4264 3592 4337 solebat.CerteOrigenes,to:no
3607 4283 3706 4322 no-

2055 4374 2129 4413 no
2153 4360 2211 4411 in
2240 4354 2809 4424 Jounnem,sacri[icii
2833 4354 3043 4410 Christi
3063 4353 3126 4408 τὸ
3147 4351 3412 4428 ἐξαίρετον
3433 4355 3702 4412 conside-

2055 4463 2192 4502 rans
2223 4445 2420 4517 inquit
2449 4462 2462 4499 :
2505 4443 2705 4497 Λοιπαὶ
2737 4439 2794 4496 δὲ
2821 4441 2911 4497 καὶ
2941 4448 3219 4519 συγγενεῖς
3246 4443 3417 4517 ταύτῃ
3447 4447 3517 4518 τῇ
3549 4443 3707 4516 θυσίᾳ

298 4553 578 4608 carpum:
642 4535 785 4590 Κατὰ
845 4533 1016 4588 πάντα
1055 4538 1151 4588 σοῦ
1210 4535 1509 4612 ἀντίψυχον
1561 4532 1688 4611 ἒγὼ,
1740 4537 1829 4590 καὶ
1885 4535 1952 4591 τὰ
1981 4536 2025 4599 D
2057 4534 2304 4610 ἐκχύσεις
2337 4533 2476 4588 εἶναί
2511 4555 2604 4608 μοι
2636 4532 2918 4608 φαίνονται
2957 4539 3054 4589 τοῦ
3098 4537 3207 4589 τῶν
3265 4532 3524 4610 γενναίων
3580 4553 3713 4609 μαρ-

288 4620 458 4697 ὂεσμά
520 4644 625 4697 μου
659 4625 691 4676 ἅ
721 4622 1033 4698 ἠγάπησας·
1068 4625 1250 4680 Priori
1285 4626 1410 4680 loco
1442 4647 1469 4675 ‹‹
1503 4625 1885 4696 conformem,
1921 4649 1950 4678 »

288 4715 594 4784 posteriori
629 4735 656 4764 «
685 4713 1054 4786 refrigerium
1089 4735 1117 4764 »
1153 4713 1304 4770 male
1355 4714 1609 4770 reddidit
1658 4715 1949 4788 interpres

291 4802 668 4860 Usserianus.
718 4805 804 4858 Ad
859 4803 1181 4876 Ephesios:
1231 4802 1564 4877 Ἀντίψυχον
1614 4803 1765 4876 ὑμῶν
1824 4803 1950 4880 ἐγώ,

291 4893 439 4949 male
467 4895 680 4949 iterum
710 4893 1020 4964 interpres:
1044 4916 1071 4942 «
1097 4891 1419 4949 Unanimus
1441 4894 1739 4950 vobiscum
1773 4911 1900 4968 ego.
1925 4917 1954 4946 κ

299 4981 439 5038 Cum
474 4988 684 5039 neutro
716 4998 927 5054 genere
959 4986 1232 5054 ponatur,
1281 4981 1434 5038 aliud
1488 4982 1708 5054 aliquid
1761 4991 1956 5056 aperte

293 5076 486 5141 sonat,
521 5075 584 5127 ut
616 5071 773 5127 idem
804 5087 1013 5143 nempe
1059 5071 1136 5126 sit
1177 5071 1331 5142 quod
1376 5067 1697 5143 ἀντίψυχον.
1753 5073 1835 5128 Ita
1884 5075 1954 5129 ad

291 5160 720 5234 Polyearpum:
762 5160 1092 5238 Ἀντίψυχον
1167 5159 1278 5237 ἐγὼ
1331 5164 1436 5215 τῶν
1501 5159 1956 5235 ὑποτασσομένων

292 5254 368 5321 τῷ
419 5247 731 5322 ἐπισκόπῳ,
785 5245 1197 5324 πρεσϐυτέροις,
1252 5247 1544 5313 διακόνοις.
1594 5252 1810 5310 Neutro
1855 5270 1952 5326 ge-

286 5355 422 5396 nere
456 5357 691 5412 semper
723 5346 975 5412 usurpat
1015 5345 1233 5409 noster,
1282 5340 1606 5396 masculino
1638 5341 1956 5414 aliquando

295 5429 689 5504 interpolator
719 5436 817 5486 aut
845 5431 1033 5487 fictor.
1066 5430 1214 5497 Quid
1248 5429 1352 5486 hac
1385 5447 1524 5486 voce
1577 5431 1952 5504 intelligatur,

285 5520 502 5591 optime
535 5519 890 5592 exprimitur
918 5521 1113 5576 verbis
1141 5524 1197 5574 S.
1230 5518 1479 5576 Joannis
1503 5521 1658 5592 apud
1691 5521 1955 5579 Clemen-

283 5611 402 5668 tem
434 5609 902 5668 Alexandrinum
929 5627 942 5664 :
973 5609 1076 5665 Τὸν
1110 5607 1202 5662 σὸν
1233 5608 1462 5662 θάνατον
1493 5605 1629 5669 ἑκὼν
1678 5609 1952 5682 ὑπομενῶ,

614 5730 884 5790 ΡΑΤιιυι.
932 5728 1044 5790 6a.
1089 5727 1162 5789 ν.

2057 4625 2236 4698 τύρων
2269 4621 2520 4696 α’ίματος.
2582 4648 2609 4676 ‹‹
2670 4630 2885 4681 Cetera
2929 4629 3124 4681 autem
3185 4630 3243 4682 et
3287 4626 3423 4681 huic
3454 4633 3711 4705 cognatae

2060 4716 2306 4771 victimae
2338 4715 2652 4772 eti‘usiones
2686 4714 2995 4787 sanguinis
3024 4730 3443 4786 generosarum
3489 4718 3710 4785 marty-

2062 4821 2194 4859 rum
2226 4820 2354 4860 esse
2383 4805 2528 4859 mihi
2555 4805 2848 4860 videntur.
2885 4826 2913 4854 »
2946 4803 3053 4859 Ubi
3105 4820 3204 4860 eos
3259 4807 3560 4874 comparat
3616 4802 3708 4868 iis,

2065 4894 2167 4966 qui
2195 4893 2348 4948 inter
2376 4893 2616 4964 gentiles
2648 4910 2751 4964 pro
2805 4893 3103 4949 communi
3171 4892 3476 4947 hominum
3521 4888 3710 4946 salute

2065 4984 2290 5054 seipsos
2321 4983 2494 5038 morti
2527 4984 2913 5050 tradiderunt,
2947 4997 3082 5038 cum
3127 4981 3465 5053 pestilentes
3518 4979 3706 5036 morbi

2065 5075 2309 5144 patriam
2341 5089 2508 5128 suam
2552 5072 2924 5128 invasissent.
2976 5071 3072 5124 Καὶ
3139 5066 3504 5144 παραδέχεται
3559 5068 3710 5131 ταῦθ’

2067 5161 2240 5222 οὕτως
2271 5162 2539 5236 γεγονέναι
2573 5159 2671 5214 οὒκ
2700 5158 2922 5234 ἀλόγως
2961 5158 3247 5218 πιστεύσας
3279 5162 3397 5217 ταῖς
3441 5157 3708 5231 ἱστορίαις

2068 5250 2096 5304 6
2126 5249 2316 5311 πιστὸς
2349 5247 2586 5322 Κλήμης
2647 5249 2749 5302 ὑπὸ
2792 5247 3005 5304 [Ιαόκου
3067 5247 3531 5322 μαρτυρούμενος.
3587 5270 3615 5298 ι‹
3644 5248 3713 5304 Et

2068 5341 2190 5397 haec
2223 5340 2486 5396 evenisse
2513 5338 2770 5394 admittit
2799 5355 2912 5392 non
2936 5338 3061 5394 sine
3083 5354 3260 5393 causa
3281 5337 3541 5392 historiis
3573 5340 3712 5405 (non

2065 5429 2404 5502 Scripturis,
2439 5433 2503 5484 ut
2518 5427 2666 5484 male
2680 5427 2986 5498 interpres)
3011 5427 3254 5482 credens
3292 5426 3560 5482 Clemens
3575 5426 3716 5482 fide-

2069 5523 2202 5579 lis.»
2228 5527 2417 5579 Locus
2436 5520 2752 5578 Clementis
2775 5536 2948 5592 quem
2989 5519 3244 5592 respexit
3290 5519 3591 5592 Origenes,
3624 5519 3719 5576 hic

2067 5615 2201 5670 est:
2263 5613 2376 5668 Ἵνα
2434 5607 2492 5664 δὲ
2543 5607 2634 5665 καὶ
2693 5605 3067 5683 ὑποδείγματα
3143 5607 3281 5672 ἐθνῶ
3384 5605 3714 5682 ἐνέγκωμεν.

3394 5729 3470 5787 15
