4064 6134
347 291 462 349 459

1387 286 1449 342 S.
1499 282 1893 342 IGNATIUS.
1943 313 2018 326 —-
2062 284 2674 346 PROLI‘TGOMENA.

3642 283 3765 342 460

352 421 563 478 Πολλοὶ
603 419 845 496 βασιλεῖς
903 417 991 471 καὶ
1048 414 1349 489 ἡγούμενοι
1404 414 1665 488 λοιμικοῦ
1713 437 1860 478 τινος
1914 415 1995 469 ἐν·

2112 418 2425 473 Suetonius
2444 421 2514 474 de
2537 419 2834 491 Caligula:
2862 441 2888 467 ‹‹
2910 418 3130 474 Utvero
3174 419 3231 472 in
3279 418 3574 474 adversam
3602 418 3759 472 vale-

349 513 571 571 στάντος
603 506 813 582 καιροῦ,
839 503 1386 581 χρησμοὸοτηθέντες
1415 503 1732 577 παρέδωκαν
1769 505 1998 565 ἑαυτοὺς

348 601 423 661 εἰς
462 599 686 663 θάνατον
745 596 833 649 ’ἱνα
889 595 1157 671 ῥύσωνται
1215 591 1302 648 διὰ
1346 599 1443 649 τοῦ
1502 595 1703 650 ἑαυτῶν
1765 593 1999 668 α’ίματος

345 687 472 750 τοὺς
504 685 752 749 πολίτας.
779 710 806 737 ‹‹
841 686 913 742 Ut
953 693 1146 741 autem
1179 685 1439 757 exempla
1469 687 1732 757 gentium
1787 688 1844 741 in
1880 702 1999 740 me-

348 781 512 835 dium
573 779 961 851 proferamus,
1021 777 1190 832 mulli
1251 794 1415 850 reges
1473 783 1530 833 et
1560 778 1998 847 gubernatores,

348 874 656 942 grassante
678 868 953 940 pestifera
974 867 1069 922 lue
1091 866 1324 923 oraculo
1350 867 1754 930 moniti,morti
1779 867 2002 938 seipsos

349 960 740 1024 tradiderunt,
803 963 865 1012 ut
924 973 1030 1012 suo
1089 957 1374 1026 sanguine
1415 957 1568 1012 cives
1600 955 1933 1012 liberarent.
1967 975 1993 1008 η

351 1050 480 1102 Hinc
512 1047 699 1103 obiter
729 1045 967 1115 adduxi,
1002 1046 1157 1116 quod
1190 1063 1254 1101 ea
1286 1062 1391 1100 nec
1449 1063 1482 1100 a
1540 1044 1855 1100 Clementis
1895 1061 2001 1100 nec

351 1137 424 1192 ab
455 1135 724 1208 Origenis
755 1135 1078 1190 editoribus
1105 1135 1388 1190 hactenus
1410 1135 1713 1191 observata
1761 1150 1888 1189 esse
1923 1134 2000 1189 vi-

354 1226 561 1281 derim.
597 1225 975 1292 Progreditur
1005 1231 1196 1280 autem
1239 1225 1562 1296 Origenes:
1608 1221 1673 1278 Et
1729 1221 1828 1295 γὰρ
1876 1219 2002 1276 τάδε

353 1314 448 1385 μὲν
493 1312 595 1366 ὑπὸ
627 1310 914 1381 Ἑλλήνων
949 1310 1009 1365 οὐ
1055 1309 1229 1383 μάτην
1260 1309 1566 1384 ἱστόρηται,
1597 1311 1664 1364 τὰ
1713 1308 1769 1364 δὲ
1815 1309 2001 1372 καλῶς

348 1401 472 1474 περὶ
531 1405 639 1454 τῶν
701 1399 988 1476 μαρτύρων
1052 1398 1286 1476 εἷ’ρηται,
1346 1401 1845 1475 περικαθαμμάτων
1905 1403 2002 1454 τοῦ

347 1493 560 1566 κόσμου
591 1493 898 1569 γενομένων
942 1492 1032 1546 καὶ
1083 1492 1295 1548 πάντων
1354 1492 1642 1569 περίψημα
1695 1491 2000 1566 λεγομὲνων

350 1579 440 1637 διὰ
492 1586 660 1637 ταῦτα
699 1580 1044 1655 ἀποστόλων,
1103 1582 1156 1636 τί
1215 1581 1566 1652 ὑποληπτέον
1619 1581 1708 1636 καὶ
1766 1580 2003 1651 πηλίκον

347 1671 610 1747 περὶτοῦ
667 1672 842 1744 ἀμνοῦ
897 1674 994 1725 τοῦ
1048 1674 1180 1726 Θεοῦ
1221 1669 1310 1725 διὰ
1366 1675 1526 1725 τοῦτο
1589 1672 1856 1744 θυομένου
1913 1671 2004 1725 ἳνα

2108 509 2370 562 tudinem
2403 508 2633 578 incidit,
2669 509 3146 579 pernoctantibus
3168 507 3391 562 cunctis
3413 509 3564 563 circa
3593 507 3760 579 pala-

2106 596 2276 662 tium,
2309 614 2424 652 non
2456 599 2767 653 defuerunt
2797 598 3348 669 quidepugnaturos
3372 615 3433 653 se
3461 597 3641 652 armis
3657 612 3762 668 pro

2107 685 2295 741 saluts
2327 687 2484 758 aegri,
2535 688 2756 759 quique
2813 688 3006 760 capita
3063 704 3173 742 sua
3228 687 3398 742 titulo
3457 688 3764 759 proposito

2105 781 2407 831 voverunt.
2443 799 2470 826 »
2504 781 2574 831 Hi
2607 795 2638 831 ο
2670 777 2885 832 Graecis
2910 775 3205 848 ἀντίψυχοι
3254 777 3618 832 dicebantur.
3657 776 3762 829 Dio

2107 862 2210 920 lib.
2246 882 2333 919 ιιι
2354 882 2366 919 :
2391 862 2670 926 Πούπλιος
2703 861 2758 918 δὲ
2793 863 3082 943 Ἀφράνιος
3115 867 3366 936 Ποτῖτος,
3425 861 3674 936 δημότης
3703 882 3767 917 τε

2108 946 2202 1020 ὤν,
2235 953 2324 1006 καὶ
2374 951 2479 1008 ἂπὸ
2545 959 2732 1028 μωρᾶς
2772 953 3079 1022 κολακείας,
3128 954 3188 1009 οὐ
3242 955 3401 1027 μόνον
3453 953 3766 1022 ἐθελοντὴς,

2108 1041 2250 1097 ἀλλὰ
2290 1044 2380 1096 καὶ
2412 1037 2656 1119 ἔνορκος,
2688 1042 2748 1097 ἄν
2798 1065 2860 1119 γε
2910 1047 2937 1098 ὁ
2986 1044 3147 1107 Γάϊος
3195 1048 3366 1117 σωθῇ,
3415 1041 3770 1113 τελευτήσειν

2108 1131 2509 1206 ὑποσχόμενος,
2553 1134 2802 1195 Ἀτάνιός
2854 1134 2912 1188 τέ
2961 1154 3043 1194 τις
3093 1131 3412 1200 Σεκοῦνδος,
3463 1133 3658 1195 ἱππεύς
3707 1153 3772 1186 τε

2107 1218 2203 1290 ὥν,
2262 1221 2352 1276 καὶ
2417 1225 2829 1298 μονομαχήσειν
2918 1221 3399 1300 ἐπαγγειλάμενος,
3482 1222 3600 1276 ἀντὶ
3653 1227 3771 1278 τῶν

2109 1312 2414 1386 χρημάτων
2451 1313 2482 1364 ἅ
2520 1310 2756 1381 ἤλπιζον
2803 1313 2932 1386 παρ’
2964 1313 3146 1382 αὐτοῦ,
3198 1313 3274 1375 ὡς
3326 1313 3414 1366 καὶ
3464 1309 3769 1386 ἀντίψυχοι

2107 1400 2159 1452 οἱ
2190 1399 2474 1455 ἀποθανεῖν
2523 1399 2902 1474 ἐθελήσαντες,
2963 1400 3255 1475 λήψεσθαι,
3322 1398 3615 1456 ἀποδοῦναι
3664 1402 3774 1470 τήν

2109 1487 2403 1567 ὑπόσχεσιν
2489 1493 2923 1568 ἠναγκάσθησαν,
3007 1493 3094 1549 ἳνα
3183 1495 3258 1569 μὴ
3365 1493 3762 1567 ἐπιορκήσωσι.

2109 1601 2135 1637 α
2169 1583 2231 1641 P.
2263 1582 2539 1638 Afranius
2571 1583 2817 1655 Potitus,
2879 1583 3141 1656 plebeius
3190 1584 3386 1652 homo,
3419 1583 3522 1655 qui
3579 1582 3766 1639 stulta

2106 1671 2444 1729 adulatione
2471 1673 2772 1745 inductus,
2807 1690 2922 1730 non
2955 1675 3128 1730 modo
3159 1673 3378 1740 volens,
3413 1673 3514 1729 sed
3570 1673 3756 1729 etiam

346 1761 451 1836 ἄρῃ
486 1761 768 1838 ἁμαρτίαν,
798 1761 896 1817 οὐκ
917 1762 1139 1840 ὀλίγων,
1169 1761 1296 1818 ἀλλ’
1319 1762 1453 1818 ὅλου
1475 1767 1572 1818 τοῦ
1602 1763 1836 1836 κόσμου,
1865 1761 1996 1837 ὑπὲρ

2107 1763 2489 1834 jurejurando
2516 1778 2578 1819 se
2598 1763 3006 1835 obstrinxerat,
3031 1764 3151 1820 vita
3172 1780 3479 1822 cessurum
3505 1763 3554 1819 i
3587 1762 3768 1819 Caius

347 1849 410 1906 οὗ
442 1851 531 1906 καὶ
563 1851 835 1923 πέπονθε;
899 1877 926 1904 ‹‹
958 1854 1017 1910 Si
1069 1855 1226 1911 enim
1276 1854 1398 1912 haec
1443 1872 1476 1910 a
1520 1855 1791 1925 gentibus
1844 1853 1997 1910 haud

347 1943 564 2000 frustra
595 1943 857 2000 historiis
896 1945 1174 2000 mandata
1202 1949 1360 2013 sunt,
1396 1943 1498 2000 illa
1527 1949 1721 2000 autem
1756 1948 1908 2000 recte
1932 1945 2003 2000 de

347 2031 706 2102 martyribus
729 2031 885 2087 dicta
916 2036 1076 2099 sunt,
1109 2048 1240 2088 cum
1267 2031 1515 2104 apostoli
1554 2031 1769 2088 fuerint
1794 2031 2000 2087 mundi

349 2124 738 2192 purgamenta
795 2125 851 2176 et
906 2121 978 2176 ob
1038 2121 1189 2177 hanc
1246 2137 1487 2177 causam
1527 2121 1667 2176 dicti
1700 2121 1820 2177 sint
1846 2116 2002 2193 περί-

343 2210 528 2281 ψημα,
561 2210 702 2282 quid
735 2213 792 2266 et
824 2214 1111 2282 quantum
1172 2211 1543 2266 sentiendum
1603 2214 1691 2266 est
1732 2211 1803 2266 de
1835 2214 1999 2282 Agna

343 2297 465 2364 Dei,
491 2299 590 2368 qui
621 2297 694 2353 ob
717 2297 866 2352 hanc
895 2314 1133 2354 causam
1158 2298 1522 2354 sacriﬁcatus
1545 2303 1656 2366 est,
1689 2302 1750 2352 ut
1773 2297 2001 2353 tolleret

344 2391 673 2458 peccatum,
706 2403 820 2442 non
854 2403 1198 2458 paucorum,
1241 2388 1339 2443 sed
1403 2387 1580 2443 totius
1639 2387 1867 2457 mundi,
1897 2403 1998 2458 pro

345 2493 462 2548 quo
491 2479 547 2532 et
576 2493 789 2548 passus
820 2480 908 2533 est
938 2477 966 2531 τ
995 2499 1022 2528 ››
1057 2477 1164 2533 Ubi
1222 2476 1515 2551 περίψημα
1573 2479 1772 2533 eodem
1825 2477 1998 2532 modo
2035 2515 2046 2524 .

343 2566 544 2635 sumit,
576 2582 689 2637 quo
721 2565 818 2621 alii
850 2563 1170 2639 ἀντίψυχον.
1232 2566 1304 2621 Ut
1368 2565 1716 2638 Hesychius,
1750 2563 1996 2638 Περίψη-

345 2676 440 2728 μα,
471 2655 955 2731 περικατάμαγμα,
1015 2654 1329 2730 ἀντίλυτρα,
1376 2654 1670 2728 ἀντίψυχα.
1725 2655 1810 2710 Ita
1862 2655 1995 2710 Dio-

343 2745 548 2817 nysius
579 2745 1005 2802 Alexandrinus
1066 2747 1398 2818 episcopus,
1459 2746 1529 2800 de
1585 2745 1739 2815 gravi
1787 2749 1993 2816 peste:

341 2829 444 2887 Καὶ
503 2828 708 2884 πολλοί
765 2832 1233 2903 νοσοκομήσαντες
1293 2831 1384 2884 καὶ
1443 2829 1712 2904 ῥώσαντες
1778 2828 1996 2902 ἑτέρους

340 2917 691 2989 ἐτελεύτησαν
728 2919 902 2990 αὐτοὶ,
934 2922 1026 2974 τὸν
1083 2919 1300 2974 ἐκείνων
1351 2920 1572 2974 Θάνατον
1635 2919 1710 2980 εἷς
1767 2917 1994 2980 ἑαυτοὺς

345 3009 835 3082 μεταστησάμενοι,
886 3010 974 3063 καὶ
1029 3009 1092 3064 τὸ
1143 3006 1398 3082 δημῶδες
1455 3007 1628 3083 ῥῆμα,
1683 3005 1855 3080 μόνης
1912 3007 1994 3062 ἀεὶ

341 3095 536 3152 δοκοῦν
561 3097 964 3175 φιλοφροσύνης
993 3092 1382 3174 ἕχεσθαι,ἔργῳ
1405 3095 1470 3166 δὴ
1494 3098 1617 3153 τότε
1631 3097 1992 3172 πληροῦντες,

340 3187 593 3248 ἀπιόντες
651 3187 826 3240 αὐτῶν
881 3186 1188 3260 περίψημα.
1269 3211 1296 3240 ‹‹
1356 3189 1632 3259 Multique
1691 3190 1792 3260 qui
1851 3189 1996 3244 alios

346 3281 698 3349 aegrotantes
718 3283 1082 3345 curaverant,
1118 3284 1172 3333 et
1193 3278 1252 3333 in
1276 3278 1583 3348 pristinam
1606 3277 1996 3333 valetudinem

343 3366 740 3435 restituerant,
777 3366 888 3436 ipsi
917 3367 1290 3434 interierunt,
1355 3375 1596 3421 mortem
1658 3367 1893 3421 illorum
1939 3369 1995 3422 in

343 3455 566 3526 seipsos
616 3457 1080 3521 trensducentcs,
1146 3456 1484 3527 dictumque
1543 3455 1686 3510 illud
1743 3455 1996 3524 vulgare,

344 3545 503 3616 quod
547 3545 817 3601 officiosaa
851 3547 1137 3601 duntaxat
1168 3545 1450 3602 comitatis
1493 3545 1774 3600 hactenus
1809 3545 1997 3600 visum

348 3635 755 3706 fuerat,reipsa
788 3643 922 3690 tunc
941 3634 1334 3707 adimplentes
1393 3651 1524 3690 cum
1573 3633 1810 3690 illorum
1844 3633 1996 3706 peri-

341 3740 548 3796 psema
580 3724 714 3778 facti
749 3741 816 3779 ex
875 3724 985 3779 hac
1043 3724 1162 3780 vita
1211 3725 1546 3794 migrarent.
1584 3746 1612 3772 »
1659 3723 1785 3779 Non
1846 3723 1998 3795 quod

348 3813 664 3869 Christiani
687 3815 860 3886 vulgo
884 3833 917 3870 a
941 3814 1262 3886 gentilibus
1287 3814 1394 3868 hoc
1439 3814 1675 3869 nomine
1722 3830 1999 3869 vocaren-

348 3908 540 3971 tur,ut
560 3903 787 3960 Valesio
812 3905 1031 3976 placet:
1061 3903 1207 3959 illud
1259 3905 1411 3959 enim
1436 3904 1632 3975 probri
1668 3911 1838 3973 esset,
1869 3919 1998 3959 cum

346 3993 455 4049 hoc
478 3993 890 4050 benevolentiae
916 4010 1016 4049 seu
1049 3993 1342 4048 comitatis
1389 3993 1631 4048 verbum
1681 4009 1809 4048 esse
1845 3993 1998 4048 dicav

343 4089 479 4139 tur:
504 4100 618 4139 non
641 4083 791 4156 quod
815 4084 986 4156 vulgo
1011 4083 1082 4138 ab
1110 4083 1526 4138 Alexandrinis
1547 4087 1772 4137 tantum
1827 4098 1999 4137 usur-

343 4178 542 4245 patum
575 4175 671 4243 sit,
704 4176 802 4230 sed
837 4176 991 4246 quod
1033 4174 1338 4246 vulgatum
1390 4178 1445 4228 et
1477 4173 1753 4245 populare
1778 4189 2003 4245 prover-

345 4265 508 4320 bium
534 4263 798 4334 fuerit,ut
823 4269 980 4335 patet
1003 4281 1070 4320 ex
1093 4265 1274 4320 Suida
1295 4269 1352 4319 et
1387 4263 1664 4319 Michaele
1713 4264 2000 4335 apostolo.

344 4353 470 4406 Non
503 4353 691 4424 magis
723 4353 898 4422 igitur
929 4355 1269 4408 unanimem
1300 4370 1361 4408 se
1393 4353 1534 4408 dixit
1567 4354 1844 4425 Ignatius,
1867 4370 2000 4409 cum

347 4438 669 4514 ἀντίψυχον,
702 4459 879 4513 quam
914 4459 1049 4499 cum
1072 4443 1362 4516 περίψημα
1400 4458 1461 4498 se
1487 4443 1648 4498 dixit.
1688 4443 1850 4498 Aliud
1883 4460 2002 4498 om-

2109 1852 2529 1920 revalesceret;
2565 1857 2622 1908 et
2652 1854 2901 1909 Atanius
2927 1855 3228 1910 Secundus
3260 1870 3461 1925 eques,
3494 1853 3593 1925 qui
3625 1870 3772 1924 pro-

2111 1941 2352 1998 miserat
2381 1959 2443 1998 se
2474 1942 2838 2014 gladiatoriis
2871 1944 3026 1999 ludis
3056 1945 3553 2016 depugnaturum,
3587 1942 3766 2000 ambo

2107 2047 2210 2102 spe
2241 2029 2506 2102 pecunia:
2549 2049 2579 2087 a
2638 2031 2774 2088 Caio
2829 2031 3199 2104 accipiendae,
3264 2033 3421 2104 quod
3480 2034 3567 2102 (ut
3618 2030 3774 2086 ἀντί-

2105 2121 2297 2194 ψυχοι)
2331 2121 2506 2177 vitam
2541 2138 2644 2193 pro
2674 2122 2804 2192 ejus
2823 2122 3020 2178 anima
3054 2123 3192 2178 dare
3230 2122 3544 2193 voluerint,
3576 2122 3767 2179 coacti

2104 2213 2242 2264 sunt
2272 2209 2630 2282 promissum
2649 2210 2998 2282 persolvere,
3031 2228 3104 2267 ne
3121 2211 3358 2284 perjurii
3386 2211 3467 2267 rei
3491 2215 3710 2268 essent.
3729 2233 3762 2263 η

2104 2302 2186 2351 Ita
2253 2297 2312 2353 S.
2371 2298 2825 2368 Chrysostomus
2884 2299 3128 2357 homilia
3184 2303 3219 2355 6
3276 2300 3346 2356 ad
3403 2301 3764 2368 Colossenses,

2105 2402 2406 2458 opponens
2439 2388 2734 2445 hominem
2771 2391 3064 2462 baptismo
3126 2396 3465 2448 renovatum
3508 2392 3765 2463 primum

2103 2481 2297 2533 creato
2327 2495 2340 2532 :
2375 2477 2679 2533 Πλάττεται
2731 2477 2782 2532 ἐν
2833 2483 2912 2551 τῷ
2971 2478 3149 2550 ὕδατι,
3211 2476 3480 2554 Λαμϐάνει
3528 2477 3584 2534 δὲ
3642 2479 3764 2535 ἀντί

2100 2567 2280 2642 ψυχον
2312 2570 2564 2638 πνεῦμαα
2602 2573 2906 2625 Formatur
2952 2571 3011 2625 in
3064 2587 3237 2642 aqua,
3297 2571 3504 2643 accipit
3561 2576 3759 2627 autem

2100 2672 2204 2726 pro
2241 2657 2444 2712 anima
2475 2658 2768 2729 spiritum.
2802 2679 2827 2711 ν
2891 2661 3048 2715 Idem
3104 2671 3298 2717 contra
3351 2661 3568 2717 Judwos
3624 2676 3758 2715 ora-

2101 2745 2258 2801 tione
2313 2747 2392 2802 5:
2455 2745 2677 2802 Δύναται
2736 2746 3010 2809 πολλάκις
3071 2748 3166 2822 μία
3224 2747 3549 2823 κερδηθεῖσα
3606 2749 3751 2822 ψυχῖ

2103 2834 2315 2907 μυρίων
2370 2833 2534 2908 ὄγκον
2586 2835 2997 2910 ἁμαρτημάτων
3056 2839 3327 2915 ἀφανίσαι,
3391 2836 3478 2890 καὶ
3535 2837 3755 2908 γενέσθα

2097 2924 2232 2995 ἡμῖν
2268 2921 2564 2999 ἀντίψυχον
2595 2924 2648 2979 ἐν
2709 2924 2886 3000 ἐκείνῃ
2939 2931 3006 3000 τῇ
3057 2929 3254 3000 ἡμέρᾳ.
3306 2951 3334 2976 ‹‹
3370 2927 3492 2981 Una
3551 2927 3751 2981 anima

2098 3012 2244 3069 lucri
2255 3015 2403 3070 facta
2427 3020 2617 3087 potest
2638 3016 2952 3072 multorum
2971 3033 3117 3072 onus
3136 3020 3502 3088 peccatorum
3520 3014 3747 3082 tollere,

2104 3107 2160 3159 et
2193 3105 2361 3161 nobis
2393 3105 2448 3159 in
2481 3105 2579 3162 illo
2613 3107 2704 3163 die
2743 3125 2844 3180 pro
2907 3106 3232 3178 expiatione
3290 3123 3438 3162 esse.
3500 3129 3527 3156 »
3573 3105 3750 3162 Aliud

2106 3193 2591 3269 igituri’adqwxov,
2627 3199 2780 3268 quod
2806 3213 2871 3253 ex
2891 3197 3024 3252 LXX
3059 3197 3476 3269 interpretibus
3499 3197 3758 3268 sumpsit

2107 3285 2621 3342 S.Paulus:aliud
2671 3286 2995 3361 ἀντίψυχον,
3028 3288 3181 3359 quod
3227 3288 3542 3359 Apostolus
3602 3303 3762 3344 nun-

2108 3393 2290 3446 quam
2324 3377 2650 3448 usurpavit,
2684 3395 2715 3432 a
2746 3379 2960 3432 Graecis
2990 3387 3179 3433 autem
3211 3377 3384 3449 vulgo
3409 3382 3758 3448 usurpatum

2107 3465 2620 3537 esl;nullaigitur
2661 3466 2754 3520 hic
2801 3464 3130 3535 κακοζηλία,
3164 3484 3235 3523 ne
3283 3467 3517 3538 quidem
3567 3467 3761 3523 imita-

2107 3555 2207 3609 tio.
2244 3554 2486 3626 Reliqua
2509 3572 2632 3626 quze
2656 3572 2724 3610 ex
2748 3555 3022 3627 Apostolo
3045 3556 3102 3611 in
3123 3557 3387 3612 eamdem
3415 3557 3595 3612 ferme
3624 3572 3758 3613 sen-

2113 3645 2354 3699 tentiam
2385 3645 2732 3711 afferuntur,
2767 3647 2837 3700 ad
2869 3642 3204 3714 κακοζηλίαν
3241 3645 3411 3714 nihil,
3471 3648 3544 3701 ad
3595 3646 3758 3702 locu-

2107 3734 2324 3788 tionem
2350 3735 2713 3806 Ignatianam
2745 3736 3209 3792 confirmandam
3260 3734 3485 3806 aliquid
3541 3735 3760 3791 valent.

2180 3823 2378 3894 Capite
2407 3824 2496 3890 29,
2523 3821 2857 3893 κακοζηλίας
2908 3827 3324 3896 argumentum
3363 3824 3758 3895 persequitur,

2108 3915 2183 3976 et,
2219 3911 2266 3966 si
2318 3912 2439 3967 fieri
2501 3913 2703 3984 possit,
2763 3913 3078 3969 infelicius.
3146 3935 3174 3963 «
3229 3913 3482 3978 Dixerat,
3538 3913 3758 3984 inquit,

2106 4006 2162 4054 8.
2188 4001 2398 4056 Paulus
2430 4018 2491 4057 se
2521 3999 2814 4075 ἐλάχιστον
2846 4006 2953 4056 τῶν
2984 3999 3328 4071 ἀποστόλων,
3361 4008 3419 4058 et
3456 3999 3762 4075 ἐλαχιστό-

2108 4110 2260 4164 τερον
2291 4088 2500 4144 πάντων
2531 4090 2720 4166 ἁγίων,
2779 4091 2956 4148 semel
3016 4093 3239 4148 scilicet
3296 4096 3470 4164 atque
3516 4093 3763 4149 iterum.

2109 4180 2313 4236 Noster
2345 4197 2490 4252 pene
2521 4198 2726 4236 omnes
2745 4181 3018 4253 epistolas
3051 4181 3142 4238 his
3164 4191 3221 4238 et
3262 4181 3555 4238 similibus
3602 4182 3760 4236 voci-

2110 4270 2220 4325 bus
2252 4270 2511 4342 replevit.
2549 4293 2576 4320 »
2609 4273 2677 4326 At
2705 4271 2814 4327 hoc
2875 4277 3071 4344 aperte
3124 4272 3334 4328 falsum
3394 4276 3498 4328 est.
3556 4270 3758 4341 Neque

2117 4360 2271 4415 enim
2294 4360 2406 4428 his,
2442 4377 2629 4431 neque
2653 4361 2946 4416 similibus
2978 4363 3217 4418 vocibus
3239 4361 3513 4433 epistolas
3546 4358 3760 4432 imple-

2111 4450 2208 4503 vit.
2242 4450 2345 4504 His
2376 4451 2614 4506 vocibus
2663 4447 2981 4524 ἐλάχιστος,
3033 4458 3088 4507 et
3139 4449 3561 4525 ἐλαχιστότερος
3620 4468 3759 4507 nus-

347 4529 485 4584 nino
518 4529 730 4586 Graecis
761 4530 881 4585 haec
907 4549 1012 4587 vox
1052 4537 1240 4587 sonat.
1299 4533 1462 4587 Certe
1519 4533 1828 4588 unanimes
1883 4549 1995 4588 non
2031 4533 2074 4596 D
2107 4556 2282 4612 quam
2316 4557 2460 4596 usus
2505 4546 2594 4596 est
2651 4543 2954 4613 Ignatius;
3017 4559 3086 4598 ne
3146 4543 3327 4598 semel
3387 4542 3620 4614 quidem
3679 4543 3762 4598 ita

345 4619 581 4673 fuerunt
603 4617 931 4675 Memnonis
953 4621 1184 4689 aves,de
1205 4619 1422 4691 quibus
1447 4621 1790 4692 Hesychius:
1816 4618 1995 4676 Ἀντί-

343 4711 538 4784 ψυχοι,
573 4707 716 4764 οὕτω
771 4707 1064 4765 καλοῦνται
1117 4711 1168 4764 οἱ
1222 4707 1512 4782 Μέμνονος
1569 4707 1797 4785 ὄρνιθες·
1857 4711 1993 4782 illm,

343 4799 586 4871 scilicet,
619 4801 690 4856 de
724 4801 941 4872 quibus
973 4802 1213 4858 Ovidius
1244 4801 1459 4856 Metam.
1494 4801 1598 4855 lib.
1630 4817 1770 4856 xm:

416 4928 546 4982 Tum
575 4927 681 4984 duo
710 4929 923 4984 diversa
950 4929 1146 5000 populi
1163 4928 1228 4984 de
1251 4934 1415 4999 parte
1442 4929 1645 4998 feroces

414 5001 566 5074 Bella
594 5005 814 5068 gerunt,
845 5005 1146 5074 rostrisque
1170 5009 1223 5056 et
1255 5001 1484 5056 aduncis
1514 5000 1788 5068 unguibus
1819 5002 1954 5058 iras.

408 5073 701 5143 Exercent,
735 5074 964 5144 alasque
994 5075 1326 5144 adversaque
1355 5078 1569 5142 pectora
1603 5074 1845 5140 lassant;

410 5145 738 5270 gareria’que
768 5146 972 5201 cadunt
1001 5147 1178 5202 cineri
1214 5154 1446 5214 cognata
1472 5145 1679 5214 sepulto

452 5232 668 5270 ornora.

452 5232 668 5287 orpora.

410 5345 505 5396 Ita
562 5344 714 5413 apud
780 5342 1098 5399 Lucianum
1160 5343 1422 5416 χρήματα
1479 5339 1750 5413 ἀντίψυχα
1831 5335 1988 5392 διδό-

333 5426 421 5478 ναί
452 5433 540 5483 est
561 5431 868 5500 pecuniam
902 5449 1005 5502 pro
1037 5431 1256 5494 anima,
1293 5430 1351 5484 id
1407 5434 1495 5485 est
1555 5446 1655 5501 pro
1682 5429 1797 5483 vita
1828 5429 1989 5485 redi-

336 5517 552 5572 menda
582 5520 736 5576 dare.
772 5524 894 5578 Mos
939 5522 1114 5577 etiam
1186 5525 1311 5576 erat
1367 5521 1518 5592 apud
1580 5520 1893 5589 Romanos,
1927 5523 1991 5574 ut

335 5605 517 5678 aliqui
551 5624 654 5680 pro
686 5609 874 5666 salute
897 5609 1268 5683 imperatoris
1292 5609 1467 5665 morti
1509 5625 1571 5665 se
1619 5609 1982 5667 devoverent.

2106 4627 2386 4700 loquitur.
2420 4629 2608 4684 Simili
2644 4647 2804 4699 voce,
2839 4631 2888 4686 si
2919 4639 2973 4687 et
3003 4631 3104 4687 illa
3156 4631 3368 4688 similis
3428 4632 3525 4700 sit,
3572 4631 3758 4688 semel

2109 4723 2332 4774 tantum
2359 4721 2564 4786 utitur,
2625 4717 2700 4780 ὡς
2763 4720 3084 4795 μικρότερος
3141 4719 3314 4793 ὑμῶν,
3376 4721 3619 4792 epistola
3675 4722 3750 4777 ad

2109 4807 2458 4879 Magnesios,
2492 4826 2737 4881 eamque
2769 4827 2964 4866 voccm
3004 4827 3116 4866 non
3174 4829 3242 4866 ex
3299 4813 3356 4867 S.
3410 4811 3608 4882 Paulo,
3652 4811 3754 4868 sed

2103 4897 2565 4967 velS.Matthaso,
2600 4900 2681 4954 vel
2705 4899 2764 4954 S.
2794 4904 2941 4955 Luca
2989 4899 3220 4956 haurire
3264 4902 3474 4973 potuit.
3508 4901 3758 4974 Reliqua

2103 4987 2344 5043 omnino
2368 5004 2490 5057 quaa
2523 5004 2592 5043 ex
2626 4989 2847 5059 Ignatio
2878 4991 3043 5056 citat,
3061 4992 3129 5045 ad
3164 4991 3276 5046 alia
3299 4990 3757 5063 apostoliverba,

2105 5081 2206 5130 aut
2238 5077 2354 5130 alia
2385 5077 2704 5133 ctiamloca
2728 5079 3042 5149 pertinent,
3085 5085 3189 5135 aut
3235 5082 3304 5135 ad
3349 5081 3599 5136 Paulinae
3633 5097 3758 5136 mo-

2103 5166 2703 5222 destizeimitationem
2723 5169 3180 5224 referriomnino
3196 5188 3306 5226 non
3339 5175 3607 5239 possunt.
3643 5170 3758 5223 Οὐκ

2103 5250 2246 5325 ἄξιον
2274 5251 2560 5318 καλεῖσθαι
2591 5271 2643 5312 et
2676 5254 2928 5331 λέγεσθαι
2979 5276 3040 5314 se
3086 5259 3246 5327 dixit,
3300 5262 3363 5314 ut
3412 5257 3751 5330 Apostolus,

2101 5344 2201 5398 οὐκ
2242 5344 2425 5398 ἱκανὸς
2479 5344 2759 5409 καλεῖσθαι
2821 5346 3180 5408 Ἀπόστολος.
3243 5349 3351 5402 Sed
3415 5347 3601 5403 multo
3663 5349 3757 5406 hic

2101 5434 2349 5491 Dallaeus
2379 5437 2790 5509 interpolatore
2821 5438 3105 5510 sagacior,
3139 5437 3240 5509 qui
3283 5437 3425 5492 nihil
3485 5438 3759 5496 animad-

2098 5526 2271 5580 vertit
2300 5525 2440 5582 hinc
2463 5527 2686 5599 Ignatio
2736 5527 3006 5599 periculi,
3038 5527 3287 5600 ideoque
3348 5545 3476 5600 pro,
3509 5525 3626 5582 ὅθεν
3663 5525 3763 5584 οὐκ

2098 5607 2245 5686 ἄξιός
2276 5613 2394 5688 εἶμι
2448 5611 2755 5689 καλεῖσθαι,
2808 5615 2920 5672 ista
2977 5618 3262 5690 reposuit,
3322 5617 3391 5688 ἧς
3448 5617 3551 5674 οὐκ
3607 5616 3757 5690 ἄξιός
