4064 6134
283 336 391 396 461

283 468 399 541 εἶμι
429 467 720 524 καλιῖσθαι
751 465 1067 537 ἐπίσκοπος,
1100 475 1165 526 ut
1187 471 1362 527 verba
1411 472 1715 544 Ignatiana
1757 469 1941 540 magis
1969 469 2026 535 Α

279 561 542 616 Paulinis
566 563 921 632 respondere
943 559 1421 618 viderentur.0t’m
1447 561 1520 623 ὡς
1541 557 1615 615 ὣν
1647 561 1943 630 1z¢,semel

281 669 313 705 a
337 655 529 705 nostro
553 663 918 722 usurpatum,
943 655 1000 706 et
1022 652 1257 722 quidem
1283 651 1341 707 in
1367 652 1612 724 epistola
1657 655 1723 708 ad
1750 652 1937 722 Ephe—

280 741 396 797 sios
427 743 589 811 (nam
623 741 722 796 illa
752 759 822 797 ex
850 741 1098 814 epistola
1124 743 1194 797 ad
1226 747 1542 798 Tarsenses
1599 747 1659 798 et
1714 741 1937 811 Philip-

282 848 490 902 penses
537 831 790 887 adducta
848 833 920 887 ad
978 832 1241 888 ﬁctorem
1303 831 1613 904 spectant),
1698 831 1941 903 apostoli

283 921 505 976 nullam
539 921 929 977 imitationem
953 921 1248 988 continet;
1272 923 1372 977 sed
1397 922 1590 994 potius
1623 919 1944 990 discipulos

281 1010 538 1065 Simonis
589 1009 951 1082 perstringit,
1005 1011 1105 1083 qui
1163 1011 1309 1066 dixit
1376 1011 1515 1064 εἴναί
1573 1029 1695 1063 τινα
1752 1008 1940 1063 ἑαυτὸν

286 1097 474 1175 μέγαν,
507 1101 633 1154 Act.
667 1100 874 1168 vm,9,
934 1105 999 1155 ut
1057 1105 1191 1156 ante
1247 1101 1526 1156 Theudae
1587 1097 1760 1174 λέγων
1805 1098 1941 1152 εἶναι

280 1209 395 1243 τινα
427 1187 642 1257 ἑαυτὸν,
686 1195 811 1245 Act.
845 1206 898 1257 ν,
958 1191 1047 1245 35.
1114 1191 1266 1246 Illud
1329 1195 1526 1247 autem
1560 1191 1810 1262 epistola
1864 1191 1935 1245 ad

287 1281 574 1335 Romanos
600 1276 850 1351 ἠλέημαί
878 1298 964 1340 τις
997 1280 1132 1333 εἶναι
1161 1279 1276 1336 alio
1301 1285 1542 1352 spectat,
1574 1281 1646 1336 ad
1691 1279 1938 1351 gloriam

285 1385 491 1440 nempe
510 1369 772 1424 futuram
797 1385 866 1424 ex
886 1369 1188 1442 martyrio,
1220 1374 1285 1424 ut
1305 1386 1374 1426 ex
1405 1369 1596 1426 verbis
1640 1369 1938 1440 adjunctis

284 1462 456 1531 patet,
488 1455 577 1511 ἐὰν
609 1460 743 1511 Θεοῦ
800 1453 1074 1536 ἐπιτύχω.
1137 1459 1214 1514 Eo
1273 1458 1512 1530 quidem
1563 1457 1690 1514 loco
1744 1462 1939 1529 aperte

278 1547 621 1618 Apostolum
653 1547 937 1616 imitatur,
975 1545 1037 1600 οὐ
1069 1546 1172 1623 γάρ
1205 1545 1320 1620 εἶμι
1352 1547 1521 1617 ἄξιος,
1571 1541 1645 1600 ὥν
1703 1543 1938 1620 ἔσχατος

279 1634 567 1692 αὐτῶνκαὶ
598 1632 878 1710 ἔκτρωμα,
913 1639 1013 1693 sed
1073 1636 1247 1693 verba
1302 1639 1431 1708 ejus
1491 1641 1722 1693 tantum
1772 1652 1938 1692 usur-

276 1731 395 1798 pat,
428 1726 542 1783 alio
575 1741 754 1782 sensu
788 1727 858 1781 dc
893 1742 954 1782 se
985 1725 1221 1797 accipit,
1284 1726 1382 1796 qui
1426 1742 1546 1781 sum
1613 1723 1935 1780 conditioni

1051 334 1470 397 PEARSONII
1514 333 1892 400 VINDICLIE
1935 331 1942 392 ἶ

2061 331 2410 392 [ΑΤΙΑΝιΕ.
2459 361 2534 375 ν·-
2578 328 2785 390 PARS
2829 327 2908 388 Il.

3594 326 3718 387 462

2123 471 2276 522 sunt.
2302 467 2372 521 De
2404 463 2771 534 inscriptione
2801 461 3482 534 epistolaead‘Romanos
3504 460 3718 534 dispu-

2125 544 2310 604 tatur,
2370 545 2422 593 et
2473 539 2541 592 de
2587 532 2697 591 illa
2745 532 2839 590 ad’
2873 532 3372 603 Philadelphenses.
3453 533 3713 589 Aliorum

2123 609 2374 680 exempla
2410 614 2599 665 nostra
2620 624 2728 663 non
2752 606 3044 680 ofﬁciunt._
3068 605 3393 680 conjectura
3441 604 3507 680 de
3559 604 3712 680 mata

2121 677 2435 736 imitatione
2483 683 2662 751 ipsius
2721 678 2938 747 Ignatii
2989 677 3056 732 ab
3097 679 3398 751 impostore
3444 678 3710 751 instituta

2119 753 2459 824 exploditur.
2495 746 2972 824 Argumentuma
2998 747 3424 817 repetitionibus
3483 746 3707 802 ductum

2115 821 2286 895 plane
2316 821 2588 896 frivoluni
2607 839 2722 879 esse
2747 821 3081 879 ostenditur.

2119 931 2318 1002 Capite
2337 932 2406 985 30
2430 929 2844 1001 inscriptiones
2864 927 3243 999 epistularum
3260 925 3516 998 exagitat
3535 924 3711 996 quasi

2049 1019 2618 1092 longiusculas,etin
2652 1018 2745 1073 his
2774 1015 3106 1086 κακοζηλίαν
3140 1014 3534 1087 reprehendit.
3569 1013 3710 1068 Imi-

2050 1109 2156 1164 tari
2191 1111 2485 1180 lgnatium
2519 1113 2789 1164 nostrum
2817 1108 2875 1162 S.
2909 1105 3075 1163 Pauli
3105 1105 3536 1176 inscriptiones,
3590 1119 3707 1158 non

2049 1199 2242 1254 minus
2264 1215 2442 1270 quam
2468 1197 2723 1269 reliquas
2748 1196 3127 1267 epistolarum
3151 1192 3468 1266 particulas
3492 1193 3708 1261 fateor;

2046 1287 2371 1358 exemplum
2400 1287 2553 1343 enim
2599 1287 2792 1358 aptius
2825 1293 2920 1342 aut
2953 1283 3292 1357 praeclarius
3331 1281 3444 1339 sibi
3493 1297 3710 1354 propo-

2047 1392 2179 1433 nere
2211 1392 2326 1433 non
2358 1377 2585 1448 potuit;
2622 1377 2724 1432 sod
2758 1390 3026 1448 perverse
3057 1377 3158 1429 aut
3184 1371 3494 1429 infeliciter
3537 1371 3595 1426 id
3627 1371 3703 1426 ab

2044 1481 2111 1522 eo
2141 1466 2361 1522 factum
2410 1482 2538 1522 esse
2588 1482 2752 1536 nego.
2803 1487 2830 1514 «
2875 1462 3212 1536 Apostolus,
3258 1460 3474 1532 inquit,
3521 1458 3704 1515 semel

2045 1559 2217 1626 atque
2248 1556 2460 1612 iterum
2489 1555 2548 1610 id
2581 1555 2813 1622 fecerat,
2847 1553 3096 1625 scriptor
3125 1550 3403 1607 nosterin
3427 1548 3702 1606 omnibus

2048 1659 2190 1716 pene
2220 1643 2508 1716 epistolis.
2541 1663 2569 1694 ι)
2608 1644 2722 1700 Hoc
2753 1642 2940 1714 primo
2972 1641 3185 1698 falsum
3217 1643 3325 1706 est,
3371 1643 3429 1695 et
3459 1637 3699 1709 quidem

2043 1749 2110 1788 ex
2137 1737 2383 1805 utraque
2415 1736 2598 1805 parte.
2640 1733 2798 1790 Inter
2827 1733 2894 1788 14
2945 1731 3226 1803 epistolas
3274 1729 3556 1784 Paulinas
3599 1741 3698 1782 eas

278 1815 874 1872 convenientissimus
896 1815 1022 1870 fuit.
1061 1813 1373 1886 Apostolus
1422 1815 1494 1870 de
1550 1818 1812 1885 tempore
1843 1831 1937 1870 vo-

2061 1822 2199 1879 !olas
2232 1825 2444 1878 fatetur
2465 1838 2596 1878 esse
2615 1821 3033 1894 longiusculas,
3066 1836 3189 1892 qua:
3213 1818 3440 1890 scriptae
3464 1824 3601 1872 sunt
3629 1816 3700 1871 ad

278 1906 525 1963 cationis
558 1906 838 1978 loquitur,
870 1905 1168 1961 Christum
1226 1905 1338 1961 sibi
1377 1897 1628 1981 ἔσχατον,
1679 1921 1780 1960 seu
1831 1921 1930 1976 po-

278 2002 492 2054 stremo
514 1997 642 2054 loco
675 2001 1026 2068 postomues
1054 1995 1348 2068 apostolos
1392 2000 1568 2067 atque
1617 1995 1786 2054 etiam
1817 1997 1929 2050 fra-

282 2092 398 2144 tres
432 2088 802 2160 apparuisse,
837 2103 897 2143 se
931 2087 1087 2142 enim
1121 2091 1282 2143 extra
1311 2091 1543 2158 tempus
1600 2085 1928 2157 legitimum

281 2177 553 2232 obortum
579 2176 986 2248 esse,ideoque
1010 2177 1246 2232 nomine
1270 2175 1526 2248 Apostoli
1543 2175 1634 2231 vix
1661 2175 1928 2246 dignum,

285 2268 438 2336 quod
467 2265 783 2322 Ecclesium
819 2270 1159 2338 persecutus
1181 2266 1272 2321 sit.
1308 2266 1521 2321 Noster
1569 2282 1684 2320 non
1731 2265 1802 2320 de
1831 2282 1929 2320 vo-

284 2357 530 2426 catione,
562 2357 663 2412 sed
697 2358 766 2412 de
797 2357 1286 2413 condemnatione
1338 2373 1447 2412 sua
1503 2356 1784 2426 loquitur,
1816 2372 1932 2426 qua

284 2447 350 2502 de
383 2445 600 2518 populo
652 2446 1012 2502 Antiocheno
1071 2447 1298 2502 excisus
1379 2445 1511 2513 fuit,
1571 2451 1628 2501 et
1685 2445 1930 2500 infimus

282 2552 479 2592 eorurr.
505 2536 720 2602 factus,
753 2536 823 2590 ab
843 2535 1100 2591 Ecclesia
1148 2539 1463 2599 extractus,
1496 2539 1551 2590 et
1607 2534 1682 2589 ad
1706 2535 1928 2605 suppli-

281 2627 434 2680 cium
463 2626 680 2681 ductus
712 2640 896 2696 neque
925 2625 1386 2681 misericordiam
1427 2623 1598 2679 alium
1650 2639 1933 2680 consecu-

284 2717 404 2780 tus,
437 2731 614 2784 quam
647 2717 710 2768 ut
739 2729 843 2785 per
864 2714 1206 2786 martyrium
1234 2713 1351 2770 Deo
1384 2713 1496 2768 frui
1525 2717 1744 2785 posset.

359 2803 438 2858 De
465 2803 693 2859 arcanis
724 2807 784 2859 et
813 2805 882 2859 de
913 2804 1110 2876 pueris
1135 2805 1260 2875 jam
1311 2807 1444 2860 ante
1499 2801 1777 2858 diximus.
1820 2802 1930 2857 Sed

301 2893 450 2962 quod
488 2892 625 2948 illud
675 2891 958 2966 Apostoli,
1014 2894 1219 2949 Donate
1257 2893 1398 2948 mihi
1444 2893 1585 2947 hanc
1642 2892 1930 2962 injuriam,

300 2985 492 3037 nostro
522 2982 778 3052 objiciet,
812 2983 987 3054 idque
1036 2990 1309 3054 tanquam
1368 2983 1724 3049 affectatum,
1752 2989 1805 3037 et
1861 2980 1935 3036 ad

297 3071 572 3128 orationis
593 3088 892 3143 pompam,
924 3071 1118 3127 miror.
1155 3071 1464 3142 Gregorius
1512 3071 1930 3138 Nazianzenus,

295 3161 650 3230 purissimus
674 3161 941 3233 scriptor,
973 3161 1186 3232 saepius
1211 3162 1412 3216 eadem
1438 3160 1621 3216 forma
1650 3177 1795 3216 usus
1826 3169 1930 3216 est.

295 3250 566 3306 Oratione
597 3251 705 3305 25:
741 3249 805 3305 Ei
843 3246 900 3304 δὲ
945 3250 1028 3305 ὅτι
1075 3248 1502 3322 τυραννούμενος
1558 3249 1726 3328 φέρω,
1775 3252 1936 3303 τοῦτο

293 3336 486 3409 ἀδικῶ,
527 3337 826 3414 χαρίσασθέ
877 3360 969 3411 μοι
1022 3340 1121 3407 τὴν
1169 3336 1380 3393 ἀδικίαν
1429 3340 1650 3409 ταύτην.
1721 3363 1740 3388 ι
1775 3339 1935 3403 Quod

292 3429 340 3485 si
366 3435 674 3500 propterea
695 3429 974 3500 injuriam
1009 3429 1335 3500 facio,quia
1361 3429 1668 3501 tyrannide
1700 3445 1940 3499 pressus

291 3536 453 3589 aequo
487 3519 687 3574 animo
722 3519 859 3588 fero,
918 3520 1128 3574 donate
1176 3519 1312 3573 mihi
1375 3518 1524 3574 hanc
1577 3519 1876 3587 injuriam.
1910 3540 1936 3568 »

294 3610 506 3664 lterum
541 3607 804 3663 oratione
828 3608 898 3661 32
933 3624 946 3662 :
988 3607 1050 3663 Ei
1106 3605 1272 3661 ταῦτα
1326 3603 1472 3660 δεινὰ
1524 3607 1736 3680 γέγονε,
1793 3627 1941 3682 παρ-

291 3696 551 3768 ελήλυθε·
613 3697 910 3773 χαρίσασθέ
966 3719 1057 3772 μοι
1115 3699 1214 3767 τήν
1273 3693 1488 3751 ἀδικίαν
1538 3696 1762 3767 ταύτην.
1822 3699 1944 3755 «Si

293 3789 414 3844 haec
438 3789 641 3861 gravia
681 3788 916 3858 fuerint,
951 3789 1372 3860 praeterierunt,
1398 3789 1607 3844 donate
1629 3789 1770 3844 mihi
1794 3789 1945 3844 hanc

293 3878 633 3948 iniuriam.»
669 3879 735 3932 At
764 3883 963 3933 noster
992 3894 1064 3933 ne
1123 3877 1231 3933 hac
1290 3878 1524 3950 quidem
1586 3879 1769 3934 forma
1805 3894 1944 3934 usus

298 3971 406 4032 est,
441 3967 885 4039 autquidquam
913 3966 993 4021 illi
1021 3966 1213 4022 simile
1237 3967 1400 4022 dixit.
1438 3967 1628 4023 Ironia
1672 3972 1760 4022 est
1790 3967 1944 4039 apud

301 4056 668 4127 Apostolum,
702 4061 759 4112 et
787 4057 1024 4128 quidem
1058 4057 1368 4112 manifesta
1423 4056 1509 4128 (ut
1549 4062 1605 4112 et
1656 4058 1807 4127 apud
1842 4056 1949 4111 Na-

300 4145 796 4217 zianzenum)qua
824 4145 1077 4216 graviter
1114 4145 1444 4201 Corinthios
1491 4146 1779 4216 objurgat,
1817 4142 1951 4218 μετᾶ

303 4232 524 4303 πολλῆς
589 4234 893 4309 βαρύτητος
949 4230 1110 4303 ἔθηκε
1164 4235 1265 4302 τὴν
1325 4232 1665 4306 ἐπιτίμησιν,
1741 4233 1831 4288 καὶ
1889 4233 1950 4288 τὸ

305 4325 424 4396 ἑξῆς
484 4325 912 4398 φορτικώτερον,
973 4324 1164 4397 inquit
1221 4326 1693 4397 Chrysostomus.
1781 4325 1952 4380 Nulla

306 4414 457 4484 apud
492 4415 785 4485 Ignatium
820 4414 1084 4470 beneficii
1145 4415 1642 4484 commemoratio,
1675 4413 1833 4469 nulla
1865 4416 1952 4468 in-

309 4502 468 4573 iuriae
493 4505 736 4572 mentio,
771 4504 918 4559 forte
959 4519 1030 4559 ne
1049 4503 1490 4560 condonationis
1522 4504 1780 4574 quidem.
1815 4508 1956 4576 Συγ-

2045 1913 2338 1968 Romanos
2386 1917 2442 1968 et
2474 1915 2544 1968 ad
2587 1913 2800 1967 Titum.
2846 1915 2921 1967 At
2964 1908 3267 1980 inscriptio
3308 1907 3576 1978 Epistolas
3626 1906 3698 1960 ad

2041 2002 2280 2058 Galatas
2306 2003 2568 2074 quinque
2590 1999 2895 2058 versiculis
2925 2003 3224 2063 constans,
3274 2013 3403 2052 eam
3449 2013 3576 2067 quas
3619 1997 3692 2054 ad

2039 2092 2226 2148 Titum
2255 2098 2362 2151 est.
2397 2092 2590 2165 potius
2621 2095 2876 2164 superat.
2915 2089 3113 2159 Neque
3150 2104 3285 2144 vero
3327 2085 3511 2142 multo
3561 2085 3694 2142 bre-

2037 2181 2162 2238 vior
2193 2183 2383 2254 prima
2423 2184 2493 2238 ad
2527 2181 2895 2238 Corinthios:
2935 2183 3086 2235 certe
3116 2177 3349 2248 longior
3378 2175 3686 2247 Ignatiana

2036 2271 2126 2327 vel
2161 2273 2230 2326 ad
2265 2272 2618 2342 Smyrnaaos,
2649 2270 2737 2326 vel
2770 2269 2840 2324 ad
2883 2267 3286 2336 Polycarpum,
3334 2263 3425 2319 vel
3463 2263 3534 2319 ad
3564 2267 3686 2318 Ma-

2040 2362 2295 2432 gnesios,
2327 2361 2415 2416 vel
2437 2362 2506 2416 ad
2527 2359 2878 2426 Trallesios;
2912 2355 3151 2428 aequalis
3172 2354 3258 2410 illi
3281 2354 3352 2410 ad
3385 2352 3690 2426 Ephesios,

2041 2466 2166 2520 qua:
2191 2451 2436 2505 fortasse
2457 2451 2722 2505 omnium
2749 2447 2902 2519 apud
2923 2452 3185 2500 nostrum
3208 2443 3555 2516 longissima
3574 2448 3686 2498 est.

2113 2539 2222 2594 Sed
2258 2554 2523 2609 perverse
2554 2544 2748 2592 tamen
2781 2541 2838 2591 et
2882 2533 3192 2590 infeliciter
3231 2532 3477 2588 imitatio
3525 2531 3691 2588 insti-

2041 2633 2163 2683 tuta
2184 2638 2302 2695 est;
2329 2628 2468 2698 quia
2501 2626 2912 2698 inscriptiones
2934 2640 3157 2688 omnes,
3191 2639 3337 2694 quas
3361 2638 3466 2677 nos
3493 2621 3694 2677 defen-

2042 2717 2258 2783 dimus,
2291 2734 2408 2772 una
2438 2717 2508 2771 ad
2541 2715 2924 2787 Polycarpum
2957 2717 3274 2783 excepta,et
3299 2711 3595 2766 laciniosa:
3627 2713 3686 2766 et

2041 2807 2513 2880 impeditissima:
2545 2814 2701 2871 sunt,
2743 2805 3010 2875 quaedam
3055 2801 3230 2857 etiam
3281 2799 3454 2872 plane
3503 2798 3696 2870 prodi-

2043 2897 2238 2970 giosaz.
2272 2896 2380 2951 Ain
2420 2912 2555 2952 vero
2607 2894 3034 2964 inscriptiones,
3083 2895 3290 2964 preter
3340 2889 3572 2944 unicam
3618 2888 3689 2943 ad

2044 2985 2761 3059 Polycarpum,laciniosas
2778 2980 3332 3054 etimpeditissimas
3344 2995 3473 3035 esse
3488 2979 3516 3033 ‘t
3537 2977 3702 3033 Certe

2043 3076 2348 3148 inscriptio
2373 3076 2443 3132 ad
2468 3080 2798 3148 Smyrnaeos
2820 3073 2964 3129 satis
2988 3071 3255 3144 expedita
3285 3074 3374 3126 est
3399 3083 3412 3136 ;
3438 3069 3508 3124 ab
3531 3067 3698 3124 initio

2047 3167 2118 3221 ad
2152 3166 2323 3220 finem
2359 3163 2659 3236 aequaliter
2689 3162 2857 3228 fluit;
2900 3161 3060 3217 nullo
3083 3161 3252 3216 modo
3274 3157 3472 3214 hiulca
3498 3155 3703 3212 autin-

2046 3260 2307 3327 terrupta
2336 3261 2424 3311 est
2448 3274 2462 3324 ;
2496 3253 2731 3325 singula
2761 3257 2956 3308 autem
2980 3251 3198 3324 optime
3219 3249 3529 3305 cohaerent.
3553 3249 3701 3312 Quo-

2045 3346 2198 3402 circa
2232 3362 2346 3400 non
2380 3344 2576 3399 minus
2607 3342 2720 3398 ista
2753 3359 2927 3412 quam
2957 3341 3145 3413 ipsius
3176 3355 3372 3395 comes
3403 3338 3474 3392 ad
3522 3335 3698 3406 Poly-

2045 3451 2310 3507 carpum,
2343 3433 2683 3505 excipienda
2714 3431 2843 3488 fuit.
2879 3432 3034 3486 Idem
3066 3429 3379 3485 dicendum
3403 3428 3473 3482 de
3495 3425 3596 3481 illa
3627 3425 3700 3480 ad

2046 3525 2345 3596 Ephesios,
2383 3525 2452 3578 de
2482 3522 2583 3577 illa
2615 3523 2784 3576 etiam
2822 3522 2891 3576 ad
2923 3519 3231 3575 Trallesios
3264 3543 3278 3585 ;
3312 3533 3500 3588 neque
3540 3515 3699 3571 enim

2049 3619 2250 3670 contra
2281 3615 2387 3669 has
2420 3612 2507 3668 vel
2540 3629 2656 3667 una
2696 3611 3030 3682 exceptione
3079 3608 3260 3663 utitur
3301 3606 3389 3660 vir
3437 3604 3703 3660 doctissi-

2049 3721 2201 3760 mus.
2237 3709 2376 3759 Tres
2404 3702 2584 3774 igitur
2639 3699 3048 3756 tantummodo
3098 3701 3436 3769 supersunt,
3487 3692 3702 3766 quibus

2051 3793 2190 3866 quid
2219 3793 2393 3847 habet
2425 3791 2579 3862 quod
2612 3790 2849 3860 objiciet
2879 3788 3202 3844 videamus.

2119 3883 2325 3937 Totam
2371 3880 2536 3935 illam
2584 3880 2655 3934 ad
2703 3880 2994 3934 Romanos
3052 3881 3109 3932 et
3157 3876 3350 3932 Graece
3397 3877 3455 3929 et
3504 3871 3707 3929 Latine

2051 3970 2444 4042 transcripsit,
2474 3969 2735 4025 elGrseca
2766 3968 3001 4040 quidem
3027 3982 3142 4021 uno
3165 3968 3393 4020 tantum
3429 3961 3708 4017 vocabulo

2054 4064 2188 4116 Θεοῦ
2241 4060 2520 4116 auctiora.
2582 4058 2974 4114 Prolixitatem
3023 4059 3305 4122 accusat;
3358 4052 3618 4107 defendit
3646 4051 3706 4105 S.

2055 4151 2291 4218 Paulus,
2327 4150 2427 4220 qui
2461 4146 2718 4220 epistolae
2743 4163 2860 4201 suae
2884 4146 2953 4200 ad
2979 4144 3244 4201 eamdem
3276 4140 3594 4196 Ecclesium
3620 4139 3710 4194 in-

2057 4241 2433 4312 scriptionem
2465 4235 2708 4308 praefixit
2756 4234 2994 4306 aequalis
3043 4231 3250 4288 saltem
3296 4228 3706 4302 longitudinis.

2055 4330 2290 4386 Meliora
2322 4327 2555 4399 scripsit
2594 4324 2928 4396 Apostolus,
2978 4338 3092 4378 non
3145 4321 3431 4378 breviora.
3482 4323 3714 4375 Coacer-

2055 4429 2186 4476 vate
2211 4424 2266 4474 et
2298 4432 2578 4489 spumosa
2627 4414 2882 4486 epitheta
2938 4413 3178 4468 damnat
3205 4429 3220 4481 ;
3255 4412 3490 4466 excusat
3519 4407 3710 4481 gentis

2058 4515 2332 4584 Syrorum
2368 4508 2427 4562 in
2460 4505 2770 4562 scribendo
2813 4520 2961 4572 mos,
3012 4511 3066 4559 et
3114 4501 3421 4559 familiaris
3469 4514 3715 4558 consue-

303 4597 634 4668 γνωμονεῖτε
664 4597 791 4649 tum
824 4593 894 4648 ad
943 4591 1290 4663 Trallenscs,
1335 4597 1463 4649 tum
1527 4593 1600 4649 ad
1653 4593 1947 4649 Romanos
1979 4592 2024 4656 D
2055 4603 2219 4670 tudo,
2282 4615 2408 4670 quis
2464 4601 2520 4651 S.
2583 4595 2810 4667 Ignatio
2865 4593 3060 4666 potius
3119 4607 3439 4665 congruere
3510 4595 3712 4647 osten-

311 4684 502 4753 potius
533 4703 560 4734 ι
596 4683 974 4752 acquiescite,
1004 4683 1063 4738 in
1116 4697 1300 4739 meam
1355 4682 1708 4739 sententiam
1756 4697 1955 4738 conce-

312 4771 450 4838 dite,
485 4792 510 4824 ιι
555 4770 932 4846 συγγνώμονές
992 4791 1086 4843 μοι
1137 4767 1275 4841 ἔστε,
1337 4773 1406 4827 ad
1465 4773 1752 4829 Romanos
1810 4789 1954 4844 prm-

315 4862 535 4926 sertim,
569 4859 1003 4936 συγγνωμονεῖτέ
1037 4881 1152 4932 μοι,
1201 4861 1278 4934 μὴ
1329 4855 1666 4933 ἐμποδίσητέ
1716 4881 1808 4934 μοι
1859 4865 1958 4930 ζῆ-

317 4971 421 5006 σαι.
455 4973 484 5001 ‹‹
507 4950 897 5006 Consentiatis
921 4951 1087 5016 mihi,
1118 4968 1188 5006 ne
1207 4951 1624 5023 impedimento
1659 4951 1790 5007 sitis
1813 4967 1957 5022 quo-

318 5041 514 5096 minus
533 5041 745 5097 vivam.
780 5063 808 5092 »
831 5040 892 5097 Si
914 5043 1345 5115 συγγνωμενεῖτε
1383 5045 1700 5110 vertamus,
1735 5060 1766 5094 tt
1794 5040 1957 5112 igno-

317 5134 484 5204 scite,
519 5150 638 5190 »ne
669 5133 753 5189 sic
785 5132 1020 5205 quidem
1053 5133 1295 5190 Paulino
1332 5132 1650 5207 χαρίζεσθαι
1712 5148 1958 5205 respon-

316 5223 409 5280 det
463 5229 566 5280 aut
618 5224 780 5281 illius
837 5225 1035 5281 ironiae
1095 5224 1445 5297 elegantiam
1509 5224 1804 5296 exprimit,
1863 5232 1962 5280 aut

311 5315 634 5389 quidquam
667 5331 802 5371 cum
834 5314 932 5370 illo
974 5316 1044 5370 ad
1087 5314 1416 5371 Corinthios
1475 5314 1599 5372 loco
1649 5329 1960 5372 commune

310 5403 504 5476 habet,
539 5405 727 5462 multo
758 5405 956 5462 minus
987 5404 1269 5461 orationis
1293 5421 1588 5477 pompam.

935 5512 1164 5569 CAPUT
1192 5511 1331 5569 XVI.

314 5613 562 5682 Ignatius
578 5628 769 5668 noster
796 5613 1106 5684 Apostolum
1138 5612 1195 5666 in
1260 5608 1714 5684 inscriptionibus
1764 5609 1963 5681 episto-

387 5687 573 5740 larum
610 5683 889 5742 imitatur.
952 5685 1082 5753 Quae
1136 5683 1456 5756 apostolicis
1519 5683 1792 5752 longiores
1849 5697 1963 5738 non

2063 4691 2166 4747 dit.
2200 4687 2516 4744 Asiaticum
2550 4683 2825 4757 loquendi
2857 4700 3043 4756 genus
3067 4681 3570 4753 reprehendebant
3591 4678 3712 4734 cri-

2064 4780 2164 4836 tici
2196 4783 2456 4847 veteres;
2489 4775 2592 4830 sed
2648 4773 2793 4829 nihil
2844 4773 3000 4828 aliud
3063 4771 3476 4843 exspectabant
3513 4769 3586 4823 ab
3639 4767 3715 4822 iis

2066 4870 2163 4942 qui
2195 4869 2254 4922 in
2282 4867 2416 4921 Asia
2449 4880 2682 4936 semper
2712 4863 3000 4918 vixerunt.
3035 4862 3229 4916 Cicero
3276 4864 3354 4914 De
3400 4857 3570 4912 claris
3597 4870 3717 4910 ora-

2066 4941 2279 5016 toribus
2314 4971 2326 5009 :
2362 4977 2389 5005 «
2423 4953 2567 5008 Hinc
2588 4951 2822 5007 Asiatici
2855 4955 3113 5005 oratores
3138 4965 3250 5002 non
3301 4941 3717 5002 contemnendi

2068 5046 2306 5120 quidem
2335 5058 2440 5098 nec
2472 5040 2761 5096 celeritate
2783 5055 2888 5093 nec
2919 5037 3104 5109 copia,
3137 5036 3236 5091 sed
3287 5049 3493 5106 parum
3529 5030 3718 5103 pressi

2069 5119 2126 5192 et
2147 5133 2325 5189 nimis
2366 5129 2782 5185 redundantes.
2814 5148 2834 5175 ιι
2873 5127 2934 5182 Si
2971 5124 3366 5180 redundantes
3395 5125 3452 5176 et
3480 5119 3722 5175 tumidae

2067 5227 2378 5284 videantur
2400 5219 2810 5290 inscriptiones
2834 5217 3173 5289 Ignatiante,
3191 5231 3362 5271 nemo
3385 5212 3718 5281 mirabitur,

2071 5317 2170 5390 qui
2191 5318 2485 5371 auctorem
2511 5325 2578 5364 ex
2603 5307 2734 5363 Asia
2767 5305 2856 5362 vel
2879 5305 3044 5378 Syria
3075 5304 3400 5375 profectum
3451 5317 3578 5358 esse
3621 5316 3726 5356 no-

2070 5411 2171 5466 vit.
2191 5409 2358 5465 Alius
2380 5405 2616 5477 quidem
2639 5400 2940 5456 character
2969 5397 3229 5470 epistolis
3275 5394 3715 5452 convenientior

2072 5499 2266 5575 putari
2298 5497 2461 5564 solet,
2494 5494 2596 5550 sed
2629 5490 3041 5547 familiaribus.
3073 5489 3184 5544 Ubi
3217 5488 3287 5544 ad
3325 5487 3612 5543 maximas
3642 5485 3729 5575 ci-

2071 5574 2281 5648 vitates
2341 5585 2638 5652 scribitur,
2689 5581 2913 5654 aliquid
2963 5579 3174 5636 elatius
3229 5577 3587 5636 conceditur.
3643 5574 3730 5630 Ita

2071 5685 2238 5740 vetus
2262 5677 2512 5750 scriptor
2527 5673 2649 5750 περὶ
2684 5668 2975 5747 ἑρμηνείας
3005 5671 3114 5728 sub
3160 5668 3440 5730 Demetrii
3470 5661 3730 5724 Phalerii
