4064 6134
301 317 422 376 463

1340 313 1402 368 S.
1452 308 1856 368 lGNATIUS.
1909 337 1982 348 —
2025 301 2649 364 PROLEGOMENA.

3598 295 3720 354 464

303 448 541 504 nomine
567 445 716 501 Ἐπεὶ
749 440 805 495 δὲ
833 440 922 495 καὶ
952 441 1147 495 πόλεσί
1179 460 1308 494 ποτε
1356 437 1445 492 καῖ
1497 436 1776 513 βασιλεῦσι
1807 435 1941 509 γρά-

2078 434 2122 487 ,ii
2149 450 2282 489 cum
2315 433 2423 486 hac
2442 429 2689 502 epistola
2720 427 3094 494 continebat;
3143 429 3295 481 unde
3356 425 3561 481 titulus
3619 426 3722 480 hic

305 558 495 614 φομεν,
527 530 759 589 ἔστωσαν
818 534 1062 586 τοιαῦται
1109 530 1163 584 αἱ
1213 526 1496 583 ἐπιστολαὶ
1551 528 1742 602 μικρὸν
1794 524 1944 598 ἐξηρ-

310 626 464 698 μὲναι
497 645 635 684 πως.
671 624 861 680 «Cum
892 628 1086 677 autem
1122 621 1194 676 ad
1253 621 1513 675 civitates
1546 619 1859 674 scribimus
1889 621 1947 670 et

302 733 490 787 reges,
525 715 645 770 sint
667 715 810 769 tales
843 711 1098 783 epistola
1132 710 1304 782 paulo
1365 709 1798 781 quodammodo
1830 705 1944 762 ela-

301 805 502 861 tiores.
537 825 565 853 ››
583 805 721 859 Cum
746 802 925 873 igitur
949 801 1069 856 haec
1099 798 1346 871 epistola
1377 797 1450 853 ad
1488 799 1777 853 Romanos
1801 795 1948 852 scri—

301 900 403 968 pta
424 895 529 961 'sit,
563 899 619 949 et
648 893 719 948 ab
746 891 983 948 homine
1053 890 1326 957 Asiatico,
1360 905 1478 945 non
1539 889 1750 943 mirum
1789 886 1838 942 si
1869 887 1952 942 in-

304 984 542 1056 scriptio
573 987 631 1038 et
663 982 996 1037 redundans
1019 984 1075 1035 et
1104 980 1252 1034 elata
1284 979 1378 1035 sit.
1416 977 1740 1034 Recolenda
1773 976 1948 1031 etiam

303 1073 400 1130 hic
421 1076 698 1144 suntquae
723 1073 793 1128 de
816 1087 1060 1126 numero
1083 1069 1471 1141 epithetorum
1522 1076 1653 1124 ante
1674 1068 1950 1122 diximus.

304 1162 508 1233 Neque
529 1163 599 1216 de
630 1161 722 1217 his
759 1160 1106 1217 sententiam
1166 1158 1435 1214 Halloixii
1485 1174 1697 1226 moror,
1741 1155 1800 1211 in
1837 1172 1953 1227 quo

303 1252 425 1308 viro
445 1252 736 1322 judicium
762 1267 875 1306 non
897 1254 1124 1305 tantum
1149 1267 1182 1304 a
1213 1247 1445 1316 nostris,
1479 1248 1579 1303 sed
1631 1250 1687 1302 et
1744 1263 1778 1301 a
1808 1245 1951 1309 suis,

307 1339 1275 1410 etaDallaeomaxime,requiritur.
1311 1337 1516 1408 Rejicit
1563 1336 1658 1390 ille
1703 1335 1958 1406 epitheta

306 1437 590 1502 tanquam
624 1429 776 1486 male
797 1433 1089 1500 congesta,
1125 1445 1250 1500 quas
1291 1443 1424 1483 cum
1494 1425 1632 1481 alibi
1673 1424 1954 1494 admittit,

309 1521 609 1591 rejiciendi
643 1520 786 1576 satis
817 1535 1048 1590 gravem
1083 1533 1320 1572 causam
1353 1533 1469 1572 non
1511 1515 1732 1570 habuit.
1792 1515 1955 1579 Quod

310 1615 503 1666 autem
527 1609 771 1679 vulgatae
794 1607 1162 1678 inscriptioni
1185 1607 1347 1662 illam
1369 1605 1779 1678 Metaphrastae
1813 1621 1958 1676 pra-

306 1699 503 1754 tulerit
536 1697 873 1768 Halloixius,
914 1697 974 1750 in
997 1713 1064 1752 ea
1087 1712 1147 1751 re
1205 1702 1360 1751 certe
1409 1713 1525 1750 non
1575 1695 1718 1750 adeo
1762 1692 1959 1765 exagi-

2053 523 2110 578 in
2147 541 2254 578 ms.
2285 521 2510 577 Caiensi
2546 520 2817 591 praafixus
2849 524 3089 589 apparet
3119 533 3131 572 :
3169 517 3509 588 Martyrium
3569 515 3722 570 San-

2054 616 2129 669 cti
2158 614 2358 684 Ignatit'
2413 612 2656 682 ερὶδσορί
2708 610 3039 675 Antiochiae,
3104 609 3217 663 sive
3285 609 3518 678 epistola
3603 606 3715 673 ΧΗ,

2056 704 2183 774 ipsa
2202 708 2398 758 autem
2424 702 2566 756 Acta
2587 699 2934 770 interpolata
2952 703 3112 766 sunt,
3145 707 3287 754 eteo
3331 698 3567 768 quidem
3595 697 3722 751 loco

2058 792 2158 848 ubi
2188 790 2436 863 epistola
2457 790 2578 845 haec
2631 789 2908 844 inseritur
2937 803 2950 847 ;
3015 791 3078 842 ut
3134 805 3167 842 a
3200 785 3713 858 perspicacissimo

2057 882 2423 938 Armachano
2450 881 2828 936 observatum
2853 881 2958 933 est.
2995 881 3186 948 Atque
3229 877 3348 931 haec
3394 877 3464 932 de
3495 875 3717 932 codici-

2058 973 2170 1027 bus
2193 971 2407 1026 Graecis
2426 975 2481 1025 et
2506 969 2750 1025 Latinis.
2784 968 3075 1033 Secundo,
3112 968 3160 1022 si
3207 967 3328 1022 haec
3352 970 3721 1038 reputemus,

2061 1060 2256 1117 nescio
2288 1062 2576 1132 quomodo
2610 1058 2974 1129 inscriptioni
3037 1055 3448 1128 Metaphrastze
3481 1072 3720 1112 omnem

2061 1154 2256 1207 locum
2279 1148 2858 1222 denegabimustse
2881 1147 3180 1218 professus
3200 1151 3289 1201 est
3310 1163 3370 1202 se
3412 1145 3722 1217 epistolam

2067 1243 2213 1299 hanc
2245 1243 2316 1296 ad
2376 1242 2667 1296 Romanos
2717 1237 2804 1291 ἐπὶ
2857 1237 3082 1308 λέξεως,
3139 1238 3212 1292 ad
3267 1237 3507 1292 verbum
3558 1241 3726 1290 tran-

2066 1330 2460 1402 scripsisse,et
2483 1328 2720 1399 scriptis
2742 1328 2867 1384 suis
2894 1326 3238 1383 inseruisse.
3274 1329 3362 1380 An
3393 1325 3503 1381 hoc
3553 1341 3726 1380 men-

2067 1418 2298 1475 dacium
2330 1433 2458 1474 esse
2497 1418 2784 1485 dicemus,
2829 1416 3152 1488 praesertim
3197 1431 3329 1471 cum
3363 1414 3724 1470 contrarium

2066 1522 2268 1561 verum
2292 1522 2417 1561 esse
2448 1503 2608 1558 nullo
2643 1505 2815 1560 modo
2847 1504 3094 1575 probare
3121 1504 3414 1574 possimus
3437 1502 3464 1556 ?
3504 1502 3726 1557 Demus

2066 1595 2395 1651 Simeonem
2421 1593 2586 1648 illum
2619 1592 2806 1648 multa
2838 1592 2984 1647 falsa
3017 1593 3363 1664 scripsisse;
3426 1597 3485 1648 at
3517 1593 3724 1647 eadem

2069 1686 2140 1740 ab
2163 1684 2295 1741 aliis
2316 1701 2446 1740 eum
2480 1684 2776 1756 accepisse
2799 1683 3038 1738 omnino
3083 1684 3460 1738 credendum.
3491 1682 3726 1737 Scimus

307 1787 527 1844 tandus
553 1792 698 1854 erat,
730 1788 783 1842 si
827 1803 948 1842 rem
980 1785 1321 1858 ipsam,non
1350 1785 1481 1855 ejus
1506 1784 1783 1852 rationes,
1818 1799 1953 1838 con-
1987 1814 2033 1878 B
2070 1776 2256 1832 multa
2278 1793 2403 1846 quas
2428 1776 2763 1847 scripsit,ab
2787 1774 3044 1830 historiae
3073 1775 3186 1829 fide
3234 1774 3444 1842 aliena,
3479 1774 3548 1828 ab
3591 1773 3726 1830 aliis

309 1878 660 1934 sideremus.
688 1876 1016 1949 Inscriptio,
1049 1893 1226 1946 quam
1260 1876 1494 1932 unicam
1527 1875 1625 1931 ille
1671 1874 1833 1942 vidit,
1863 1875 1954 1928 in-

305 1965 674 2040 terpolatoris
707 1985 886 2022 manu
917 1971 974 2022 et
1007 1972 1231 2022 mutata
1289 1973 1344 2021 et
1391 1970 1561 2022 aucta
1608 1965 1738 2036 fuit,
1773 1979 1956 2034 neque

306 2073 413 2128 pro
436 2057 664 2112 sincera
687 2056 884 2112 haberi
906 2057 1126 2112 debuit.
1156 2055 1260 2111 Illa
1281 2065 1495 2125 autem,
1530 2072 1703 2126 quam
1729 2055 1959 2110 exhibet

312 2145 751 2216 Metapbrastes,
785 2145 832 2201 si
861 2163 964 2217 pro
996 2147 1253 2217 genuina
1283 2145 1614 2212 haberetur,
1648 2161 1682 2200 a
1727 2143 1960 2199 nemine

309 2234 493 2291 refelli
527 2239 745 2307 posset.
781 2235 1034 2306 Ideoque
1065 2235 1160 2290 hic
1202 2234 1485 2290 Halloixio
1543 2251 1823 2290 assensus
1875 2237 1963 2290 est

313 2325 626 2393 Usserius;
663 2340 850 2397 neque
885 2325 1095 2380 horum
1130 2324 1478 2381 sententiam
1538 2324 1731 2380 Dallaai
1789 2340 1962 2396 argu-

316 2421 513 2470 menta
544 2413 662 2469 ullo
695 2414 868 2470 modo
900 2414 1272 2470 labefactant.
1308 2414 1522 2481 Primo,
1556 2413 1767 2486 inquit,
1802 2436 1830 2464 «
1873 2429 1962 2469 re-

315 2505 542 2574 pugnat
561 2500 825 2557 omnium
850 2502 1136 2557 librorum
1161 2503 1744 2572 ﬁdes,etGraecorum
1769 2507 1824 2558 et
1855 2503 1962 2557 La-

316 2591 592 2659 tinorum,
623 2591 723 2662 qui
755 2591 952 2660 istam,
986 2609 1151 2662 quam
1180 2593 1572 2659 recitavimus,
1628 2591 1962 2662 inscriptio-

318 2698 453 2738 nem
476 2681 818 2739 exhibent.»
840 2687 914 2738 At
935 2699 1138 2739 omnes
1158 2683 1215 2738 hi
1240 2684 1418 2738 Graeci
1443 2683 1574 2738 libri
1599 2684 1712 2738 duo
1735 2687 1965 2738 tantum

319 2776 478 2842 sunt,
510 2771 995 2844 Nydpruccianus
1017 2775 1484 2844 etAugustanus;
1512 2778 1758 2844 uterque
1774 2777 1965 2829 autem

319 2864 392 2918 ab
423 2863 640 2919 infelici
672 2863 1102 2934 interpolatoris
1137 2882 1332 2922 manu.
1368 2864 1512 2920 Nam
1559 2867 1737 2920 codex
1789 2865 1968 2920 Medi-

320 2969 457 3010 ceus
489 2954 585 3011 hic
615 2971 720 3010 nos
752 2955 1136 3025 destituit,cui
1170 2955 1319 3012 hanc
1351 2956 1660 3027 epistolam
1715 2955 1969 3010 defuisse

320 3048 377 3099 et
400 3043 569 3100 docet
623 3049 679 3099 et
728 3044 990 3114 queritur
1039 3045 1417 3100 doctissimus
1498 3045 1763 3101 Vossius.
1820 3044 1967 3110 Quid

320 3134 475 3206 quod
508 3149 614 3187 nec
639 3132 695 3186 hi
735 3133 850 3187 duo
883 3133 1062 3188 Graeci
1096 3135 1346 3202 codices,
1371 3151 1557 3206 neque
1579 3134 1848 3205 vulgatus
1881 3134 1968 3188 in-

2069 1870 2202 1922 ante
2234 1868 2462 1934 tradita,
2485 1869 2542 1921 et
2563 1866 2649 1920 vel
2691 1881 2789 1920 ore
2813 1865 3072 1921 omnium
3097 1865 3423 1933 decantata,
3455 1863 3544 1918 vel
3574 1862 3720 1918 scri-

2067 1955 2182 2026 ptis
2215 1955 2388 2011 etiam
2414 1955 2688 2011 mandata
2713 1954 2909 2023 fuisse,
2945 1960 3009 2010 ut
3057 1956 3128 2011 iis
3158 1954 3300 2009 nihil
3325 1954 3421 2010 ille
3451 1953 3566 2008 nisi
3598 1969 3728 2008 me-

2067 2045 2314 2101 thodum
2347 2051 2403 2101 et
2435 2049 2706 2101 ornatum
2750 2046 3085 2100 contulerit.
3146 2045 3357 2101 Habuit
3406 2043 3587 2115 igitur
3626 2042 3729 2099 ille

2069 2134 2378 2207 epistolam
2403 2136 2474 2190 ad
2501 2135 2797 2191 Romanos
2820 2135 2879 2190 in
2906 2135 3060 2191 Actis
3083 2137 3290 2206 Ignatii
3347 2134 3727 2205 descriptam,

2069 2239 2214 2290 Acta
2243 2234 2640 2306 interpolavit,
2662 2233 2861 2290 omnia
2880 2251 3010 2305 quae
3027 2235 3099 2289 de
3124 2239 3380 2306 martyre
3399 2232 3734 2305 autlegerat

2071 2332 2168 2380 aut
2189 2325 2508 2392 audiverat,
2538 2325 2596 2378 in
2641 2323 3004 2381 luculentum
3033 2324 3294 2380 ordinem
3323 2323 3582 2395 redegit;
3615 2323 3734 2392 epi-

2072 2414 2310 2481 stolam,
2344 2419 2409 2468 ut
2445 2414 2759 2482 invenerat,
2787 2414 3032 2470 totidem
3084 2413 3277 2470 verbis
3334 2412 3729 2484 transcripsit.

2073 2508 2160 2559 Ita
2173 2504 2405 2559 tandem
2423 2520 2513 2559 res
2529 2504 2640 2559 huc
2655 2504 2896 2573 redit,ut
2914 2505 3121 2560 merito
3137 2520 3393 2576 quaerere
3406 2504 3727 2575 possimus,

2074 2609 2143 2648 an
2173 2591 2272 2646 illa
2298 2591 2605 2663 inscriptio
2637 2607 2811 2663 quam
2845 2591 2906 2647 in
2940 2592 3100 2648 Actis
3130 2592 3343 2664 lgnatii
3385 2591 3602 2647 invenit
3632 2590 3727 2644 in-

2075 2686 2298 2753 terpres
2329 2680 2680 2737 Usserianus
2706 2699 2719 2748 ;
2746 2699 2818 2737 an
2853 2681 2953 2738 illa
2978 2698 3154 2754 quam
3180 2682 3239 2736 in
3271 2682 3532 2751 ejusdem
3567 2679 3728 2734 Actis

2076 2772 2289 2844 reperit
2310 2771 2543 2828 Simeon
2567 2772 3295 2844 MetaphrastesJudicent
3312 2771 3522 2826 eruditi
3551 2771 3728 2837 ;mihi

2075 2861 2308 2918 interim
2343 2866 2548 2917 neutra
2579 2870 2774 2918 nostro
2804 2862 3043 2935 indigna
3087 2862 3334 2917 videtur.
3369 2863 3496 2916 Haec
3551 2860 3731 2930 igitur

2078 2951 2188 3007 erit
2217 2949 2476 3020 legitima
2523 2951 2847 3021 inscriptio,
2903 2952 2951 3006 si
3005 2949 3407 3020 Metaphrastas
3465 2947 3725 3002 codicem

2081 3055 2418 3110 sequamur,
2451 3043 2508 3095 et
2540 3056 2607 3094 ex
2639 3039 3065 3112 comparatione
3083 3055 3215 3094 cum
3256 3036 3517 3107 reliquis,
3549 3052 3722 3090 unam

2083 3135 2184 3184 aut
2205 3129 2445 3185 alteram
2477 3131 2844 3185 manifestam
2869 3127 3376 3199 interpolationem
3425 3126 3727 3183 tollamus.

319 3183 544 3292 terpres
574 3222 804 3276 Latinus
842 3239 968 3277 eam
1029 3223 1278 3294 exhibet,
1305 3183 1484 3295 quam
1526 3183 1790 3279 recita’vit
1833 3222 1966 3278 Dal-

2085 3217 2364 3292 Ἰγνάτιος,
2419 3218 2445 3270 ὁ
2495 3217 2584 3271 καὶ
2635 3218 2932 3296 Θεοφόρος,
2990 3183 3058 3290 tif,
3115 3213 3400 3288 ἠλεημὲνῃ
3454 3213 3503 3268 ἐν
3563 3235 3737 3289 μεγα-

322 3311 464 3366 Iasus
494 3311 521 3364 ‘I
543 3310 645 3365 Hic
663 3309 817 3366 enim
842 3327 967 3366 eam
993 3312 1100 3368 hoc
1123 3313 1248 3369 loco
1271 3315 1473 3379 edidit,
1516 3330 1690 3384 quam
1734 3316 1970 3370 Isaacus

322 3400 571 3456 Vossius
601 3416 668 3455 ex
723 3401 988 3456 versione
1041 3400 1356 3458 Usseriana
1404 3403 1669 3474 confecit,
1728 3407 1784 3457 et
1844 3406 1972 3474 post

327 3493 498 3544 notas
529 3489 587 3544 in
619 3489 926 3560 epistolam
959 3491 1030 3545 ad
1057 3491 1342 3546 Romanos
1391 3491 1480 3547 edi
1541 3491 1762 3547 curavit
1797 3511 1811 3559 ;
1855 3507 1969 3546 non

330 3583 481 3652 quod
507 3581 566 3635 in
599 3579 716 3636 ullo
748 3581 944 3638 codice
977 3581 1055 3636 ita
1089 3581 1394 3653 legeretur,
1432 3583 1530 3638 sed
1589 3584 1745 3654 quod
1781 3582 1862 3636 ita
1891 3583 1971 3637 1e-

329 3671 576 3744 gendam
611 3687 739 3726 esse
782 3688 849 3726 ex
880 3672 1058 3726 veteri
1116 3671 1434 3742 interprete
1482 3673 1606 3744 ipse
1639 3673 1971 3743 conjiceret.

329 3761 458 3817 Haec
477 3766 671 3817 autem
702 3761 1001 3816 Usseriani
1023 3762 1358 3832 interpretis
1389 3779 1520 3818 cum
1556 3762 1769 3817 Graecis
1818 3762 1972 3817 codi-

331 3851 498 3906 cibus
531 3869 645 3907 non
670 3852 814 3906 bene
846 3851 1214 3907 conveniunt.
1249 3851 1543 3908 Nonnulla
1574 3852 1669 3906 ille
1717 3851 1886 3908 aliter
1916 3852 1974 3906 in

332 3955 436 3996 suo
468 3939 664 3996 codice
694 3939 855 4011 legit,
879 3944 944 3995 ut
979 3957 1079 4010 pro
1109 3941 1435 4014 ἡγιασμένη,
1489 3941 1838 4015 ἠγαπημένη,
1874 3957 1976 4012 pro

331 4029 682 4101 ποιησαντος,
717 4025 1068 4097 Θελήσαντος,
1113 4046 1213 4101 pro
1271 4027 1392 4097 ἣτις
1425 4030 1546 4098 ἠτις
1588 4028 1699 4100 καί,
1729 4048 1830 4102 pro
1863 4049 1978 4106 χω-

333 4115 473 4191 ρίου,
509 4120 597 4190 (ut
627 4118 875 4190 videtur)
907 4121 1101 4192 χοροῦ,
1145 4136 1248 4190 pro
1301 4117 1756 4189 ἀξιοεπίτευκτος,
1803 4118 1974 4188 ἀξιοε-

338 4207 619 4275 πίτακτος,
670 4223 775 4278 pro
823 4204 1056 4278 ἀγάπης,
1108 4204 1159 4259 ἐν
1214 4207 1424 4280 ἀγάπῃ,
1475 4226 1576 4280 pro
1633 4207 1818 4274 αὐτοῦ,
1869 4213 1980 4260 Πα-

332 4294 484 4369 τρός,
518 4313 620 4367 pro
651 4292 702 4348 ἐν
742 4299 856 4365 Θεῷ
897 4295 986 4349 καὶ
1037 4295 1222 4370 Κυρίῳ
1270 4299 1453 4369 ἡμῶν,
1516 4297 1567 4351 ἐν
1626 4297 1804 4371 Κυρίῳ
1864 4302 1980 4370 eaq)

335 4383 520 4453 ἡμῶν,
556 4400 621 4438 ac
653 4384 923 4454 denique,
954 4389 1018 4440 ut
1057 4385 1259 4441 Dallaeo
1283 4387 1489 4458 placet,
1525 4404 1624 4457 pro
1673 4388 1982 4460 χριστώνυ-

343 4490 462 4543 μος,
496 4471 889 4545 χριστόνομος·
925 4475 1092 4544 plura
1122 4474 1181 4529 in
1215 4491 1280 4530 eo
1313 4493 1425 4530 non
1449 4476 1622 4556 vidit,
1658 4484 1717 4532 ut
1741 4481 1893 4544 Θεοῦ,
1926 4483 1983 4533 et

2081 3303 2325 3378 λειότητι
2387 3307 2597 3380 Πατρὸς
2661 3306 2885 3379 ὑψίστου
2951 3307 3041 3360 καὶ
3109 3306 3289 3375 Ἰησοῦ
3348 3306 3580 3379 Χριστοῦ
3637 3307 3736 3357 τοῦ

2084 3400 2410 3472 μονογενοῦς
2453 3398 2587 3450 Υὶοῦ
2649 3396 2832 3466 αὐτοῦ,
2895 3393 3199 3466 Ἐκκλησίᾳ
3253 3394 3584 3470 ἠγαπημένη
3640 3410 3734 3463 καὶ

2079 3482 2461 3564 πεφωτισμὲνῃ
2497 3484 2548 3540 ἐν
2593 3484 2864 3558 Θελήματι
2908 3489 3003 3540 τοῦ
3059 3484 3391 3554 θελήσαντος
3449 3486 3515 3538 τὰ
3561 3483 3736 3538 πάντα

2083 3577 2114 3628 ἅ
2157 3574 2266 3629 ἐστι
2297 3576 2414 3629 κατ’
2453 3575 2669 3651 ἀγάπην
2713 3576 2893 3644 Ἰησοῦ
2941 3575 3174 3648 Χριστοῦ
3219 3578 3316 3628 τοῦ
3365 3578 3498 3628 Θεοῦ
3547 3576 3728 3646 ἡμῶν,

2081 3663 2206 3734 ἤτις
2237 3667 2326 3718 καὶ
2358 3664 2700 3735 προκάθηται
2730 3663 2780 3717 ἐν
2830 3664 2983 3737 τόπῳ
3032 3663 3242 3739 χωρίου
3295 3664 3585 3735 Ῥωμαίων
3641 3662 3727 3734 (ἢν

2081 3754 2172 3808 καὶ
2235 3754 2544 3826 ἀσπάζομαι
2606 3751 2658 3806 ἓν
2723 3750 2952 3826 ὀνὸματι
3041 3755 3219 3822 Ἰησοῦ
3305 3754 3541 3826 Χριστοῦ
3596 3753 3734 3807 κατὰ

2087 3842 2255 3917 σάρκα
2313 3843 2402 3896 καὶ
2463 3847 2676 3914 πνεῦμα
2733 3842 3024 3915 ἡνωμένην
3084 3843 3228 3916 πάσῃ
3289 3840 3486 3915 ἐντολῇ
3547 3840 3735 3914 αὐτοῦ,

2085 3933 2530 4006 πεπληρωμένην
2602 3933 2830 4006 χάριτος
2915 3937 3088 4005 Θεοῦ),
3167 3930 3218 3985 ἐν
3279 3933 3497 4006 Χριστῷ
3555 3933 3738 4001 Ἰησοῦ

2084 4027 2163 4094 τῷ
2195 4027 2313 4092 Θεῷ
2344 4021 2579 4099 χαίρειν.
2640 4046 2667 4072 ‹‹
2727 4023 3011 4095 lgnatius,
3063 4025 3162 4094 qui
3221 4030 3274 4077 et
3333 4021 3739 4093 Theophorus,

2092 4122 2552 4178 misericordiam
2579 4126 2900 4177 consecuta)
2934 4123 2992 4176 in
3018 4123 3322 4192 majestate
3342 4121 3534 4176 Patris
3574 4122 3740 4176 altis-

2089 4213 2225 4268 simi
2259 4217 2315 4267 et
2344 4211 2482 4267 Jesu
2516 4211 2727 4266 Christi
2763 4210 2944 4266 solius
2976 4212 3103 4281 ejus
3152 4211 3300 4280 Filii,
3336 4211 3598 4265 Ecclesia:
3660 4211 3746 4264 di-

2091 4301 2276 4370 lectae,
2311 4309 2363 4355 et
2397 4301 2737 4356 illuminatac
2768 4300 3064 4356 voluntate
3102 4300 3351 4356 volentis
3386 4299 3582 4356 omnia
3612 4315 3740 4369 quae

2092 4397 2231 4446 sunt
2253 4391 2580 4448 secundum
2605 4391 2975 4447 dilectionem
2995 4392 3133 4446 Jesu
3160 4392 3373 4448 Christi
3399 4391 3495 4446 Dei
3533 4391 3741 4459 nostri,

2093 4498 2220 4552 quae
2243 4487 2299 4537 et
2320 4481 2589 4553 praesidet
2612 4482 2669 4536 in
2690 4480 2813 4536 loco
2837 4482 3092 4553 regionis
3114 4482 3506 4538 Romanorum
3543 4481 3742 4552 (quam

340 4576 546 4616 rursus
578 4562 732 4630 Θεοῦ,
766 4559 942 4614 πίστιν
971 4561 1080 4628 καὶ,
1131 4561 1220 4615 καὶ
1272 4570 1541 4638 σωτῆρος,
1597 4567 1968 4640 πνευματοφό-

2094 4574 2267 4626 etiam
2301 4570 2492 4626 saluto
2539 4570 2596 4625 in
2658 4570 2895 4626 nomine
2947 4572 3075 4625 Jesu
3130 4570 3363 4636 Christi,
3424 4571 3744 4625 secundum

344 4669 458 4724 ρος,
519 4652 652 4703 Θεοῦ
705 4650 1145 4724 παντοκράτορος
1203 4649 1314 4723 καὶ,
1395 4651 1590 4723 πᾶσης,
1649 4655 1739 4708 καὶ
1815 4656 1985 4729 Ila-cpi

341 4737 886 4812 ml.Aliaigiturest
911 4741 1208 4811 inscriptio
1231 4759 1406 4813 quam
1460 4745 1600 4800 vidit
1642 4745 1984 4814 Halloixius,

345 4830 460 4886 alia
489 4848 664 4902 quam
696 4847 766 4886 ex
807 4831 1009 4885 Latino
1073 4831 1382 4903 interprete
1441 4834 1684 4889 confecit
1726 4836 1984 4907 Vossius,

345 4920 1074 4976 recitavitDallaeus.Solus
1110 4921 1589 4994 igiturinterpres
1641 4923 1986 4982 Usserianus

344 5010 581 5065 relictus
604 5011 823 5081 est,qui
857 5010 1223 5080 inscriptioni
1245 5028 1276 5066 a
1299 5011 1509 5066 Dallzeo
1532 5014 1782 5069 recitatae
1813 5015 1985 5070 ﬁdem

341 5100 545 5166 faciat;
567 5101 726 5170 quod
755 5099 990 5172 quidem
1019 5117 1119 5170 per
1142 5117 1233 5155 me
1255 5101 1405 5156 licet.
1441 5101 1595 5156 Nihil
1648 5104 1800 5158 enim
1831 5105 1886 5158 in
1920 5121 1988 5160 ea

342 5190 757 5260 invenio,quod
792 5191 850 5245 S.
886 5191 1103 5258 lgnatio
1135 5190 1314 5245 tribui
1350 5208 1462 5246 non
1526 5193 1732 5247 merito
1784 5196 1984 5262 possit.

339 5282 416 5332 Ut
444 5282 636 5333 tamen
690 5281 845 5351 quod
903 5296 1103 5335 verum
1138 5296 1265 5335 esse
1314 5279 1478 5338 video
1512 5281 1738 5336 dicam:
1787 5299 1986 5354 parem

337 5365 513 5420 fidem
537 5367 823 5440 interpres
837 5368 1187 5424 Usserianus
1235 5370 1293 5424 in
1319 5369 1565 5440 epistola
1581 5372 1649 5425 ad
1671 5371 1987 5440 Romanos,

338 5455 388 5510 ei
412 5458 661 5526 quamin
691 5458 821 5513 aliis
845 5459 1088 5526 obtinet,
1125 5458 1329 5514 mereri
1357 5460 1601 5516 fortasse
1640 5479 1753 5516 non
1790 5462 1988 5518 videa-

335 5544 584 5599 tur.Non
599 5547 753 5602 enim
779 5563 906 5604 eam
929 5565 997 5603 ex
1027 5547 1278 5618 simplici
1299 5548 1550 5605 editione
1594 5550 1985 5622 genuinarum

338 5633 723 5708 epistolarum
744 5636 1177 5707 transtulit,sed
1197 5653 1266 5692 ex
1293 5635 1415 5703 illa,
1449 5655 1574 5710 quae
1592 5641 1987 5714 ActaSJgna-

2097 4675 2332 4715 carnem
2364 4663 2420 4713 et
2468 4659 2739 4731 spiritum
2791 4660 3013 4714 unitam
3066 4661 3226 4715 omni
3281 4661 3552 4716 mandato
3595 4660 3748 4731 ejus,

2096 4752 2326 4822 plenam
2361 4751 2559 4822 gratia:
2583 4753 2702 4821 Dei)
2736 4751 2792 4805 in
2827 4751 3057 4807 Christo
3087 4751 3228 4807 Jesu
3261 4752 3376 4808 Deo
3407 4752 3683 4824 gaudere.
3719 4772 3749 4801 »

2095 4843 2166 4895 At
2197 4863 2225 4889 «
2261 4839 2517 4911 epistolae
2564 4841 2635 4896 ad
2687 4840 3225 4911 Philadelphienses
3271 4841 3600 4912 inscriptio,
3655 4842 3751 4896 in-

2097 4929 2423 4999 quit,etiam
2451 4946 2627 5000 quam
2654 4930 2774 4984 haec
2800 4929 3029 5000 longior
3045 4937 3170 4998 est;
3203 4931 3398 5001 nquod
3447 4931 3634 4986 cuivis
3665 4930 3753 4986 vel

2099 5023 2410 5086 utramque
2441 5019 2969 5090 simulinspicienti
3003 5020 3192 5091 prima
3220 5020 3366 5076 facie
3407 5021 3619 5075 falsum
3656 5023 3752 5076 de-

2098 5106 2499 5178 prehenditur,
2536 5107 3104 5180 nisiinterpolatorts
3138 5109 3436 5180 inscriptio
3475 5126 3605 5163 cum
3648 5126 3751 5180 ge-

2099 5196 2282 5250 nuina
2305 5196 2876 5268 conferatur.Aliqua
2897 5216 2964 5254 ex
2981 5217 3045 5254 ea
3069 5200 3231 5265 libat,
3265 5207 3328 5253 ut
3376 5203 3433 5253 et
3476 5215 3541 5252 ex
3565 5199 3752 5255 altera

2099 5285 2169 5339 ad
2188 5290 2516 5356 Smyrnaeos
2539 5287 2694 5354 (nam
2722 5286 2822 5342 illa
2844 5290 2915 5342 ad
2931 5289 3246 5344 Tarsenses
3269 5291 3324 5342 et
3361 5291 3646 5342 Heronem
3676 5287 3752 5343 ad

2099 5391 2205 5430 nos
2240 5391 2348 5428 non
2385 5375 2725 5447 pertinent),
2752 5383 2814 5430 ut
2845 5376 2928 5430 illi
2962 5377 3209 5442 videtur,
3243 5376 3465 5447 putida,
3499 5381 3562 5430 ut
3586 5377 3752 5448 mihi,

2098 5465 2378 5536 praeclara
2407 5467 2464 5518 et
2493 5465 2812 5535 apostolica
2841 5465 3131 5535 ;judicent
3173 5465 3409 5520 eruditi.
3445 5489 3473 5515 ‹‹
3528 5466 3591 5521 In
3623 5465 3754 5523 aliis

2099 5553 2583 5626 inscriptionibus
2604 5554 3317 5626 quaedam,inquit,binlca
3329 5561 3470 5612 sunt
3489 5574 3504 5624 ;
3529 5578 3557 5608 »
3574 5574 3752 5613 unam

2097 5644 2343 5701 tandum
2369 5645 2440 5701 ad
2465 5645 2794 5716 Magnesios
2812 5645 3114 5718 nominat;
3146 5662 3276 5718 quae
3294 5663 3429 5706 cum
3452 5649 3595 5706 satis
3628 5648 3756 5704 bre-
