4064 6134
340 398 454 456 465

1127 392 1548 455 PEARSONII
1594 391 1966 458 VINDICIE
2008 393 2477 455 IGNATIANAI.
2525 429 2602 440 -—
2647 393 2849 459 PARS
2895 399 2970 459 II.

3644 402 3762 464 466

343 529 427 584 vis
454 532 510 583 et
541 545 574 583 a
604 541 818 599 pompa
853 526 1104 582 maxime
1135 525 1342 597 aliena,
1377 530 1430 583 et
1458 527 1530 582 ab
1580 526 1859 582 omnibus
1906 526 1990 582 vi-
2019 529 2074 595 Α
2104 526 2646 586 Philomeliensium
2670 548 2785 587 non
2809 531 2950 588 adeo
2975 531 3339 604 praeclaram,
3372 536 3471 591 sed
3523 539 3581 592 et
3611 553 3759 609 pm-

340 616 694 690 tiis,quibus
725 615 871 671 alias
899 620 1124 684 onerat,
1147 616 1332 671 libera
1358 616 1457 687 sit,
1492 621 1771 686 tanquam
1805 614 1999 672 hiulca

343 708 787 765 condemnatur.
819 707 980 769 Quod
1014 709 1209 761 tamen
1242 706 1458 760 mirum
1485 710 1574 761 est
1623 705 1997 776 interpolato-

342 814 457 853 rem
493 813 610 850 non
642 795 1030 867 perspexisse,
1068 811 1241 867 quem
1301 795 1520 850 fictoris
1578 795 1669 850 sui
1729 799 1920 849 errata
1943 797 1998 850 et

342 887 629 959 praecipue
689 884 1036 940 elocutionis
1107 884 1261 939 mala
1320 900 1550 956 semper
1609 885 1996 955 corrigentem

341 975 662 1031 introducit
695 974 968 1031 Dallaeus.
998 975 1194 1045 Neque
1221 973 1437 1029 mirum
1471 978 1585 1043 est,
1620 990 1753 1029 cum
1784 974 1998 1029 similis

345 1065 604 1138 enallage
635 1066 692 1119 in
726 1065 1156 1120 constructione
1188 1066 1342 1136 apud
1374 1065 1624 1136 optimos
1686 1065 1998 1136 scriptores

345 1175 493 1229 sape
525 1160 886 1212 observetur.
920 1156 1062 1211 Cum
1100 1161 1231 1227 post
1254 1173 1451 1212 vocem
1503 1154 1844 1230 εὐλογημὲνῃ
1891 1157 1997 1211 Ec-

345 1247 512 1304 clesia
544 1250 852 1317 sequatur,
888 1246 1154 1316 quamvis
1188 1244 1300 1299 alio
1333 1262 1494 1313 casu,
1525 1245 1794 1300 dubitare
1827 1261 1998 1300 nemo

344 1337 547 1410 potuit,
577 1336 720 1407 quin
755 1336 827 1390 ad
862 1352 987 1390 eam
1051 1336 1355 1390 referenda
1404 1340 1578 1391 esset.
1637 1335 1693 1388 Si
1755 1335 2000 1391 dixisset

340 1427 404 1494 ἢν
433 1426 744 1497 ἀσπάζομαι
777 1422 1134 1494 Ἐκκλησίαν,
1169 1425 1324 1479 idem
1385 1424 1630 1480 dixisset
1689 1425 1845 1496 quod
1883 1424 1998 1480 fere

348 1532 549 1572 omnes
583 1518 716 1570 ante
746 1530 881 1569 eum
909 1513 1190 1569 dixerant.
1217 1514 1382 1568 Nunc
1414 1529 1547 1569 cum
1593 1513 1999 1569 intercesserat

347 1620 546 1661 nomen
579 1603 818 1673 Christi,
850 1600 901 1655 ἐν
931 1601 1000 1673 ᾦ,
1034 1619 1135 1674 pro
1165 1601 1290 1671 ἤνὲν
1327 1601 1475 1674 αὐτῷ
1535 1601 1788 1657 breviter
1829 1600 1994 1671 dixit,

347 1696 496 1768 quod
529 1694 683 1750 idem
712 1697 822 1749 est.

411 1787 483 1840 At
507 1808 534 1836 «
568 1801 738 1840 nemo
758 1801 824 1839 ex
848 1784 1468 1841 omniChristianismi
1524 1787 1652 1855 post
1701 1781 1995 1855 apostolos

342 1874 624 1932 memoria
674 1874 980 1946 reperitur,
1042 1875 1140 1946 qui
1201 1873 1543 1946 hujusmodi
1589 1872 2071 1960 inscriptionesB

339 1965 542 2040 quales
566 1964 738 2020 istius
762 1965 1051 2030 sunt,suis
1075 1963 1338 2035 epistolis
1362 1963 1622 2035 praeﬁxit.
1648 1985 1675 2014 »
1704 1963 1988 2019 Fortasse.

335 2057 480 2122 Quid
516 2059 712 2111 autem
774 2055 822 2110 si
881 2071 1042 2110 nemo
1101 2058 1234 2127 post
1276 2053 1568 2125 apostolos
1626 2053 1684 2108 id
1742 2051 1992 2108 fecerit?

331 2146 538 2203 Nonne
571 2139 714 2201 satis
748 2148 853 2208 est,
877 2146 1031 2216 quod
1053 2143 1368 2216 Apostolus
1407 2143 1532 2216 ipse
1553 2143 1706 2199 idem
1740 2143 1938 2198 fecerit
1965 2142 1993 2196 ‘?

327 2235 546 2290 Habuit
580 2235 638 2290 S.
673 2233 922 2289 Paulum
954 2235 1007 2289 S.
1055 2234 1315 2306 Ignatius
1371 2249 1542 2302 quem
1603 2236 1944 2304 sequeretur
1975 2257 1988 2301 ;

330 2327 631 2383 meliorem
659 2327 822 2398 sequi
853 2342 967 2381 non
997 2325 1206 2396 potuit.
1267 2324 1428 2388 Quod
1481 2323 1540 2378 in
1589 2339 1829 2396 corpore
1868 2323 1987 2394 epi-

330 2417 622 2475 stolarum
649 2432 882 2488 semper
905 2416 1065 2487 facit,
1086 2433 1189 2470 cur
1206 2432 1322 2471 non
1346 2415 1482 2470 etin
1505 2413 1991 2486 inscriptionibus

334 2509 550 2564 faceret
583 2507 608 2562 ?
639 2507 754 2563 Cur
785 2505 1070 2562 Ecclesias
1129 2502 1482 2574 ἀποστολικῷ
1541 2510 1873 2578 χαρακτῆρι,
1927 2507 1991 2558 ut

329 2597 455 2670 ipse
479 2597 786 2669 profitetur
817 2598 885 2652 ad
912 2595 1244 2664 Trallesios,
1278 2612 1394 2650 non
1435 2593 1760 2649 salutaret?
1809 2592 1992 2648 Unica

335 2691 568 2741 tantum
602 2684 846 2757 epistola
879 2693 1081 2757 praeter
1113 2683 1468 2756 apostolicas
1499 2683 1566 2737 ad
1626 2681 1988 2752 singularem

338 2776 588 2846 aliquam
627 2775 941 2830 Ecclesiam
967 2779 1088 2829 tum
1122 2774 1344 2845 scripta
1394 2772 1699 2844 reperitur,
1732 2771 1990 2826 Clemen-

344 2865 418 2917 tis
449 2864 666 2918 scilicet
702 2864 770 2918 ad
807 2863 1158 2918 Corinthios.
1196 2865 1278 2917 An
1311 2878 1482 2934 coges
1539 2862 1829 2931 Ignatium
1861 2861 1988 2916 Cle-

347 2958 588 3007 mentem
624 2952 862 3018 imitari,
985 2952 1222 3008 Paulum
1255 2951 1568 3007 deserere?
1601 2953 1687 3005 An
1720 2949 1983 3004 Clemen-

339 3045 452 3095 tem
486 3041 682 3112 potius
715 3058 888 3112 quam
919 3042 976 3097 S.
1002 3040 1242 3096 Paulum
1276 3041 1502 3096 itineris
1557 3040 1829 3094 comitem
1881 3038 1983 3093 ha-

336 3132 536 3187 buisse
569 3133 869 3203 putandus
900 3136 1007 3200 est,
1061 3135 1160 3186 aut
1217 3130 1267 3186 si
1299 3135 1570 3186 neutrum
1626 3129 1892 3185 habuerit
1923 3128 1983 3183 in

2102 621 2256 673 terea
2284 619 2356 674 ad
2389 637 2593 676 omnes
2625 621 2965 688 catholicos,
2997 622 3120 678 haec
3179 624 3250 678 ad
3285 625 3492 681 fratres
3539 625 3599 681 in
3621 627 3759 683 Asia

2100 711 2158 762 et
2180 707 2432 779 Phrygia
2455 710 2667 780 ubique
2686 711 3284 782 constitutos,quibus
3307 714 3445 769 talia
3491 717 3759 773 encomia

2101 812 2216 850 non
2236 798 2676 867 conveniebant,
2713 800 3034 870 praesertim
3057 801 3114 855 in
3138 801 3404 874 epistolis
3448 819 3575 874 quae
3609 804 3756 860 nihil

2102 884 2261 939 aliud
2303 903 2478 957 quam
2537 888 2896 944 narrationes
2957 892 3237 961 quasdam
3292 893 3363 947 de
3415 893 3540 948 suis
3579 896 3756 951 rebus

2101 975 2498 1032 continebant.
2531 981 2586 1031 S.
2620 978 2890 1050 Cypriani
2924 984 2979 1033 et
3010 979 3338 1035 Firmiliani
3396 981 3654 1053 epistolae
3684 985 3756 1040 ad

2101 1083 2382 1137 personas
2417 1067 2743 1140 singulares
2778 1070 3145 1142 plerumque,
3179 1076 3279 1126 aut
3300 1073 3371 1128 de
3393 1074 3624 1144 negotio
3643 1074 3749 1129 ali-

2101 1172 2216 1226 quo
2248 1157 2550 1227 peculiari,
2574 1158 2802 1229 scriptae
2832 1164 2967 1214 sunt
3003 1177 3013 1214 :
3048 1166 3105 1214 et
3165 1161 3373 1232 Ignatii
3427 1162 3615 1233 ipsius
3666 1163 3755 1217 in-

2101 1244 2339 1315 scriptio
2373 1247 2440 1300 ad
2478 1246 2714 1300 unicum
2785 1248 3166 1319 Polycarpum
3227 1249 3372 1304 satis
3424 1251 3615 1306 brevis
3665 1256 3756 1307 est

2101 1339 2277 1405 atque
2308 1337 2558 1390 concisa.
2607 1340 2892 1392 Praaterea
2949 1338 3288 1407 posterioris
3337 1339 3438 1394 aevi
3496 1341 3756 1412 epistola:

2101 1423 2326 1480 similes
2348 1425 3098 1496 Iguatianisinscriptiones
3123 1428 3332 1485 habere
3367 1429 3527 1485 nullo
3578 1432 3751 1488 modo

2101 1514 2802 1585 debuerunt.Smyrnaeos
2833 1514 3146 1572 illelaudat
3186 1521 3249 1572 ut
3297 1515 3644 1590 ήλεημένους
3698 1518 3749 1573 ἐν

2100 1602 2255 1656 παντὶ
2289 1600 2611 1679 χαρίσματι,
2657 1608 2714 1659 et
2771 1603 3164 1677 ἀνυστερήτους
3223 1607 3426 1668 παντὸς
3483 1607 3752 1686 χαρίσμα-

2098 1711 2215 1760 τος,
2247 1709 2372 1764 qua:
2405 1693 2754 1749 charismata
2771 1697 2912 1749 tunc
2935 1696 3217 1768 temporis
3255 1697 3511 1768 plurima
3559 1699 3748 1756 mani-

2101 1783 2242 1838 feste
2275 1782 2333 1837 in
2367 1783 2626 1839 ecclesiis
2658 1784 3038 1855 apparebant,
3072 1785 3356 1857 paulatim
3414 1803 3548 1843 vero
3589 1789 3752 1844 defe-

2101 1877 2327 1928 cerunt.
2363 1873 2525 1928 Certe
2545 1873 2727 1928 multo
2756 1873 3138 1946 verisimilius
3171 1879 3235 1930 ut
3264 1876 3322 1931 Β.
3374 1877 3636 1946 Ignatius
3665 1876 3752 1932 vir

2101 1961 2457 2033 apostolicus
2488 1977 2686 2019 revera
2717 1963 2773 2018 S.
2835 1963 3085 2020 Paulum
3145 1965 3204 2020 in
3263 1965 3749 2037 inscriptionibus

2096 2050 2449 2118 imitaretur,
2486 2068 2664 2124 quam
2696 2056 2763 2108 ut
2792 2053 3096 2124 impostor,
3141 2055 3295 2110 circa
3360 2054 3536 2110 ﬂnem
3571 2055 3748 2121 tertii,

2096 2146 2200 2197 aut
2231 2141 2467 2198 initium
2502 2141 2689 2213 quarti
2724 2142 2942 2209 saeculi,
2976 2143 3278 2198 hominem
3337 2148 3541 2199 contra
3589 2160 3748 2199 com-

2101 2247 2331 2287 munem
2365 2231 2542 2287 totius
2571 2231 2835 2287 Ecclesiaa
2865 2233 3350 2289 consuetudinem
3382 2233 3454 2288 ab
3507 2240 3737 2305 aposto-

2099 2322 2287 2377 lorum
2322 2326 2579 2393 tempore
2609 2319 2962 2376 scribentem
2995 2321 3256 2393 ﬁngeret.

2169 2420 2288 2475 Sub
2319 2419 2489 2475 titulo
2521 2419 2696 2491 hujus
2744 2420 3076 2490 argumenti
3134 2423 3205 2476 ab
3266 2421 3746 2496 inscriptionibus

2098 2510 2362 2580 petiti,de
2383 2510 2618 2583 scriptis
2639 2514 2695 2566 et
2716 2511 2885 2566 dictis
2910 2511 2967 2566 S.
3021 2511 3231 2583 Ignatii
3273 2513 3744 2569 dissertationem

2098 2601 2244 2656 mire
2269 2601 2588 2657 introducit
2613 2617 2626 2667 ;
2651 2602 2749 2656 sed
2778 2601 3037 2657 fictorem
3062 2619 3234 2657 suum
3258 2605 3582 2669 ostendere,
3616 2603 3748 2675 opi-

2099 2706 2224 2757 nor,
2257 2689 2460 2757 voluit,
2495 2706 2606 2744 non
2664 2694 2888 2744 tantum
2953 2691 3011 2745 S.
3069 2690 3254 2758 Pauli,
3287 2693 3388 2746 sed
3445 2698 3500 2747 et
3534 2693 3746 2764 Ignatii

2098 2778 2318 2834 malum
2351 2777 2860 2846 imitatorem,sive
2883 2780 3114 2834 simiam
3142 2781 3341 2836 fuisse.
3377 2781 3571 2836 Primo
3610 2797 3746 2837 con-

2094 2869 2374 2938 jecturam
2402 2869 2636 2940 promit,
2669 2885 2795 2938 quae
2830 2885 2901 2923 an
2959 2885 3092 2924 vera
3123 2869 3218 2936 sit,
3256 2885 3326 2924 ne
3355 2870 3502 2941 ipse,
3532 2871 3744 2942 inquit,

2096 2958 2422 3029 perspicere
2448 2959 2647 3029 potuit.
2671 2958 2772 3012 «Si
2797 2957 2992 3029 aliqua
3017 2959 3280 3030 Ignatius
3327 2961 3580 3029 scripsit,
3616 2962 3744 3031 ejus

2093 3047 2486 3102 characterem
2523 3048 2590 3101 ad
2625 3047 2820 3101 vivum
2871 3046 3193 3118 exprimere
3252 3047 3445 3104 voluit.
3474 3049 3584 3106 Sed
3637 3049 3744 3105 hoc

2092 3154 2164 3192 an
2201 3153 2399 3191 verum
2434 3136 2528 3202 sit,
2559 3137 2859 3207 explorare
2890 3153 2956 3192 ac
2990 3137 3315 3208 perspicere
3356 3155 3471 3193 non
3536 3155 3744 3209 possu-

331 3222 590 3293 scriptis,
631 3238 822 3276 nonne
846 3221 1001 3276 hunc
1025 3221 1217 3292 potius
1241 3238 1416 3292 quam
1445 3220 1608 3276 illum
1635 3219 1905 3274 intimum
1929 3223 1985 3274 et
2015 3251 2058 3316 Ο
2098 3243 2286 3282 mus.»
2315 3227 2489 3290 Quasi
2508 3243 2638 3281 vero
2671 3227 2937 3281 dubitare
2984 3243 3138 3281 nunc
3184 3231 3463 3299 oporteat,
3521 3245 3592 3283 an
3638 3228 3743 3282 ali-

330 3312 391 3366 in
429 3312 610 3365 animi
645 3327 874 3366 recessu
893 3310 1313 3372 habuit?Quid
1343 3311 1497 3380 quod
1540 3309 1807 3364 Clemens
1858 3308 1983 3378 ipse

333 3421 448 3459 non
473 3420 581 3459 suo
605 3403 842 3459 nomine
873 3403 1104 3474 scripsit
1137 3403 1207 3458 ad
1250 3402 1606 3468 Corinthios,
1639 3402 1740 3456 sed
1788 3400 1984 3456 Eccle-

332 3492 418 3548 sia
441 3494 701 3548 Romana
738 3488 825 3544 διὰ
857 3489 1181 3562 Κλήμεντος
1213 3492 1284 3546 ad
1311 3490 1619 3546 Ecclesiam
1642 3490 1980 3546 Corinthia-

327 3599 479 3649 cam,
513 3598 766 3655 eamque
799 3582 1034 3652 pessina
1065 3580 1402 3636 schismatis
1456 3585 1615 3652 peste
1672 3580 1933 3634 efﬂatam
1955 3579 1983 3634 ?

327 3674 413 3726 An
439 3675 804 3743 exspectaret
825 3671 1138 3744 quisquam
1172 3679 1236 3725 ut
1272 3670 1528 3725 Ecclesia
1586 3673 1863 3739 Romana,
1897 3672 1984 3724 tot

331 3761 617 3817 encomiis
641 3762 711 3816 ab
727 3761 1000 3832 Apostolo
1021 3777 1203 3830 nuper
1222 3763 1446 3825 ornata,
1468 3775 1836 3814 summorum
1854 3776 1984 3830 apo-

331 3851 621 3907 stolorum
647 3851 925 3922 martyrio
950 3851 1120 3904 modo
1143 3865 1204 3904 cc
1217 3854 1438 3917 ronata,
1461 3849 1791 3904 Corinthios
1822 3865 1982 3904 acer-

330 3940 477 3994 rime
501 3939 910 4010 objurgatura,
944 3937 1387 4007 inscriptionem
1404 3936 1837 3990 Corinthiorum
1861 3935 1984 3990 lau-

333 4029 508 4084 dibus
523 4028 756 4098 plenam
781 4026 1130 4082 adhiberet?
1152 4025 1275 4082 Alia
1303 4025 1502 4080 omnia
1524 4024 1743 4095 Ignatio
1783 4040 1986 4080 conve-

330 4117 1076 4173 niebant.Florentissimas
1091 4115 1370 4170 Ecclesiae
1384 4114 1737 4186 salutatipse
1752 4115 1983 4184 unicus;

329 4205 582 4261 vinculis
632 4206 902 4272 innexus,
961 4205 1030 4258 ad
1093 4203 1309 4258 bestias
1394 4203 1729 4269 damnatus,
1786 4202 1983 4273 quoti-

331 4297 504 4352 diana
516 4295 908 4351 Ecclesiarum
927 4293 1358 4349 ministratione
1373 4297 1761 4360 sustentatus,
1795 4293 1983 4363 iisque

335 4386 538 4441 multis
564 4384 903 4440 nominibus
922 4384 1248 4452 devinctus,
1283 4382 1422 4454 quid
1485 4382 1681 4436 minus
1731 4382 1983 4437 scribere

333 4475 520 4548 potuit
545 4490 720 4546 quam
745 4474 902 4545 quod
923 4473 1182 4543 exemplo
1202 4476 1258 4526 S.
1298 4470 1456 4526 Pauli
1507 4471 1786 4542 scripsit?
1813 4470 1980 4542 Poly-

335 4561 1979 4637 carpi,Smyrnensium,Lugdunensium,Cyprianietiam

338 4658 394 4708 et
421 4651 744 4707 Firmiliani
761 4651 1177 4722 inscriptiones
1199 4650 1414 4704 frustra
1435 4651 1980 4721 adducuntur,quos

335 4743 549 4798 imitari
568 4741 835 4814 Ignatius
859 4757 972 4796 non
1000 4741 1207 4811 potuit,
1243 4744 1444 4810 utpote
1485 4755 1730 4811 quorum
1765 4740 1982 4811 episto-

339 4831 423 4887 las
456 4833 649 4887 serius
672 4830 924 4902 scriptas
948 4846 1250 4900 nunquam
1282 4828 1596 4883 viderit.At
1618 4827 1983 4900 illi,inquies,

336 4921 630 4991 lgnatium
665 4919 883 4974 imitari
907 4919 1274 4990 potuissent;
1309 4921 1622 4988 potuerunt
1653 4919 1987 4990 quidem,et

339 5012 386 5064 si
419 5011 626 5066 eadem
659 5009 885 5065 occasio
918 5025 979 5064 se
1001 5007 1328 5074 obtulisset,
1351 5008 1461 5062 sub
1505 5007 1709 5062 iisdem
1745 5007 1989 5063 circum-

333 5100 568 5155 stantiis
600 5100 747 5154 forte
777 5099 931 5152 idem
960 5097 1256 5152 fecissent.
1287 5098 1357 5150 At
1387 5096 1444 5151 S.
1483 5096 1851 5168 Polycarpus,
1887 5113 1987 5152 ne-

331 5205 442 5260 que
475 5188 730 5255 solus,ut
754 5189 1040 5258 Ignatius,
1077 5201 1265 5256 neque
1289 5200 1356 5239 ea
1378 5185 1712 5241 conditione
1743 5186 1986 5257 positus,

332 5295 520 5350 neque
555 5278 700 5331 adeo
759 5275 1238 5345 Philippensibus
1297 5273 1634 5341 obstrictus,
1698 5277 1798 5330 sed
1857 5292 1990 5331 cum

330 5366 686 5438 presbyteris
718 5370 773 5420 et
803 5365 970 5436 quasi
996 5363 1262 5418 Ecclesia:
1285 5379 1408 5417 suae
1451 5365 1707 5433 nomine,
1745 5365 1814 5418 ad
1858 5364 1990 5419 Phi-

330 5457 633 5529 lippenses
658 5457 774 5511 fere
808 5457 1011 5511 eodem
1047 5455 1221 5509 modo
1253 5469 1369 5523 quo
1402 5453 1662 5508 Clemens
1696 5456 1767 5509 ad
1791 5455 1992 5510 Corin-

332 5546 489 5602 thios
523 5545 790 5616 scripsit,
826 5545 1070 5615 ideoque
1130 5559 1261 5598 eum
1326 5543 1519 5613 potius
1578 5543 1843 5598 imitatus
1880 5551 1990 5603 est.

334 5635 779 5708 Smyrnenaium
813 5634 985 5690 etiam
1017 5639 1073 5689 et
1104 5632 1590 5704 Lugdunensium
1631 5632 1890 5704 epistolae
1919 5635 1993 5690 ab

337 5725 617 5782 Ecclesiis
637 5724 831 5780 missa:
858 5727 1016 5793 sunt,
1047 5729 1104 5779 et
1123 5721 1226 5778 illa
1275 5721 1509 5794 quidem
1571 5721 1641 5776 ad
1675 5721 1992 5782 Ecclesiam

2010 4607 2058 4671 D

2097 3333 2210 3388 qua
2234 3315 2532 3386 scripserit
2554 3315 2828 3385 Ignatius,
2855 3317 2925 3370 de
2949 3332 3062 3386 qua
3087 3332 3146 3371 re
3169 3316 3462 3372 neminem
3484 3333 3744 3388 unquam

2092 3406 2395 3460 dubitasse
2426 3409 2558 3460 ante
2601 3405 2709 3459 hoc
2767 3405 2966 3459 infelix
3021 3405 3297 3460 saeculum
3348 3407 3638 3473 novimus,
3673 3408 3743 3462 de

2095 3495 2262 3564 cujus
2287 3494 2518 3565 scriptis
2541 3493 2866 3565 complures
2889 3494 3047 3549 omni
3069 3494 3281 3549 saeculo
3313 3493 3540 3550 locutos
3589 3511 3739 3565 esse,

2094 3585 2163 3640 ab
2197 3585 2322 3654 ipso
2353 3600 2467 3655 quo
2501 3583 2736 3654 scripsit
2768 3600 2921 3639 anno
2971 3583 3209 3638 scimus.
3245 3583 3352 3638 Sed
3396 3582 3594 3653 aliqua
3626 3585 3740 3640 for-

2092 3677 2249 3728 tasse
2283 3672 2396 3727 alia
2427 3672 2626 3736 voluit,
2662 3689 2793 3726 cum
2828 3689 2943 3726 non
3001 3672 3122 3726 haec
3177 3671 3467 3726 admittat.
3500 3677 3576 3726 At
3607 3672 3740 3742 quis

2095 3778 2350 3832 unquam
2371 3761 2511 3816 feret
2533 3761 2814 3830 fictorem,
2849 3759 2942 3814 cui
2986 3760 3400 3816 obstetricatus
3432 3775 3559 3815 esse
3591 3759 3739 3816 dici-

2093 3855 2184 3905 tur
2216 3849 2528 3915 Eusebius,
2563 3866 2628 3904 ea
2660 3849 2867 3921 Ignatii
2899 3851 3114 3920 scripta
3144 3849 3377 3915 vidisse,
3411 3867 3534 3919 quas
3565 3850 3741 3906 Euse-

2095 3939 2224 3995 bius
2248 3938 2372 4010 ipse
2397 3955 2506 3993 non
2529 3939 2823 4009 vidit,quae
2846 3953 3018 3993 nemo
3037 3943 3191 4006 ante,
3225 3953 3396 3994 nemo
3442 3945 3574 4010 post
3601 3955 3736 3995 eum

2093 4027 2278 4084 oculis
2308 4028 2606 4098 usurpavit
2637 4028 2966 4094 ?Quorsum
2995 4027 3174 4098 igitur
3196 4027 3316 4082 haec
3335 4029 3589 4084 scribit?
3629 4029 3736 4083 sci-

2091 4116 2242 4184 licet,
2280 4123 2340 4172 ut
2357 4117 2623 4172 ostendat
2644 4117 2839 4186 aliqua
2858 4116 3066 4186 Ignatii
3089 4121 3283 4172 tenere
3302 4133 3429 4185 nos,
3463 4133 3594 4188 qum
3616 4125 3737 4171 tur-

2093 4223 2222 4278 pem
2251 4206 2588 4276 impostoris
2613 4205 2999 4260 imitationem
3026 4208 3320 4276 produnt;
3356 4207 3456 4262 sed
3489 4207 3640 4261 dicta
3670 4222 3738 4262 ea

2091 4297 2215 4350 vult
2246 4311 2278 4348 a
2305 4299 2357 4348 S.
2385 4299 2660 4366 martyre,
2685 4310 2986 4366 nunquam
3018 4299 3210 4350 autem
3247 4296 3481 4368 scripta.
3517 4295 3560 4352 Ο
3589 4312 3736 4366 prm-

2092 4383 2312 4440 clarum
2348 4388 2747 4438 commentum
2782 4382 2794 4437 l
2826 4383 3102 4455 Legimus
3132 4385 3285 4455 apud
3319 4385 3625 4456 Origenem
3647 4384 3736 4439 di-

2091 4475 2247 4529 xisse
2278 4474 2616 4545 Ignatium:
2668 4473 2726 4529 '0
2784 4470 2920 4546 ἔρως
2982 4473 3009 4526 ὁ
3068 4471 3198 4545 ἐμὸς
3255 4472 3609 4548 ἐσταύρωται.
3651 4477 3737 4530 An

2094 4580 2355 4635 unquam
2392 4563 2652 4635 Ignatius
2675 4563 2811 4618 alibi
2830 4581 2898 4619 ea
2917 4564 3094 4619 verba
3115 4564 3283 4634 dixit,
3314 4582 3489 4636 quam
3540 4565 3598 4620 in
3631 4565 3748 4634 epi-

2092 4653 2239 4708 stola
2260 4653 2287 4707 ‘I
2316 4655 2524 4708 Annon
2555 4651 2853 4723 Origenes,
2888 4669 3061 4724 quem
3122 4653 3398 4723 epistolas
3455 4655 3630 4709 hasce
3657 4653 3742 4709 vi-

2094 4743 2250 4796 disse
2282 4759 2382 4811 pro
2416 4746 2569 4796 certo
2601 4742 2902 4807 evicimus,
2937 4757 3004 4796 ex
3040 4741 3138 4796 illa
3169 4743 3240 4797 ad
3301 4742 3590 4798 Romanos
3622 4742 3743 4796 haec

2093 4831 2538 4901 transcripsisse
2570 4830 2863 4901 putandus
2895 4834 3006 4894 est,
3039 4847 3170 4885 cum
3205 4831 3354 4885 hanc
3395 4829 3745 4886 sententiam

2095 4919 2260 4974 alteri
2293 4920 2525 4989 scripta}.
2560 4919 2836 4989 adjungat
2861 4919 2889 4974 ‘I
2920 4920 3084 4991 Apud
3119 4919 3392 4973 eumdem
3435 4918 3744 4989 Origenem

2096 5011 2303 5063 iterum
2325 5007 2610 5079 legimus:
2638 5031 2664 5057 «
2692 5009 3000 5080 Eleganter
3023 5008 3079 5062 in
3107 5007 3417 5077 cujusdam
3472 5008 3746 5078 martyris

2096 5095 2340 5168 epistola
2371 5097 2653 5167 scriptum
2687 5099 2870 5168 reperi
2901 5097 3215 5169 (lgnatium
3248 5095 3745 5168 dico,episcopum

2099 5185 2418 5242 Antiochiae
2449 5190 2581 5257 post
2612 5191 2850 5241 Petrum
2885 5187 3228 5256 secundum)
3261 5186 3361 5255 qui
3393 5187 3450 5241 in
3481 5202 3752 5257 persecu—

2098 5276 2253 5331 tione
2278 5274 2556 5346 pugnavit
2578 5275 2648 5328 ad
2665 5276 2881 5329 bestias
2911 5292 2922 5327 :
2951 5296 2972 5322 ι
3003 5273 3326 5344 Principem
3353 5274 3546 5329 saeculi
3567 5274 3750 5348 hujus

2099 5365 2275 5420 latuit
2292 5363 2594 5435 virginitas
2618 5363 2830 5418 Mariae.
2855 5364 3058 5418 Nonne
3086 5362 3202 5418 haec
3226 5366 3513 5419 sententia
3532 5366 3752 5438 scripta

2102 5456 2337 5523 dicitur,
2368 5460 2424 5509 et
2455 5453 2689 5525 quidem
2723 5454 2778 5508 in
2812 5453 3076 5525 epistola,
3108 5457 3282 5524 atque
3311 5452 3489 5509 etiam
3540 5461 3754 5531 marty-

2102 5547 2182 5601 ris
2206 5546 2232 5600 ?
2265 5549 2466 5600 Nonne
2499 5552 2716 5616 martyr
2745 5543 2843 5599 ille
2899 5543 3114 5599 diserte
3174 5542 3440 5615 Ignatius
3489 5549 3753 5616 vocatur,

2102 5635 2276 5692 etiam
2305 5635 2612 5706 episcopus
2642 5632 2978 5704 Antiochiaa,
3013 5647 3204 5688 nonne
3227 5632 3381 5690 idem
3402 5634 3500 5706 qui
3525 5651 3750 5708 pugna-

2102 5725 2182 5780 vit
2214 5725 2284 5780 ad
2319 5723 2798 5781 bestias?Nonne
2842 5723 2964 5778 haec
3004 5721 3276 5794 praeclara
3323 5723 3634 5792 sententia,
3669 5728 3754 5782 tot
