4064 6134
319 380 436 441 467

1369 373 1434 432 8.
1481 367 1886 432 IGNATIUS.
1931 395 2009 409 -
2055 358 2667 424 PROLEGOMENA.

3623 353 3746 414 468

323 513 594 570 Patribus
649 510 960 566 decantata
1016 522 1084 563 ex
1128 504 1376 578 epistola
1430 502 1642 575 Ignatii
1684 499 1868 556 nostri
1897 498 1968 554 ab
2003 500 2055 566 Α
2083 496 2304 552 dictum
2339 511 2484 550 seex
2506 492 2755 565 epistola
2776 490 2986 562 Ignatii
3010 490 3080 546 ad
3105 489 3397 578 Romanos
3419 486 3748 560 sumpsisse

324 605 592 675 Origene,
627 605 683 655 et
711 599 782 654 ab
809 597 908 653 illo
934 596 1111 652 etiam
1145 594 1318 668 quis.
1344 593 1558 648 Basilio
1589 589 1822 664 ἀρχαῖος
1845 587 1980 660 ἀνὴρ

325 691 670 764 appellatur,
704 687 997 758 descripta
1021 689 1132 755 est,
1165 684 1264 740 diu
1324 687 1639 753 antequam
1700 697 1733 734 a
1771 677 1980 734 Dallaao

324 783 612 852 impostor
645 782 814 833 natus
847 791 976 831 esse
1008 774 1246 845 ﬁngitur
1273 773 1300 828 ?

395 870 599 925 Fateor
629 867 903 938 equidem
965 862 1381 934 Hieronymum
1441 859 1771 932 scripsisse,
1821 858 1981 929 lgna-

328 961 478 1017 tium
501 959 672 1014 verba
693 973 816 1028 qua:
841 956 995 1027 apud
1022 955 1306 1009 Irenaeum
1359 955 1616 1015 exstant,
1650 954 1788 1003 tunc
1818 947 1980 1002 loeu-

325 1055 446 1104 tum
480 1048 688 1109 fuisse.
718 1062 852 1102 cum
892 1044 1190 1115 rugientes
1216 1041 1444 1097 audiret
1471 1043 1664 1094 leones
1693 1058 1707 1106 ;
1737 1038 1837 1092 sed
1872 1035 1982 1091 hoc

323 1137 513 1195 abillo
531 1137 754 1192 dictum
774 1134 899 1190 sine
927 1133 1050 1188 ulla
1072 1133 1419 1188 anetoritate
1469 1129 1660 1200 etiam:
1675 1134 1737 1182 ut
1762 1129 1980 1181 fatean-

325 1238 423 1288 tur
446 1229 1021 1288 adversariinecesse
1053 1230 1162 1282 est.
1199 1223 1409 1280 Omnia
1461 1239 1587 1293 quae
1643 1222 1714 1275 de
1758 1219 1982 1290 Ignatio

324 1322 500 1378 habet
519 1320 577 1375 in
603 1319 899 1390 Catalogo,
933 1333 1000 1372 ex
1029 1313 1259 1370 Eusebii
1312 1311 1556 1367 Historia
1585 1309 1840 1380 sumpsit
1873 1324 1887 1376 ;
1916 1324 1984 1362 ex

324 1413 425 1468 illa
455 1408 825 1481 transeripsit
854 1408 1248 1478 Hieronymus
1305 1402 1654 1459 sententiam
1715 1399 1866 1455 hanc
1909 1398 1984 1454 ab

323 1503 537 1559 lrenmo
568 1499 864 1556 laudatam
901 1514 915 1564 ;
950 1494 1097 1550 nihil
1132 1493 1246 1549 tale
1305 1491 1614 1557 Eusebius,
1666 1487 1811 1544 nihil
1863 1488 1982 1544 Ire-

325 1607 509 1659 naaus,
543 1589 697 1661 apud
759 1601 937 1659 quem
967 1589 1188 1656 martyr
1213 1579 1556 1655 κατακριθεὶς
1606 1578 1742 1653 πρὸς
1799 1575 1980 1652 θηρία,

329 1703 355 1730 ‹‹
390 1696 524 1736 cum
553 1679 672 1749 jam
699 1678 1017 1733 damnatus
1038 1678 1191 1730 esset
1205 1672 1278 1729 ad
1298 1670 1518 1728 bestias
1542 1691 1571 1720 »
1595 1686 1661 1725 ea
1682 1668 1858 1724 verba
1905 1666 1985 1722 lo-

331 1773 501 1825 cutus
533 1783 661 1824 esse
717 1764 964 1832 dicitur;
1026 1763 1098 1818 de
1155 1779 1263 1819 suo
1312 1760 1484 1816 verba
1525 1763 1732 1814 caetera
1759 1756 1986 1813 addidit

332 1857 723 1928 Hieronymus
747 1853 999 1920 incaute,
1028 1859 1091 1906 ut
1110 1850 1385 1923 pleraque
1403 1848 1516 1904 alia
1544 1866 1613 1904 ex
1646 1846 1892 1902 Eusebio
1923 1845 1982 1900 in

338 1947 438 2003 illo
460 1944 732 2016 Catalogo
761 1942 960 1998 minus
993 1946 1144 1998 recte
1203 1939 1696 1995 transcribuntur.
1732 1935 1992 2010 Ignatius

339 2036 496 2093 enim
521 2052 634 2092 non
667 2039 882 2101 Rome,
917 2034 1020 2089 sed
1070 2031 1385 2088 Antiochiae
1444 2031 1758 2086 damnatus
1801 2033 1888 2084 est
1918 2028 1987 2083 ad

337 2126 640 2193 bestias,et
662 2129 796 2196 post
818 2122 975 2178 illam
1001 2120 1547 2178 condemnationem
1573 2134 1706 2175 eum
1731 2118 1991 2189 Smyrnae

334 2234 402 2272 ea
427 2217 604 2271 verba
633 2213 958 2285 scripserit,
1016 2209 1358 2284 κατακριθεὶς
1406 2209 1541 2282 πρὸς
1591 2207 1757 2281 θηρία
1805 2207 1991 2278 scrip.

334 2305 472 2378 psit.
503 2303 916 2362 Certissimum
986 2307 1077 2358 est
1131 2301 1546 2372 Hieronymum
1609 2297 1990 2370 epistolarum

333 2393 545 2465 lgnatii
571 2392 995 2458 meminisse,et
1013 2390 1173 2445 illius
1196 2389 1482 2461 praeipue
1506 2387 1782 2459 epistolas,
1801 2403 1978 2458 quam

335 2486 407 2540 ad
440 2483 734 2539 Romanos
773 2479 1030 2552 scripsit,
1063 2480 1121 2534 in
1154 2495 1270 2550 qua
1303 2494 1459 2532 nunc
1517 2477 1636 2531 haec
1692 2475 1993 2546 ipsissima

333 2571 610 2647 leguntur
634 2573 893 2640 verba,et
920 2576 1054 2626 ante
1076 2571 1199 2641 ejus
1223 2574 1450 2624 aztatem
1477 2566 1988 2640 legebantur.Nam

332 2665 484 2737 quod
509 2665 580 2718 de
601 2661 870 2734 praesenti
889 2657 1171 2732 ἀλήθομαι
1210 2660 1386 2714 motor
1417 2662 1745 2730 argutatur,
1767 2655 1989 2711 nullam

330 2755 446 2808 vim
472 2751 714 2807 obtinet.
739 2750 870 2806 Sive
892 2749 1046 2804 enim
1072 2748 1237 2818 dixit,
1267 2748 1390 2803 sive
1412 2747 1672 2817 scripsit,
1709 2762 1822 2801 non
1856 2761 1990 2800 eum

325 2844 452 2914 jam
487 2841 833 2907 laniaretur,
867 2839 924 2894 id
960 2839 1179 2894 factum
1211 2841 1319 2906 est,
1354 2837 1455 2892 sed
1486 2851 1620 2891 cum
1661 2835 1855 2890 adhuc
1907 2834 1988 2890 la-

335 2931 590 2988 niandus
612 2935 786 2987 esset.
820 2929 1182 2985 Etomnibus
1226 2928 1285 2983 in
1330 2942 1489 2982 more
1523 2925 1777 2997 positum
1802 2929 1890 2981 est
1921 2926 1992 2980 de

332 3037 395 3077 re
410 3027 562 3078 certe
576 3021 772 3076 futura
789 3018 1059 3091 praesenti
1075 3021 1336 3089 tempore
1353 3016 1453 3072 uti.
1479 3015 1592 3071 Nec
1607 3014 1727 3072 haec
1741 3015 1833 3086 obj
1843 3015 1990 3070 ectio

334 3111 756 3182 Hieronymum
815 3110 1022 3178 tangit,
1081 3107 1182 3178 qui
1243 3123 1355 3160 non
1421 3106 1629 3172 molor,
1662 3106 1762 3160 sed
1805 3104 1994 3159 molar

331 3198 639 3255 transtulit
673 3195 1521 3268 ;undeSophroniusitavertit
1551 3213 1563 3250 :
1599 3191 1701 3249 Καὶ
1744 3189 1982 3267 εὔχομαι

2090 602 2158 641 ex
2215 585 2404 641 verbis
2461 582 2867 654 sequentibus,
2935 573 3174 632 τοιοῦτοὶ
3233 578 3334 654 γὶρ
3395 577 3446 631 οἱ
3515 576 3748 652 ἐρῶντες

2094 671 2224 748 ὅπερ
2258 673 2320 728 ἄν
2374 673 2663 746 πάσχωσιν
2710 670 2812 725 ὑπὸ
2864 673 2971 724 τῶν
3033 667 3321 743 ἐρωμένων
3375 671 3493 740 μεθ’
3538 665 3748 737 ἡδονῆς

2098 762 2372 839 δέχονται·
2409 787 2436 816 ς(
2470 766 2575 830 Qui
2619 764 2772 819 enim
2805 763 2889 818 sic
2921 774 3144 829 amant,
3177 761 3463 832 quidquid
3499 760 3569 815 ab
3595 776 3754 814 ama-

2093 856 2197 912 siis
2231 855 2554 926 patiuntur,
2594 869 2727 908 cum
2761 850 3062 920 voluptate
3093 850 3408 922 accipiunt.
3445 871 3471 898 »
3524 847 3754 903 Alludit

2094 945 2248 1000 enim
2285 943 2596 999 manifeste
2619 944 2688 996 ad
2723 939 3112 1012 praelarailla
3135 938 3347 1010 lgnalii
3370 938 3548 993 verba
3583 944 3632 992 et
3667 937 3741 992 ab

2091 1034 2367 1091 omnibus
2425 1035 2750 1094 decantata,
2812 1030 2840 1083 ὁ
2899 1022 3034 1102 ἔρως
3095 1027 3122 1081 ὁ
3191 1025 3322 1098 ἐμὸς
3365 1024 3739 1099 ἐσταύρωταιε

2094 1145 2122 1175 ‹‹
2153 1126 2330 1178 Amor
2363 1138 2526 1178 meus
2555 1120 2864 1175 cruciﬁxus
2895 1125 3004 1184 est,
3041 1140 3067 1167 »
3098 1134 3228 1190 quae
3259 1118 3316 1172 in
3378 1117 3579 1172 eadem
3620 1116 3744 1188 epi-

2093 1213 2243 1270 stola
2273 1213 2663 1268 continentur.
2701 1209 3019 1265 Levissima
3051 1207 3232 1280 igitur
3288 1208 3624 1277 conjectura
3661 1209 3754 1260 est

2095 1303 2499 1373 impostorem,
2533 1300 2685 1371 quod
2719 1299 2838 1353 haec
2870 1298 2940 1352 ab
2974 1297 3195 1367 Ignatio
3253 1296 3405 1350 dicta
3461 1313 3574 1350 non
3609 1294 3757 1349 seri-

2098 1397 2195 1464 pta
2225 1391 2568 1457 audivisset,
2600 1389 2726 1443 ideo
2760 1389 2887 1442 suis
2929 1386 3190 1459 epistolis
3243 1386 3582 1448 inseruisse.
3616 1400 3755 1439 cum

2100 1481 2380 1554 Origenes
2413 1497 2528 1535 non
2561 1483 2793 1532 tantum
2828 1476 2964 1532 dicti
3001 1474 3351 1541 meminerit,
3387 1475 3486 1530 sed
3520 1478 3577 1529 et
3607 1474 3762 1544 epis-

2103 1571 2232 1627 tolis
2285 1571 2675 1640 Hieronymus
2733 1565 3043 1638 epistolam
3097 1566 3312 1620 diserte
3342 1563 3762 1631 nominaverit,

2092 1660 2546 1732 Chrysostomus
2572 1660 2768 1728 aperte
2797 1655 3074 1710 innuerit.

2168 1749 2368 1822 Capite
2388 1750 2452 1805 31
2477 1747 2753 1804 ultimum
2771 1749 3182 1814 argumentum
3205 1747 3262 1799 et
3283 1743 3336 1798 vi
3361 1750 3416 1800 et
3437 1744 3641 1799 ordine
3655 1743 3755 1798 ad-

2097 1841 2312 1906 ducit,«
2333 1838 2621 1911 Ignatium
2651 1835 2892 1903 scilicet,
2927 1835 3130 1889 decere
3162 1850 3277 1889 non
3305 1833 3557 1900 videtur,
3591 1832 3753 1904 quod

2101 1929 2272 1986 toties
2302 1929 2501 1984 eadem
2534 1925 2766 1998 repetit.
2800 1945 2828 1974 »
2864 1924 2940 1978 At
2969 1923 3176 1995 quidni
3200 1922 3493 1994 Ignatium
3529 1922 3755 1991 deceat,

2099 2019 2254 2092 quod
2287 2018 2385 2074 alii
2414 2018 2471 2072 in
2506 2014 2667 2072 omni
2698 2030 2908 2087 genere
2957 2011 3270 2084 scriptores
3328 2028 3390 2067 se
3421 2012 3622 2068 decere
3653 2030 3760 2085 pu-

2098 2107 2345 2164 tarunt?
2379 2103 2657 2165 Πολλάκις
2717 2101 2781 2157 τὸ
2835 2102 2964 2156 αὐτὸ
3015 2100 3142 2177 ἐρῶ,
3203 2101 3400 2174 inquit
3438 2102 3757 2160 Lueianus.

2097 2203 2152 2253 S.
2189 2197 2538 2254 Athanasius
2594 2196 2665 2250 de
2722 2195 3122 2251 incarnatione
3179 2192 3348 2249 Verbi
3400 2192 3501 2249 Dei
3533 2208 3548 2249 :
3578 2193 3668 2262 Μή
3701 2213 3755 2247 τι

2095 2288 2404 2362 Θαυμάσῃς,
2438 2285 2480 2340 εἷ
2517 2284 2792 2345 πολλάκις
2817 2283 2885 2338 τὰ
2915 2283 3052 2337 αὐτὰ
3104 2281 3228 2357 περὶ
3275 2286 3384 2336 τῶν
3429 2283 3607 2338 αὐτῶν
3658 2280 3753 2338 λέ-

2096 2394 2303 2450 γομεν;
2341 2399 2365 2429 ιι
2391 2377 2472 2431 Ne
2497 2375 2746 2440 mireris,
2812 2374 2860 2429 si
2910 2373 3126 2446 saepius
3185 2373 3390 2428 eadem
3436 2373 3506 2428 de
3541 2373 3754 2429 iisdem

2099 2465 2371 2520 dicimus.
2410 2485 2437 2511 ››
2471 2460 2791 2532 Xenophon
2849 2460 3049 2532 plures
3105 2458 3421 2515 sentenlias
3480 2459 3653 2515 habet
3693 2460 3755 2514 in

2099 2557 2374 2628 Historia,
2408 2572 2556 2626 quas
2607 2553 2814 2626 repetit
2870 2554 2928 2608 in
2977 2551 3107 2608 Vita
3159 2553 3432 2626 Agesilai.
3492 2552 3756 2608 Plurima

2099 2647 2251 2719 apud
2286 2645 2628 2716 Gregorium
2653 2643 3081 2699 Nazianzenum
3113 2643 3173 2698 in
3199 2643 3325 2698 una
3364 2642 3622 2699 oratione
3647 2643 3755 2698 ha-

2101 2737 2335 2805 bentur,
2369 2752 2494 2806 quae
2526 2735 2585 2788 in
2619 2733 2732 2788 alia
2755 2749 2886 2788 mox
2917 2736 3282 2803 repetuntur.
3315 2733 3424 2788 Sed
3481 2733 3588 2787 hoc
3634 2748 3751 2786 non

2099 2825 2570 2898 decetlguatium
2592 2845 2616 2875 α
2643 2823 2959 2894 astatisjam
2977 2828 3288 2895 provectae;
3322 2845 3349 2871 »
3375 2822 3543 2894 quasi
3578 2838 3749 2877 senes

2098 2915 2541 2988 repetitionibus
2575 2913 2773 2968 minus
2831 2913 3010 2968 dediti
3071 2913 3208 2983 sint,
3257 2929 3427 2984 quam
3477 2914 3742 2982 juvenes.

2095 3004 2222 3060 Non
2256 3005 2420 3060 decet
2440 3003 2735 3058 hominem
2759 3023 2784 3054 ι
2819 3003 2973 3074 apud
3009 3001 3298 3073 apostolos
3321 3001 3630 3056 educatum
3668 3025 3682 3066 ;
3715 3021 3743 3049 »

2098 3094 2265 3166 quasi
2291 3111 2402 3150 non
2430 3095 2631 3148 deceat
2652 3091 3062 3163 apostolicum,
3094 3091 3243 3161 quod
3295 3090 3746 3159 decuitAposto-

2094 3185 2242 3239 lum.
2274 3182 2354 3239 Τὰ
2388 3180 2521 3236 αὐτὰ
2549 3179 2773 3257 γράφειν
2811 3181 2961 3252 ὑμῖν,
3014 3177 3138 3251 ἐμοὶ
3193 3178 3285 3252 μὶν
3327 3179 3429 3232 οὐκ
3485 3178 3742 3253 ὀκνηρὸν,

326 3291 442 3347 τοῖς
473 3282 658 3340 ὀδοῦσι
674 3251 796 3339 ’τῶν
831 3251 1034 3358 θηρίων
1066 3282 1383 3352 ἀλεσθῆναι,
1412 3307 1440 3335 ‹‹
1494 3289 1549 3338 et
1580 3287 1713 3354 opto
1739 3251 1977 3338 utmden-

2098 3270 2221 3343 ὑμῖν
2253 3268 2308 3328 δὲ
2339 3268 2596 3349 ἀσφαλὲς.
2634 3292 2660 3323 ιι
2689 3271 2904 3326 Eadem
2936 3269 3098 3324 vobis
3155 3251 3426 3336 scribere,
3463 3286 3556 3324 me
3613 3251 3745 3340 qui-

331 3378 487 3434 tibus
518 3376 842 3433 bestiarum
877 3375 1118 3431 molar.»
1138 3379 1208 3430 At
1241 3375 1424 3430 illud:
1478 3397 1505 3424 ‹‹
1547 3374 1779 3430 Utinam
1817 3374 1976 3429 fruar

330 3468 533 3524 bestiis
550 3467 694 3522 mihi
709 3465 947 3539 paratis,
963 3465 1173 3536 inquit,
1195 3481 1262 3520 ex
1274 3465 1684 3537 Cbrysostomo
1700 3463 1838 3520 certi
1870 3481 1938 3519 su
1951 3495 1972 3505 ο

327 3573 463 3613 mus
477 3557 667 3613 Romae
684 3555 974 3628 Ignatium
991 3555 1058 3611 ad
1079 3555 1362 3610 Romanos
1377 3559 1689 3625 praesentes
1703 3554 1973 3620 dixisse;»

328 3663 464 3704 cum
492 3647 945 3719 Cbrysostomus
977 3644 1216 3700 minime
1247 3649 1459 3708 narret,
1485 3659 1614 3698 eum
1641 3643 1828 3700 autad
1863 3643 1972 3700 Ro-

328 3754 533 3794 manos
565 3740 900 3808 praesentes,
933 3741 1033 3789 aut
1066 3733 1260 3788 Romae
1321 3750 1385 3788 ea
1434 3734 1606 3788 verba
1638 3733 1972 3805 protulisse.

326 3828 594 3884 Aftirmat
624 3826 916 3898 Ignatium
950 3824 1186 3880 lubente
1219 3823 1418 3879 animo
1474 3823 1692 3879 bestias
1737 3823 1973 3879 vidisse.

330 3916 495 3971 Πόθεν
525 3914 686 3969 τοῦτο
720 3911 890 3983 δῆλον
921 3931 934 3982 ;
970 3937 998 3965 ‹‹
1031 3913 1193 3970 Unde
1226 3913 1334 3968 hoc
1390 3913 1666 3985 apparet?
1696 3936 1723 3962 ››
1767 3913 1977 3984 inquit,

330 4003 436 4058 ἀπὸ
465 4008 571 4058 τῶν
625 4001 884 4078 ῥημάτων
943 4003 1016 4056 ὧν
1085 4001 1442 4070 ἀποθνήσκειν
1507 3997 1727 4072 μέλλων
1791 3999 1977 4077 ἕφθὲγ-

329 4095 476 4163 ξατο.
517 4114 538 4142 α
571 4095 651 4150 Ab
693 4093 811 4150 illis
843 4093 1053 4158 verbis,
1088 4108 1215 4163 qum
1247 4108 1383 4147 cum
1435 4092 1758 4146 moriturus
1803 4095 1977 4160 esset,

330 4184 684 4240 locutusest.
720 4201 741 4230 ι
764 4187 980 4238 Aterat
1006 4179 1332 4250 ἀπονήσκειν
1371 4177 1588 4252 μέλλων
1619 4180 1691 4235 ab
1715 4196 1780 4236 eo
1831 4185 1979 4235 tem-

333 4290 614 4345 pore,quo
638 4273 706 4328 ad
733 4276 978 4328 mortem
1001 4272 1424 4327 condemnatus
1446 4274 1562 4325 est:
1601 4286 1788 4341 neque
1821 4269 1978 4325 enim

339 4359 562 4433 μέλλειν
597 4378 713 4415 rem
738 4366 1105 4431 prmsentem,
1137 4365 1239 4415 aut
1269 4360 1468 4415 statim
1505 4360 1760 4414 futuram
1796 4359 1982 4430 signi-

339 4451 492 4506 licat.
525 4449 641 4504 lloc
700 4465 906 4503 rursus
957 4449 1203 4519 probat:
1253 4445 1524 4510 Ἀκούσας
1578 4447 1677 4522 γὰρ
1709 4447 1791 4501 ὃτι
1825 4445 1982 4508 οὗτος

339 4537 497 4593 αὐτὸν
529 4545 628 4606 τῆς
665 4537 932 4610 τιμωρίας
956 4538 982 4590 ὁ
1012 4538 1214 4609 τρόπος
1252 4536 1419 4609 μένει,
1453 4535 1562 4612 ἐγὼ
1610 4542 1717 4592 τῶν
1775 4537 1980 4612 Θηρίων

341 4627 558 4682 ἐκείνων
621 4623 852 4698 ὀναίμην
912 4623 1082 4700 ἔλεγε.
1149 4650 1175 4676 ‹‹

341 4719 451 4774 hoc
480 4734 614 4773 eum
673 4715 947 4788 supplicii
1007 4731 1193 4787 genus
1253 4729 1536 4772 manere:
1596 4716 1832 4772 Utina'n
1883 4734 1988 4789 ego

342 4809 474 4863 istis
507 4807 708 4863 bestiis
741 4808 895 4862 fruar
923 4805 950 4860 ‘I
981 4805 1301 4876 inquiebat.
1361 4829 1388 4855 ‹‹
1447 4807 1762 4862 Audiverat
1793 4812 1986 4862 autem

343 4901 401 4957 S.
431 4899 691 4970 Ignatius
729 4899 826 4954 diu
865 4902 1179 4968 antequam
1212 4900 1452 4953 Romam
1505 4899 1847 4968 perveniret,
1883 4899 1989 4954 hoc

339 4990 451 5048 sibi
482 4989 685 5046 mortis
715 5005 903 5061 genus
935 4991 1200 5057 paratum
1237 4987 1440 5056 fuisse,
1487 4987 1556 5042 ad
1608 4989 1761 5059 quod
1799 4989 1989 5044 Antio-

337 5081 479 5137 cbias
503 5079 934 5136 condemnatus
954 5079 1163 5133 fuerat.
1200 5079 1267 5132 Et
1289 5077 1523 5148 quidem
1545 5078 1616 5132 ad
1641 5078 1985 5134 sententiam

337 5167 974 5242 abimperatorelatam
1019 5168 1346 5239 respexisse
1383 5166 1858 5240 Chrysostomum
1893 5185 1991 5239 pa-

335 5265 438 5319 tet.
473 5259 570 5315 Διὰ
597 5263 760 5314 τοῦτο
791 5262 898 5312 τῶν
933 5257 1163 5330 Θηρίων,
1214 5253 1422 5331 ἔλεγεν,
1481 5257 1736 5331 ὀναίμην,
1789 5281 1817 5307 ‹‹
1851 5259 1986 5313 Pro-

336 5355 555 5423 pterea,
590 5349 794 5406 bestiis
827 5350 1007 5416 lruar,
1041 5349 1290 5413 dicebat,
1328 5371 1355 5398 ››
1389 5346 1477 5401 καὶ
1535 5344 1734 5418 πολλῷ
1775 5346 1984 5401 τούτων

336 5437 659 5510 ἡμερώτεροι
685 5437 752 5492 τὰ
786 5437 1028 5508 στόματα
1077 5436 1318 5508 ἐνόμιζεν
1378 5436 1510 5490 εἶναι
1577 5441 1676 5504 τῆς
1742 5434 1838 5491 τοῦ
1892 5456 1984 5490 τυ-

342 5525 536 5600 ράννου
565 5523 838 5598 γλώττης.
871 5549 899 5578 τ‹
927 5532 995 5582 Et
1019 5527 1199 5582 multo
1234 5527 1324 5580 his
1349 5527 1748 5582 mansuetiora
1767 5526 1986 5581 bestia-

341 5629 476 5671 rum
515 5631 617 5668 ora
683 5614 906 5684 putavit
960 5631 1109 5679 esse,
1172 5630 1348 5684 quam
1383 5613 1643 5685 linguam
1672 5615 1922 5686 tyranni.
1958 5635 1985 5663 η

341 5702 699 5763 Ριιωιθιθαὸ.
729 5702 1174 5774 Chryspstomus
1198 5701 1344 5760 satis
1389 5701 1543 5759 clare
1590 5702 1848 5759 ostendit
1878 5701 1987 5759 hoc

2090 3361 2220 3415 dem
2255 3377 2369 3415 non
2404 3361 2580 3432 piget,
2615 3360 2777 3416 vobis
2809 3364 3001 3415 autem
3034 3362 3225 3414 tutum
3259 3362 3369 3429 est,
3405 3381 3431 3407 ι)
3467 3357 3657 3429 inquit
3681 3358 3741 3416 S.

2089 3449 2309 3506 Paulus
2340 3449 2590 3521 Philipp.
2624 3465 2707 3516 ιιι,
2745 3452 2793 3502 1.

2163 3557 2310 3623 Quid
2343 3573 2496 3628 vero,
2525 3575 2594 3612 an
2638 3556 2747 3612 hoc
2768 3559 2859 3611 est
2909 3555 3110 3611 eadem
3138 3559 3416 3627 repetere,
3448 3555 3602 3610 idem
3635 3571 3740 3610 vo-

2091 3645 2366 3702 cabulum
2390 3646 2700 3717 aliquoties
2722 3660 3002 3715 usurpare
3028 3643 3228 3699 ?Dixit
3265 3645 3324 3700 S.
3376 3644 3589 3700 Paulus
3622 3642 3747 3700 loco

2084 3738 2210 3808 jam
2246 3736 2510 3791 laudato:
2549 3730 2788 3790 Βλέπετε
2816 3734 2943 3794 τοὺς
2975 3733 3158 3801 κύνας,
3215 3731 3444 3808 βλέπετε
3492 3733 3618 3795 τοὺς
3650 3754 3746 3788 κα-

2092 3823 2222 3886 κοὺς
2254 3822 2500 3899 ἐργάτας,
2537 3821 2768 3897 βλέπετε
2823 3824 2922 3892 τὴν
2982 3824 3318 3895 κατατομήν.
3371 3829 3493 3880 Non
3549 3832 3746 3882 tamen

2093 3915 2203 3971 hoe
2224 3915 2489 3986 est,quod
2513 3921 2642 3969 ante
2662 3914 2830 3980 dixit,
2862 3912 2928 3966 τὰ
2960 3911 3093 3966 αὐτά
3122 3911 3370 3988 γράφειν.
3432 3916 3540 3970 Sed
3603 3912 3752 3968 ὀναί-

2099 4026 2205 4078 μην
2235 4009 2290 4060 et
2321 4001 2620 4077 ἆντίψυχον
2657 4002 2923 4074 «ubique
2948 4003 3104 4075 apud
3150 4003 3302 4057 hunc
3351 4009 3684 4060 occurrunt.
3723 4027 3750 4055 »

2092 4095 2258 4166 Apud
2293 4094 2450 4149 hunc
2472 4099 2666 4149 autem
2699 4092 3225 4164 ubique?Scripsit
3283 4110 3438 4149 unus
3477 4095 3751 4166 idemque

2096 4189 2318 4255 septem
2351 4181 2650 4254 epistolas,
2677 4186 2740 4236 ut
2762 4182 3048 4252 arbitror;
3110 4187 3174 4236 ut
3201 4187 3259 4238 tu
3293 4183 3613 4252 existimas,
3646 4199 3750 4238 sex

2096 4277 2325 4330 tantum
2356 4273 2640 4344 impostor
2670 4276 2828 4327 tuus.
2883 4275 3034 4343 Lego
3081 4271 3289 4328 harum
3336 4276 3606 4343 quatuor,
3639 4288 3746 4327 vox

2096 4360 2396 4438 ἀντίψυχον
2429 4362 2488 4416 in
2524 4378 2721 4416 earum
2751 4360 2911 4415 nulla
2932 4361 3186 4416 occurrit
3218 4377 3232 4417 :
3294 4377 3366 4416 an
3415 4360 3588 4432 igitur
3619 4360 3745 4416 ubi-

2098 4469 2206 4524 qun
2237 4451 2424 4521 ?Lego
2451 4452 2662 4508 iterum
2697 4456 2968 4522 quatuor,
3003 4466 3107 4506 nec
3165 4452 3417 4507 occurrit
3451 4468 3561 4506 vox
3593 4449 3747 4503 ὀναί-

2103 4557 2232 4613 μην*
2267 4557 2454 4612 neque
2483 4541 2585 4596 illa
2634 4541 2812 4612 igitur
2870 4539 3107 4611 ubique.
3166 4543 3285 4596 Cur
3339 4541 3565 4596 veritati
3624 4545 3745 4596 tam

1238 4627 1379 4682 Cum
1449 4628 1604 4682 enim
1666 4628 1989 4684 audivisset
2019 4620 2064 4684 D
2095 4640 2287 4702 aperte
2310 4629 2660 4686 contradicis
2685 4630 2710 4684 ‘I
2734 4629 2944 4699 Objicit
2970 4634 3026 4683 et
3047 4629 3190 4698 haec,
3227 4646 3288 4684 se
3308 4629 3591 4686 minorem
3621 4645 3751 4686 esse

2100 4721 2566 4792 sliis,indignum
2599 4735 2879 4784 esse,non
2910 4735 3038 4774 esse
3058 4718 3305 4790 aliquid,
3341 4735 3454 4774 non
3517 4724 3580 4776 ut
3611 4736 3750 4793 apo-

2098 4810 2312 4865 stolum
2340 4809 2651 4880 praecipere
2687 4823 2699 4862 :
2734 4807 3104 4876 quibussuos
3127 4807 3480 4879 Smyrnaeos,
3517 4815 3747 4881 llagne~

2097 4899 2317 4963 sianos,
2347 4895 2693 4964 Trallianos,
2727 4897 3042 4961 Romanos,
3073 4895 3377 4967 Ephesios,
3407 4897 3748 4969 Tarsenses,

2097 4985 2660 5057 Philadelphienses,
2688 4983 3075 5040 Antiochenos
3107 4995 3164 5040 et
3195 4985 3601 5058 Philippenses
3647 4989 3748 5044 ob-

2099 5074 2308 5130 tundit.
2343 5072 2494 5128 Proh
2547 5073 2791 5129 miseros
2841 5071 3131 5138 homines,
3185 5073 3255 5129 ad
3308 5091 3456 5146 quos
3487 5076 3752 5146 Ignatius

2097 5163 2369 5236 scripsitl
2397 5166 2518 5218 Imo
2536 5180 2670 5218 vero
2711 5162 2794 5217 illi
2820 5161 2964 5218 satis
3000 5161 3195 5218 felices
3221 5181 3235 5232 ;
3261 5180 3365 5219 nos
3387 5165 3579 5232 potius
3620 5166 3749 5222 Dal-

2095 5253 2237 5309 laus
2257 5253 2654 5324 obtundit,qui
2679 5253 2895 5323 saepius
2922 5252 3040 5308 haec
3060 5251 3230 5307 nobis
3261 5251 3534 5316 inculcat,
3569 5271 3750 5324 quam

2096 5344 2221 5399 suis
2252 5342 2550 5414 lgnatius;
2585 5343 2803 5413 quique
2833 5341 3050 5414 optime
3079 5341 3239 5396 novit
3296 5340 3565 5396 eumdem
3611 5346 3754 5401 scri-

2096 5438 2322 5506 ptorem
2371 5432 2470 5502 qui
2519 5432 2851 5500 Smyrnaaos
2905 5428 3197 5484 allocutus
3256 5433 3366 5494 est,
3405 5427 3753 5501 Tarsenses,

2095 5522 2487 5578 Antiochenos
2545 5529 2599 5576 el
2655 5519 3063 5591 Philippenses
3122 5534 3238 5573 non
3299 5519 3629 5590 obtudisse,
3679 5539 3751 5578 ne

2095 5611 2409 5668 allocutum
2436 5611 2670 5682 quidem
2706 5625 2808 5680 per
2836 5607 3142 5679 epistolam
3164 5624 3313 5665 esse.
3344 5612 3414 5666 Se
3461 5610 3744 5668 minorem

2093 5717 2224 5758 esse
2248 5701 2378 5758 aliis
2401 5698 2582 5757 semel
2604 5703 2832 5756 tantum
2852 5696 3015 5764 dixit,
3053 5713 3264 5770 nempe
3285 5698 3357 5755 ad
3392 5701 3746 5772 Magnesios,
