  <div class='ocr_page' id='page_1' title='image "/cluster/home/n/w/nwhite01/storage/ocr_20150623/5/mdp.39015015401063/249.png"; bbox 0 0 4112 6132; ppageno 0'>
   <div class='ocr_carea' id='block_1_1' title="bbox 313 369 432 429">
    <p class='ocr_par' dir='ltr' id='par_1_1' title="bbox 313 369 432 429">
     <span class='ocr_line' id='line_1_1' title="bbox 313 369 432 429; baseline 0 -1"><span class='ocrx_word' id='word_1_1' title='bbox 313 369 432 429; x_wconf 61' lang='grc'><strong>8⁸71</strong></span> 
     </span>
    </p>
   </div>
   <div class='ocr_carea' id='block_1_2' title="bbox 1373 360 2673 426">
    <p class='ocr_par' dir='ltr' id='par_1_2' title="bbox 1373 360 2673 426">
     <span class='ocr_line' id='line_1_2' title="bbox 1373 360 2673 426; baseline 0.005 -9"><span class='ocrx_word' id='word_1_2' title='bbox 1373 360 1436 418; x_wconf 92' lang='lat' dir='ltr'><strong>S.</strong></span> <span class='ocrx_word' id='word_1_3' title='bbox 1487 360 1896 422; x_wconf 68' lang='lat' dir='ltr'><strong>IGNATIUS.</strong></span> <span class='ocrx_word' id='word_1_4' title='bbox 1942 391 2020 405; x_wconf 85' lang='lat'><strong>-—</strong></span> <span class='ocrx_word' id='word_1_5' title='bbox 2064 361 2673 426; x_wconf 77' lang='lat' dir='ltr'><strong>PROLEGOMENA.</strong></span> 
     </span>
    </p>
   </div>
   <div class='ocr_carea' id='block_1_3' title="bbox 3620 359 3742 418">
    <p class='ocr_par' dir='ltr' id='par_1_3' title="bbox 3620 359 3742 418">
     <span class='ocr_line' id='line_1_3' title="bbox 3620 359 3742 418; baseline 0.025 -3"><span class='ocrx_word' id='word_1_6' title='bbox 3620 359 3742 418; x_wconf 70' lang='grc'><strong>4⁸12</strong></span> 
     </span>
    </p>
   </div>
   <div class='ocr_carea' id='block_1_4' title="bbox 307 491 3734 568">
    <p class='ocr_par' dir='ltr' id='par_1_4' title="bbox 307 491 3734 568">
     <span class='ocr_line' id='line_1_4' title="bbox 307 491 3734 568; baseline -0.003 -9"><span class='ocrx_word' id='word_1_7' title='bbox 307 502 426 559; x_wconf 89' lang='lat' dir='ltr'><strong>ista</strong></span> <span class='ocrx_word' id='word_1_8' title='bbox 454 501 513 556; x_wconf 89' lang='lat' dir='ltr'><strong>in</strong></span> <span class='ocrx_word' id='word_1_9' title='bbox 546 497 803 554; x_wconf 77' lang='lat' dir='ltr'><strong>Ecclesia</strong></span> <span class='ocrx_word' id='word_1_10' title='bbox 831 495 1084 552; x_wconf 80' lang='lat' dir='ltr'><strong>maxime</strong></span> <span class='ocrx_word' id='word_1_11' title='bbox 1107 511 1237 550; x_wconf 91' lang='lat' dir='ltr'><strong>esse</strong></span> <span class='ocrx_word' id='word_1_12' title='bbox 1268 493 1565 566; x_wconf 88' lang='lat' dir='ltr'><strong>fugienda,</strong></span> <span class='ocrx_word' id='word_1_13' title='bbox 1597 493 1706 550; x_wconf 91' lang='lat' dir='ltr'><strong>hoc</strong></span> <span class='ocrx_word' id='word_1_14' title='bbox 1738 495 1807 549; x_wconf 91' lang='lat' dir='ltr'><strong>ad</strong></span> <span class='ocrx_word' id='word_1_15' title='bbox 1832 511 1963 550; x_wconf 91' lang='lat' dir='ltr'><strong>eum</strong></span> <span class='ocrx_word' id='word_1_16' title='bbox 1995 497 2049 562; x_wconf 78' lang='grc' dir='ltr'><strong>Α</strong></span> <span class='ocrx_word' id='word_1_17' title='bbox 2081 500 2194 552; x_wconf 91' lang='lat' dir='ltr'><strong>late</strong></span> <span class='ocrx_word' id='word_1_18' title='bbox 2225 504 2535 566; x_wconf 79' lang='lat' dir='ltr'><strong>armasset,</strong></span> <span class='ocrx_word' id='word_1_19' title='bbox 2569 498 2741 568; x_wconf 83' lang='lat' dir='ltr'><strong>cujus</strong></span> <span class='ocrx_word' id='word_1_20' title='bbox 2775 498 3028 567; x_wconf 79' lang='lat' dir='ltr'><strong>potestas</strong></span> <span class='ocrx_word' id='word_1_21' title='bbox 3060 511 3127 550; x_wconf 88' lang='lat' dir='ltr'><strong>ea</strong></span> <span class='ocrx_word' id='word_1_22' title='bbox 3157 497 3523 564; x_wconf 72' lang='lat' dir='ltr'><strong>tempestate,</strong></span> <span class='ocrx_word' id='word_1_23' title='bbox 3552 491 3734 548; x_wconf 89' lang='lat' dir='ltr'><strong>etiam</strong></span> 
     </span>
    </p>
   </div>
   <div class='ocr_carea' id='block_1_5' title="bbox 315 584 1968 654">
    <p class='ocr_par' dir='ltr' id='par_1_5' title="bbox 315 584 1968 654">
     <span class='ocr_line' id='line_1_5' title="bbox 315 584 1968 654; baseline -0.006 -5"><span class='ocrx_word' id='word_1_24' title='bbox 315 593 493 651; x_wconf 83' lang='lat' dir='ltr'><strong>finem</strong></span> <span class='ocrx_word' id='word_1_25' title='bbox 524 604 654 645; x_wconf 85' lang='lat' dir='ltr'><strong>esse</strong></span> <span class='ocrx_word' id='word_1_26' title='bbox 684 602 917 642; x_wconf 87' lang='lat' dir='ltr'><strong>summe</strong></span> <span class='ocrx_word' id='word_1_27' title='bbox 947 584 1346 640; x_wconf 83' lang='lat' dir='ltr'><strong>necessarium</strong></span> <span class='ocrx_word' id='word_1_28' title='bbox 1386 601 1399 650; x_wconf 88' lang='lat'><strong>;</strong></span> <span class='ocrx_word' id='word_1_29' title='bbox 1433 584 1587 654; x_wconf 91' lang='lat' dir='ltr'><strong>quod</strong></span> <span class='ocrx_word' id='word_1_30' title='bbox 1648 600 1852 639; x_wconf 90' lang='lat' dir='ltr'><strong>omnes</strong></span> <span class='ocrx_word' id='word_1_31' title='bbox 1896 585 1968 639; x_wconf 91' lang='lat' dir='ltr'><strong>ah</strong></span> 
     </span>
    </p>
   </div>
   <div class='ocr_carea' id='block_1_6' title="bbox 308 671 1960 744">
    <p class='ocr_par' dir='ltr' id='par_1_6' title="bbox 308 671 1960 744">
     <span class='ocr_line' id='line_1_6' title="bbox 308 671 1960 744; baseline -0.007 -9"><span class='ocrx_word' id='word_1_32' title='bbox 308 678 473 734; x_wconf 88' lang='lat' dir='ltr'><strong>initio</strong></span> <span class='ocrx_word' id='word_1_33' title='bbox 500 675 843 731; x_wconf 70' lang='lat' dir='ltr'><strong>Christianae</strong></span> <span class='ocrx_word' id='word_1_34' title='bbox 893 673 1194 744; x_wconf 89' lang='lat' dir='ltr'><strong>religionis</strong></span> <span class='ocrx_word' id='word_1_35' title='bbox 1253 671 1496 742; x_wconf 77' lang='lat' dir='ltr'><strong>professi</strong></span> <span class='ocrx_word' id='word_1_36' title='bbox 1564 676 1720 726; x_wconf 91' lang='lat' dir='ltr'><strong>sunt.</strong></span> <span class='ocrx_word' id='word_1_37' title='bbox 1756 671 1860 727; x_wconf 89' lang='lat' dir='ltr'><strong>Vel</strong></span> <span class='ocrx_word' id='word_1_38' title='bbox 1915 672 1960 726; x_wconf 92' lang='lat' dir='ltr'><strong>si</strong></span> 
     </span>
    </p>
   </div>
   <div class='ocr_carea' id='block_1_7' title="bbox 309 761 1962 838">
    <p class='ocr_par' dir='ltr' id='par_1_7' title="bbox 309 761 1962 838">
     <span class='ocr_line' id='line_1_7' title="bbox 309 761 1962 838; baseline -0.005 -14"><span class='ocrx_word' id='word_1_39' title='bbox 309 765 661 838; x_wconf 85' lang='lat' dir='ltr'><strong>conjecturis</strong></span> <span class='ocrx_word' id='word_1_40' title='bbox 684 768 739 819; x_wconf 91' lang='lat' dir='ltr'><strong>et</strong></span> <span class='ocrx_word' id='word_1_41' title='bbox 769 763 1006 834; x_wconf 72' lang='lat' dir='ltr'><strong>quidam</strong></span> <span class='ocrx_word' id='word_1_42' title='bbox 1035 761 1386 833; x_wconf 65' lang='lat' dir='ltr'><strong>iustissimis</strong></span> <span class='ocrx_word' id='word_1_43' title='bbox 1421 761 1723 832; x_wconf 85' lang='lat' dir='ltr'><strong>indulgere</strong></span> <span class='ocrx_word' id='word_1_44' title='bbox 1774 761 1962 827; x_wconf 90' lang='lat' dir='ltr'><strong>liceat,</strong></span> 
     </span>
    </p>
   </div>
   <div class='ocr_carea' id='block_1_8' title="bbox 310 851 1967 925">
    <p class='ocr_par' dir='ltr' id='par_1_8' title="bbox 310 851 1967 925">
     <span class='ocr_line' id='line_1_8' title="bbox 310 851 1967 925; baseline -0.004 -12"><span class='ocrx_word' id='word_1_45' title='bbox 310 873 378 912; x_wconf 83' lang='lat' dir='ltr'><strong>ex</strong></span> <span class='ocrx_word' id='word_1_46' title='bbox 407 857 515 912; x_wconf 91' lang='lat' dir='ltr'><strong>hac</strong></span> <span class='ocrx_word' id='word_1_47' title='bbox 546 853 830 925; x_wconf 89' lang='lat' dir='ltr'><strong>frequenti</strong></span> <span class='ocrx_word' id='word_1_48' title='bbox 856 851 1249 907; x_wconf 84' lang='lat' dir='ltr'><strong>admonitione</strong></span> <span class='ocrx_word' id='word_1_49' title='bbox 1271 851 1341 905; x_wconf 88' lang='lat' dir='ltr'><strong>de</strong></span> <span class='ocrx_word' id='word_1_50' title='bbox 1367 851 1699 905; x_wconf 83' lang='lat' dir='ltr'><strong>obedientia</strong></span> <span class='ocrx_word' id='word_1_51' title='bbox 1740 852 1967 922; x_wconf 80' lang='lat' dir='ltr'><strong>cpisco-</strong></span> 
     </span>
    </p>
   </div>
   <div class='ocr_carea' id='block_1_9' title="bbox 311 939 1965 1020">
    <p class='ocr_par' dir='ltr' id='par_1_9' title="bbox 311 939 1965 1020">
     <span class='ocr_line' id='line_1_9' title="bbox 311 939 1965 1020; baseline -0.004 -18"><span class='ocrx_word' id='word_1_52' title='bbox 311 947 425 1020; x_wconf 90' lang='lat' dir='ltr'><strong>pis,</strong></span> <span class='ocrx_word' id='word_1_53' title='bbox 459 943 812 1016; x_wconf 81' lang='lat' dir='ltr'><strong>presbyteris</strong></span> <span class='ocrx_word' id='word_1_54' title='bbox 840 947 897 996; x_wconf 94' lang='lat' dir='ltr'><strong>et</strong></span> <span class='ocrx_word' id='word_1_55' title='bbox 926 941 1186 995; x_wconf 89' lang='lat' dir='ltr'><strong>diaconis</strong></span> <span class='ocrx_word' id='word_1_56' title='bbox 1234 939 1410 994; x_wconf 82' lang='lat' dir='ltr'><strong>simul</strong></span> <span class='ocrx_word' id='word_1_57' title='bbox 1460 941 1813 1011; x_wconf 55' lang='lat' dir='ltr'><strong>prastanda,</strong></span> <span class='ocrx_word' id='word_1_58' title='bbox 1859 957 1965 1012; x_wconf 85' lang='lat' dir='ltr'><strong>ego</strong></span> 
     </span>
    </p>
   </div>
   <div class='ocr_carea' id='block_1_10' title="bbox 311 1029 1966 1106">
    <p class='ocr_par' dir='ltr' id='par_1_10' title="bbox 311 1029 1966 1106">
     <span class='ocr_line' id='line_1_10' title="bbox 311 1029 1966 1106; baseline -0.004 -16"><span class='ocrx_word' id='word_1_59' title='bbox 311 1036 528 1106; x_wconf 88' lang='lat' dir='ltr'><strong>optimo</strong></span> <span class='ocrx_word' id='word_1_60' title='bbox 557 1035 686 1103; x_wconf 91' lang='lat' dir='ltr'><strong>jure</strong></span> <span class='ocrx_word' id='word_1_61' title='bbox 742 1029 1134 1100; x_wconf 88' lang='lat' dir='ltr'><strong>colligendum</strong></span> <span class='ocrx_word' id='word_1_62' title='bbox 1193 1045 1340 1095; x_wconf 91' lang='lat' dir='ltr'><strong>reor,</strong></span> <span class='ocrx_word' id='word_1_63' title='bbox 1403 1044 1516 1083; x_wconf 90' lang='lat' dir='ltr'><strong>non</strong></span> <span class='ocrx_word' id='word_1_64' title='bbox 1574 1029 1693 1082; x_wconf 77' lang='lat' dir='ltr'><strong>hznc</strong></span> <span class='ocrx_word' id='word_1_65' title='bbox 1744 1031 1966 1100; x_wconf 88' lang='lat' dir='ltr'><strong>scripta</strong></span> 
     </span>
    </p>
   </div>
   <div class='ocr_carea' id='block_1_11' title="bbox 309 1117 1967 1190">
    <p class='ocr_par' dir='ltr' id='par_1_11' title="bbox 309 1117 1967 1190">
     <span class='ocr_line' id='line_1_11' title="bbox 309 1117 1967 1190; baseline -0.004 -11"><span class='ocrx_word' id='word_1_66' title='bbox 309 1123 489 1179; x_wconf 81' lang='lat' dir='ltr'><strong>fuisse</strong></span> <span class='ocrx_word' id='word_1_67' title='bbox 521 1121 632 1177; x_wconf 84' lang='lat' dir='ltr'><strong>sub</strong></span> <span class='ocrx_word' id='word_1_68' title='bbox 661 1119 829 1174; x_wconf 89' lang='lat' dir='ltr'><strong>initio</strong></span> <span class='ocrx_word' id='word_1_69' title='bbox 853 1119 1046 1190; x_wconf 83' lang='lat' dir='ltr'><strong>quarti</strong></span> <span class='ocrx_word' id='word_1_70' title='bbox 1076 1117 1295 1182; x_wconf 72' lang='lat' dir='ltr'><strong>saeculi,</strong></span> <span class='ocrx_word' id='word_1_71' title='bbox 1329 1121 1430 1172; x_wconf 89' lang='lat' dir='ltr'><strong>aut</strong></span> <span class='ocrx_word' id='word_1_72' title='bbox 1486 1118 1640 1173; x_wconf 86' lang='lat' dir='ltr'><strong>tertii</strong></span> <span class='ocrx_word' id='word_1_73' title='bbox 1702 1118 1832 1186; x_wconf 82' lang='lat' dir='ltr'><strong>fine,</strong></span> <span class='ocrx_word' id='word_1_74' title='bbox 1865 1118 1967 1173; x_wconf 93' lang='lat' dir='ltr'><strong>sed</strong></span> 
     </span>
    </p>
   </div>
   <div class='ocr_carea' id='block_1_12' title="bbox 311 1208 1965 1284">
    <p class='ocr_par' dir='ltr' id='par_1_12' title="bbox 311 1208 1965 1284">
     <span class='ocr_line' id='line_1_12' title="bbox 311 1208 1965 1284; baseline -0.004 -14"><span class='ocrx_word' id='word_1_75' title='bbox 311 1213 508 1284; x_wconf 88' lang='lat' dir='ltr'><strong>potius</strong></span> <span class='ocrx_word' id='word_1_76' title='bbox 532 1211 642 1266; x_wconf 91' lang='lat' dir='ltr'><strong>sub</strong></span> <span class='ocrx_word' id='word_1_77' title='bbox 667 1209 836 1264; x_wconf 89' lang='lat' dir='ltr'><strong>initio</strong></span> <span class='ocrx_word' id='word_1_78' title='bbox 858 1209 1125 1264; x_wconf 72' lang='lat' dir='ltr'><strong>secundi.</strong></span> <span class='ocrx_word' id='word_1_79' title='bbox 1159 1212 1338 1263; x_wconf 90' lang='lat' dir='ltr'><strong>Nemo</strong></span> <span class='ocrx_word' id='word_1_80' title='bbox 1361 1208 1516 1262; x_wconf 92' lang='lat' dir='ltr'><strong>enim</strong></span> <span class='ocrx_word' id='word_1_81' title='bbox 1549 1211 1664 1262; x_wconf 87' lang='lat' dir='ltr'><strong>tam</strong></span> <span class='ocrx_word' id='word_1_82' title='bbox 1686 1209 1830 1262; x_wconf 87' lang='lat' dir='ltr'><strong>seris</strong></span> <span class='ocrx_word' id='word_1_83' title='bbox 1857 1209 1965 1263; x_wconf 79' lang='lat' dir='ltr'><strong>Ec-</strong></span> 
     </span>
    </p>
   </div>
   <div class='ocr_carea' id='block_1_13' title="bbox 309 1297 1964 1372">
    <p class='ocr_par' dir='ltr' id='par_1_13' title="bbox 309 1297 1964 1372">
     <span class='ocr_line' id='line_1_13' title="bbox 309 1297 1964 1372; baseline -0.004 -13"><span class='ocrx_word' id='word_1_84' title='bbox 309 1303 499 1359; x_wconf 72' lang='lat' dir='ltr'><strong>clesiae</strong></span> <span class='ocrx_word' id='word_1_85' title='bbox 528 1300 892 1372; x_wconf 86' lang='lat' dir='ltr'><strong>temporibus</strong></span> <span class='ocrx_word' id='word_1_86' title='bbox 923 1303 1010 1354; x_wconf 86' lang='lat' dir='ltr'><strong>tot</strong></span> <span class='ocrx_word' id='word_1_87' title='bbox 1037 1297 1243 1368; x_wconf 85' lang='lat' dir='ltr'><strong>elogiis</strong></span> <span class='ocrx_word' id='word_1_88' title='bbox 1275 1305 1540 1353; x_wconf 89' lang='lat' dir='ltr'><strong>ornasset</strong></span> <span class='ocrx_word' id='word_1_89' title='bbox 1581 1298 1964 1353; x_wconf 90' lang='lat' dir='ltr'><strong>diaconorum</strong></span> 
     </span>
    </p>
   </div>
   <div class='ocr_carea' id='block_1_14' title="bbox 313 1387 1968 1463">
    <p class='ocr_par' dir='ltr' id='par_1_14' title="bbox 313 1387 1968 1463">
     <span class='ocr_line' id='line_1_14' title="bbox 313 1387 1968 1463; baseline -0.002 -14"><span class='ocrx_word' id='word_1_90' title='bbox 313 1390 762 1463; x_wconf 77' lang='lat' dir='ltr'><strong>ofﬁcium,quod</strong></span> <span class='ocrx_word' id='word_1_91' title='bbox 793 1393 934 1444; x_wconf 90' lang='lat' dir='ltr'><strong>tunc</strong></span> <span class='ocrx_word' id='word_1_92' title='bbox 960 1388 1243 1460; x_wconf 87' lang='lat' dir='ltr'><strong>temporis</strong></span> <span class='ocrx_word' id='word_1_93' title='bbox 1285 1387 1524 1459; x_wconf 88' lang='lat' dir='ltr'><strong>ubique,</strong></span> <span class='ocrx_word' id='word_1_94' title='bbox 1557 1393 1799 1459; x_wconf 88' lang='lat' dir='ltr'><strong>excepta</strong></span> <span class='ocrx_word' id='word_1_95' title='bbox 1851 1405 1968 1445; x_wconf 89' lang='lat' dir='ltr'><strong>una</strong></span> 
     </span>
    </p>
   </div>
   <div class='ocr_carea' id='block_1_15' title="bbox 309 1477 1964 1552">
    <p class='ocr_par' dir='ltr' id='par_1_15' title="bbox 309 1477 1964 1552">
     <span class='ocr_line' id='line_1_15' title="bbox 309 1477 1964 1552; baseline -0.004 -12"><span class='ocrx_word' id='word_1_96' title='bbox 309 1483 561 1541; x_wconf 81' lang='lat' dir='ltr'><strong>ecclesia</strong></span> <span class='ocrx_word' id='word_1_97' title='bbox 593 1481 757 1537; x_wconf 90' lang='lat' dir='ltr'><strong>urbis</strong></span> <span class='ocrx_word' id='word_1_98' title='bbox 789 1479 1236 1548; x_wconf 70' lang='lat' dir='ltr'><strong>Romanm,adeo</strong></span> <span class='ocrx_word' id='word_1_99' title='bbox 1270 1477 1590 1544; x_wconf 87' lang='lat' dir='ltr'><strong>eviluerat;</strong></span> <span class='ocrx_word' id='word_1_100' title='bbox 1623 1494 1796 1534; x_wconf 90' lang='lat' dir='ltr'><strong>nemo</strong></span> <span class='ocrx_word' id='word_1_101' title='bbox 1836 1495 1964 1552; x_wconf 88' lang='lat' dir='ltr'><strong>pre-</strong></span> 
     </span>
    </p>
   </div>
   <div class='ocr_carea' id='block_1_16' title="bbox 311 1568 1968 1650">
    <p class='ocr_par' dir='ltr' id='par_1_16' title="bbox 311 1568 1968 1650">
     <span class='ocr_line' id='line_1_16' title="bbox 311 1568 1968 1650; baseline -0.005 -17"><span class='ocrx_word' id='word_1_102' title='bbox 311 1575 635 1650; x_wconf 80' lang='lat' dir='ltr'><strong>sbyterium</strong></span> <span class='ocrx_word' id='word_1_103' title='bbox 667 1575 755 1628; x_wconf 90' lang='lat' dir='ltr'><strong>tot</strong></span> <span class='ocrx_word' id='word_1_104' title='bbox 787 1569 1065 1627; x_wconf 83' lang='lat' dir='ltr'><strong>laudibus</strong></span> <span class='ocrx_word' id='word_1_105' title='bbox 1096 1568 1477 1637; x_wconf 87' lang='lat' dir='ltr'><strong>cumulasset,</strong></span> <span class='ocrx_word' id='word_1_106' title='bbox 1509 1573 1676 1625; x_wconf 90' lang='lat' dir='ltr'><strong>tanta</strong></span> <span class='ocrx_word' id='word_1_107' title='bbox 1715 1569 1968 1627; x_wconf 85' lang='lat' dir='ltr'><strong>auctori-</strong></span> 
     </span>
    </p>
   </div>
   <div class='ocr_carea' id='block_1_17' title="bbox 2079 582 3742 655">
    <p class='ocr_par' dir='ltr' id='par_1_17' title="bbox 2079 582 3742 655">
     <span class='ocr_line' id='line_1_17' title="bbox 2079 582 3742 655; baseline -0.002 -16"><span class='ocrx_word' id='word_1_108' title='bbox 2079 586 2570 655; x_wconf 79' lang='lat' dir='ltr'><strong>Alexandrise,ubi</strong></span> <span class='ocrx_word' id='word_1_109' title='bbox 2595 587 2848 642; x_wconf 87' lang='lat' dir='ltr'><strong>maxime</strong></span> <span class='ocrx_word' id='word_1_110' title='bbox 2878 586 3179 653; x_wconf 81' lang='lat' dir='ltr'><strong>ﬂoruerat,</strong></span> <span class='ocrx_word' id='word_1_111' title='bbox 3213 588 3515 654; x_wconf 86' lang='lat' dir='ltr'><strong>tantopere</strong></span> <span class='ocrx_word' id='word_1_112' title='bbox 3545 582 3742 638; x_wconf 86' lang='lat' dir='ltr'><strong>immi-</strong></span> 
     </span>
    </p>
   </div>
   <div class='ocr_carea' id='block_1_18' title="bbox 2078 673 3735 742">
    <p class='ocr_par' dir='ltr' id='par_1_18' title="bbox 2078 673 3735 742">
     <span class='ocr_line' id='line_1_18' title="bbox 2078 673 3735 742; baseline -0.002 -12"><span class='ocrx_word' id='word_1_113' title='bbox 2078 680 2218 730; x_wconf 88' lang='lat' dir='ltr'><strong>nuta</strong></span> <span class='ocrx_word' id='word_1_114' title='bbox 2247 682 2354 731; x_wconf 88' lang='lat' dir='ltr'><strong>est.</strong></span> <span class='ocrx_word' id='word_1_115' title='bbox 2391 676 2551 730; x_wconf 86' lang='lat' dir='ltr'><strong>Vidit</strong></span> <span class='ocrx_word' id='word_1_116' title='bbox 2578 676 2689 732; x_wconf 91' lang='lat' dir='ltr'><strong>hoc</strong></span> <span class='ocrx_word' id='word_1_117' title='bbox 2708 675 3056 742; x_wconf 88' lang='lat' dir='ltr'><strong>Salmasius,</strong></span> <span class='ocrx_word' id='word_1_118' title='bbox 3090 681 3143 728; x_wconf 90' lang='lat' dir='ltr'><strong>et</strong></span> <span class='ocrx_word' id='word_1_119' title='bbox 3169 674 3240 728; x_wconf 87' lang='lat' dir='ltr'><strong>ob</strong></span> <span class='ocrx_word' id='word_1_120' title='bbox 3269 689 3394 726; x_wconf 85' lang='lat' dir='ltr'><strong>eam</strong></span> <span class='ocrx_word' id='word_1_121' title='bbox 3444 673 3735 727; x_wconf 91' lang='lat' dir='ltr'><strong>rationem</strong></span> 
     </span>
    </p>
   </div>
   <div class='ocr_carea' id='block_1_19' title="bbox 2077 761 3741 836">
    <p class='ocr_par' dir='ltr' id='par_1_19' title="bbox 2077 761 3741 836">
     <span class='ocr_line' id='line_1_19' title="bbox 2077 761 3741 836; baseline -0.002 -16"><span class='ocrx_word' id='word_1_122' title='bbox 2077 767 2360 836; x_wconf 83' lang='lat' dir='ltr'><strong>scriptum</strong></span> <span class='ocrx_word' id='word_1_123' title='bbox 2393 765 2523 832; x_wconf 90' lang='lat' dir='ltr'><strong>hoc,</strong></span> <span class='ocrx_word' id='word_1_124' title='bbox 2549 767 2953 836; x_wconf 85' lang='lat' dir='ltr'><strong>cujuscunque</strong></span> <span class='ocrx_word' id='word_1_125' title='bbox 2985 764 3080 830; x_wconf 87' lang='lat' dir='ltr'><strong>sit,</strong></span> <span class='ocrx_word' id='word_1_126' title='bbox 3116 762 3373 818; x_wconf 87' lang='lat' dir='ltr'><strong>secundo</strong></span> <span class='ocrx_word' id='word_1_127' title='bbox 3397 761 3609 816; x_wconf 67' lang='lat' dir='ltr'><strong>saeculo</strong></span> <span class='ocrx_word' id='word_1_128' title='bbox 3638 778 3741 817; x_wconf 81' lang='lat' dir='ltr'><strong>as-</strong></span> 
     </span>
    </p>
   </div>
   <div class='ocr_carea' id='block_1_20' title="bbox 2077 850 3739 925">
    <p class='ocr_par' dir='ltr' id='par_1_20' title="bbox 2077 850 3739 925">
     <span class='ocr_line' id='line_1_20' title="bbox 2077 850 3739 925; baseline -0.002 -16"><span class='ocrx_word' id='word_1_129' title='bbox 2077 856 2386 910; x_wconf 82' lang='lat' dir='ltr'><strong>serendum</strong></span> <span class='ocrx_word' id='word_1_130' title='bbox 2412 855 2716 925; x_wconf 87' lang='lat' dir='ltr'><strong>judicavit.</strong></span> <span class='ocrx_word' id='word_1_131' title='bbox 2752 855 2820 908; x_wconf 89' lang='lat' dir='ltr'><strong>Et</strong></span> <span class='ocrx_word' id='word_1_132' title='bbox 2844 855 2889 907; x_wconf 87' lang='lat' dir='ltr'><strong>si</strong></span> <span class='ocrx_word' id='word_1_133' title='bbox 2924 852 3068 924; x_wconf 89' lang='lat' dir='ltr'><strong>quid</strong></span> <span class='ocrx_word' id='word_1_134' title='bbox 3097 868 3203 923; x_wconf 86' lang='lat' dir='ltr'><strong>ego</strong></span> <span class='ocrx_word' id='word_1_135' title='bbox 3229 852 3286 906; x_wconf 90' lang='lat' dir='ltr'><strong>in</strong></span> <span class='ocrx_word' id='word_1_136' title='bbox 3322 851 3427 905; x_wconf 85' lang='lat' dir='ltr'><strong>hac</strong></span> <span class='ocrx_word' id='word_1_137' title='bbox 3469 869 3528 906; x_wconf 91' lang='lat' dir='ltr'><strong>re</strong></span> <span class='ocrx_word' id='word_1_138' title='bbox 3561 850 3739 906; x_wconf 80' lang='lat' dir='ltr'><strong>intel-</strong></span> 
     </span>
    </p>
   </div>
   <div class='ocr_carea' id='block_1_21' title="bbox 2077 939 3737 1014">
    <p class='ocr_par' dir='ltr' id='par_1_21' title="bbox 2077 939 3737 1014">
     <span class='ocr_line' id='line_1_21' title="bbox 2077 939 3737 1014; baseline -0.001 -18"><span class='ocrx_word' id='word_1_139' title='bbox 2077 943 2215 1014; x_wconf 84' lang='lat' dir='ltr'><strong>ligo,</strong></span> <span class='ocrx_word' id='word_1_140' title='bbox 2247 943 2582 1014; x_wconf 88' lang='lat' dir='ltr'><strong>quicunque</strong></span> <span class='ocrx_word' id='word_1_141' title='bbox 2607 941 2986 1013; x_wconf 89' lang='lat' dir='ltr'><strong>presbyterali</strong></span> <span class='ocrx_word' id='word_1_142' title='bbox 3035 939 3310 1011; x_wconf 87' lang='lat' dir='ltr'><strong>dignitati</strong></span> <span class='ocrx_word' id='word_1_143' title='bbox 3363 939 3737 995; x_wconf 81' lang='lat' dir='ltr'><strong>auctoritati-</strong></span> 
     </span>
    </p>
   </div>
   <div class='ocr_carea' id='block_1_22' title="bbox 2076 1029 3743 1105">
    <p class='ocr_par' dir='ltr' id='par_1_22' title="bbox 2076 1029 3743 1105">
     <span class='ocr_line' id='line_1_22' title="bbox 2076 1029 3743 1105; baseline -0.002 -18"><span class='ocrx_word' id='word_1_144' title='bbox 2076 1050 2188 1105; x_wconf 88' lang='lat' dir='ltr'><strong>que</strong></span> <span class='ocrx_word' id='word_1_145' title='bbox 2221 1035 2473 1088; x_wconf 85' lang='lat' dir='ltr'><strong>maxime</strong></span> <span class='ocrx_word' id='word_1_146' title='bbox 2505 1035 2763 1099; x_wconf 89' lang='lat' dir='ltr'><strong>student,</strong></span> <span class='ocrx_word' id='word_1_147' title='bbox 2799 1047 2912 1087; x_wconf 92' lang='lat' dir='ltr'><strong>non</strong></span> <span class='ocrx_word' id='word_1_148' title='bbox 2948 1029 3169 1085; x_wconf 88' lang='lat' dir='ltr'><strong>habent</strong></span> <span class='ocrx_word' id='word_1_149' title='bbox 3198 1046 3314 1083; x_wconf 68' lang='lat' dir='ltr'><strong>sua!</strong></span> <span class='ocrx_word' id='word_1_150' title='bbox 3360 1030 3743 1084; x_wconf 84' lang='lat' dir='ltr'><strong>existimatio-</strong></span> 
     </span>
    </p>
   </div>
   <div class='ocr_carea' id='block_1_23' title="bbox 2078 1117 3746 1189">
    <p class='ocr_par' dir='ltr' id='par_1_23' title="bbox 2078 1117 3746 1189">
     <span class='ocr_line' id='line_1_23' title="bbox 2078 1117 3746 1189; baseline -0.004 -11"><span class='ocrx_word' id='word_1_151' title='bbox 2078 1124 2167 1178; x_wconf 88' lang='lat' dir='ltr'><strong>nis</strong></span> <span class='ocrx_word' id='word_1_152' title='bbox 2197 1124 2424 1179; x_wconf 82' lang='lat' dir='ltr'><strong>ﬁrmius</strong></span> <span class='ocrx_word' id='word_1_153' title='bbox 2455 1128 2557 1178; x_wconf 92' lang='lat' dir='ltr'><strong>aut</strong></span> <span class='ocrx_word' id='word_1_154' title='bbox 2587 1121 2836 1178; x_wconf 90' lang='lat' dir='ltr'><strong>solidius</strong></span> <span class='ocrx_word' id='word_1_155' title='bbox 2870 1121 3314 1175; x_wconf 83' lang='lat' dir='ltr'><strong>fundamentum</strong></span> <span class='ocrx_word' id='word_1_156' title='bbox 3377 1136 3552 1189; x_wconf 87' lang='lat' dir='ltr'><strong>quam</strong></span> <span class='ocrx_word' id='word_1_157' title='bbox 3593 1117 3746 1189; x_wconf 90' lang='lat' dir='ltr'><strong>epis-</strong></span> 
     </span>
    </p>
   </div>
   <div class='ocr_carea' id='block_1_24' title="bbox 2075 1207 3741 1284">
    <p class='ocr_par' dir='ltr' id='par_1_24' title="bbox 2075 1207 3741 1284">
     <span class='ocr_line' id='line_1_24' title="bbox 2075 1207 3741 1284; baseline -0.004 -16"><span class='ocrx_word' id='word_1_158' title='bbox 2075 1213 2224 1268; x_wconf 89' lang='lat' dir='ltr'><strong>tolas</strong></span> <span class='ocrx_word' id='word_1_159' title='bbox 2252 1214 2311 1269; x_wconf 91' lang='lat' dir='ltr'><strong>S.</strong></span> <span class='ocrx_word' id='word_1_160' title='bbox 2348 1213 2556 1284; x_wconf 88' lang='lat' dir='ltr'><strong>Ignatii</strong></span> <span class='ocrx_word' id='word_1_161' title='bbox 2587 1211 2768 1268; x_wconf 89' lang='lat' dir='ltr'><strong>nostri</strong></span> <span class='ocrx_word' id='word_1_162' title='bbox 2803 1225 2817 1264; x_wconf 89' lang='lat'><strong>:</strong></span> <span class='ocrx_word' id='word_1_163' title='bbox 2871 1225 3060 1280; x_wconf 88' lang='lat' dir='ltr'><strong>neque</strong></span> <span class='ocrx_word' id='word_1_164' title='bbox 3111 1209 3268 1264; x_wconf 90' lang='lat' dir='ltr'><strong>enim</strong></span> <span class='ocrx_word' id='word_1_165' title='bbox 3326 1208 3386 1262; x_wconf 91' lang='lat' dir='ltr'><strong>in</strong></span> <span class='ocrx_word' id='word_1_166' title='bbox 3445 1207 3561 1262; x_wconf 90' lang='lat' dir='ltr'><strong>ullo</strong></span> <span class='ocrx_word' id='word_1_167' title='bbox 3604 1222 3741 1263; x_wconf 89' lang='lat' dir='ltr'><strong>vere</strong></span> 
     </span>
    </p>
   </div>
   <div class='ocr_carea' id='block_1_25' title="bbox 2078 1299 3749 1375">
    <p class='ocr_par' dir='ltr' id='par_1_25' title="bbox 2078 1299 3749 1375">
     <span class='ocr_line' id='line_1_25' title="bbox 2078 1299 3749 1375; baseline -0.003 -16"><span class='ocrx_word' id='word_1_168' title='bbox 2078 1303 2320 1375; x_wconf 90' lang='lat' dir='ltr'><strong>antiquo</strong></span> <span class='ocrx_word' id='word_1_169' title='bbox 2353 1303 2634 1375; x_wconf 89' lang='lat' dir='ltr'><strong>scriptore</strong></span> <span class='ocrx_word' id='word_1_170' title='bbox 2665 1306 2828 1357; x_wconf 85' lang='lat' dir='ltr'><strong>extra</strong></span> <span class='ocrx_word' id='word_1_171' title='bbox 2861 1301 2966 1356; x_wconf 91' lang='lat' dir='ltr'><strong>has</strong></span> <span class='ocrx_word' id='word_1_172' title='bbox 2998 1299 3278 1371; x_wconf 88' lang='lat' dir='ltr'><strong>epistolas</strong></span> <span class='ocrx_word' id='word_1_173' title='bbox 3311 1303 3398 1354; x_wconf 86' lang='lat' dir='ltr'><strong>tot</strong></span> <span class='ocrx_word' id='word_1_174' title='bbox 3455 1315 3522 1354; x_wconf 91' lang='lat' dir='ltr'><strong>ac</strong></span> <span class='ocrx_word' id='word_1_175' title='bbox 3577 1302 3749 1354; x_wconf 88' lang='lat' dir='ltr'><strong>tanta</strong></span> 
     </span>
    </p>
   </div>
   <div class='ocr_carea' id='block_1_26' title="bbox 2079 1386 3742 1464">
    <p class='ocr_par' dir='ltr' id='par_1_26' title="bbox 2079 1386 3742 1464">
     <span class='ocr_line' id='line_1_26' title="bbox 2079 1386 3742 1464; baseline -0.004 -17"><span class='ocrx_word' id='word_1_176' title='bbox 2079 1394 2519 1464; x_wconf 80' lang='lat' dir='ltr'><strong>presbyteratus</strong></span> <span class='ocrx_word' id='word_1_177' title='bbox 2571 1392 2860 1463; x_wconf 79' lang='lat' dir='ltr'><strong>praeconia</strong></span> <span class='ocrx_word' id='word_1_178' title='bbox 2933 1389 3251 1458; x_wconf 88' lang='lat' dir='ltr'><strong>invenient,</strong></span> <span class='ocrx_word' id='word_1_179' title='bbox 3307 1403 3494 1460; x_wconf 90' lang='lat' dir='ltr'><strong>neque</strong></span> <span class='ocrx_word' id='word_1_180' title='bbox 3576 1386 3742 1442; x_wconf 90' lang='lat' dir='ltr'><strong>illius</strong></span> 
     </span>
    </p>
   </div>
   <div class='ocr_carea' id='block_1_27' title="bbox 2079 1475 3742 1552">
    <p class='ocr_par' dir='ltr' id='par_1_27' title="bbox 2079 1475 3742 1552">
     <span class='ocr_line' id='line_1_27' title="bbox 2079 1475 3742 1552; baseline -0.004 -15"><span class='ocrx_word' id='word_1_181' title='bbox 2079 1481 2300 1537; x_wconf 91' lang='lat' dir='ltr'><strong>ordinis</strong></span> <span class='ocrx_word' id='word_1_182' title='bbox 2333 1483 2614 1537; x_wconf 89' lang='lat' dir='ltr'><strong>honorem</strong></span> <span class='ocrx_word' id='word_1_183' title='bbox 2643 1481 2768 1536; x_wconf 90' lang='lat' dir='ltr'><strong>sine</strong></span> <span class='ocrx_word' id='word_1_184' title='bbox 2796 1481 3168 1552; x_wconf 86' lang='lat' dir='ltr'><strong>episcopatus</strong></span> <span class='ocrx_word' id='word_1_185' title='bbox 3223 1477 3604 1550; x_wconf 69' lang='lat' dir='ltr'><strong>praerogativa</strong></span> <span class='ocrx_word' id='word_1_186' title='bbox 3651 1475 3742 1532; x_wconf 90' lang='lat' dir='ltr'><strong>ul-</strong></span> 
     </span>
    </p>
   </div>
   <div class='ocr_carea' id='block_1_28' title="bbox 2075 1569 2937 1643">
    <p class='ocr_par' dir='ltr' id='par_1_28' title="bbox 2075 1569 2937 1643">
     <span class='ocr_line' id='line_1_28' title="bbox 2075 1569 2937 1643; baseline -0.002 -17"><span class='ocrx_word' id='word_1_187' title='bbox 2075 1571 2180 1627; x_wconf 91' lang='lat' dir='ltr'><strong>libi</strong></span> <span class='ocrx_word' id='word_1_188' title='bbox 2214 1572 2601 1628; x_wconf 88' lang='lat' dir='ltr'><strong>constitutum</strong></span> <span class='ocrx_word' id='word_1_189' title='bbox 2629 1569 2937 1643; x_wconf 89' lang='lat' dir='ltr'><strong>reperient.</strong></span> 
     </span>
    </p>
   </div>
   <div class='ocr_carea' id='block_1_29' title="bbox 1349 1725 2699 1798">
    <p class='ocr_par' dir='ltr' id='par_1_29' title="bbox 1349 1725 2699 1798">
     <span class='ocr_line' id='line_1_29' title="bbox 1349 1725 2699 1798; baseline 0.004 -19"><span class='ocrx_word' id='word_1_190' title='bbox 1349 1725 1859 1782; x_wconf 79' lang='lat' dir='ltr'><strong>Pearsonianarum</strong></span> <span class='ocrx_word' id='word_1_191' title='bbox 1891 1727 2097 1798; x_wconf 79' lang='lat' dir='ltr'><strong>Ignatii</strong></span> <span class='ocrx_word' id='word_1_192' title='bbox 2129 1725 2514 1784; x_wconf 76' lang='lat' dir='ltr'><strong>Vindiczarum</strong></span> <span class='ocrx_word' id='word_1_193' title='bbox 2551 1726 2699 1796; x_wconf 81' lang='lat' dir='ltr'><strong>ﬁnis.</strong></span> 
     </span>
    </p>
   </div>
   <div class='ocr_carea' id='block_1_30' title="bbox 1341 2090 2705 2244">
    <p class='ocr_par' dir='ltr' id='par_1_30' title="bbox 1341 2090 2705 2244">
     <span class='ocr_line' id='line_1_30' title="bbox 1341 2090 2705 2244; baseline 0 -2"><span class='ocrx_word' id='word_1_194' title='bbox 1341 2090 2705 2244; x_wconf 82' lang='lat' dir='ltr'><strong>DIS’SERTATIO</strong></span> 
     </span>
    </p>
   </div>
   <div class='ocr_carea' id='block_1_31' title="bbox 1042 2385 3033 2486">
    <p class='ocr_par' dir='ltr' id='par_1_31' title="bbox 1042 2385 3033 2486">
     <span class='ocr_line' id='line_1_31' title="bbox 1042 2385 3033 2486; baseline -0.005 0"><span class='ocrx_word' id='word_1_195' title='bbox 1042 2391 1205 2486; x_wconf 93' lang='lat' dir='ltr'><strong>DE</strong></span> <span class='ocrx_word' id='word_1_196' title='bbox 1281 2387 1930 2484; x_wconf 89' lang='lat' dir='ltr'><strong>EPISTOLIS</strong></span> <span class='ocrx_word' id='word_1_197' title='bbox 2001 2385 2449 2481; x_wconf 89' lang='lat' dir='ltr'><strong>SANCTI</strong></span> <span class='ocrx_word' id='word_1_198' title='bbox 2542 2385 3033 2480; x_wconf 89' lang='lat' dir='ltr'><strong>IGNATII</strong></span> 
     </span>
    </p>
   </div>
   <div class='ocr_carea' id='block_1_32' title="bbox 1246 2594 2792 2665">
    <p class='ocr_par' dir='ltr' id='par_1_32' title="bbox 1246 2594 2792 2665">
     <span class='ocr_line' id='line_1_32' title="bbox 1246 2594 2792 2665; baseline -0.001 -11"><span class='ocrx_word' id='word_1_199' title='bbox 1246 2599 1477 2665; x_wconf 84' lang='lat' dir='ltr'>VERIS,</span> <span class='ocrx_word' id='word_1_200' title='bbox 1537 2597 2054 2657; x_wconf 81' lang='lat' dir='ltr'><strong>INTERPOLATIS</strong></span> <span class='ocrx_word' id='word_1_201' title='bbox 2109 2597 2196 2653; x_wconf 84' lang='lat' dir='ltr'><strong>ET</strong></span> <span class='ocrx_word' id='word_1_202' title='bbox 2253 2594 2792 2653; x_wconf 86' lang='lat' dir='ltr'><strong>SUPPOSITITIIS.</strong></span> 
     </span>
    </p>
   </div>
   <div class='ocr_carea' id='block_1_33' title="bbox 478 2765 3584 2893">
    <p class='ocr_par' dir='ltr' id='par_1_33' title="bbox 478 2765 3584 2893">
     <span class='ocr_line' id='line_1_33' title="bbox 478 2765 3584 2893; baseline -0.003 -64"><span class='ocrx_word' id='word_1_203' title='bbox 478 2774 709 2831; x_wconf 76' lang='lat' dir='ltr'><strong>Auctore</strong></span> <span class='ocrx_word' id='word_1_204' title='bbox 784 2774 846 2828; x_wconf 93' lang='lat' dir='ltr'><strong>D.</strong></span> <span class='ocrx_word' id='word_1_205' title='bbox 926 2774 1002 2828; x_wconf 84' lang='lat' dir='ltr'><strong>La</strong></span> <span class='ocrx_word' id='word_1_206' title='bbox 1077 2771 1342 2838; x_wconf 67' lang='lat' dir='ltr'><strong>Nonnus,</strong></span> <span class='ocrx_word' id='word_1_207' title='bbox 1417 2769 1732 2841; x_wconf 78' lang='lat' dir='ltr'><strong>presbytero</strong></span> <span class='ocrx_word' id='word_1_208' title='bbox 1803 2775 1854 2823; x_wconf 86' lang='lat' dir='ltr'><strong>et</strong></span> <span class='ocrx_word' id='word_1_209' title='bbox 1879 2766 2190 2893; x_wconf 57' lang='lat' dir='ltr'><strong>Sm‘qnaclto</strong></span> <span class='ocrx_word' id='word_1_210' title='bbox 2265 2765 2476 2822; x_wconf 73' lang='lat' dir='ltr'><strong>ordinis</strong></span> <span class='ocrx_word' id='word_1_211' title='bbox 2551 2765 2605 2821; x_wconf 91' lang='lat' dir='ltr'><strong>S.</strong></span> <span class='ocrx_word' id='word_1_212' title='bbox 2683 2765 2978 2821; x_wconf 76' lang='lat' dir='ltr'><strong>Benedicti</strong></span> <span class='ocrx_word' id='word_1_213' title='bbox 3055 2781 3085 2821; x_wconf 83' lang='lat' dir='ltr'><strong>c</strong></span> <span class='ocrx_word' id='word_1_214' title='bbox 3159 2767 3584 2837; x_wconf 81' lang='lat' dir='ltr'><strong>congregatione</strong></span> 
     </span>
     <span class='ocr_line' id='line_1_34' title="bbox 1923 2855 2171 2893; baseline 0 0"><span class='ocrx_word' id='word_1_215' title='bbox 1923 2879 1936 2893; x_wconf 93' lang='lat'><strong>.</strong></span> <span class='ocrx_word' id='word_1_216' title='bbox 2019 2855 2171 2893; x_wconf 70' lang='grc' dir='ltr'><strong>(ιω-ι.</strong></span> 
     </span>
    </p>
   </div>
   <div class='ocr_carea' id='block_1_34' title="bbox 1923 2855 2171 2896">
    <p class='ocr_par' dir='ltr' id='par_1_34' title="bbox 1923 2855 2171 2896">
     <span class='ocr_line' id='line_1_35' title="bbox 1923 2855 2171 2896; baseline 0.008 -3"><span class='ocrx_word' id='word_1_217' title='bbox 1923 2879 1936 2893; x_wconf 87' lang='grc'><strong>.</strong></span> <span class='ocrx_word' id='word_1_218' title='bbox 1969 2855 2171 2896; x_wconf 75' lang='lat' dir='ltr'><strong>uaurt.</strong></span> 
     </span>
    </p>
   </div>
   <div class='ocr_carea' id='block_1_35' title="bbox 977 3005 3071 3084">
    <p class='ocr_par' dir='ltr' id='par_1_35' title="bbox 977 3005 3071 3084">
     <span class='ocr_line' id='line_1_36' title="bbox 977 3005 3071 3084; baseline -0.005 -15"><span class='ocrx_word' id='word_1_219' title='bbox 977 3013 1285 3084; x_wconf 74' lang='lat' dir='ltr'><strong>Apparatus</strong></span> <span class='ocrx_word' id='word_1_220' title='bbox 1315 3010 1394 3066; x_wconf 84' lang='lat' dir='ltr'><strong>ad</strong></span> <span class='ocrx_word' id='word_1_221' title='bbox 1427 3009 1820 3066; x_wconf 80' lang='lat' dir='ltr'><strong>Bibliothecam</strong></span> <span class='ocrx_word' id='word_1_222' title='bbox 1866 3008 2125 3074; x_wconf 86' lang='lat' dir='ltr'><strong>Patrum,</strong></span> <span class='ocrx_word' id='word_1_223' title='bbox 2157 3007 2204 3075; x_wconf 83' lang='grc' dir='ltr'>Ι,</span> <span class='ocrx_word' id='word_1_224' title='bbox 2236 3008 2329 3076; x_wconf 88' lang='lat'><strong>78,</strong></span> <span class='ocrx_word' id='word_1_225' title='bbox 2361 3005 2626 3074; x_wconf 89' lang='lat' dir='ltr'><strong>Parisiis,</strong></span> <span class='ocrx_word' id='word_1_226' title='bbox 2659 3007 2817 3076; x_wconf 87' lang='grc'><strong>1703,</strong></span> <span class='ocrx_word' id='word_1_227' title='bbox 2852 3005 3071 3078; x_wconf 86' lang='lat' dir='ltr'><strong>in-t‘ol.)</strong></span> 
     </span>
    </p>
   </div>
   <div class='ocr_carea' id='block_1_36' title="bbox 1613 3296 2418 3391">
    <p class='ocr_par' dir='ltr' id='par_1_36' title="bbox 1613 3296 2418 3391">
     <span class='ocr_line' id='line_1_37' title="bbox 1613 3296 2418 3391; baseline -0.001 -2"><span class='ocrx_word' id='word_1_228' title='bbox 1613 3297 1926 3391; x_wconf 85' lang='lat' dir='ltr'><strong>PARS</strong></span> <span class='ocrx_word' id='word_1_229' title='bbox 2004 3296 2418 3390; x_wconf 80' lang='lat' dir='ltr'><strong>PRIMA.</strong></span> 
     </span>
    </p>
   </div>
   <div class='ocr_carea' id='block_1_37' title="bbox 1345 3473 2700 3549">
    <p class='ocr_par' dir='ltr' id='par_1_37' title="bbox 1345 3473 2700 3549">
     <span class='ocr_line' id='line_1_38' title="bbox 1345 3473 2700 3549; baseline -0.001 -19"><span class='ocrx_word' id='word_1_230' title='bbox 1345 3477 1429 3532; x_wconf 92' lang='lat' dir='ltr'><strong>De</strong></span> <span class='ocrx_word' id='word_1_231' title='bbox 1486 3475 1675 3532; x_wconf 90' lang='lat' dir='ltr'><strong>veris</strong></span> <span class='ocrx_word' id='word_1_232' title='bbox 1731 3476 1961 3533; x_wconf 86' lang='lat' dir='ltr'><strong>sancti</strong></span> <span class='ocrx_word' id='word_1_233' title='bbox 2017 3475 2283 3549; x_wconf 90' lang='lat' dir='ltr'><strong>Ignatii</strong></span> <span class='ocrx_word' id='word_1_234' title='bbox 2341 3473 2700 3546; x_wconf 88' lang='lat' dir='ltr'><strong>epistolis.</strong></span> 
     </span>
    </p>
   </div>
   <div class='ocr_carea' id='block_1_38' title="bbox 847 3627 1451 3688">
    <p class='ocr_par' dir='ltr' id='par_1_38' title="bbox 847 3627 1451 3688">
     <span class='ocr_line' id='line_1_39' title="bbox 847 3627 1451 3688; baseline -0.007 -2"><span class='ocrx_word' id='word_1_235' title='bbox 847 3630 1079 3688; x_wconf 86' lang='lat' dir='ltr'>CAPUT</span> <span class='ocrx_word' id='word_1_236' title='bbox 1142 3627 1451 3686; x_wconf 81' lang='lat' dir='ltr'><strong>PRIMUM.</strong></span> 
     </span>
    </p>
   </div>
   <div class='ocr_carea' id='block_1_39' title="bbox 315 3759 1978 3814">
    <p class='ocr_par' dir='ltr' id='par_1_39' title="bbox 315 3759 1978 3814">
     <span class='ocr_line' id='line_1_40' title="bbox 315 3759 1978 3814; baseline -0.004 -7"><span class='ocrx_word' id='word_1_237' title='bbox 315 3767 518 3810; x_wconf 67' lang='lat' dir='ltr'><strong>STATUS</strong></span> <span class='ocrx_word' id='word_1_238' title='bbox 574 3765 922 3814; x_wconf 67' lang='grc' dir='ltr'><strong>οῠιεετιοκιε</strong></span> <span class='ocrx_word' id='word_1_239' title='bbox 974 3765 1040 3803; x_wconf 82' lang='grc' dir='ltr'><strong>ΕΤ</strong></span> <span class='ocrx_word' id='word_1_240' title='bbox 1119 3759 1497 3802; x_wconf 67' lang='grc' dir='ltr'><strong>ρεΝυιΝΑιιυΜ</strong></span> <span class='ocrx_word' id='word_1_241' title='bbox 1555 3762 1760 3801; x_wconf 76' lang='lat' dir='ltr'><strong>IGNATII</strong></span> <span class='ocrx_word' id='word_1_242' title='bbox 1823 3760 1978 3800; x_wconf 85' lang='lat' dir='ltr'>EPIS-</span> 
     </span>
    </p>
   </div>
   <div class='ocr_carea' id='block_1_40' title="bbox 638 3834 1656 3877">
    <p class='ocr_par' dir='ltr' id='par_1_40' title="bbox 638 3834 1656 3877">
     <span class='ocr_line' id='line_1_41' title="bbox 638 3834 1656 3877; baseline -0.003 -1"><span class='ocrx_word' id='word_1_243' title='bbox 638 3837 907 3877; x_wconf 67' lang='lat' dir='ltr'><strong>TOLARUH</strong></span> <span class='ocrx_word' id='word_1_244' title='bbox 961 3837 1224 3876; x_wconf 76' lang='lat' dir='ltr'><strong>ANALYSIS</strong></span> <span class='ocrx_word' id='word_1_245' title='bbox 1277 3834 1656 3874; x_wconf 78' lang='lat' dir='ltr'><strong>PROPONITUR.</strong></span> 
     </span>
    </p>
   </div>
   <div class='ocr_carea' id='block_1_41' title="bbox 619 3936 1668 4008">
    <p class='ocr_par' dir='ltr' id='par_1_41' title="bbox 619 3936 1668 4008">
     <span class='ocr_line' id='line_1_42' title="bbox 619 3936 1668 4008; baseline -0.004 -17"><span class='ocrx_word' id='word_1_246' title='bbox 619 3939 648 4006; x_wconf 68' lang='grc' dir='ltr'>δ</span> <span class='ocrx_word' id='word_1_247' title='bbox 677 3937 718 3991; x_wconf 95' lang='grc' dir='ltr'><strong>Ι.</strong></span> <span class='ocrx_word' id='word_1_248' title='bbox 753 3937 943 3992; x_wconf 80' lang='lat' dir='ltr'><strong>Status</strong></span> <span class='ocrx_word' id='word_1_249' title='bbox 972 3937 1294 4008; x_wconf 68' lang='lat' dir='ltr'><strong>quaestionis</strong></span> <span class='ocrx_word' id='word_1_250' title='bbox 1321 3936 1668 4006; x_wconf 84' lang='lat' dir='ltr'><strong>proponitur.</strong></span> 
     </span>
    </p>
   </div>
   <div class='ocr_carea' id='block_1_42' title="bbox 390 4053 1980 4128">
    <p class='ocr_par' dir='ltr' id='par_1_42' title="bbox 390 4053 1980 4128">
     <span class='ocr_line' id='line_1_43' title="bbox 390 4053 1980 4128; baseline -0.002 -15"><span class='ocrx_word' id='word_1_251' title='bbox 390 4057 654 4122; x_wconf 87' lang='lat' dir='ltr'><strong>Quatuor</strong></span> <span class='ocrx_word' id='word_1_252' title='bbox 674 4063 810 4111; x_wconf 87' lang='lat' dir='ltr'><strong>sunt</strong></span> <span class='ocrx_word' id='word_1_253' title='bbox 841 4054 1225 4128; x_wconf 88' lang='lat' dir='ltr'><strong>epistolarum</strong></span> <span class='ocrx_word' id='word_1_254' title='bbox 1286 4053 1491 4126; x_wconf 89' lang='lat' dir='ltr'><strong>Ignatii</strong></span> <span class='ocrx_word' id='word_1_255' title='bbox 1553 4053 1789 4122; x_wconf 88' lang='lat' dir='ltr'><strong>classes,</strong></span> <span class='ocrx_word' id='word_1_256' title='bbox 1833 4069 1980 4125; x_wconf 91' lang='lat' dir='ltr'><strong>qua-</strong></span> 
     </span>
    </p>
   </div>
   <div class='ocr_carea' id='block_1_43' title="bbox 320 4144 1980 4218">
    <p class='ocr_par' dir='ltr' id='par_1_43' title="bbox 320 4144 1980 4218">
     <span class='ocr_line' id='line_1_44' title="bbox 320 4144 1980 4218; baseline -0.002 -15"><span class='ocrx_word' id='word_1_257' title='bbox 320 4163 453 4203; x_wconf 89' lang='lat' dir='ltr'><strong>rum</strong></span> <span class='ocrx_word' id='word_1_258' title='bbox 486 4147 677 4218; x_wconf 87' lang='lat' dir='ltr'><strong>prima</strong></span> <span class='ocrx_word' id='word_1_259' title='bbox 706 4161 907 4202; x_wconf 89' lang='lat' dir='ltr'><strong>earum</strong></span> <span class='ocrx_word' id='word_1_260' title='bbox 965 4148 1075 4212; x_wconf 88' lang='lat' dir='ltr'><strong>est,</strong></span> <span class='ocrx_word' id='word_1_261' title='bbox 1137 4160 1287 4216; x_wconf 90' lang='lat' dir='ltr'><strong>quas</strong></span> <span class='ocrx_word' id='word_1_262' title='bbox 1341 4144 1576 4199; x_wconf 89' lang='lat' dir='ltr'><strong>Isaacus</strong></span> <span class='ocrx_word' id='word_1_263' title='bbox 1637 4144 1882 4199; x_wconf 81' lang='lat' dir='ltr'><strong>Vossius</strong></span> <span class='ocrx_word' id='word_1_264' title='bbox 1912 4159 1980 4200; x_wconf 79' lang='lat' dir='ltr'><strong>ex</strong></span> 
     </span>
    </p>
   </div>
   <div class='ocr_carea' id='block_1_44' title="bbox 325 4233 1981 4307">
    <p class='ocr_par' dir='ltr' id='par_1_44' title="bbox 325 4233 1981 4307">
     <span class='ocr_line' id='line_1_45' title="bbox 325 4233 1981 4307; baseline -0.002 -13"><span class='ocrx_word' id='word_1_265' title='bbox 325 4237 723 4307; x_wconf 88' lang='lat' dir='ltr'><strong>manuscripto</strong></span> <span class='ocrx_word' id='word_1_266' title='bbox 756 4236 953 4292; x_wconf 69' lang='lat' dir='ltr'><strong>Graeco</strong></span> <span class='ocrx_word' id='word_1_267' title='bbox 985 4235 1360 4292; x_wconf 63' lang='lat' dir='ltr'><strong>Bibliotheca;</strong></span> <span class='ocrx_word' id='word_1_268' title='bbox 1394 4233 1732 4289; x_wconf 63' lang='lat' dir='ltr'><strong>Florentinis</strong></span> <span class='ocrx_word' id='word_1_269' title='bbox 1783 4234 1981 4291; x_wconf 91' lang='lat' dir='ltr'><strong>codice</strong></span> 
     </span>
    </p>
   </div>
   <div class='ocr_carea' id='block_1_45' title="bbox 324 4323 1977 4394">
    <p class='ocr_par' dir='ltr' id='par_1_45' title="bbox 324 4323 1977 4394">
     <span class='ocr_line' id='line_1_46' title="bbox 324 4323 1977 4394; baseline -0.002 -12"><span class='ocrx_word' id='word_1_270' title='bbox 324 4328 518 4384; x_wconf 64' lang='lat' dir='ltr'><strong>erce</strong></span> <span class='ocrx_word' id='word_1_271' title='bbox 575 4324 800 4389; x_wconf 89' lang='lat' dir='ltr'><strong>edidit;</strong></span> <span class='ocrx_word' id='word_1_272' title='bbox 855 4339 1226 4394; x_wconf 89' lang='lat' dir='ltr'><strong>quarumque</strong></span> <span class='ocrx_word' id='word_1_273' title='bbox 1287 4323 1587 4393; x_wconf 89' lang='lat' dir='ltr'><strong>antiquam</strong></span> <span class='ocrx_word' id='word_1_274' title='bbox 1653 4325 1977 4379; x_wconf 89' lang='lat' dir='ltr'><strong>versionem</strong></span> 
     </span>
    </p>
   </div>
   <div class='ocr_carea' id='block_1_46' title="bbox 326 4411 1982 4483">
    <p class='ocr_par' dir='ltr' id='par_1_46' title="bbox 326 4411 1982 4483">
     <span class='ocr_line' id='line_1_47' title="bbox 326 4411 1982 4483; baseline -0.002 -11"><span class='ocrx_word' id='word_1_275' title='bbox 326 4414 595 4472; x_wconf 86' lang='lat' dir='ltr'><strong>Latinam</strong></span> <span class='ocrx_word' id='word_1_276' title='bbox 628 4411 898 4468; x_wconf 82' lang='lat' dir='ltr'><strong>Usserius</strong></span> <span class='ocrx_word' id='word_1_277' title='bbox 931 4411 1413 4483; x_wconf 89' lang='lat' dir='ltr'><strong>archiepiscopus</strong></span> <span class='ocrx_word' id='word_1_278' title='bbox 1473 4411 1883 4468; x_wconf 78' lang='lat' dir='ltr'><strong>Armachanus</strong></span> <span class='ocrx_word' id='word_1_279' title='bbox 1913 4428 1982 4469; x_wconf 85' lang='lat' dir='ltr'><strong>ex</strong></span> 
     </span>
    </p>
   </div>
   <div class='ocr_carea' id='block_1_47' title="bbox 327 4499 1979 4567">
    <p class='ocr_par' dir='ltr' id='par_1_47' title="bbox 327 4499 1979 4567">
     <span class='ocr_line' id='line_1_48' title="bbox 327 4499 1979 4567; baseline 0 -11"><span class='ocrx_word' id='word_1_280' title='bbox 327 4501 555 4556; x_wconf 89' lang='lat' dir='ltr'><strong>duobus</strong></span> <span class='ocrx_word' id='word_1_281' title='bbox 586 4500 888 4557; x_wconf 91' lang='lat' dir='ltr'><strong>codicibus</strong></span> <span class='ocrx_word' id='word_1_282' title='bbox 923 4516 1098 4554; x_wconf 91' lang='lat' dir='ltr'><strong>manu</strong></span> <span class='ocrx_word' id='word_1_283' title='bbox 1133 4499 1404 4567; x_wconf 80' lang='lat' dir='ltr'><strong>exaratis,</strong></span> <span class='ocrx_word' id='word_1_284' title='bbox 1430 4499 1612 4555; x_wconf 88' lang='lat' dir='ltr'><strong>altero</strong></span> <span class='ocrx_word' id='word_1_285' title='bbox 1658 4500 1979 4556; x_wconf 88' lang='lat' dir='ltr'><strong>Bibliothe-</strong></span> 
     </span>
    </p>
   </div>
   <div class='ocr_carea' id='block_1_48' title="bbox 328 4587 1982 4661">
    <p class='ocr_par' dir='ltr' id='par_1_48' title="bbox 328 4587 1982 4661">
     <span class='ocr_line' id='line_1_49' title="bbox 328 4587 1982 4661; baseline -0.001 -16"><span class='ocrx_word' id='word_1_286' title='bbox 328 4608 404 4645; x_wconf 66' lang='lat' dir='ltr'><strong>ca:</strong></span> <span class='ocrx_word' id='word_1_287' title='bbox 436 4588 707 4645; x_wconf 79' lang='lat' dir='ltr'><strong>Richardi</strong></span> <span class='ocrx_word' id='word_1_288' title='bbox 743 4587 1106 4655; x_wconf 88' lang='lat' dir='ltr'><strong>Montacutii,</strong></span> <span class='ocrx_word' id='word_1_289' title='bbox 1139 4588 1319 4642; x_wconf 90' lang='lat' dir='ltr'><strong>altero</strong></span> <span class='ocrx_word' id='word_1_290' title='bbox 1367 4589 1838 4661; x_wconf 88' lang='lat' dir='ltr'><strong>Cantabrigensis</strong></span> <span class='ocrx_word' id='word_1_291' title='bbox 1884 4605 1982 4644; x_wconf 54' lang='lat' dir='ltr'><strong>an.</strong></span> 
     </span>
    </p>
   </div>
   <div class='ocr_carea' id='block_1_49' title="bbox 330 4679 874 4750">
    <p class='ocr_par' dir='ltr' id='par_1_49' title="bbox 330 4679 874 4750">
     <span class='ocr_line' id='line_1_50' title="bbox 330 4679 874 4750; baseline -0.009 -14"><span class='ocrx_word' id='word_1_292' title='bbox 330 4685 424 4736; x_wconf 89' lang='lat' dir='ltr'><strong>tea</strong></span> <span class='ocrx_word' id='word_1_293' title='bbox 454 4679 874 4750; x_wconf 87' lang='lat' dir='ltr'><strong>divulgaverat.</strong></span> 
     </span>
    </p>
   </div>
   <div class='ocr_carea' id='block_1_50' title="bbox 403 4765 1982 4837">
    <p class='ocr_par' dir='ltr' id='par_1_50' title="bbox 403 4765 1982 4837">
     <span class='ocr_line' id='line_1_51' title="bbox 403 4765 1982 4837; baseline -0.001 -12"><span class='ocrx_word' id='word_1_294' title='bbox 403 4768 673 4826; x_wconf 87' lang='lat' dir='ltr'><strong>Secunda</strong></span> <span class='ocrx_word' id='word_1_295' title='bbox 704 4766 911 4823; x_wconf 85' lang='lat' dir='ltr'><strong>classis</strong></span> <span class='ocrx_word' id='word_1_296' title='bbox 941 4765 1176 4822; x_wconf 91' lang='lat' dir='ltr'><strong>easdem</strong></span> <span class='ocrx_word' id='word_1_297' title='bbox 1204 4765 1626 4837; x_wconf 84' lang='lat' dir='ltr'><strong>complectitur,</strong></span> <span class='ocrx_word' id='word_1_298' title='bbox 1659 4768 1756 4824; x_wconf 91' lang='lat' dir='ltr'><strong>sed</strong></span> <span class='ocrx_word' id='word_1_299' title='bbox 1810 4767 1982 4824; x_wconf 86' lang='lat' dir='ltr'><strong>inter-</strong></span> 
     </span>
    </p>
   </div>
   <div class='ocr_carea' id='block_1_51' title="bbox 333 4853 1982 4932">
    <p class='ocr_par' dir='ltr' id='par_1_51' title="bbox 333 4853 1982 4932">
     <span class='ocr_line' id='line_1_52' title="bbox 333 4853 1982 4932; baseline 0 -17"><span class='ocrx_word' id='word_1_300' title='bbox 333 4859 576 4932; x_wconf 81' lang='lat' dir='ltr'><strong>polatae,</strong></span> <span class='ocrx_word' id='word_1_301' title='bbox 611 4873 676 4913; x_wconf 90' lang='lat' dir='ltr'><strong>ac</strong></span> <span class='ocrx_word' id='word_1_302' title='bbox 707 4872 840 4912; x_wconf 92' lang='lat' dir='ltr'><strong>cum</strong></span> <span class='ocrx_word' id='word_1_303' title='bbox 869 4855 992 4912; x_wconf 91' lang='lat' dir='ltr'><strong>suis</strong></span> <span class='ocrx_word' id='word_1_304' title='bbox 1027 4853 1428 4910; x_wconf 89' lang='lat' dir='ltr'><strong>additionibus</strong></span> <span class='ocrx_word' id='word_1_305' title='bbox 1476 4855 1669 4912; x_wconf 64' lang='lat' dir='ltr'><strong>Graece</strong></span> <span class='ocrx_word' id='word_1_306' title='bbox 1699 4861 1755 4911; x_wconf 92' lang='lat' dir='ltr'><strong>et</strong></span> <span class='ocrx_word' id='word_1_307' title='bbox 1786 4857 1982 4915; x_wconf 88' lang='lat' dir='ltr'><strong>Latine</strong></span> 
     </span>
    </p>
   </div>
   <div class='ocr_carea' id='block_1_52' title="bbox 331 4949 541 5006">
    <p class='ocr_par' dir='ltr' id='par_1_52' title="bbox 331 4949 541 5006">
     <span class='ocr_line' id='line_1_53' title="bbox 331 4949 541 5006; baseline -0.01 -1"><span class='ocrx_word' id='word_1_308' title='bbox 331 4949 541 5006; x_wconf 90' lang='lat' dir='ltr'><strong>editas.</strong></span> 
     </span>
    </p>
   </div>
   <div class='ocr_carea' id='block_1_53' title="bbox 2006 3627 3741 3700">
    <p class='ocr_par' dir='ltr' id='par_1_53' title="bbox 2006 3627 3741 3700">
     <span class='ocr_line' id='line_1_54' title="bbox 2006 3627 3741 3700; baseline 0.002 -18"><span class='ocrx_word' id='word_1_309' title='bbox 2006 3632 2054 3694; x_wconf 85' lang='grc' dir='ltr'><strong>Α</strong></span> <span class='ocrx_word' id='word_1_310' title='bbox 2161 3627 2437 3684; x_wconf 91' lang='lat' dir='ltr'><strong>Omnium</strong></span> <span class='ocrx_word' id='word_1_311' title='bbox 2470 3632 2667 3685; x_wconf 90' lang='lat' dir='ltr'><strong>autem</strong></span> <span class='ocrx_word' id='word_1_312' title='bbox 2723 3629 2998 3686; x_wconf 89' lang='lat' dir='ltr'><strong>harumce</strong></span> <span class='ocrx_word' id='word_1_313' title='bbox 3055 3628 3435 3700; x_wconf 88' lang='lat' dir='ltr'><strong>epistolarum</strong></span> <span class='ocrx_word' id='word_1_314' title='bbox 3496 3645 3741 3686; x_wconf 83' lang='lat' dir='ltr'><strong>examen</strong></span> 
     </span>
    </p>
   </div>
   <div class='ocr_carea' id='block_1_54' title="bbox 2083 3717 3740 3790">
    <p class='ocr_par' dir='ltr' id='par_1_54' title="bbox 2083 3717 3740 3790">
     <span class='ocr_line' id='line_1_55' title="bbox 2083 3717 3740 3790; baseline 0.002 -18"><span class='ocrx_word' id='word_1_315' title='bbox 2083 3717 2261 3772; x_wconf 91' lang='lat' dir='ltr'><strong>abiis</strong></span> <span class='ocrx_word' id='word_1_316' title='bbox 2292 3717 2578 3782; x_wconf 91' lang='lat' dir='ltr'><strong>ordimur,</strong></span> <span class='ocrx_word' id='word_1_317' title='bbox 2638 3733 2765 3789; x_wconf 61' lang='lat' dir='ltr'><strong>qua</strong></span> <span class='ocrx_word' id='word_1_318' title='bbox 2832 3718 3030 3790; x_wconf 68' lang='lat' dir='ltr'><strong>prima:</strong></span> <span class='ocrx_word' id='word_1_319' title='bbox 3089 3727 3227 3773; x_wconf 92' lang='lat' dir='ltr'><strong>sunt</strong></span> <span class='ocrx_word' id='word_1_320' title='bbox 3281 3719 3509 3788; x_wconf 88' lang='lat' dir='ltr'><strong>classis,</strong></span> <span class='ocrx_word' id='word_1_321' title='bbox 3572 3723 3628 3774; x_wconf 88' lang='lat' dir='ltr'><strong>et</strong></span> <span class='ocrx_word' id='word_1_322' title='bbox 3667 3721 3740 3775; x_wconf 91' lang='lat' dir='ltr'><strong>de</strong></span> 
     </span>
    </p>
   </div>
   <div class='ocr_carea' id='block_1_55' title="bbox 2083 3806 3736 3880">
    <p class='ocr_par' dir='ltr' id='par_1_55' title="bbox 2083 3806 3736 3880">
     <span class='ocr_line' id='line_1_56' title="bbox 2083 3806 3736 3880; baseline 0.001 -20"><span class='ocrx_word' id='word_1_323' title='bbox 2083 3806 2300 3878; x_wconf 88' lang='lat' dir='ltr'><strong>quibus</strong></span> <span class='ocrx_word' id='word_1_324' title='bbox 2329 3807 2621 3879; x_wconf 61' lang='lat' dir='ltr'><strong>praecipua</strong></span> <span class='ocrx_word' id='word_1_325' title='bbox 2653 3824 2809 3864; x_wconf 91' lang='lat' dir='ltr'><strong>nunc</strong></span> <span class='ocrx_word' id='word_1_326' title='bbox 2841 3824 2906 3862; x_wconf 93' lang='lat' dir='ltr'><strong>ac</strong></span> <span class='ocrx_word' id='word_1_327' title='bbox 2936 3823 3082 3880; x_wconf 90' lang='lat' dir='ltr'><strong>pene</strong></span> <span class='ocrx_word' id='word_1_328' title='bbox 3116 3807 3310 3863; x_wconf 91' lang='lat' dir='ltr'><strong>omnis</strong></span> <span class='ocrx_word' id='word_1_329' title='bbox 3342 3809 3494 3864; x_wconf 90' lang='lat' dir='ltr'><strong>inter</strong></span> <span class='ocrx_word' id='word_1_330' title='bbox 3542 3808 3736 3865; x_wconf 88' lang='lat' dir='ltr'><strong>erudi-</strong></span> 
     </span>
    </p>
   </div>
   <div class='ocr_carea' id='block_1_56' title="bbox 2081 3897 3737 3968">
    <p class='ocr_par' dir='ltr' id='par_1_56' title="bbox 2081 3897 3737 3968">
     <span class='ocr_line' id='line_1_57' title="bbox 2081 3897 3737 3968; baseline 0.002 -18"><span class='ocrx_word' id='word_1_331' title='bbox 2081 3899 2174 3950; x_wconf 87' lang='lat' dir='ltr'><strong>tos</strong></span> <span class='ocrx_word' id='word_1_332' title='bbox 2204 3900 2292 3951; x_wconf 91' lang='lat' dir='ltr'><strong>est</strong></span> <span class='ocrx_word' id='word_1_333' title='bbox 2321 3897 2732 3953; x_wconf 89' lang='lat' dir='ltr'><strong>controversia.</strong></span> <span class='ocrx_word' id='word_1_334' title='bbox 2765 3897 2998 3968; x_wconf 86' lang='lat' dir='ltr'><strong>Septem</strong></span> <span class='ocrx_word' id='word_1_335' title='bbox 3032 3913 3203 3968; x_wconf 90' lang='lat' dir='ltr'><strong>porro</strong></span> <span class='ocrx_word' id='word_1_336' title='bbox 3233 3901 3375 3953; x_wconf 90' lang='lat' dir='ltr'><strong>sunt</strong></span> <span class='ocrx_word' id='word_1_337' title='bbox 3405 3899 3737 3968; x_wconf 89' lang='lat' dir='ltr'><strong>ejuscemo-</strong></span> 
     </span>
    </p>
   </div>
   <div class='ocr_carea' id='block_1_57' title="bbox 2084 3984 3740 4058">
    <p class='ocr_par' dir='ltr' id='par_1_57' title="bbox 2084 3984 3740 4058">
     <span class='ocr_line' id='line_1_58' title="bbox 2084 3984 3740 4058; baseline 0.003 -19"><span class='ocrx_word' id='word_1_338' title='bbox 2084 3985 2142 4040; x_wconf 90' lang='lat' dir='ltr'><strong>dl</strong></span> <span class='ocrx_word' id='word_1_339' title='bbox 2172 3984 2450 4056; x_wconf 70' lang='lat' dir='ltr'><strong>epistolae,</strong></span> <span class='ocrx_word' id='word_1_340' title='bbox 2485 4003 2736 4057; x_wconf 89' lang='lat' dir='ltr'><strong>quarum</strong></span> <span class='ocrx_word' id='word_1_341' title='bbox 2767 3989 2830 4041; x_wconf 90' lang='lat' dir='ltr'><strong>ut</strong></span> <span class='ocrx_word' id='word_1_342' title='bbox 2860 3987 3047 4057; x_wconf 87' lang='lat' dir='ltr'><strong>major</strong></span> <span class='ocrx_word' id='word_1_343' title='bbox 3075 3986 3364 4042; x_wconf 88' lang='lat' dir='ltr'><strong>habeatur</strong></span> <span class='ocrx_word' id='word_1_344' title='bbox 3413 3988 3642 4058; x_wconf 88' lang='lat' dir='ltr'><strong>notitia,</strong></span> <span class='ocrx_word' id='word_1_345' title='bbox 3673 4005 3740 4044; x_wconf 88' lang='lat' dir='ltr'><strong>ac</strong></span> 
     </span>
    </p>
   </div>
   <div class='ocr_carea' id='block_1_58' title="bbox 2083 4073 3739 4147">
    <p class='ocr_par' dir='ltr' id='par_1_58' title="bbox 2083 4073 3739 4147">
     <span class='ocr_line' id='line_1_59' title="bbox 2083 4073 3739 4147; baseline 0.001 -19"><span class='ocrx_word' id='word_1_346' title='bbox 2083 4074 2155 4130; x_wconf 89' lang='lat' dir='ltr'><strong>de</strong></span> <span class='ocrx_word' id='word_1_347' title='bbox 2187 4075 2258 4130; x_wconf 89' lang='lat' dir='ltr'><strong>iis</strong></span> <span class='ocrx_word' id='word_1_348' title='bbox 2291 4075 2505 4130; x_wconf 91' lang='lat' dir='ltr'><strong>certius</strong></span> <span class='ocrx_word' id='word_1_349' title='bbox 2559 4075 2631 4130; x_wconf 87' lang='lat' dir='ltr'><strong>ab</strong></span> <span class='ocrx_word' id='word_1_350' title='bbox 2692 4073 2967 4130; x_wconf 89' lang='lat' dir='ltr'><strong>omnibus</strong></span> <span class='ocrx_word' id='word_1_351' title='bbox 3022 4075 3315 4145; x_wconf 89' lang='lat' dir='ltr'><strong>judicium</strong></span> <span class='ocrx_word' id='word_1_352' title='bbox 3369 4075 3503 4130; x_wconf 88' lang='lat' dir='ltr'><strong>ferri</strong></span> <span class='ocrx_word' id='word_1_353' title='bbox 3532 4076 3739 4147; x_wconf 88' lang='lat' dir='ltr'><strong>possit,</strong></span> 
     </span>
    </p>
   </div>
   <div class='ocr_carea' id='block_1_59' title="bbox 2082 4162 3740 4236">
    <p class='ocr_par' dir='ltr' id='par_1_59' title="bbox 2082 4162 3740 4236">
     <span class='ocr_line' id='line_1_60' title="bbox 2082 4162 3740 4236; baseline 0.001 -20"><span class='ocrx_word' id='word_1_354' title='bbox 2082 4162 2313 4219; x_wconf 90' lang='lat' dir='ltr'><strong>brevem</strong></span> <span class='ocrx_word' id='word_1_355' title='bbox 2345 4179 2564 4232; x_wconf 90' lang='lat' dir='ltr'><strong>earum,</strong></span> <span class='ocrx_word' id='word_1_356' title='bbox 2597 4163 2697 4218; x_wconf 88' lang='lat' dir='ltr'><strong>sed</strong></span> <span class='ocrx_word' id='word_1_357' title='bbox 2730 4162 2947 4218; x_wconf 89' lang='lat' dir='ltr'><strong>claram</strong></span> <span class='ocrx_word' id='word_1_358' title='bbox 2981 4169 3433 4236; x_wconf 88' lang='lat' dir='ltr'><strong>accuratamque</strong></span> <span class='ocrx_word' id='word_1_359' title='bbox 3461 4181 3560 4236; x_wconf 89' lang='lat' dir='ltr'><strong>pro</strong></span> <span class='ocrx_word' id='word_1_360' title='bbox 3583 4163 3740 4218; x_wconf 89' lang='lat' dir='ltr'><strong>virili</strong></span> 
     </span>
    </p>
   </div>
   <div class='ocr_carea' id='block_1_60' title="bbox 2086 4251 2847 4324">
    <p class='ocr_par' dir='ltr' id='par_1_60' title="bbox 2086 4251 2847 4324">
     <span class='ocr_line' id='line_1_61' title="bbox 2086 4251 2847 4324; baseline -0.001 -17"><span class='ocrx_word' id='word_1_361' title='bbox 2086 4251 2369 4324; x_wconf 89' lang='lat' dir='ltr'><strong>analysim</strong></span> <span class='ocrx_word' id='word_1_362' title='bbox 2404 4251 2847 4322; x_wconf 70' lang='lat' dir='ltr'><strong>praemittemus.</strong></span> 
     </span>
    </p>
   </div>
   <div class='ocr_carea' id='block_1_61' title="bbox 2255 4433 3572 4508">
    <p class='ocr_par' dir='ltr' id='par_1_61' title="bbox 2255 4433 3572 4508">
     <span class='ocr_line' id='line_1_62' title="bbox 2255 4433 3572 4508; baseline 0.001 -18"><span class='ocrx_word' id='word_1_363' title='bbox 2255 4436 2284 4508; x_wconf 87' lang='lat'>§</span> <span class='ocrx_word' id='word_1_364' title='bbox 2315 4435 2387 4491; x_wconf 90' lang='lat' dir='ltr'><strong>Il.</strong></span> <span class='ocrx_word' id='word_1_365' title='bbox 2421 4433 2691 4504; x_wconf 72' lang='lat' dir='ltr'><strong>Analysi:</strong></span> <span class='ocrx_word' id='word_1_366' title='bbox 2716 4442 2918 4506; x_wconf 85' lang='lat' dir='ltr'><strong>septem</strong></span> <span class='ocrx_word' id='word_1_367' title='bbox 2945 4433 3312 4506; x_wconf 80' lang='lat' dir='ltr'><strong>epistolarum</strong></span> <span class='ocrx_word' id='word_1_368' title='bbox 3342 4438 3572 4508; x_wconf 76' lang='lat' dir='ltr'><strong>Ignem.</strong></span> 
     </span>
    </p>
   </div>
   <div class='ocr_carea' id='block_1_62' title="bbox 2154 4593 3744 4666">
    <p class='ocr_par' dir='ltr' id='par_1_62' title="bbox 2154 4593 3744 4666">
     <span class='ocr_line' id='line_1_63' title="bbox 2154 4593 3744 4666; baseline 0.001 -16"><span class='ocrx_word' id='word_1_369' title='bbox 2154 4598 2300 4650; x_wconf 92' lang='lat' dir='ltr'><strong>Cum</strong></span> <span class='ocrx_word' id='word_1_370' title='bbox 2336 4595 2601 4666; x_wconf 86' lang='lat' dir='ltr'><strong>lgnatius</strong></span> <span class='ocrx_word' id='word_1_371' title='bbox 2633 4593 2952 4650; x_wconf 73' lang='lat' dir='ltr'><strong>Antiochiae</strong></span> <span class='ocrx_word' id='word_1_372' title='bbox 2983 4594 3301 4652; x_wconf 89' lang='lat' dir='ltr'><strong>damnatus</strong></span> <span class='ocrx_word' id='word_1_373' title='bbox 3335 4599 3487 4651; x_wconf 84' lang='lat' dir='ltr'><strong>esset</strong></span> <span class='ocrx_word' id='word_1_374' title='bbox 3517 4595 3588 4651; x_wconf 87' lang='lat' dir='ltr'><strong>ad</strong></span> <span class='ocrx_word' id='word_1_375' title='bbox 3643 4595 3744 4651; x_wconf 88' lang='lat' dir='ltr'><strong>be-</strong></span> 
     </span>
    </p>
   </div>
   <div class='ocr_carea' id='block_1_63' title="bbox 2086 4683 3747 4756">
    <p class='ocr_par' dir='ltr' id='par_1_63' title="bbox 2086 4683 3747 4756">
     <span class='ocr_line' id='line_1_64' title="bbox 2086 4683 3747 4756; baseline 0.002 -19"><span class='ocrx_word' id='word_1_376' title='bbox 2086 4683 2250 4755; x_wconf 89' lang='lat' dir='ltr'><strong>stias,</strong></span> <span class='ocrx_word' id='word_1_377' title='bbox 2285 4685 2664 4756; x_wconf 83' lang='lat' dir='ltr'><strong>Romamque,</strong></span> <span class='ocrx_word' id='word_1_378' title='bbox 2698 4688 2762 4739; x_wconf 91' lang='lat' dir='ltr'><strong>ut</strong></span> <span class='ocrx_word' id='word_1_379' title='bbox 2793 4683 2865 4738; x_wconf 90' lang='lat' dir='ltr'><strong>iis</strong></span> <span class='ocrx_word' id='word_1_380' title='bbox 2896 4683 3266 4755; x_wconf 89' lang='lat' dir='ltr'><strong>objiceretur,</strong></span> <span class='ocrx_word' id='word_1_381' title='bbox 3293 4685 3526 4740; x_wconf 90' lang='lat' dir='ltr'><strong>vinctus</strong></span> <span class='ocrx_word' id='word_1_382' title='bbox 3573 4685 3747 4740; x_wconf 89' lang='lat' dir='ltr'><strong>duce-</strong></span> 
     </span>
    </p>
   </div>
   <div class='ocr_carea' id='block_1_64' title="bbox 2090 4773 3745 4846">
    <p class='ocr_par' dir='ltr' id='par_1_64' title="bbox 2090 4773 3745 4846">
     <span class='ocr_line' id='line_1_65' title="bbox 2090 4773 3745 4846; baseline 0.001 -19"><span class='ocrx_word' id='word_1_383' title='bbox 2090 4777 2334 4841; x_wconf 88' lang='lat' dir='ltr'><strong>retur,et</strong></span> <span class='ocrx_word' id='word_1_384' title='bbox 2359 4773 2670 4846; x_wconf 86' lang='lat' dir='ltr'><strong>Smyrnam</strong></span> <span class='ocrx_word' id='word_1_385' title='bbox 2697 4773 3030 4846; x_wconf 83' lang='lat' dir='ltr'><strong>appulisset</strong></span> <span class='ocrx_word' id='word_1_386' title='bbox 3058 4789 3080 4835; x_wconf 85' lang='lat'><strong><em>;</em></strong></span> <span class='ocrx_word' id='word_1_387' title='bbox 3106 4773 3240 4828; x_wconf 90' lang='lat' dir='ltr'><strong>inde</strong></span> <span class='ocrx_word' id='word_1_388' title='bbox 3273 4777 3524 4844; x_wconf 89' lang='lat' dir='ltr'><strong>quatuor</strong></span> <span class='ocrx_word' id='word_1_389' title='bbox 3581 4774 3745 4844; x_wconf 90' lang='lat' dir='ltr'><strong>prio-</strong></span> 
     </span>
    </p>
   </div>
   <div class='ocr_carea' id='block_1_65' title="bbox 2087 4859 3742 4932">
    <p class='ocr_par' dir='ltr' id='par_1_65' title="bbox 2087 4859 3742 4932">
     <span class='ocr_line' id='line_1_66' title="bbox 2087 4859 3742 4932; baseline 0.001 -17"><span class='ocrx_word' id='word_1_390' title='bbox 2087 4861 2279 4927; x_wconf 91' lang='lat' dir='ltr'><strong>res,de</strong></span> <span class='ocrx_word' id='word_1_391' title='bbox 2309 4861 2528 4932; x_wconf 90' lang='lat' dir='ltr'><strong>quibus</strong></span> <span class='ocrx_word' id='word_1_392' title='bbox 2551 4862 2674 4931; x_wconf 88' lang='lat' dir='ltr'><strong>jam</strong></span> <span class='ocrx_word' id='word_1_393' title='bbox 2708 4861 2925 4932; x_wconf 89' lang='lat' dir='ltr'><strong>agitur,</strong></span> <span class='ocrx_word' id='word_1_394' title='bbox 2957 4859 3121 4916; x_wconf 91' lang='lat' dir='ltr'><strong>dedit</strong></span> <span class='ocrx_word' id='word_1_395' title='bbox 3159 4860 3461 4930; x_wconf 89' lang='lat' dir='ltr'><strong>epistolas.</strong></span> <span class='ocrx_word' id='word_1_396' title='bbox 3523 4862 3742 4918; x_wconf 87' lang='lat' dir='ltr'><strong>Harum</strong></span> 
     </span>
    </p>
   </div>
   <div class='ocr_carea' id='block_1_66' title="bbox 2089 4948 3745 5021">
    <p class='ocr_par' dir='ltr' id='par_1_66' title="bbox 2089 4948 3745 5021">
     <span class='ocr_line' id='line_1_67' title="bbox 2089 4948 3745 5021; baseline 0.001 -17"><span class='ocrx_word' id='word_1_397' title='bbox 2089 4949 2280 5020; x_wconf 90' lang='lat' dir='ltr'><strong>prima</strong></span> <span class='ocrx_word' id='word_1_398' title='bbox 2311 4950 2581 5006; x_wconf 77' lang='lat' dir='ltr'><strong>Ecclesiae</strong></span> <span class='ocrx_word' id='word_1_399' title='bbox 2614 4948 2940 5021; x_wconf 74' lang='lat' dir='ltr'><strong>Ephesinae,</strong></span> <span class='ocrx_word' id='word_1_400' title='bbox 2975 4965 3105 5021; x_wconf 72' lang='lat' dir='ltr'><strong>qua:</strong></span> <span class='ocrx_word' id='word_1_401' title='bbox 3136 4950 3208 5005; x_wconf 89' lang='lat' dir='ltr'><strong>ad</strong></span> <span class='ocrx_word' id='word_1_402' title='bbox 3241 4965 3374 5005; x_wconf 91' lang='lat' dir='ltr'><strong>eum</strong></span> <span class='ocrx_word' id='word_1_403' title='bbox 3407 4967 3477 5004; x_wconf 82' lang='lat' dir='ltr'><strong>ex</strong></span> <span class='ocrx_word' id='word_1_404' title='bbox 3517 4949 3745 5006; x_wconf 83' lang='lat' dir='ltr'><strong>difﬁcil-</strong></span> 
     </span>
    </p>
   </div>
   <div class='ocr_carea' id='block_1_67' title="bbox 402 4998 3751 5111">
    <p class='ocr_par' dir='ltr' id='par_1_67' title="bbox 402 4998 3751 5111">
     <span class='ocr_line' id='line_1_68' title="bbox 409 4998 3716 5021; baseline 0 -16"><span class='ocrx_word' id='word_1_405' title='bbox 409 4998 541 5005; x_wconf 67' lang='grc' dir='ltr'><strong>η---</strong></span> <span class='ocrx_word' id='word_1_406' title='bbox 2091 4998 2280 5020; x_wconf 55' lang='lat' dir='ltr'><strong>r.-__</strong></span> <span class='ocrx_word' id='word_1_407' title='bbox 2311 4998 2580 5006; x_wconf 57' lang='grc' dir='ltr'><strong>..-νωη</strong></span> <span class='ocrx_word' id='word_1_408' title='bbox 2614 4998 2940 5021; x_wconf 49' lang='grc' dir='ltr'><strong>-ι.κ----“,</strong></span> <span class='ocrx_word' id='word_1_409' title='bbox 2980 4998 3103 5021; x_wconf 53' lang='grc' dir='ltr'><em>γ..</em></span> <span class='ocrx_word' id='word_1_410' title='bbox 3137 4998 3208 5005; x_wconf 60' lang='grc' dir='ltr'><strong>π</strong></span> <span class='ocrx_word' id='word_1_411' title='bbox 3245 4998 3374 5005; x_wconf 66' lang='grc' dir='ltr'><strong>η..-</strong></span> <span class='ocrx_word' id='word_1_412' title='bbox 3411 4998 3477 5004; x_wconf 82' lang='lat'><strong>--_</strong></span> <span class='ocrx_word' id='word_1_413' title='bbox 3520 4998 3716 5006; x_wconf 79' lang='lat'><strong>_-._---</strong></span> 
     </span>
     <span class='ocr_line' id='line_1_69' title="bbox 402 4998 3751 5111; baseline -0 -15"><span class='ocrx_word' id='word_1_414' title='bbox 402 5038 594 5095; x_wconf 87' lang='lat' dir='ltr'><strong>Tertia</strong></span> <span class='ocrx_word' id='word_1_415' title='bbox 621 5037 828 5093; x_wconf 89' lang='lat' dir='ltr'><strong>classis</strong></span> <span class='ocrx_word' id='word_1_416' title='bbox 859 5036 1122 5108; x_wconf 88' lang='lat' dir='ltr'><strong>quinque</strong></span> <span class='ocrx_word' id='word_1_417' title='bbox 1144 5035 1288 5090; x_wconf 81' lang='lat' dir='ltr'><strong>alias</strong></span> <span class='ocrx_word' id='word_1_418' title='bbox 1307 5035 1583 5105; x_wconf 89' lang='lat' dir='ltr'><strong>continet,</strong></span> <span class='ocrx_word' id='word_1_419' title='bbox 1624 5036 1816 5092; x_wconf 70' lang='lat' dir='ltr'><strong>Graece</strong></span> <span class='ocrx_word' id='word_1_420' title='bbox 1841 5037 1979 5092; x_wconf 89' lang='lat' dir='ltr'><strong>item</strong></span> <span class='ocrx_word' id='word_1_421' title='bbox 2011 4998 2058 5064; x_wconf 78' lang='grc' dir='ltr'><strong>Β</strong></span> <span class='ocrx_word' id='word_1_422' title='bbox 2089 5037 2212 5093; x_wconf 91' lang='lat' dir='ltr'><strong>limi</strong></span> <span class='ocrx_word' id='word_1_423' title='bbox 2238 5037 2466 5094; x_wconf 89' lang='lat' dir='ltr'><strong>itineris</strong></span> <span class='ocrx_word' id='word_1_424' title='bbox 2491 5038 2907 5111; x_wconf 80' lang='lat' dir='ltr'><strong>defatigatione</strong></span> <span class='ocrx_word' id='word_1_425' title='bbox 2929 5038 3309 5094; x_wconf 89' lang='lat' dir='ltr'><strong>recreandum</strong></span> <span class='ocrx_word' id='word_1_426' title='bbox 3337 5039 3751 5095; x_wconf 82' lang='lat' dir='ltr'><strong>reficiendum-</strong></span> 
     </span>
    </p>
   </div>
   <div class='ocr_carea' id='block_1_68' title="bbox 330 5125 1983 5200">
    <p class='ocr_par' dir='ltr' id='par_1_68' title="bbox 330 5125 1983 5200">
     <span class='ocr_line' id='line_1_70' title="bbox 330 5125 1983 5200; baseline -0.002 -15"><span class='ocrx_word' id='word_1_427' title='bbox 330 5134 386 5185; x_wconf 93' lang='lat' dir='ltr'><strong>et</strong></span> <span class='ocrx_word' id='word_1_428' title='bbox 419 5127 623 5184; x_wconf 90' lang='lat' dir='ltr'><strong>Latine</strong></span> <span class='ocrx_word' id='word_1_429' title='bbox 653 5125 1001 5200; x_wconf 89' lang='lat' dir='ltr'><strong>publicatas,</strong></span> <span class='ocrx_word' id='word_1_430' title='bbox 1035 5141 1162 5197; x_wconf 73' lang='lat' dir='ltr'><strong>quae</strong></span> <span class='ocrx_word' id='word_1_431' title='bbox 1197 5125 1254 5179; x_wconf 90' lang='lat' dir='ltr'><strong>in</strong></span> <span class='ocrx_word' id='word_1_432' title='bbox 1297 5125 1612 5180; x_wconf 88' lang='lat' dir='ltr'><strong>Usseriana</strong></span> <span class='ocrx_word' id='word_1_433' title='bbox 1667 5125 1983 5182; x_wconf 87' lang='lat' dir='ltr'><strong>Vossiana-</strong></span> 
     </span>
    </p>
   </div>
   <div class='ocr_carea' id='block_1_69' title="bbox 330 5214 1980 5290">
    <p class='ocr_par' dir='ltr' id='par_1_69' title="bbox 330 5214 1980 5290">
     <span class='ocr_line' id='line_1_71' title="bbox 330 5214 1980 5290; baseline -0.001 -17"><span class='ocrx_word' id='word_1_434' title='bbox 330 5235 444 5290; x_wconf 90' lang='lat' dir='ltr'><strong>que</strong></span> <span class='ocrx_word' id='word_1_435' title='bbox 474 5216 887 5284; x_wconf 82' lang='lat' dir='ltr'><strong>editione,aliis</strong></span> <span class='ocrx_word' id='word_1_436' title='bbox 918 5232 1095 5286; x_wconf 92' lang='lat' dir='ltr'><strong>supra</strong></span> <span class='ocrx_word' id='word_1_437' title='bbox 1128 5214 1488 5280; x_wconf 90' lang='lat' dir='ltr'><strong>memoratis,</strong></span> <span class='ocrx_word' id='word_1_438' title='bbox 1513 5215 1980 5286; x_wconf 89' lang='lat' dir='ltr'><strong>subjunguntur.</strong></span> 
     </span>
    </p>
   </div>
   <div class='ocr_carea' id='block_1_70' title="bbox 400 5303 1984 5378">
    <p class='ocr_par' dir='ltr' id='par_1_70' title="bbox 400 5303 1984 5378">
     <span class='ocr_line' id='line_1_72' title="bbox 400 5303 1984 5378; baseline -0.002 -15"><span class='ocrx_word' id='word_1_439' title='bbox 400 5308 617 5371; x_wconf 86' lang='lat' dir='ltr'><strong>Quarta</strong></span> <span class='ocrx_word' id='word_1_440' title='bbox 645 5307 898 5378; x_wconf 89' lang='lat' dir='ltr'><strong>denique</strong></span> <span class='ocrx_word' id='word_1_441' title='bbox 931 5305 987 5360; x_wconf 92' lang='lat' dir='ltr'><strong>in</strong></span> <span class='ocrx_word' id='word_1_442' title='bbox 1020 5303 1208 5360; x_wconf 87' lang='lat' dir='ltr'><strong>classe</strong></span> <span class='ocrx_word' id='word_1_443' title='bbox 1239 5304 1602 5362; x_wconf 89' lang='lat' dir='ltr'><strong>collocantur</strong></span> <span class='ocrx_word' id='word_1_444' title='bbox 1628 5305 1741 5360; x_wconf 89' lang='lat' dir='ltr'><strong>tria</strong></span> <span class='ocrx_word' id='word_1_445' title='bbox 1774 5307 1984 5377; x_wconf 85' lang='lat' dir='ltr'><strong>Ignatii</strong></span> 
     </span>
    </p>
   </div>
   <div class='ocr_carea' id='block_1_71' title="bbox 331 5392 1988 5466">
    <p class='ocr_par' dir='ltr' id='par_1_71' title="bbox 331 5392 1988 5466">
     <span class='ocr_line' id='line_1_73' title="bbox 331 5392 1988 5466; baseline -0.001 -15"><span class='ocrx_word' id='word_1_446' title='bbox 331 5394 621 5466; x_wconf 78' lang='lat' dir='ltr'><strong>epistolis,</strong></span> <span class='ocrx_word' id='word_1_447' title='bbox 653 5396 770 5449; x_wconf 91' lang='lat' dir='ltr'><strong>duo</strong></span> <span class='ocrx_word' id='word_1_448' title='bbox 830 5395 900 5449; x_wconf 90' lang='lat' dir='ltr'><strong>ad</strong></span> <span class='ocrx_word' id='word_1_449' title='bbox 953 5393 1239 5450; x_wconf 89' lang='lat' dir='ltr'><strong>Joannem</strong></span> <span class='ocrx_word' id='word_1_450' title='bbox 1297 5392 1737 5464; x_wconf 87' lang='lat' dir='ltr'><strong>evangelistam,</strong></span> <span class='ocrx_word' id='word_1_451' title='bbox 1771 5399 1826 5450; x_wconf 90' lang='lat' dir='ltr'><strong>et</strong></span> <span class='ocrx_word' id='word_1_452' title='bbox 1872 5402 1988 5450; x_wconf 89' lang='lat' dir='ltr'><strong>ter-</strong></span> 
     </span>
    </p>
   </div>
   <div class='ocr_carea' id='block_1_72' title="bbox 334 5481 1985 5554">
    <p class='ocr_par' dir='ltr' id='par_1_72' title="bbox 334 5481 1985 5554">
     <span class='ocr_line' id='line_1_74' title="bbox 334 5481 1985 5554; baseline 0.001 -16"><span class='ocrx_word' id='word_1_453' title='bbox 334 5483 483 5538; x_wconf 90' lang='lat' dir='ltr'><strong>tium</strong></span> <span class='ocrx_word' id='word_1_454' title='bbox 516 5483 586 5537; x_wconf 93' lang='lat' dir='ltr'><strong>ad</strong></span> <span class='ocrx_word' id='word_1_455' title='bbox 619 5499 844 5538; x_wconf 83' lang='lat' dir='ltr'><strong>sacram</strong></span> <span class='ocrx_word' id='word_1_456' title='bbox 877 5482 1161 5554; x_wconf 91' lang='lat' dir='ltr'><strong>virginem</strong></span> <span class='ocrx_word' id='word_1_457' title='bbox 1193 5481 1454 5547; x_wconf 82' lang='lat' dir='ltr'><strong>Mariam,</strong></span> <span class='ocrx_word' id='word_1_458' title='bbox 1479 5481 1694 5538; x_wconf 84' lang='lat' dir='ltr'><strong>Christi</strong></span> <span class='ocrx_word' id='word_1_459' title='bbox 1717 5488 1985 5552; x_wconf 89' lang='lat' dir='ltr'><strong>matrem,</strong></span> 
     </span>
    </p>
   </div>
   <div class='ocr_carea' id='block_1_73' title="bbox 336 5570 1990 5642">
    <p class='ocr_par' dir='ltr' id='par_1_73' title="bbox 336 5570 1990 5642">
     <span class='ocr_line' id='line_1_75' title="bbox 336 5570 1990 5642; baseline 0.002 -16"><span class='ocrx_word' id='word_1_460' title='bbox 336 5570 431 5626; x_wconf 90' lang='lat' dir='ltr'><strong>cui</strong></span> <span class='ocrx_word' id='word_1_461' title='bbox 461 5570 718 5640; x_wconf 83' lang='lat' dir='ltr'><strong>ejusdem</strong></span> <span class='ocrx_word' id='word_1_462' title='bbox 753 5571 941 5626; x_wconf 65' lang='lat' dir='ltr'><strong>Maria:</strong></span> <span class='ocrx_word' id='word_1_463' title='bbox 975 5573 1047 5627; x_wconf 89' lang='lat' dir='ltr'><strong>ad</strong></span> <span class='ocrx_word' id='word_1_464' title='bbox 1080 5571 1368 5642; x_wconf 81' lang='lat' dir='ltr'><strong>lgnatium</strong></span> <span class='ocrx_word' id='word_1_465' title='bbox 1421 5572 1722 5642; x_wconf 90' lang='lat' dir='ltr'><strong>responsio</strong></span> <span class='ocrx_word' id='word_1_466' title='bbox 1780 5573 1990 5630; x_wconf 91' lang='lat' dir='ltr'><strong>subne-</strong></span> 
     </span>
    </p>
   </div>
   <div class='ocr_carea' id='block_1_74' title="bbox 333 5660 496 5718">
    <p class='ocr_par' dir='ltr' id='par_1_74' title="bbox 333 5660 496 5718">
     <span class='ocr_line' id='line_1_76' title="bbox 333 5660 496 5718; baseline -0.037 0"><span class='ocrx_word' id='word_1_467' title='bbox 333 5660 496 5718; x_wconf 84' lang='lat' dir='ltr'><strong>titur.</strong></span> 
     </span>
    </p>
   </div>
   <div class='ocr_carea' id='block_1_75' title="bbox 2091 5129 3750 5200">
    <p class='ocr_par' dir='ltr' id='par_1_75' title="bbox 2091 5129 3750 5200">
     <span class='ocr_line' id='line_1_77' title="bbox 2091 5129 3750 5200; baseline 0.002 -18"><span class='ocrx_word' id='word_1_468' title='bbox 2091 5144 2224 5198; x_wconf 90' lang='lat' dir='ltr'><strong>que,</strong></span> <span class='ocrx_word' id='word_1_469' title='bbox 2261 5133 2434 5184; x_wconf 86' lang='lat' dir='ltr'><strong>antea</strong></span> <span class='ocrx_word' id='word_1_470' title='bbox 2463 5129 2804 5184; x_wconf 89' lang='lat' dir='ltr'><strong>Onesimum</strong></span> <span class='ocrx_word' id='word_1_471' title='bbox 2868 5129 3203 5200; x_wconf 87' lang='lat' dir='ltr'><strong>episcopum</strong></span> <span class='ocrx_word' id='word_1_472' title='bbox 3235 5145 3407 5185; x_wconf 91' lang='lat' dir='ltr'><strong>suum</strong></span> <span class='ocrx_word' id='word_1_473' title='bbox 3444 5146 3557 5183; x_wconf 84' lang='lat' dir='ltr'><strong>una</strong></span> <span class='ocrx_word' id='word_1_474' title='bbox 3612 5145 3750 5185; x_wconf 89' lang='lat' dir='ltr'><strong>cum</strong></span> 
     </span>
    </p>
   </div>
   <div class='ocr_carea' id='block_1_76' title="bbox 2093 5215 3750 5287">
    <p class='ocr_par' dir='ltr' id='par_1_76' title="bbox 2093 5215 3750 5287">
     <span class='ocr_line' id='line_1_78' title="bbox 2093 5215 3750 5287; baseline 0.002 -17"><span class='ocrx_word' id='word_1_475' title='bbox 2093 5216 2292 5287; x_wconf 91' lang='lat' dir='ltr'><strong>Byrro,</strong></span> <span class='ocrx_word' id='word_1_476' title='bbox 2331 5215 2510 5287; x_wconf 87' lang='lat' dir='ltr'><strong>Euplo</strong></span> <span class='ocrx_word' id='word_1_477' title='bbox 2535 5220 2593 5270; x_wconf 89' lang='lat' dir='ltr'><strong>et</strong></span> <span class='ocrx_word' id='word_1_478' title='bbox 2627 5216 2913 5270; x_wconf 85' lang='lat' dir='ltr'><strong>Frontone</strong></span> <span class='ocrx_word' id='word_1_479' title='bbox 2973 5216 3234 5280; x_wconf 89' lang='lat' dir='ltr'><strong>miserat,</strong></span> <span class='ocrx_word' id='word_1_480' title='bbox 3295 5217 3589 5271; x_wconf 88' lang='lat' dir='ltr'><strong>destinata</strong></span> <span class='ocrx_word' id='word_1_481' title='bbox 3637 5222 3750 5274; x_wconf 88' lang='lat' dir='ltr'><strong>est.</strong></span> 
     </span>
    </p>
   </div>
   <div class='ocr_carea' id='block_1_77' title="bbox 2097 5303 3753 5370">
    <p class='ocr_par' dir='ltr' id='par_1_77' title="bbox 2097 5303 3753 5370">
     <span class='ocr_line' id='line_1_79' title="bbox 2097 5303 3753 5370; baseline 0.001 -12"><span class='ocrx_word' id='word_1_482' title='bbox 2097 5305 2251 5359; x_wconf 85' lang='lat' dir='ltr'><strong>Hanc</strong></span> <span class='ocrx_word' id='word_1_483' title='bbox 2281 5309 2479 5360; x_wconf 88' lang='lat' dir='ltr'><strong>autem</strong></span> <span class='ocrx_word' id='word_1_484' title='bbox 2517 5303 2854 5370; x_wconf 89' lang='lat' dir='ltr'><strong>Ecclesiam,</strong></span> <span class='ocrx_word' id='word_1_485' title='bbox 2887 5305 2958 5359; x_wconf 93' lang='lat' dir='ltr'><strong>ob</strong></span> <span class='ocrx_word' id='word_1_486' title='bbox 2992 5303 3263 5358; x_wconf 81' lang='lat' dir='ltr'><strong>eximiam</strong></span> <span class='ocrx_word' id='word_1_487' title='bbox 3301 5304 3356 5356; x_wconf 90' lang='lat' dir='ltr'><strong>in</strong></span> <span class='ocrx_word' id='word_1_488' title='bbox 3391 5319 3453 5356; x_wconf 84' lang='lat' dir='ltr'><strong>se</strong></span> <span class='ocrx_word' id='word_1_489' title='bbox 3492 5303 3753 5360; x_wconf 78' lang='lat' dir='ltr'><strong>charita-</strong></span> 
     </span>
    </p>
   </div>
   <div class='ocr_carea' id='block_1_78' title="bbox 2099 5391 3755 5465">
    <p class='ocr_par' dir='ltr' id='par_1_78' title="bbox 2099 5391 3755 5465">
     <span class='ocr_line' id='line_1_80' title="bbox 2099 5391 3755 5465; baseline 0.001 -17"><span class='ocrx_word' id='word_1_490' title='bbox 2099 5397 2210 5448; x_wconf 88' lang='lat' dir='ltr'><strong>tem</strong></span> <span class='ocrx_word' id='word_1_491' title='bbox 2239 5392 2494 5462; x_wconf 89' lang='lat' dir='ltr'><strong>primum</strong></span> <span class='ocrx_word' id='word_1_492' title='bbox 2525 5391 3097 5463; x_wconf 87' lang='lat' dir='ltr'><strong>laudat,gratiasque</strong></span> <span class='ocrx_word' id='word_1_493' title='bbox 3129 5391 3417 5446; x_wconf 85' lang='lat' dir='ltr'><strong>maximas</strong></span> <span class='ocrx_word' id='word_1_494' title='bbox 3443 5392 3495 5446; x_wconf 90' lang='lat' dir='ltr'><strong>ei</strong></span> <span class='ocrx_word' id='word_1_495' title='bbox 3548 5409 3755 5465; x_wconf 87' lang='lat' dir='ltr'><strong>repen-</strong></span> 
     </span>
    </p>
   </div>
   <div class='ocr_carea' id='block_1_79' title="bbox 2097 5481 3752 5556">
    <p class='ocr_par' dir='ltr' id='par_1_79' title="bbox 2097 5481 3752 5556">
     <span class='ocr_line' id='line_1_81' title="bbox 2097 5481 3752 5556; baseline 0.002 -21"><span class='ocrx_word' id='word_1_496' title='bbox 2097 5481 2359 5537; x_wconf 89' lang='lat' dir='ltr'><strong>dit.&#39;l‘um</strong></span> <span class='ocrx_word' id='word_1_497' title='bbox 2390 5483 2746 5538; x_wconf 79' lang='lat' dir='ltr'><strong>Christianos</strong></span> <span class='ocrx_word' id='word_1_498' title='bbox 2776 5497 3000 5548; x_wconf 90' lang='lat' dir='ltr'><strong>omnes,</strong></span> <span class='ocrx_word' id='word_1_499' title='bbox 3063 5496 3309 5551; x_wconf 91' lang='lat' dir='ltr'><strong>quorum</strong></span> <span class='ocrx_word' id='word_1_500' title='bbox 3370 5497 3432 5537; x_wconf 89' lang='lat' dir='ltr'><strong>se</strong></span> <span class='ocrx_word' id='word_1_501' title='bbox 3489 5482 3752 5556; x_wconf 81' lang='lat' dir='ltr'><strong>discipu-</strong></span> 
     </span>
    </p>
   </div>
   <div class='ocr_carea' id='block_1_80' title="bbox 2099 5571 3751 5635">
    <p class='ocr_par' dir='ltr' id='par_1_80' title="bbox 2099 5571 3751 5635">
     <span class='ocr_line' id='line_1_82' title="bbox 2099 5571 3751 5635; baseline 0.004 -9"><span class='ocrx_word' id='word_1_502' title='bbox 2099 5571 2222 5626; x_wconf 93' lang='lat' dir='ltr'><strong>lum</strong></span> <span class='ocrx_word' id='word_1_503' title='bbox 2255 5588 2383 5628; x_wconf 89' lang='lat' dir='ltr'><strong>esse</strong></span> <span class='ocrx_word' id='word_1_504' title='bbox 2412 5573 2522 5628; x_wconf 87' lang='lat' dir='ltr'><strong>etsi</strong></span> <span class='ocrx_word' id='word_1_505' title='bbox 2554 5573 2763 5628; x_wconf 86' lang='lat' dir='ltr'><strong>lubens</strong></span> <span class='ocrx_word' id='word_1_506' title='bbox 2786 5573 3059 5635; x_wconf 90' lang='lat' dir='ltr'><strong>fateatur,</strong></span> <span class='ocrx_word' id='word_1_507' title='bbox 3101 5586 3336 5627; x_wconf 91' lang='lat' dir='ltr'><strong>summo</strong></span> <span class='ocrx_word' id='word_1_508' title='bbox 3385 5578 3584 5629; x_wconf 87' lang='lat' dir='ltr'><strong>tamen</strong></span> <span class='ocrx_word' id='word_1_509' title='bbox 3645 5590 3751 5632; x_wconf 90' lang='lat' dir='ltr'><strong>suo</strong></span> 
     </span>
    </p>
   </div>
   <div class='ocr_carea' id='block_1_81' title="bbox 2101 5659 3744 5733">
    <p class='ocr_par' dir='ltr' id='par_1_81' title="bbox 2101 5659 3744 5733">
     <span class='ocr_line' id='line_1_83' title="bbox 2101 5659 3744 5733; baseline 0.002 -17"><span class='ocrx_word' id='word_1_510' title='bbox 2101 5676 2236 5733; x_wconf 84' lang='lat' dir='ltr'><strong>erga</strong></span> <span class='ocrx_word' id='word_1_511' title='bbox 2258 5676 2358 5717; x_wconf 89' lang='lat' dir='ltr'><strong>eos</strong></span> <span class='ocrx_word' id='word_1_512' title='bbox 2381 5677 2579 5718; x_wconf 90' lang='lat' dir='ltr'><strong>amore</strong></span> <span class='ocrx_word' id='word_1_513' title='bbox 2600 5666 2659 5718; x_wconf 89' lang='lat' dir='ltr'><strong>et</strong></span> <span class='ocrx_word' id='word_1_514' title='bbox 2676 5660 2871 5718; x_wconf 88' lang='lat' dir='ltr'><strong>studio</strong></span> <span class='ocrx_word' id='word_1_515' title='bbox 2888 5659 3102 5730; x_wconf 83' lang='lat' dir='ltr'><strong>victus,</strong></span> <span class='ocrx_word' id='word_1_516' title='bbox 3133 5664 3333 5718; x_wconf 88' lang='lat' dir='ltr'><strong>monet</strong></span> <span class='ocrx_word' id='word_1_517' title='bbox 3357 5668 3417 5716; x_wconf 89' lang='lat' dir='ltr'><strong>ut</strong></span> <span class='ocrx_word' id='word_1_518' title='bbox 3451 5661 3509 5717; x_wconf 92' lang='lat' dir='ltr'><strong>in</strong></span> <span class='ocrx_word' id='word_1_519' title='bbox 3541 5664 3744 5720; x_wconf 89' lang='lat' dir='ltr'><strong>eadem</strong></span> 
     </span>
    </p>
   </div>
  </div>
