4112 6132
317 343 432 403 ΔἻ3

1312 340 1384 399 Ι).
1434 337 1765 401 NOURRII
1812 340 2348 406 DISSERTATIO.
2395 379 2474 393 -—
2515 350 2722 410 PARS
2765 351 2814 411 Ι.

3620 357 3740 416 474

322 492 558 547 semper
579 492 720 532 cum
743 473 1022 531 Onesimo
1044 477 1100 530 et
1115 473 1548 530 necessitudine
1575 479 1631 531 et
1653 475 1980 533 obedientia
2013 485 2065 552 Α
2098 481 2364 553 quamvis
2386 481 2528 537 nihil
2555 481 2854 540 molestius
2888 501 3148 557 unquam
3173 486 3391 555 tulerit,
3426 505 3601 560 quam
3649 489 3742 545 ni-

325 573 700 641 pcrseverent
733 591 747 633 ;
781 570 1118 638 quantaque
1175 565 1311 621 inde
1352 565 1603 637 singulis
1647 567 2000 640 quibusque

327 659 476 714 bona
508 664 686 728 atque
721 655 1004 711 utilitates
1071 655 1356 722 oriantur,
1417 657 1637 711 eisdem
1679 658 1882 727 aperit.
1921 661 1979 713 In

330 748 432 804 hoc
465 755 663 801 autem
701 745 855 816 quod
915 744 1201 815 quosdam
1255 744 1576 812 haereticos,
1611 745 1709 816 qui
1768 745 1982 802 Christi

329 842 576 892 mortem
608 841 665 890 et
689 833 1174 890 resurrectionem
1201 834 1391 889 tictam
1412 837 1467 888 et
1489 835 1828 890 simulatam
1853 851 1981 891 esse

332 923 1173 990 diccbaut,noluerintaudire,
1209 923 1309 978 sed
1347 923 1657 980 continuas
1701 925 1771 978 ad
1797 929 1978 981 Deum

331 1035 430 1091 pro
450 1016 690 1070 illorum
727 1012 1105 1069 conversione
1128 1029 1326 1084 preces
1345 1012 1622 1082 fuderint,
1648 1014 1821 1069 {idem
1856 1013 1978 1069 illo-

331 1126 452 1164 rum
488 1106 787 1179 praedicat.
826 1105 946 1160 Sub
970 1105 1089 1159 haec
1132 1103 1414 1159 nonnulla
1468 1103 1552 1159 eis
1611 1105 1792 1159 tradit
1849 1105 1981 1160 vitae

332 1212 679 1267 morumque
710 1197 1018 1266 praecepta,
1044 1193 1242 1264 ibique
1293 1193 1364 1248 de
1403 1209 1464 1248 se
1483 1197 1644 1248 tanto
1669 1193 1978 1248 sentithu-

334 1285 552 1353 milius,
587 1289 807 1356 quanto
840 1283 1085 1338 virtutes
1132 1282 1366 1338 illorum
1399 1281 1606 1337 altrius
1637 1281 1879 1338 extollit.
1917 1285 1978 1337 In

334 1376 538 1449 primis
575 1391 709 1430 vero
743 1390 842 1429 eos
873 1374 1146 1428 hortatur
1176 1373 1347 1428 ﬁdem
1378 1371 1669 1443 integram
1729 1377 1979 1442 servent,

333 1480 565 1537 semper
589 1463 831 1519 credant
858 1461 1159 1518 Christum
1219 1477 1348 1516 vere
1392 1461 1624 1532 quidem
1672 1476 1740 1516 ex
1797 1459 1983 1514 Maria

331 1555 557 1626 virgine
588 1557 818 1622 natum,
853 1552 954 1606 sed
989 1549 1194 1606 matris
1226 1549 1615 1620 virginitatem
1643 1552 1700 1605 et
1733 1553 1979 1605 mortem

331 1644 482 1710 Filii,
518 1645 690 1715 cujus
720 1641 998 1697 divinitas
1050 1657 1116 1695 eo
1175 1639 1385 1708 sidere,
1431 1640 1586 1711 quod
1619 1655 1796 1711 supra
1827 1642 1982 1694 astra

335 1735 532 1791 omnia
563 1729 951 1806 resplenduit,
980 1729 1349 1786 manifestata
1405 1734 1514 1800 est,
1546 1728 1778 1785 diabolo
1825 1745 1983 1799 pror-

338 1842 438 1882 sus
471 1824 651 1880 fuisse
681 1822 1034 1894 incognitas.
1095 1819 1406 1876 Pollicetur
1460 1820 1668 1875 deinde
1711 1835 1774 1874 se
1803 1817 1978 1874 aliam

335 1918 403 1972 ad
435 1933 556 1984 eos,
589 1915 640 1971 si
672 1931 774 1986 per
798 1912 979 1968 Deum
1010 1911 1201 1974 liceat,
1235 1911 1503 1966 daturum
1528 1910 1834 1980 epistolam
1868 1928 1882 1978 ;
1915 1926 1982 1965 ac

329 2007 568 2063 tandem
602 2008 918 2076 postquam
940 2018 1139 2058 eorum
1171 2001 1537 2057 orationibus
1559 2001 1978 2057 Antiochenam

328 2095 766 2156 commendavit
796 2092 1138 2160 Ecclcsiam,
1195 2092 1395 2162 primas
1453 2090 1588 2146 huic
1627 2091 1882 2163 epistolae
1910 2091 1978 2146 fi-

323 2202 456 2242 nem
489 2183 764 2256 imponit.

392 2284 666 2343 Secunda
695 2283 912 2354 scripta
952 2287 1042 2338 est
1088 2280 1357 2336 Ecclesiae
1412 2279 1809 2351 Magnesianae,
1847 2297 1973 2351 quas

315 2377 570 2434 Damam
601 2373 945 2445 episcopum
981 2387 1173 2439 suum,
1207 2373 1265 2425 et.
1294 2371 1558 2438 Bassum,
1591 2375 1762 2442 atque
1797 2369 1977 2440 Apol-

317 2466 542 2522 lonium
566 2463 962 2535 presbyteros,
989 2477 1055 2515 ac
1079 2459 1350 2516 Solonem
1393 2459 1692 2515 diaconem
1743 2461 1811 2514 ad
1837 2475 1972 2514 eum

320 2557 637 2611 direxerat.
669 2553 739 2608 lli
761 2555 1074 2624 postquam
1098 2549 1388 2622 Ignatium
1414 2549 1482 2604 de
1507 2547 1662 2604 felici
1706 2549 1971 2620 ejusdem

323 2645 595 2701 Ecclesiae
627 2647 784 2699 statu
817 2641 1121 2697 certiorem
1154 2639 1449 2705 fecissent,
1483 2639 1552 2694 ad
1599 2654 1726 2694 eam
1778 2638 1975 2693 confe-

329 2735 462 2792 stim
488 2735 642 2790 hanc
660 2732 757 2788 ille
779 2730 1038 2788 exaravit
1057 2727 1391 2801 epistolam,
1416 2728 1476 2782 in
1500 2743 1613 2797 qua
1635 2727 1706 2782 de
1732 2743 1794 2782 se
1810 2743 1972 2782 sum-

340 2840 435 2879 ma
465 2840 590 2878 cum
613 2821 970 2878 demissione
989 2816 1762 2889 locutus,Magnesianorum
1780 2815 1973 2871 chari-

338 2917 531 2982 tatem,
563 2911 928 2968 concordiam
952 2913 1302 2978 caeterasque
1323 2906 1565 2962 virtutes
1609 2905 1974 2961 Christianas

331 3018 560 3060 summe
590 3000 984 3058 commendat.
1014 2998 1150 3053 Eam
1187 3013 1418 3069 quoque
1440 2997 1513 3052 ob
1548 3012 1808 3063 causam,
1841 2996 1975 3050 bre-

328 3092 546 3152 viorem
580 3107 642 3146 se
666 3089 872 3146 fecisse
894 3086 1200 3160 epistolam
1226 3089 1506 3156 testatur;
1529 3085 1684 3157 quod
1721 3083 1973 3140 homini-

324 3185 553 3250 bus,tot
577 3181 877 3250 tantisque
898 3175 1214 3232 virtutibus
1237 3180 1294 3232 et
1331 3174 1720 3230 sanctimonia
1762 3174 1970 3243 praedi-

320 3269 811 3343 tis,prolixiorem
840 3267 1095 3324 scribere
1119 3282 1263 3336 opus
1295 3281 1408 3320 non
1453 3267 1594 3320 erat.
1631 3263 1753 3318 Illis
1781 3262 1972 3334 itaque

321 3362 633 3428 duntaxat,
665 3363 727 3414 ut
756 3357 1233 3430 presbyterorum
1294 3354 1501 3421 instar,
1531 3353 1590 3408 in
1625 3351 1819 3408 debita
1845 3368 1974 3418 suo,

299 3452 458 3508 licet
483 3449 730 3521 juniori,
761 3448 1036 3520 episcopo
1094 3444 1449 3510 obedientia,
1510 3441 1834 3499 reverentia
1873 3441 1975 3497 ad-

314 3557 526 3596 versus
558 3539 934 3611 presbyteros
965 3538 1021 3591 et
1051 3535 1334 3590 diaconos
1358 3532 1706 3600 exhibenda,
1741 3537 1973 3587 mutua-

316 3648 436 3703 que
466 3630 623 3684 inter
653 3645 715 3683 ee
747 3643 886 3699 pace
927 3633 981 3681 et
1039 3624 1350 3680 concordia
1407 3622 1693 3678 servanda
1749 3635 1978 3690 semper

318 3715 1102 3794 perseverent,adhortatur.
1122 3715 1294 3769 Docet
1317 3711 1522 3768 deinde
1545 3727 1746 3766 omnes
1760 3709 1976 3782 Moysis

317 3811 451 3881 lege
480 3807 726 3876 solutos,
761 3804 886 3860 sola
917 3802 1130 3859 Christi
1189 3801 1509 3857 Servatoris
1568 3798 1694 3872 lege
1743 3799 1924 3855 teneri
1956 3817 1970 3866 ;

318 3915 501 3970 quem
527 3913 658 3951 vere
690 3901 1008 3959 mortuum,
1032 3896 1089 3948 et
1114 3909 1147 3947 a
1180 3890 1427 3946 mortuis
1467 3890 1814 3944 suscitatum
1846 3902 1975 3942 esse

318 3988 711 4045 demonstrat.
747 3983 910 4050 Quod
969 3982 1206 4053 quidem
1266 3997 1378 4035 non
1428 3978 1555 4034 ideo
1614 3977 1974 4048 argumentis

316 4076 695 4152 probandum
732 4089 794 4129 se
826 4071 1157 4143 suscepisse
1188 4069 1346 4140 dicit,
1380 4069 1533 4140 quod
1567 4084 1766 4125 eorum
1797 4066 1974 4138 aliqui

308 4166 468 4222 illud
499 4181 614 4220 non
647 4163 949 4217 crederent
983 4178 996 4229 ;
1040 4160 1141 4216 sed
1174 4164 1238 4214 ut
1291 4175 1390 4214 eos
1447 4173 1651 4213 omnes
1694 4157 1973 4212 adversus

312 4253 716 4330 quorumdam
750 4267 994 4316 errores,
1025 4248 1124 4320 qui
1158 4249 1215 4302 id
1247 4247 1431 4319 impie
1476 4247 1786 4320 negabant,
1838 4261 1976 4330 prae-

315 4325 584 4402 muniret
613 4359 679 4396 ac
708 4344 985 4395 tueretur.
1020 4343 1097 4393 Ea
1127 4342 1364 4410 propter
1413 4336 1548 4392 illos
1566 4341 1632 4391 ut
1653 4336 1712 4390 in
1739 4325 1974 4390 Domini

315 4441 382 4493 et
407 4432 805 4506 apostolorum
839 4430 1100 4484 doctrina
1137 4426 1528 4483 ﬁrmisissime
1574 4424 1973 4490 stabiliantur,

317 4525 711 4596 episcopoque
746 4537 854 4575 suo
895 4534 1114 4574 morem
1170 4533 1402 4588 semper
1451 4520 1674 4588 gerant,
1708 4515 1974 4570 obsecrat

2095 570 2244 626 mias
2277 573 2665 642 quorumdam
2689 573 2885 629 laudes
2910 591 2932 637 ,·
2960 592 3166 641 negare
3186 580 3384 631 tamen
3409 595 3522 632 non
3572 595 3741 649 posse

2095 660 2484 730 cognitionem
2509 662 2934 734 scientiamque
2949 681 3061 719 non
3079 665 3376 736 vulgarem
3397 666 3738 738 divinitatis,

2095 748 2434 819 angelorum
2468 766 2781 822 rerumque
2807 751 3152 822 ccelestium,
3185 771 3355 823 quam
3406 771 3537 809 cum
3573 756 3738 826 ipsis,

2095 838 2207 892 nisi
2236 838 2428 893 adhuc
2453 849 2643 895 essent
2674 841 3049 908 inﬁrmiores,
3075 843 3226 897 ultro
3254 846 3735 912 communicaret,

2095 927 2207 982 sibi
2230 929 2508 985 divinitus
2533 931 2709 986 fuisse
2731 933 3511 989 concessam.Verumtamen
3531 942 3739 1006 praeter

2095 1017 2201 1072 has
2235 1017 2618 1088 cognitiones,
2653 1022 3033 1090 quantumvis
3090 1023 3395 1092 sublimes,
3430 1023 3542 1078 sibi
3592 1025 3737 1080 alias

2096 1106 2280 1161 multo
2315 1109 2566 1177 majores
2626 1109 2849 1178 deesse,
2905 1127 3008 1165 nec
3060 1128 3122 1166 se
3180 1111 3383 1182 primis
3429 1113 3736 1184 discipulis

2096 1195 2425 1265 proximum
2458 1199 2776 1264 numerari,
2803 1197 2956 1253 ultro
2981 1199 3217 1254 fatetur.
3254 1200 3389 1255 Post
3433 1201 3734 1258 haec'l‘ral-

2093 1282 2286 1340 lenses
2317 1287 2783 1354 commonefacit,
2818 1289 2888 1342 ab
2923 1289 2995 1344 iis
3051 1289 3148 1359 qui
3203 1289 3502 1345 Christum
3536 1290 3735 1346 ﬁctum

2092 1371 2412 1439 hominem,
2444 1374 2716 1430 simulate
2767 1381 3056 1432 mortuum
3087 1386 3140 1433 et
3174 1379 3591 1434 exsuscitatum
3625 1398 3734 1436 au-

2092 1461 2292 1516 dacter
2322 1465 2747 1530 asserebant,in
2771 1466 2978 1537 primis
3010 1472 3248 1522 caveant
3284 1488 3297 1536 ;
3334 1483 3437 1523 nec
3491 1468 3731 1540 laqueos

2092 1567 2292 1608 eorum
2324 1553 2553 1609 facilius
2591 1572 2770 1626 quam
2802 1573 2910 1611 sua
2931 1557 2990 1611 in
3021 1557 3382 1629 episcopum,
3417 1575 3732 1631 sacrosque

2093 1641 2398 1697 ministros
2439 1643 2767 1700 obedientia
2797 1661 2969 1717 posse
2999 1645 3298 1702 declinari.
3332 1647 3551 1703 Deinde
3580 1647 3731 1717 illos,

2092 1737 2141 1785 et
2176 1747 2308 1799 suo,
2343 1735 2400 1786 et
2443 1732 2842 1805 Smyrnensis,
2894 1751 2957 1789 ac
3013 1735 3312 1806 Ephesius:
3371 1736 3734 1809 aliarumque

2092 1819 2483 1877 Ecclesiarum
2543 1823 2788 1879 nomine
2847 1824 3081 1892 salutat,
3116 1829 3288 1897 atque
3348 1827 3419 1882 ad
3465 1831 3737 1883 mutuam

2089 1910 2242 1966 inter
2272 1927 2333 1967 se
2365 1929 2589 1985 pacem,
2623 1919 2680 1970 et
2737 1915 2795 1970 in
2854 1915 3194 1988 episcOpum
3254 1915 3736 1992 presbyterosque

2087 2015 2226 2056 suos
2250 2001 2676 2058 observantiam
2713 2021 2918 2060 rursus
2950 2005 3176 2061 excitat.
3235 2005 3428 2062 Poscit
3483 2007 3734 2078 denique

2087 2092 2149 2144 ut
2173 2090 2320 2145 fusis
2351 2091 2421 2145 ad
2456 2090 2640 2148 Deum
2673 2093 2964 2164 precibus,
3010 2111 3159 2161 eam,
3219 2111 3335 2165 qua
3388 2095 3728 2166 martyrium

2085 2193 2260 2234 suum
2293 2196 2707 2236 consummare
2737 2183 2942 2253 possit,
2976 2182 3224 2254 gratiam
3257 2190 3511 2239 exorent.

2155 2275 2369 2339 Quarta
2391 2278 2714 2350 ultimaque
2727 2279 3260 2352 epistola,Smyrnaa
3282 2282 3438 2348 data,
3472 2282 3538 2336 ad
3555 2280 3722 2335 Chri-

2081 2365 2302 2421 stianos
2324 2370 2516 2422 Romae
2540 2370 2814 2440 degentes
2843 2369 3061 2424 directa
3084 2378 3187 2440 est,
3219 2369 3436 2442 illaque
3460 2371 3720 2442 lgnatius

2081 2471 2178 2510 eos
2200 2455 2270 2510 de
2285 2457 2562 2528 martyrio
2581 2457 2775 2524 suo,in
2801 2474 3001 2514 eorum
3028 2459 3168 2513 urbe
3188 2460 3560 2531 perficiendo,
3596 2476 3722 2515 cer—

2080 2542 2260 2598 tiores
2286 2543 2444 2600 facit.
2467 2545 2601 2602 lllos
2627 2562 2756 2601 vero
2789 2547 3062 2602 omnibus
3085 2565 3225 2618 quas
3246 2549 3723 2604 ardentissimum

2083 2648 2149 2687 ac
2192 2649 2337 2704 pene
2397 2635 2734 2691 incredibile
2794 2637 3085 2692 subeundi
3149 2639 3410 2710 martyrii
3461 2639 3724 2694 studium

2083 2737 2395 2793 suggerere
2428 2729 2674 2795 poterat,
2709 2725 3033 2782 rationibus
3065 2725 3260 2798 pulsat
3291 2743 3303 2794 ;
3373 2743 3443 2782 ne
3475 2731 3722 2782 mortem

2081 2813 2449 2883 suam,quod
2494 2831 2677 2869 unum
2723 2815 2990 2882 timebat,
3052 2817 3355 2885 prohibere
3407 2820 3722 2874 tentarent.

2079 2901 2396 2974 Subjungit
2426 2919 2487 2958 se
2509 2903 2932 2960 crudelissimis
2955 2905 3346 2972 satellitum,a
3369 2906 3580 2977 quibus
3612 2906 3724 2961 du-

2081 2989 2345 3060 cebatur,
2403 2991 2808 3048 vexationibus
2866 2994 2937 3050 ad
2996 2995 3426 3067 assequendam
3464 2996 3726 3068 martyrii

2080 3077 2336 3150 palmam
2361 3081 2694 3152 praeparari,
2725 3089 2896 3154 atque
2938 3083 3152 3139 idcirco
3192 3084 3469 3140 Romanis
3499 3101 3560 3140 se
3591 3085 3726 3156 qui-

2083 3166 2211 3222 dem
2243 3184 2356 3225 non
2416 3170 2748 3243 praecipere,
2803 3172 2902 3228 sed
2943 3188 3040 3228 eos
3099 3173 3397 3239 obtestari,
3431 3178 3494 3229 ut
3546 3191 3579 3228 a
3609 3179 3724 3230 Deo

2083 3256 2394 3328 impetrent
2423 3274 2636 3331 corpus
2669 3277 2865 3332 suum,
2887 3266 3169 3334 tanquam
3190 3262 3548 3318 frumentum
3563 3263 3726 3320 Chri-

2084 3347 2181 3413 sti,
2215 3347 2488 3404 dentibus
2521 3349 2838 3405 bestiarum
2872 3350 2953 3406 ita
2986 3350 3149 3419 moli,
3183 3356 3248 3406 ut
3307 3351 3452 3407 nihil
3485 3353 3724 3410 omnino

2085 3434 2162 3489 sit
2178 3435 2497 3506 reliquum;
2526 3438 2882 3510 tandemque
2895 3443 3096 3510 optare
3117 3455 3178 3495 se
3192 3441 3264 3494 ab
3294 3439 3502 3495 iisdem
3520 3441 3722 3497 bestiis

2083 3525 2519 3596 quamprimum
2544 3526 2809 3582 devorari
2838 3545 2850 3595 ;
2884 3532 3060 3598 atque
3081 3527 3131 3582 si
3153 3526 3239 3582 vel
3261 3528 3568 3583 minimum
3600 3546 3721 3585 mo-

2083 3617 2308 3680 rentur,
2339 3613 2494 3681 illas,
2530 3615 2862 3682 utChristo,
2899 3616 3300 3685 quonihilsibt
3325 3617 3721 3687 chariuserat,

2083 3702 2254 3757 citius
2278 3702 2913 3776 frueretur,derepente
2935 3721 3370 3776 aggressurum.
3405 3706 3488 3760 Ob
3521 3705 3722 3762 oculos

2083 3791 2290 3846 deinde
2321 3792 2404 3847 eis
2465 3793 2628 3865 ponit
2670 3798 2887 3865 quanto
2945 3799 3158 3849 conatu
3206 3797 3473 3866 princeps
3529 3795 3725 3851 saeculi

2083 3880 2358 3953 martyrio
2392 3898 2497 3936 suo
2516 3882 2796 3938 obsistere
2821 3883 3115 3938 niteretur.
3152 3882 3454 3951 Hincillis,
3489 3899 3558 3939 ne
3589 3901 3722 3940 cum

2083 3969 2382 4026 dirissimo
2411 3971 2744 4027 mortalium
2776 3972 2941 4028 hoste
2972 3973 3326 4043 conspirent,
3360 3974 3459 4028 sed
3493 3973 3628 4039 sibi,
3661 3977 3726 4029 ut

2081 4060 2244 4116 ocius
2275 4066 2519 4117 mortem
2553 4067 2808 4132 optatam
2839 4062 3043 4128 obiret,
3078 4077 3244 4132 opem
3280 4061 3474 4134 potius
3515 4063 3722 4132 ferant,

2080 4158 2280 4205 auctor
2305 4155 2392 4204 est
2422 4154 2478 4204 et
2507 4166 2730 4204 suasor.
2792 4149 2969 4204 Suam
3032 4155 3232 4220 postea
3287 4149 3629 4216 Ecclesium,
3663 4149 3723 4204 in

2080 4255 2197 4309 qua
2227 4255 2299 4294 ne
2333 4240 2539 4294 ultimo
2598 4239 2837 4310 quidem
2899 4239 2996 4309 qui
3030 4239 3420 4295 ascriberetur
3451 4238 3598 4305 loco,
3632 4240 3724 4295 di-

2080 4344 2231 4400 gnus
2260 4331 2402 4398 erat,
2438 4328 2751 4398 plurimum
2783 4327 2900 4383 illis
2932 4329 3302 4384 commendat
3334 4347 3348 4397 ;
3409 4330 3633 4401 eisque,
3666 4332 3724 4385 et

2083 4419 2229 4485 suis,
2258 4423 2315 4474 et
2332 4419 2619 4487 omnium,
2652 4437 2776 4492 quas
2822 4418 2910 4475 vel
2962 4435 3096 4475 eum
3133 4425 3496 4492 exceperant,
3528 4421 3615 4477 vel
3649 4421 3716 4477 ad

2081 4524 2214 4563 eum
2261 4508 2630 4565 invisendum
2689 4509 2914 4580 aliquos
2965 4510 3267 4576 miserant,
3329 4509 3718 4567 Ecclesiarum

316 4615 790 4682 obtestaturque.
825 4608 1088 4678 Denique
1118 4607 1210 4662 sui
1228 4606 1440 4678 ipsius,
1474 4611 1531 4660 et
1566 4604 1831 4660 Ecclesiae
1855 4621 1972 4659 sua;
2006 4602 2050 4666 D
2082 4598 2273 4653 verbis
2295 4597 2607 4669 plurimam
2643 4597 2892 4654 salutem
2927 4599 3121 4654 mittit.
3159 4599 3418 4670 Denique
3450 4600 3720 4656 charissi-

322 4700 699 4760 Antiochenaa
729 4697 890 4754 brevi
943 4694 1445 4752 commendatione
1503 4693 1721 4749 claudit
1766 4691 1976 4764 episto~

320 4795 468 4850 lam.

395 4888 590 4947 Tertia
619 4888 689 4944 ad
723 4886 1042 4943 Ecclesiam
1066 4883 1426 4940 Trallensem
1469 4883 1541 4939 ab
1589 4899 1652 4938 eo
1687 4882 1824 4938 data
1862 4885 1970 4950 est,

320 4986 640 5054 postquam
671 4993 772 5048 per
802 4974 1105 5047 Polybium
1139 4975 1406 5045 ejusdem
1447 4971 1716 5029 Ecclesia
1745 4972 1973 5044 episco-

328 5085 499 5140 pum,
533 5067 605 5121 ad
638 5080 701 5119 se
732 5063 805 5119 ab
834 5079 902 5118 ea
924 5062 1197 5130 missum,
1259 5065 1414 5116 certo
1473 5060 1794 5130 accepisset
1821 5058 1971 5113 Tral-

318 5157 517 5212 lenses
547 5153 909 5208 Christianos
940 5151 1296 5221 inculpatum
1333 5153 1588 5204 mentem
1648 5149 1882 5218 habere,
1916 5152 1975 5203 et

324 5242 796 5317 insuperabilem
829 5241 888 5296 in
922 5239 1222 5312 patientia,
1281 5253 1493 5310 eosque
1548 5253 1680 5295 vere
1719 5254 1846 5293 esse
1877 5239 1974 5294 Dei

319 5337 665 5392 imitatores.
701 5333 800 5388 Ille
823 5347 980 5388 enim
1013 5330 1107 5386 his
1139 5329 1362 5386 nuntiis
1421 5331 1634 5402 gaudio
1676 5331 1970 5402 perfusus,

321 5425 476 5480 hanc
501 5422 741 5494 scripsit
767 5419 1102 5494 epistolam,
1135 5435 1252 5490 qua
1287 5419 1371 5475 eis
1408 5419 1479 5475 de
1507 5425 1582 5474 tot
1605 5418 1834 5474 eximiis
1856 5419 1970 5473 vir-

323 5514 553 5570 tutibus
576 5509 893 5583 plurimum
918 5508 1507 5581 gratulatus,eosdem
1532 5512 1597 5563 ut
1626 5507 1970 5579 episcopum

328 5601 682 5666 obedientia,
732 5600 1102 5672 presbyteros
1156 5598 1542 5664 veneratione,
1604 5595 1972 5653 observantia

331 5690 605 5748 diaconos
636 5691 1082 5761 prosequantur,
1136 5686 1320 5744 amice
1370 5689 1586 5744 monet.
1639 5685 1850 5743 Subdit
1906 5700 1969 5744 se

2086 4703 2247 4742 mum
2271 4705 2444 4744 suum
2473 4692 2721 4745 Crocum
2746 4689 2817 4743 ad
2841 4705 2902 4743 se
2925 4689 3254 4758 pervenisse
3275 4689 3529 4759 nuntiat,
3551 4699 3721 4760 atque

2086 4784 2144 4830 ut
2176 4776 2246 4832 iis
2278 4777 2379 4847 qui
2405 4793 2471 4832 ex
2500 4777 2660 4849 Syria
2686 4781 2923 4832 Romam
2955 4782 3252 4846 venerant,
3285 4779 3555 4832 eumdem
3583 4782 3720 4832 Cro-

2082 4870 2132 4924 ci
2163 4869 2500 4937 adventum,
2530 4885 2708 4940 seque
2739 4885 2836 4924 eos
2867 4867 3024 4924 brevi
3065 4873 3485 4924 conventurum
3535 4868 3722 4939 signi-

2083 4962 2302 5026 carent,
2335 4958 2510 5013 etiam
2543 4963 2718 5030 atque
2743 4958 2920 5012 etiam
2953 4963 3240 5028 precatur.

2155 5056 2418 5128 Ignatius
2443 5057 2529 5110 his
2551 5059 2803 5127 quatuor
2824 5055 3034 5111 litteris
3061 5055 3320 5126 Smyrnae
3371 5053 3719 5126 obsignatis,

2085 5145 2215 5199 inde
2244 5145 2494 5214 solvens,
2529 5143 2755 5216 appulit
2785 5143 3210 5208 Troadem,ubi
3233 5147 3349 5198 tres
3377 5143 3543 5209 alias,
3579 5160 3722 5213 qua-

2082 5252 2211 5291 rum
2245 5235 2435 5308 prima
2465 5237 2534 5289 ad
2569 5233 3108 5303 Philadelphienses
3140 5235 3355 5304 scripta
3387 5237 3497 5297 est,
3521 5249 3723 5287 exara-

2080 5326 2349 5382 vit.Hanc
2370 5324 2650 5380 inchoata
2670 5323 2942 5377 laudibus
2993 5323 3177 5376 sancti
3203 5323 3542 5378 eorumdem
3600 5322 3724 5394 epi—

2082 5417 2263 5487 scopi,
2297 5416 2467 5486 cujus
2499 5413 2755 5469 divinam
2788 5412 2859 5467 ad
2892 5412 3292 5484 episcopatum
3342 5413 3722 5483 vocationem,

2083 5506 2454 5570 modestiam,
2487 5504 2749 5574 aliasque
2798 5503 3044 5557 virtutes
3100 5502 3212 5558 sibi
3271 5503 3722 5561 admirationem

2082 5597 2332 5653 movisse
2363 5598 2626 5663 testatus,
2658 5592 2789 5649 illos
2812 5592 2882 5648 ad
2916 5593 2963 5647 ei
2976 5637 2988 5662 ,
3022 5592 3175 5648 sicut
3204 5607 3337 5649 oves
3387 5594 3625 5666 pastori,
3661 5599 3722 5650 ut

2084 5687 2413 5746 mortiferas
2443 5685 2718 5743 doctrinae
2740 5699 2990 5742 erronem
3013 5682 3223 5742 herbas
3261 5683 3534 5749 devitant,
3567 5685 3728 5742 obse-
