4112 6132
373 338 494 396 475

1434 335 1499 395 S.
1544 329 1942 395 IGNATIUS.
1989 357 2057 372 --
2104 323 2714 386 PROLEGOMENA.

3665 339 3790 399 476

371 472 696 546 quendum,
729 470 932 526 sedulo
962 469 1254 525 hortatur.
1285 473 1431 522 Tum
1464 467 1742 523 continuo
1765 464 2014 534 subjun-
2048 461 2102 530 Α
2133 459 2252 515 sias
2283 458 2358 514 ad
2387 457 2546 514 illam
2577 459 2780 515 eadem
2804 461 2876 516 de
2906 477 3085 517 causa
3141 463 3517 522 scribendum
3578 469 3788 528 horte-

373 563 458 634 git
490 577 661 616 nosse
704 576 765 615 se
795 576 893 614 eos
925 559 981 613 in
1014 559 1123 615 huc
1154 575 1387 629 semper
1417 557 1600 613 fuisse
1643 552 1977 612 obedientia
2007 573 2022 622 ;

374 652 473 706 sed
511 667 580 704 ne
611 649 682 704 ab
702 648 944 718 illis,qui
969 648 1151 719 legem
1182 648 1399 721 Moysis
1430 665 1541 704 non
1568 651 1763 703 autem
1810 643 2024 699 Christi

370 741 719 795 servandam
755 756 882 794 esse
913 740 1221 803 docebant,
1257 742 2021 810 corrumpantur,perseve-

376 830 625 886 rantiam
660 829 959 899 elﬂagitat.
995 831 1274 883 Memorat
1308 831 1504 883 autem
1529 844 1590 882 se
1622 843 1755 882 cum
1802 825 1877 881 ad
1923 840 2022 880 eos

375 920 726 986 divertisset,
760 919 1245 992 cognovissetque
1297 920 1448 992 apud
1485 920 1644 991 ipsos
1667 935 1794 974 esse
1844 933 2022 987 quos-

371 1011 531 1077 dam,
567 1009 666 1080 qui
700 1014 940 1064 eatenus
973 1008 1311 1080 Evangelio,
1343 1013 1630 1080 quatenus
1666 1007 1874 1078 priscis
1923 1023 2020 1062 eo-

371 1117 500 1154 rum
535 1099 875 1153 auctoribus
921 1105 1377 1154 consentaneum
1435 1104 1608 1164 esset,
1660 1098 2017 1153 credendum

370 1205 497 1244 esse
530 1189 1117 1258 contenderent,tunc
1147 1190 1409 1244 eamdem
1437 1189 1552 1244 illis
1588 1188 1846 1243 suasisse
1879 1187 2018 1241 obe-

371 1276 809 1332 dientiamJam
837 1293 970 1332 vero
1001 1293 1061 1332 se
1087 1294 1384 1347 nunquam
1407 1277 1497 1332 bis
1522 1275 1883 1340 hominibus,
1919 1275 2019 1330 sed

371 1366 551 1432 cruci,
588 1365 782 1431 morti,
817 1367 1233 1422 resurrectioni
1266 1365 1502 1433 Christi,
1534 1370 1708 1436 atque
1758 1365 2017 1436 Evange-

370 1455 447 1511 lio
478 1474 511 1510 a
543 1456 845 1527 prophetis
879 1456 1288 1528 pra-enuntiato,
1323 1463 1607 1526 tanquam
1647 1455 1885 1510 omnino
1936 1455 2022 1509 in-

367 1551 657 1616 corrupta
692 1545 915 1602 veritati
948 1547 1120 1602 ﬁdem
1155 1547 1487 1601 habiturum
1525 1545 1850 1616 proﬁtetur.
1884 1543 2018 1599 Illos

367 1634 575 1690 deinde
602 1635 974 1703 monet,utad
1002 1634 1314 1690 Ecclesium
1357 1633 1773 1690 Antiochenam
1826 1631 2020 1688 diaco-

371 1741 508 1780 num
541 1725 877 1795 quemdam,
912 1724 999 1778 vel
1031 1723 1185 1780 sicut
1216 1723 1417 1778 vicinas
1469 1723 1748 1790 ecclesiae,
1792 1723 2016 1794 episco-

374 1831 537 1886 pum,
563 1830 628 1868 ac
660 1814 1049 1885 presbyteros,
1084 1814 1184 1884 qui
1217 1814 1287 1867 de
1321 1812 1548 1868 reddita
1576 1811 1627 1867 ei
1647 1828 1788 1883 pace
1819 1815 2012 1883 gratu-

372 1902 589 1965 lentur,
625 1902 903 1973 dirigant.
937 1902 1056 1957 Sub
1079 1901 1202 1957 haec
1237 1901 1308 1957 ob
1341 1901 1629 1957 Philonem
1685 1901 2018 1968 diaconum,

376 1993 559 2048 Reum
595 1994 651 2047 et
707 1990 1145 2062 Agathopodem
1189 1990 1611 2061 benignissime
1670 1990 1742 2046 ab
1799 1989 1882 2046 eis
1922 2007 2016 2046 ex-

374 2086 574 2154 ceptos
631 2080 848 2153 gratias
907 2081 1044 2154 agit.
1096 2081 1358 2154 Denique
1441 2098 1540 2137 eos
1595 2080 2020 2137 Troadensium

371 2171 562 2227 verbis
594 2169 828 2238 salutat,
893 2174 1168 2241 optatque
1227 2178 1284 2226 ut
1345 2170 1608 2226 Burrhus
1657 2175 1712 2226 et
1743 2171 2019 2241 Ephesini

370 2265 545 2333 atque
571 2261 851 2333 Smyrnaei
901 2278 935 2317 a
993 2261 1243 2327 Christo,
1303 2261 1360 2316 in
1405 2278 1517 2333 quo
1572 2277 1736 2333 spem
1788 2277 2016 2317 omnem

369 2350 806 2419 collocaverant,
839 2349 1035 2421 dignis
1066 2349 1387 2405 honoribus
1414 2350 1765 2406 afﬁciantur.

440 2441 616 2496 Soxta
637 2439 882 2511 epistola
913 2441 984 2496 ab
1002 2441 1224 2512 Ignatio
1247 2442 1317 2497 ad
1369 2442 1781 2512 Smyrnensem
1820 2439 2012 2496 Eccle~

371 2530 518 2586 siam
554 2547 656 2602 per
685 2530 1184 2602 Burrhum,quem
1220 2531 1446 2586 itineris
1477 2530 1566 2586 sui
1598 2530 1866 2586 comitem
1916 2530 2017 2586 ha-

371 2620 599 2687 buerat,
634 2620 818 2674 missa
846 2624 953 2674 est.
985 2620 1306 2692 Praacipuo,
1342 2620 1497 2692 quod
1529 2622 1586 2675 in
1620 2635 1686 2674 ea
1706 2622 2012 2685 tractatur,

373 2714 720 2781 argumento
752 2710 1012 2781 lgnatius
1041 2709 1404 2766 Christianos
1437 2710 1716 2767 adversus
1735 2709 2014 2781 quosdam

368 2799 692 2868 haereticos,
716 2802 818 2872 qui
866 2799 1162 2855 Christum
1218 2800 1412 2854 ﬁctam
1471 2803 1702 2854 tantum
1756 2799 2017 2855 hominis

365 2905 622 2957 carnem,
656 2905 769 2959 qua
801 2893 1050 2945 mortem
1083 2893 1139 2944 et
1167 2889 1648 2945 resurrectionem
1701 2888 2016 2945 simulave-

370 2983 479 3048 rat,
513 2978 912 3050 assumpsisse
945 2979 1238 3046 dicebant,
1272 2979 1464 3035 munit
1493 2995 1558 3034 ac
1616 2982 1829 3033 tuetur.
1865 2980 2018 3044 Qua-

373 3074 607 3140 propter
636 3068 937 3124 veritatem
968 3069 1183 3136 carnis,
1217 3067 1531 3139 passionis,
1583 3067 1788 3124 mortis
1847 3072 1902 3122 et
1934 3083 2016 3123 re-

371 3160 752 3215 surrectionis
785 3158 1001 3214 Christi
1066 3159 1297 3214 invictis
1354 3160 1717 3232 argumentis
1774 3159 2016 3214 demon-

2136 552 2251 618 tur,
2279 564 2381 621 per
2411 566 2587 620 quam
2621 558 2884 607 amanter
2937 554 3220 611 obsecrat.
3280 557 3540 630 Denique
3595 561 3789 618 Chris-

2135 639 2314 695 tianis
2347 641 2620 696 omnibus
2653 642 2996 712 generatim,
3028 645 3380 712 quibusdam
3413 665 3545 705 vero
3600 652 3790 707 nomi-

2136 729 2320 785 natim
2353 729 2640 800 salutatis,
2678 731 2949 802 obsignat
2976 733 3295 804 epistolam.

2772 857 3007 913 CAPUT
3068 860 3136 915 ll.

2130 992 2315 1031 VARUS
2372 991 2736 1031 SCRIPTORUM
2806 993 2874 1030 DE
2923 993 3014 1031 HIS
3068 995 3349 1034 EPISTOLIS
3409 997 3784 1053 SENTENTIE;

2205 1064 2457 1109 QUEDAM
2488 1063 2858 1102 OBSERVANDA
2888 1066 3361 1119 PR/‘EMI'I'I‘UNTUR,
3394 1070 3459 1109 ET
3499 1072 3610 1119 QUA
3662 1073 3784 1111 ME-

2199 1136 2383 1175 THODO
2427 1137 2570 1175 VERA
2605 1136 2905 1175 SENTENTIA
2937 1139 3430 1180 PROPUGNABITDR.

2201 1238 2228 1305 §
2260 1236 2301 1290 l.
2343 1236 2534 1292 Variae
2561 1235 2888 1306 scriptorum
2923 1236 2986 1292 de
3019 1238 3090 1292 iis
3119 1239 3371 1310 epistolis
3397 1245 3710 1301 sententia.

2200 1353 2280 1410 De
2312 1353 2402 1409 his
2428 1357 2654 1425 septem
2686 1352 2952 1425 epistolis
2983 1359 3100 1412 tres
3159 1363 3297 1412 sunt
3354 1359 3594 1416 diversa:
3633 1362 3785 1417 scri-

2128 1448 2363 1516 ptorum
2395 1443 2638 1514 hujusce
2669 1445 2856 1499 aetatis
2884 1444 3213 1516 opiniones.
3248 1449 3446 1502 Prima
3487 1455 3575 1504 cst
3605 1450 3792 1507 Blon-

2129 1533 2287 1599 delli,
2324 1531 2522 1588 Dallaei
2579 1531 2943 1603 aliorumque
3004 1534 3262 1606 plurium
3324 1537 3784 1610 Presbyterianaa

2127 1622 2595 1693 Calvinianaaque
2627 1628 2795 1677 secta-3
2826 1623 3154 1695 hominum,
3188 1625 3290 1696 qui
3322 1625 3451 1683 illas
3495 1631 3784 1700 tanquam

2128 1711 2367 1768 omnino
2399 1709 2786 1782 adulterinas,
2821 1712 2988 1768 ﬁctas
3012 1717 3192 1786 atque
3222 1715 3447 1786 Ignatio
3504 1719 3786 1790 supposi-

2127 1805 2216 1858 tas
2248 1800 2580 1874 repudiant.
2614 1805 2690 1856 De
2721 1817 2789 1857 ea
2818 1818 2951 1858 vero
2980 1807 3149 1859 aetate
3179 1821 3293 1876 qua
3319 1822 3416 1862 eas
3470 1806 3530 1861 in
3584 1806 3780 1865 lucem

2133 1891 2421 1963 prodiisse
2453 1895 2708 1958 censent,
2737 1894 2881 1962 quot
2913 1906 3114 1948 eorum
3148 1894 3358 1965 capita,
3414 1899 3498 1951 tot
3546 1913 3782 1957 sensus.

2131 1980 2470 2037 Albertinus
2491 1979 2648 2035 enim
2681 1996 2780 2036 eas
2841 1980 2995 2038 circa
3049 1982 3310 2039 medium
3374 1985 3655 2040 saaculum
3685 2004 3780 2043 se-

2129 2069 2410 2136 cundum,
2463 2069 2792 2126 Salmasius
2852 2072 2961 2126 sub
3023 2073 3268 2145 imperio
3328 2075 3629 2144 Antonini,
3687 2077 3783 2135 vel

2127 2157 2570 2224 MarciAurelii,
2605 2158 2938 2215 Blondellus
2971 2165 3102 2232 post
3159 2165 3405 2219 mortem
3465 2163 3784 2224 Clementis

2127 2249 2525 2319 Alexandrini,
2559 2249 2833 2316 Dallisus,
2867 2256 3117 2308 exeunte
3149 2252 3363 2310 saculo
3409 2256 3601 2326 tertio,
3634 2258 3780 2314 scri-

2126 2344 2257 2413 ptas
2289 2355 2417 2396 esse
2442 2340 2829 2411 pronuntiant
2862 2357 2874 2396 :
2915 2341 3032 2398 imo
3061 2359 3196 2399 vero
3232 2344 3564 2402 Bochartus
3620 2348 3782 2420 epis-

2123 2431 2301 2487 tolam
2337 2432 2406 2486 ad
2441 2431 2736 2487 Romanos
2795 2449 2908 2488 non
2973 2438 3106 2490 ante
3166 2436 3533 2493 Constantini
3578 2438 3782 2512 Magni

2124 2518 2434 2592 imperium
2463 2523 2755 2574 exaratam
2789 2537 2915 2576 esse
2935 2521 3273 2578 arbitratur.

2198 2609 2465 2664 Secunda
2498 2608 2693 2680 opinio
2725 2613 2815 2664 est
2844 2609 3066 2666 Usserii
3098 2613 3451 2669 Armachani
3486 2594 3783 2687 archiepi-

2125 2697 2308 2770 scOpi,
2342 2696 2441 2768 qui
2499 2713 2599 2753 sex
2639 2699 2862 2769 priores
2919 2700 3196 2769 epistolas
3263 2703 3489 2774 Ignalio
3549 2705 3781 2772 asserit,

2126 2788 2436 2860 septimam
2469 2801 2626 2854 vero,
2658 2803 2786 2858 quae
2818 2787 2886 2842 ad
2923 2789 3296 2862 Polycarpum
3330 2791 3463 2847 data
3492 2797 3596 2863 est,
3631 2793 3788 2864 reji-

2126 2880 2202 2937 cit
2229 2879 2614 2950 ﬁclitiamque
2644 2895 2773 2935 esse
2797 2879 3071 2935 afﬁrmat.

2196 2969 2392 3025 Tertia
2422 2967 2667 3024 aliorum
2721 2969 2982 3024 omnium
3037 2969 3322 3024 sententia
3380 2969 3486 3024 has
3545 2974 3770 3042 septem

2125 3059 2402 3130 epistolas
2430 3075 2629 3114 verum
2649 3076 2712 3114 ac
2737 3059 3061 3130 genuinum
3084 3059 3293 3128 Ignatii
3316 3075 3463 3129 opus
3485 3074 3611 3113 esse
3627 3076 3769 3114 con-

2125 3151 2560 3220 tendit;eaque
2593 3167 2709 3206 non
2765 3151 2834 3204 ab
2887 3148 3231 3204 orthodoxis
3266 3152 3648 3218 tantum,sed
3699 3151 3772 3206 ab

371 3254 540 3318 Strat,
569 3248 947 3320 pracipitque
976 3248 1310 3319 Smyrnaeis,
1356 3217 1874 3304 υιυῂεετθίῑσοιιυω
1923 3248 2012 3304 fu-
2045 3217 2086 3284 C
2128 3217 2544 3295 eruditissimis
2575 3238 2793 3295 Calvini
2846 3255 2909 3294 ac
2973 3238 3421 3309 protestantium
3473 3217 3783 3294 sectatori-

367 3339 534 3409 giant
559 3336 865 3407 colloquia,
888 3353 954 3393 ac
980 3337 1101 3394 suis
1134 3338 1404 3409 precibus
1436 3354 1632 3394 eorum
1683 3337 2010 3394 conversio-

370 3442 502 3482 nem
540 3444 572 3481 a
602 3426 718 3482 Deo
768 3432 1103 3498 exposcunt.
1163 3431 1282 3483 Hos
1342 3427 1552 3482 deinde
1608 3431 1673 3483 ut
1721 3427 2017 3499 episeopo,

371 3516 727 3587 presbyteris
760 3520 817 3570 et
849 3514 1192 3570 Iliaconibus
1223 3516 1642 3587 obsequantur,
1703 3515 1762 3571 in
1811 3517 2018 3586 primis

375 3609 570 3661 autem
605 3605 876 3677 episcopo
909 3621 1146 3660 summa
1176 3606 1235 3661 in
1265 3605 1542 3661 omnibus
1581 3605 1913 3661 obedientia
1961 3611 2019 3662 et

371 3695 742 3752 veneratione
773 3695 1128 3766 auseultent,
1160 3695 1406 3752 sollicite
1437 3697 1728 3753 admonet.
1795 3693 2016 3751 Dehinc

377 3785 660 3841 maximas
691 3784 778 3841 eis
811 3784 1028 3841 idcirco
1060 3784 1324 3857 rependit
1354 3786 1594 3857 gratias,
1629 3785 1783 3857 quod
1831 3800 1892 3840 se
1925 3801 2018 3840 so-

379 3873 615 3945 ciosque
647 3890 787 3930 suos
819 3873 1147 3929 incredibili
1211 3873 1613 3930 benevolentia
1667 3873 2016 3946 exceperint,

376 3965 552 4032 atque
574 3963 710 4018 inde
740 3979 838 4018 eos
870 3962 1110 4034 dignam
1135 3979 1167 4017 a
1189 3961 1302 4018 Deo
1322 3962 1644 4018 mercedem
1679 3967 2020 4034 accepturos

375 4068 503 4107 esse
536 4051 858 4124 pollicetur.
896 4053 1095 4108 Postea
1126 4069 1326 4125 pacem
1359 4051 1623 4109 Ecclesiae
1644 4054 2021 4112 Autiochenaa

373 4142 660 4198 redditam
693 4143 944 4209 nuntiat,
978 4148 1221 4214 oratque
1254 4147 1316 4197 ut
1347 4143 1624 4215 aliquem,
1653 4144 1753 4216 qui
1812 4143 1919 4200 hac
1950 4147 2022 4201 de

374 4247 434 4286 re
467 4230 551 4285 illi
575 4230 926 4303 gratuletur,
959 4249 1025 4288 ac
1056 4233 1172 4288 Deo
1196 4233 1400 4288 laudes
1457 4233 1795 4305 gratiasque
1843 4234 2020 4290 simul

375 4338 507 4376 cum
568 4338 636 4376 ea
685 4325 913 4388 referat,
972 4323 1404 4395 quamprimum
1479 4324 1706 4380 mittere
1762 4325 2016 4382 festinet.

373 4409 637 4480 Denique
693 4412 970 4466 omnibus
1029 4428 1158 4468 cum
1219 4412 1665 4482 Troadensium,
1725 4418 1850 4470 tum
1911 4433 2018 4472 suo

374 4497 609 4552 nomine
638 4497 934 4569 salutatis,
966 4499 1228 4570 epistolae
1258 4500 1594 4556 coronidem
1628 4501 1900 4573 imponit.

2132 3330 2264 3396 bus,
2303 3328 2501 3384 Vossio
2529 3328 2772 3397 scilicet,
2832 3327 3155 3395 Hamondo,
3218 3327 3440 3395 Riveto,
3501 3328 3789 3396 Sculteto,

2137 3422 2440 3487 Pearsone,
2469 3417 2653 3483 Bullo,
2678 3417 2909 3490 Moynio
2927 3417 3174 3489 aliisque
3201 3419 3782 3490 propugnatur.Huic

2134 3507 2436 3565 sententiae
2468 3507 2737 3563 iubentes
2773 3507 3224 3578 subscribimus,
3259 3507 3537 3580 illamque
3595 3509 3780 3564 veris-

2133 3598 2343 3654 simam
2372 3596 2778 3664 esseinvictis,
2836 3601 2900 3650 ut
2957 3601 3255 3669 putamus,
3290 3597 3586 3654 rationum
3647 3615 3775 3654 mo-

2135 3687 2347 3744 mentis
2377 3688 2776 3742 demonstrare
2802 3686 3165 3744 conabimur.

2325 3833 2445 3905 ΞΙΙ.
2481 3829 2743 3900 Quadam
2770 3831 3105 3888 observanda
3129 3833 3579 3903 praemittuntur.

2203 3977 2414 4034 Verum
2445 3982 2760 4047 antequam
2786 3975 2855 4030 ad
2881 3975 3033 4031 hanc
3057 3975 3387 4048 Opinionem
3424 3978 3781 4049 probandam

2133 4066 2564 4139 aggrediamur,
2595 4063 2877 4120 nonnulla
2903 4082 3030 4136 quae
3057 4066 3128 4121 ad
3182 4067 3526 4138 quaestionis
3560 4073 3775 4126 nostra)

2131 4156 2599 4229 explanationem
2636 4170 2749 4210 non
2774 4170 2977 4226 parum
3003 4154 3353 4220 conducunt,
3372 4157 3540 4227 juvat
3569 4158 3774 4213 obser-

2130 4247 2484 4304 vare.Primo
2510 4247 2739 4300 constat
2763 4244 2915 4299 inter
2942 4261 3142 4300 omnes
3191 4245 3504 4316 cujuslibet
3552 4246 3775 4316 opinio-

2131 4332 2222 4388 nis
2253 4337 2522 4389 auctores
2547 4333 2832 4404 quasdam
2893 4333 2965 4388 ab
3025 4333 3249 4405 Ignatio
3300 4339 3493 4390 nostro
3523 4335 3774 4405 scriptas

2128 4422 2309 4478 fuisse
2337 4422 2614 4492 epistolas
2644 4439 2658 4477 :
2693 4443 2721 4471 ‹‹
2757 4421 2897 4487 Quis
2959 4422 3137 4492 enim,
3181 4423 3372 4494 inquit
3430 4422 3675 4479 Dallaaus
3705 4423 3774 4494 ⁵⁸,

2129 4516 2250 4567 tam
2281 4513 2480 4568 fatuus
2510 4516 2622 4579 est,
2651 4516 2714 4564 ut
2745 4527 2878 4565 eum
2913 4511 3218 4582 scripsisse
3251 4512 3482 4585 aliquas
3515 4513 3727 4586 neget?
3747 4533 3777 4563 »

450 4588 770 4659 Septimam
809 4587 1092 4659 lgnatius,
1135 4588 1361 4643 Troade
1417 4588 1716 4661 Neapolim
1775 4596 2012 4649 conten-
2046 4596 2091 4661 D
2124 4601 2364 4657 Constat
2393 4601 2570 4657 etiam
2605 4601 2756 4655 inter
2778 4600 3015 4655 eosdem
3048 4599 3204 4670 illas,
3239 4618 3366 4673 quas.
3400 4604 3472 4657 ab
3520 4603 3774 4659 Athana-

364 4682 532 4745 dens,
563 4683 735 4750 atque
767 4679 827 4733 in
877 4677 1072 4732 navim
1132 4677 1375 4748 jamjam
1435 4694 1882 4748 conscensurus,
1941 4683 2012 4738 ad

370 4765 1218 4842 Polycarpum,charissimum
1274 4766 1631 4838 discipulum
1691 4785 1888 4835 suum,
1948 4789 2013 4827 ac

369 4863 787 4933 Smyrnensem
819 4856 1181 4928 episc0pum,
1218 4856 1526 4911 destinavit
1567 4857 1896 4930 epistolam.
1929 4861 2013 4917 lbi

370 4951 573 5006 miram
607 4952 733 5018 ejus
765 4948 822 5003 in
857 4947 970 5002 ﬁde
1000 4944 1384 5003 constantiam
1443 4949 1835 5017 commendat,
1869 4966 2011 5022 gau-

367 5041 645 5111 diumque
675 5055 848 5093 suum
879 5037 1033 5108 quod
1065 5037 1328 5108 Smyrnae
1359 5036 1486 5107 ipso
1511 5037 1723 5092 l'ruitus
1746 5039 2016 5108 sit,testi-

370 5129 864 5186 ﬁeatur.Posthaac
891 5144 1008 5199 quo
1040 5131 1096 5182 et
1127 5127 1252 5198 ipse
1319 5127 1377 5181 in
1441 5128 1652 5184 virtute
1687 5129 2012 5199 proﬁceret,

366 5219 817 5276 etcommissam
844 5217 952 5272 sibi
1005 5216 1320 5272 Ecclesiam
1379 5215 1708 5273 Christiane
1767 5224 2010 5290 regeret,

364 5310 538 5363 variis
573 5309 733 5364 illum
767 5307 1068 5379 praeceptis
1103 5305 1340 5362 imbuit.
1401 5305 1660 5362 Subinde
1713 5325 1845 5364 vero
1875 5325 2010 5364 eum

366 5401 957 5468 oratobtestaturque
989 5402 1052 5450 ut
1082 5397 1152 5450 ad
1214 5396 1531 5452 Ecclesiam
1587 5397 2009 5454 Antiochenam

368 5489 435 5541 de
454 5488 679 5540 reddita
711 5503 850 5557 pace
879 5486 929 5540 oi
957 5485 1360 5557 gratulaturus
1395 5486 1640 5554 litteras,
1683 5486 1755 5542 ab
1813 5486 2011 5560 aliquo

366 5575 729 5640 deferendas,
754 5575 971 5630 scribat
1004 5592 1019 5641 ;
1054 5578 1229 5644 atque
1260 5578 1324 5627 ut
1353 5573 1499 5629 alias
1533 5590 1767 5646 quoque
1823 5575 2012 5632 Eccle-

432 5684 475 5718 ⁸⁵
507 5682 630 5740 Lib.
662 5683 737 5738 De
765 5683 954 5754 script.
986 5684 1200 5752 lauat,
1236 5696 1294 5751 p.
1319 5679 1447 5736 ⁴450.

2124 4691 2232 4758 sio,
2267 4691 2518 4746 Eusebio
2568 4688 2820 4761 aliisque
2879 4688 3033 4744 infra
3090 4690 3341 4746 citandis
3387 4692 3772 4763 scriptoribus

2124 4777 2953 4852 lgnatiinominelaudantur,
3012 4795 3130 4833 non
3188 4779 3330 4834 alias
3379 4797 3507 4836 esse
3562 4781 3632 4835 ab
3674 4781 3774 4852 iis,

2128 4885 2277 4939 quas
2309 4867 2577 4923 Usserius
2608 4872 2664 4922 et
2689 4865 2934 4922 Vossius
2955 4867 3214 4924 sinceras
3246 4877 3297 4924 et
3331 4869 3555 4941 absque
3588 4871 3774 4925 inter-

2120 4956 2516 5029 polationibus
2539 4957 2870 5023 ediderunt,
2906 4973 3171 5028 quasque
3205 4959 3457 5029 primam
3489 4959 3770 5031 epistola-

2122 5062 2252 5101 rum
2286 5046 2497 5117 Ignatii
2530 5044 2781 5100 classem
2815 5045 3163 5102 constituere
3191 5046 3464 5104 diximus.
3517 5051 3772 5103 Conten-

2122 5135 2270 5190 dunt
2308 5151 2440 5190 vero
2469 5135 2670 5207 primae
2705 5135 3003 5191 sententia:
3037 5137 3260 5204 patroni
3291 5135 3398 5191 has
3426 5153 3459 5190 a
3521 5135 3769 5192 nebulo-

2123 5240 2195 5279 ne
2225 5223 2420 5296 aliquo
2448 5233 2730 5291 cxaralas,
2762 5228 2820 5279 et
2852 5223 3000 5279 veris
3033 5222 3239 5296 Ignatii
3270 5222 3528 5292 epistolis
3579 5223 3766 5279 fuisse

2123 5315 2479 5386 suppositas.

2191 5404 2626 5459 Observandum
2659 5418 2892 5474 quoque
2917 5409 3005 5457 est
3034 5399 3267 5455 easdem
3301 5399 3511 5470 Ignatii
3555 5401 3778 5472 episto-

2119 5491 2206 5549 las
2239 5509 2355 5547 non
2388 5509 2422 5548 a
2453 5491 2775 5562 catholicis,
2811 5491 2911 5547 sed
2945 5489 3016 5544 ab
3049 5486 3281 5542 Usserio
3313 5495 3367 5543 et
3396 5487 3777 5559 Vossio,viris

2117 5581 2269 5638 inter
2315 5585 2707 5654 protestantes
2765 5575 3155 5637 celeberrimis
3213 5593 3281 5633 ex
3329 5577 3562 5651 optimis
3622 5587 3766 5638 nota:
