4112 6132
343 305 462 367 ινιτ

1304 307 1377 366 D.
1421 307 1754 370 NOUBRII
1798 308 2340 371 DISSERTATIO.
2386 343 2464 355 —
2505 309 2714 373 PARS
2759 313 2812 374 Ι.

3642 314 3760 372 478

353 447 778 519 manuscriptis
807 463 942 502 eum
974 446 1198 503 Latinis
1227 449 1353 503 tum
1406 447 1619 504 Graecis
1677 446 1999 514 codicibus,
2030 451 2083 516 Α
2113 461 2416 519 urgemus,
2451 449 2606 520 quod
2638 449 2679 503 ii
2713 465 2916 505 omnes
2959 448 3306 517 concedunt,
3340 464 3445 504 nec
3505 447 3662 505 ullus
3691 466 3760 504 ex

355 538 612 610 primum
653 536 869 607 publici
903 538 1086 592 tactas
1147 537 1326 593 fuisse
1379 537 1533 608 juris
1591 554 1654 592 ea
1703 554 1841 593 sane
1874 538 2008 608 ﬁde,

357 643 470 698 qua
502 627 782 696 majorem
823 624 1020 681 nullus
1051 625 1364 681 desiderat.

424 715 1027 770 Animadvertendum
1089 715 1344 786 denique
1397 731 1495 771 eos
1546 715 1747 781 etiam,
1781 715 1881 787 qui
1936 716 2006 772 ad

354 805 837 877 propugnandam
861 803 1141 858 harumce
1157 803 1540 875 epistolarum
1562 804 1868 860 veritatem
1889 821 2011 872 pro-

353 894 585 950 lixiores
602 893 1046 948 dissertationes
1072 893 1326 959 edidere,
1345 893 1660 949 catholicos
1677 911 1792 950 non
1809 893 2007 962 fuisse,

357 983 457 1042 sed
507 982 891 1054 protestantis
952 983 1424 1054 Culvinianmque
1485 988 1657 1038 sectae
1717 983 2005 1041 homines.

351 1075 660 1129 Enimvero
681 1072 955 1127 Vedelius
990 1071 1309 1128 Calvinista
1341 1089 1406 1128 ac
1437 1073 1788 1130 Genevensis
1841 1074 2010 1128 mini-

353 1161 1105 1231 ster,UsseriusetVossius
1129 1161 1187 1216 in
1217 1161 1429 1217 harum
1455 1162 1839 1233 epistolarum
1881 1161 2007 1217 edi-

353 1252 614 1310 tionibus
642 1267 812 1306 suam
845 1251 1097 1322 quisque
1136 1251 1476 1306 earumdem
1533 1251 1864 1324 apologiam
1912 1253 2009 1306 ad-

347 1341 832 1413 junxit.Cumque
863 1339 1191 1396 Salmasius
1221 1344 1278 1396 et
1326 1340 1615 1413 praecipue
1668 1339 2006 1396 Blondellus

351 1429 650 1488 Usserium
675 1446 740 1485 ac
768 1428 1039 1486 Vossium
1073 1429 1413 1501 impugnare
1475 1434 1828 1499 tentassent,
1875 1429 2007 1487 illos

353 1524 682 1592 uterque,ct
698 1519 963 1576 Usserius
983 1520 1219 1591 quidem
1253 1521 1308 1574 in
1343 1537 1450 1576 sua
1484 1521 1796 1592 Appendice
1843 1522 2008 1592 Igna-

351 1611 530 1678 (fana,
555 1608 801 1665 Vossius
824 1626 956 1664 vero
989 1610 1048 1664 in
1091 1610 1216 1665 suis
1262 1609 1476 1666 litteris
1521 1615 1757 1666 strenue
1805 1611 2006 1667 confu-

350 1703 632 1756 taverunt.
662 1705 781 1754 Hos
815 1699 1041 1771 excepit
1076 1699 1355 1754 Henricus
1395 1701 1735 1756 Hamondus
1766 1702 2008 1774 presby-

2120 539 2202 594 eis
2241 554 2453 610 negare
2479 555 2736 609 unquam
2762 538 2970 609 potuit,
2999 537 3278 592 nimirum
3311 537 3418 592 has
3463 537 3764 609 epistolas,

2119 634 2430 700 postquam
2467 627 2730 700 genuina
2764 629 2842 682 uti
2881 629 3131 699 ﬁngunt,
3158 627 3365 697 Ignatii
3426 627 3633 682 litteras
3666 643 3762 698 pe-

2123 717 2537 785 riissent,intra
2557 734 2777 772 annum
2805 719 2926 783 106,
2959 733 3074 788 quo
3100 717 3198 771 illo
3223 721 3443 788 martyr
3468 717 3764 785 occubuit,

2120 811 2176 863 et
2212 823 2430 862 annum
2466 807 2711 874 aut326,
2747 811 2847 862 aut
2879 807 2948 862 ad
2973 823 3269 861 summum
3301 807 3426 875 330,
3452 823 3566 877 quo
3595 823 3761 860 suam

2118 896 2410 952 Eusebius
2441 896 2754 951 Historiam
2788 896 3121 966 divulgavit,
3156 895 3449 968 publicam
3479 897 3763 968 prodiisse

2119 985 2177 1040 in
2212 985 2421 1040 lucem.
2484 987 2542 1040 Id
2604 987 2900 1041 enimvero
2961 986 3161 1040 falsum
3215 987 3516 1057 gratisque
3565 986 3760 1040 ﬁctum

2120 1092 2249 1131 esse
2284 1075 2416 1129 inde
2442 1075 2750 1145 evincitur,
2812 1076 2966 1147 quod
3027 1076 3098 1130 iis
3141 1092 3370 1147 quoque
3420 1075 3759 1143 fatentibus,

2121 1165 2386 1237 Ignatius
2419 1166 2702 1236 quasdam
2738 1167 2971 1236 scripsit
3023 1163 3324 1236 epistolas,
3357 1165 3565 1234 quibus
3615 1168 3762 1219 teste

2117 1257 2330 1313 Dallaao
2354 1274 2366 1312 :
2393 1280 2420 1308 ιι
2445 1259 2568 1313 Post
2600 1256 2779 1312 divini
2816 1255 3046 1312 foederis
3092 1256 3272 1312 libros
3317 1256 3458 1310 nihil
3502 1273 3629 1311 esse
3660 1257 3762 1310 de-

2117 1350 2326 1406 buitin
2371 1354 2490 1406 tota
2544 1349 2796 1405 Ecclesia
2855 1348 3108 1404 nobilius
3170 1365 3236 1404 ac
3285 1348 3592 1416 celebrius,
3648 1347 3763 1404 nisi

2117 1441 2265 1497 forte
2289 1440 2599 1496 Clementis
2631 1439 2934 1511 epistolam
2971 1439 3286 1510 exceperis.
3325 1461 3352 1489 ››

2187 1539 2334 1596 Hinc
2363 1539 2578 1612 quippe
2606 1537 2752 1594 illud
2779 1539 3108 1604 conﬁcitur,
3142 1539 3297 1610 quod
3328 1545 3478 1594 certe
3503 1554 3605 1594 nec
3631 1537 3760 1594 Dal-

2115 1630 2280 1701 laeus,
2315 1647 2419 1686 nec
2452 1629 2607 1685 ullus
2634 1647 2787 1685 sanae
2817 1629 3028 1686 mentis
3062 1629 3377 1701 negaverit,
3411 1629 3518 1685 has
3561 1629 3758 1685 since-

2117 1737 2213 1776 ras
2245 1719 2548 1790 scriptoris
2581 1719 2767 1774 nostri
2799 1717 3076 1791 epistolas
3106 1719 3176 1774 ab
3213 1719 3282 1773 iis
3313 1717 3515 1774 saltem
3568 1718 3762 1774 Eccle-

346 1793 434 1889 tef'
463 1788 980 1889 Angli-Cifflussqlli
1013 1788 1294 1861 Pmnxam
1329 1790 1608 1889 θάνθτειξε
1635 1789 2001 1889 ΒῙοΠάθῙ-[υω
2036 1826 2087 1889 Β
2122 1809 2249 1873 siis,
2285 1788 2536 1878 ad—quas
2569 1788 2871 1864 destinata:
2903 1813 3086 1878 erant,
3116 1825 3184 1864 ea
3239 1825 3366 1878 quae
3423 1811 3585 1864 tanto
3620 1825 3769 1863 mar-

346 1880 654 1937 adornavit
677 1879 1160 1951 disputationem,
1190 1897 1306 1952 qua
1334 1896 1450 1934 non
1483 1878 1675 1936 solum
1725 1881 2003 1937 omnibus

347 1969 635 2026 Blondelli
668 1969 1033 2040 argumentis
1057 1969 1377 2040 respondit,
1403 1969 1506 2024 sed
1522 1970 1686 2025 novis
1703 1969 2004 2042 ﬁrmisque

348 2059 647 2114 rationum
680 2057 998 2113 momentis
1031 2058 1201 2114 hasce
1242 2058 1519 2129 epistolas
1569 2060 1793 2130 Ignatio
1841 2076 2004 2116 asse-

346 2147 482 2204 ruit.
513 2147 732 2203 Contra
761 2145 919 2202 hunc
951 2145 1202 2202 Dallaeus
1221 2147 1713 2204 Charentonensis
1738 2149 2006 2206 minister

346 2243 568 2310 pugnat
626 2236 1036 2292 dissertatione
1091 2235 1262 2308 longe
1322 2235 1670 2308 prolixiori;
1717 2239 1816 2294 sed
1869 2237 2002 2307 ﬁde,

350 2325 638 2398 quidquid
671 2325 797 2396 ipse
827 2324 1053 2392 dixerit,
1089 2341 1204 2379 non
1238 2326 1477 2380 omnino
1510 2325 1758 2397 integra.
1789 2326 2003 2384 Omnes

344 2415 500 2470 enim
526 2414 807 2486 epistolas
834 2412 1062 2486 Ignatio
1096 2414 1406 2486 ascriptus,
1440 2414 1558 2470 sive
1590 2431 1687 2470 eas
1721 2432 1866 2487 quas
1892 2421 2002 2472 Ha-

345 2506 598 2561 mondus
631 2509 806 2575 atque
841 2503 938 2558 alii
970 2503 1190 2574 Ignatio
1225 2504 1513 2570 tribuunt,
1565 2505 1685 2559 sive
1725 2521 1824 2560 eas
1856 2523 2003 2577 quas

351 2595 460 2667 ipsi
494 2594 858 2666 abjudicant,
881 2593 978 2649 ille
1013 2594 1270 2661 confuse,
1297 2594 1620 2666 generatim
1652 2599 1709 2650 et
1743 2595 1800 2649 in
1834 2595 2004 2668 globo

361 2685 695 2756 aggreditur
721 2701 734 2751 ;
771 2689 948 2754 atque
979 2687 1045 2738 ut
1075 2683 1183 2738 hac
1215 2684 1557 2738 confusione
1590 2691 1645 2740 et
1674 2684 1898 2756 ingenti
1923 2702 2010 2740 ar-

365 2779 762 2844 gumentorum
798 2773 1031 2828 cohorte
1089 2771 1292 2828 fucum
1340 2772 1574 2842 faceret,
1626 2780 1826 2829 contra
1874 2773 2006 2830 illas

369 2879 561 2918 omnes
590 2861 834 2930 litteras,
867 2862 1127 2934 quinque
1157 2879 1333 2934 supra
1368 2862 1691 2934 sexaginta,
1740 2881 1867 2935 quae
1912 2881 2005 2920 ac-

357 2956 552 3007 curate
583 2955 876 3020 numerat,
909 2952 1124 3022 promit
1156 2955 1450 3007 rationum
1479 2951 1872 3008 ﬁrmamenta.
1907 2953 2008 3008 Ve-

356 3058 484 3096 rum
517 3042 867 3098 Pearsonius
897 3043 1200 3114 presbyter
1238 3041 1595 3112 Anglicanus
1645 3041 1833 3099 doctis
1883 3043 2007 3098 suis

349 3132 690 3188 earumdem
723 3132 1107 3205 epistolarum
1140 3131 1416 3188 Vindiciis
1447 3148 1651 3189 omnes
1675 3133 1804 3203 ejus
1831 3150 2007 3190 cona-

345 3226 435 3278 tus
458 3238 660 3278 cassos
712 3226 768 3277 et
799 3222 992 3277 irritos
1033 3221 1305 3278 reddidit.
1339 3223 1523 3278 Tanta
1554 3221 1710 3278 enim
1742 3223 2006 3280 claritate

343 3315 400 3366 et
439 3311 778 3367 sinceritate
826 3311 1057 3367 illarum
1109 3311 1411 3367 veritatem
1460 3313 1734 3383 astruxit,
1784 3319 2004 3385 quanta

346 3402 694 3457 confusione
727 3401 980 3456 Dallams
1012 3401 1210 3457 omnia
1256 3401 1491 3457 turbare
1520 3405 1863 3460 tentaverat.
1897 3403 2005 3459 Co-

338 3495 517 3547 natus
539 3491 891 3563 estquidem
916 3491 1066 3546 alius
1100 3489 1548 3548 Calvinistarum
1580 3491 1843 3548 minister
1864 3510 2000 3548 ano-

337 3599 556 3651 nymus
587 3583 910 3652 desperatae
941 3580 1138 3636 Dallaei
1170 3597 1359 3636 causa
1410 3594 1559 3636 nova
1607 3581 2003 3654 disputatione

333 3671 616 3742 opitulari
645 3687 659 3738 ;
691 3671 790 3726 sed
815 3686 987 3742 quam
1026 3669 1178 3726 male
1205 3670 1353 3724 votis
1384 3670 1512 3741 eius
1545 3686 1638 3726 res
1672 3672 1934 3738 cesserit,
1967 3689 2002 3728 a

335 3761 510 3816 nobis
533 3761 660 3830 jam
698 3759 1219 3815 demonstrandum
1253 3765 1360 3814 est.

413 3874 439 3939 §
468 3871 564 3930 ΙΙΙ,
600 3872 711 3939 Quo
740 3870 988 3926 methodo
1020 3886 1146 3926 vera
1174 3869 1443 3926 sententia
1467 3872 1924 3942 propugnabitur.

412 3978 777 4048 Quapropter
803 3982 1026 4047 septem
1061 3976 1267 4047 Ignatii
1292 3976 1728 4048 epistolas,quaa
1743 3979 1994 4047 primam

324 4068 424 4123 uti
455 4067 677 4122 dictum
708 4070 818 4131 est,
841 4065 1086 4121 classem
1111 4070 1491 4136 componunt,
1527 4082 1595 4121 ea
1616 4065 1889 4121 methodo
1921 4068 1992 4122 ab

322 4155 566 4227 Ignatio
584 4155 877 4226 profectas
901 4169 1029 4210 esse
1052 4155 1457 4223 ostendemus,
1491 4159 1556 4209 ut
1603 4155 1802 4211 omnia
1833 4172 1994 4225 argu-

325 4243 782 4315 menta,quibus
805 4243 905 4298 alii
929 4243 1095 4314 prius
1113 4259 1208 4298 eas
1226 4243 1338 4314 ipsi
1358 4244 1732 4300 vindicarunt
1754 4261 1989 4301 rursum

326 4335 412 4391 ad
439 4334 716 4389 incudem
749 4335 1037 4398 revocata,
1072 4331 1204 4387 aliis
1226 4333 1413 4400 novis,
1449 4337 1508 4388 et
1538 4351 1572 4389 a
1601 4333 1772 4389 nobis
1831 4351 1993 4390 exco-

326 4423 535 4496 gitatis
561 4422 860 4477 rationum
895 4421 1212 4477 momentis
1243 4423 1685 4479 conﬁrmentur.
1703 4423 1850 4479 Tum
1885 4425 1991 4481 ob-

323 4513 620 4584 jectiones
651 4510 1144 4579 adversariorum,
1165 4513 1434 4584 expensis
1485 4511 1730 4569 aliorum
1755 4530 1990 4586 respon-

2116 1900 2228 1973 tyri
2269 1900 2605 1971 debebatur,
2665 1901 3036 1956 veneratione
3094 1903 3385 1972 acceptas,
3444 1913 3576 1954 cum
3634 1897 3766 1954 aliis

2115 1990 2286 2046 etiam
2324 1990 2789 2046 communicatae
2845 1989 3129 2058 ecclesiis,
3163 1988 3220 2044 in
3282 2004 3481 2044 carum
3527 1987 3762 2044 scriniis

2116 2084 2532 2150 asservatas,ac
2555 2080 2612 2135 in
2633 2079 3094 2136 Christianorum
3119 2078 3387 2145 cratibus,
3424 2095 3538 2132 non
3589 2093 3759 2133 secus

2116 2189 2181 2226 ac
2208 2172 2522 2228 Clementis
2553 2170 2882 2242 epistolam,
2913 2170 3140 2242 aliaque
3166 2169 3313 2224 tanti
3351 2167 3520 2238 pretii
3551 2184 3758 2224 monu-

2118 2261 2574 2333 menta,publicc
2605 2261 2802 2316 lectas.
2836 2265 2910 2315 At
2941 2260 3073 2331 quis
3103 2259 3162 2314 in
3193 2259 3459 2315 animum
3492 2256 3606 2312 sibi
3663 2258 3758 2311 in-

2119 2350 2291 2405 ducat
2315 2350 2582 2421 pluribus
2606 2351 2776 2405 annis
2810 2355 2942 2404 ante
2966 2349 3305 2404 Euscbianaa
3341 2345 3609 2402 Historiis
3640 2345 3758 2401 edi-

2118 2441 2335 2496 tionem
2352 2439 2800 2496 cmniaomnino
2822 2439 3098 2494 harumce
3114 2437 3626 2510 epistularumtam
3645 2453 3763 2507 pre-

2114 2529 2266 2584 tiosa
2293 2528 2645 2599 exemplaria
2669 2529 2750 2583 ita
2785 2528 3049 2599 periisse,
3083 2532 3146 2582 ut
3178 2543 3247 2582 ne
3291 2527 3466 2582 unius
3518 2526 3758 2597 quidem

2114 2618 2426 2689 vestigium
2472 2635 2657 2689 neque
2714 2618 2770 2672 in
2828 2616 3080 2672 Ecclesia
3135 2617 3514 2684 Antiochena,
3571 2630 3758 2687 neque

2118 2707 2480 2781 Smyrnensi,
2513 2723 2702 2779 neque
2754 2711 3032 2772 Romana,
3096 2722 3198 2761 nec
3259 2704 3374 2760 ulla
3415 2704 3525 2760 alia
3554 2705 3760 2774 depre-

2117 2797 2296 2853 hendi
2327 2797 2636 2868 potuerit?
2664 2795 2940 2867 Nunquid
3000 2809 3204 2851 omnes
3258 2798 3315 2849 et
3373 2792 3662 2859 Ecclesiae,
3704 2800 3761 2847 et

2117 2887 2434 2944 Christiani
2457 2888 2632 2942 etiam
2656 2885 2998 2942 Antiocheni
3021 2885 3200 2940 tantis
3219 2883 3456 2951 animis,
3491 2889 3763 2954 tantaque

2119 2983 2242 3035 arte
2264 2979 2323 3035 in
2349 2977 2579 3034 illarum
2607 2976 2916 3049 perniciem
2945 2975 3511 3048 exstinctionemque
3532 2974 3764 3044 conspi-

2126 3075 2349 3137 rarunt,
2384 3072 2448 3122 ut
2477 3082 2609 3122 cum
2637 3083 2739 3135 eae,
2772 3081 2916 3136 quas
2945 3064 3353 3136 supposititias
3379 3079 3507 3120 esse
3537 3063 3758 3131 dicunt,

2121 3157 2302 3214 altero
2336 3160 2469 3230 post
2503 3155 2705 3228 Ignatii
2737 3160 2983 3211 mortem
3015 3154 3228 3210 saeculo
3284 3153 3485 3210 lumen
3530 3170 3762 3225 aspexe-

2119 3265 2202 3318 re,
2235 3252 2360 3302 tum
2394 3246 2589 3302 nullus
2613 3245 2751 3301 licet
2779 3245 3267 3316 diligentissimus
3299 3252 3555 3300 veterum
3615 3243 3757 3299 scri-

2114 3343 2347 3410 ptorum
2372 3336 2700 3406 indagator,
2734 3334 2870 3390 licet
2902 3334 3112 3407 lguatii
3143 3333 3506 3406 temporibus
3549 3337 3606 3390 et
3637 3335 3757 3388 An-

2114 3428 2396 3485 tiochense
2429 3427 2700 3483 Ecclesiae
2761 3426 3080 3496 proximus,
3133 3427 3204 3481 de
3261 3424 3353 3491 iis,
3402 3442 3549 3497 quas
3589 3441 3754 3481 veras

2112 3520 2517 3591 genuinasque
2547 3517 2730 3573 fuisse
2763 3515 3144 3584 contendunt,
3170 3514 3316 3569 nihil
3365 3514 3604 3570 omnino
3656 3532 3758 3570 un-

2111 3624 2288 3680 quam
2323 3607 2663 3679 suspicatus
2689 3606 2767 3662 sit
2797 3605 2823 3660 ?
2853 3605 2912 3661 Si
2955 3605 3112 3660 enim
3171 3608 3309 3659 tunc
3363 3604 3598 3674 aliquod
3660 3604 3756 3658 ba-

2110 3714 2240 3753 rum
2274 3697 2417 3752 tanti
2455 3695 2727 3767 martyris
2757 3693 3135 3766 epistolarum
3167 3691 3461 3764 exemplar
3516 3709 3753 3763 supers-

2109 3791 2196 3843 tes
2227 3785 2444 3842 alicubi
2475 3783 2761 3840 exstiterit
2791 3801 2804 3850 ;
2839 3782 2886 3838 si
2918 3782 3129 3854 aliquis
3151 3781 3400 3838 Eusebio
3430 3781 3749 3852 antiquior,

2105 3877 2191 3932 vel
2228 3873 2446 3946 lgnatio
2477 3889 2716 3945 supper,
2744 3881 3107 3941 autcoaevus,
3143 3872 3213 3927 de
3243 3870 3448 3926 iisdem
3487 3871 3746 3942 epistolis

2105 3965 2326 4038 aliquid
2359 3964 2630 4030 audierit,
2663 3962 2837 4032 illico,
2897 3962 2986 4018 vel
3043 3962 3218 4017 unius
3279 3959 3511 4017 illarum
3553 3978 3747 4019 exeat--

2103 4057 2285 4131 plaris
2316 4055 2440 4112 sola
2469 4054 2842 4122 exhibitione,
2876 4053 2960 4109 vel
2993 4052 3244 4123 alicujus
3293 4052 3496 4108 veteris
3553 4053 3741 4123 scrip-

2101 4147 2245 4204 toris
2267 4145 2745 4210 contradictione,
2779 4160 2855 4198 eae
2902 4142 3117 4198 ﬁctitias
3163 4143 3370 4199 litteraa
3429 4144 3500 4199 ab
3559 4143 3658 4199 illo
3687 4148 3744 4200 et

2101 4236 2377 4292 omnibus
2408 4234 2538 4290 aliis
2568 4232 2813 4304 explosae
2846 4232 3112 4289 fuissent.

2173 4334 2287 4393 Nec
2317 4333 2461 4388 illud
2495 4332 3053 4405 praetermittendum
3087 4336 3196 4403 est,
3226 4332 3381 4403 quod
3427 4330 3744 4389 adversarii

2098 4425 2157 4480 in
2190 4425 2370 4488 hisce,
2405 4440 2553 4495 quas
2585 4424 2809 4495 lgnatio
2843 4423 3178 4495 suppositas
3225 4424 3450 4493 dicunt,
3478 4423 3742 4495 epistolis

2096 4514 2419 4570 doctrinam
2453 4514 2720 4584 ejusdem
2755 4513 2962 4585 Ignatii
3025 4513 3534 4584 Ecclesiarumque
3582 4513 3739 4568 illius

335 4575 631 4668 sionibus,
665 4600 752 4655 vel
779 4600 994 4656 nostris
1015 4617 1116 4671 pro
1130 4575 1290 4656 'virili
1313 4605 1475 4673 parte
1524 4575 1870 4673 subjunctis
1892 4605 1985 4660 de-
2017 4575 2062 4638 D
2096 4605 2375 4676 temporis
2397 4575 2644 4660 decretis
2661 4575 2991 4676 oppositam
3015 4619 3142 4659 sese
3156 4575 3739 4661 animadvertissear-

333 4696 564 4746 struere
585 4689 937 4746 conabimur
956 4707 978 4752 ;
1005 4707 1070 4746 ac
1091 4690 1332 4746 tandem
1355 4692 1426 4746 ad
1449 4708 1516 4746 ea
1537 4692 1736 4748 omnia
1769 4709 1899 4764 quae
1922 4695 1982 4749 in

333 4779 720 4837 Pearsonium
753 4779 824 4834 ab
859 4796 1149 4852 anonymo
1181 4781 1525 4852 deprompta
1550 4781 1750 4837 nullus
1795 4783 1984 4840 hacte-

332 4886 445 4925 nus
479 4868 694 4940 attigit,
727 4867 880 4923 clare
911 4872 966 4923 et
997 4867 1273 4936 dilucide,
1308 4873 1476 4938 atque
1512 4871 1598 4925 uti
1652 4887 1981 4943 speramus,

333 4958 602 5014 funditus
632 4957 948 5012 evertenda
978 4957 1218 5029 propius
1249 4959 1616 5015 accedemus.

960 5063 1194 5120 CAPUT
1252 5067 1350 5120 III.

335 5169 701 5211 PROPONITUR
730 5168 966 5207 PRIMUM
997 5169 1418 5218 ARGUMENTUM,
1458 5171 1528 5208 EX
1584 5171 1656 5210 IIS
1711 5172 1837 5218 ΟΠΞ
1880 5173 1982 5211 ΑΙ)-

669 5241 927 5280 νεῐιεΑιιιι
955 5241 1126 5280 FINGU
1135 5242 1207 5280 NT
1236 5242 1652 5282 DEPBOMPTUM.

403 5315 665 5370 Primum
693 5313 932 5385 quidem
964 5319 1329 5370 momentum
1349 5316 1458 5371 etsi
1507 5315 1642 5371 inde
1690 5316 1813 5370 erui
1848 5332 1983 5388 pos-

330 5411 437 5470 set,
470 5403 627 5475 quod
670 5403 1138 5458 adversariorum
1193 5403 1252 5458 in
1311 5404 1718 5460 commentitia
1770 5404 1982 5461 harum

330 5493 709 5563 epistolarum
727 5497 894 5548 atate
915 5491 1417 5564 assignanda,tam
1441 5493 1612 5548 varize
1632 5494 1750 5550 sint
1765 5495 1984 5566 opinio-

333 5596 458 5649 nes,
486 5587 555 5638 ut
587 5580 788 5637 nullus
819 5581 1060 5637 omnino
1091 5582 1242 5638 inter
1264 5599 1363 5639 eos
1391 5583 1461 5639 de
1483 5599 1543 5638 re
1571 5600 1689 5639 non
1721 5583 1802 5638 ita
1823 5584 1980 5638 difﬁ-

333 5670 429 5726 cili
459 5687 780 5730 consensus
810 5685 940 5728 esse
961 5675 1137 5742 queat
1163 5697 1178 5742 ;
1211 5671 1357 5730 illud
1379 5679 1576 5732 tamen
1609 5673 1980 5746 potissimum

2091 4694 2418 4762 bitrantur;
2453 4697 2629 4765 atque
2658 4695 2996 4749 earumdem
3028 4698 3325 4750 auctorem
3350 4695 3737 4765 ingeniosum,

2090 4783 2478 4852 industrium,
2513 4782 2814 4852 callidum,
2847 4789 3150 4838 versutum
3177 4803 3192 4852 ;
3218 4782 3305 4839 vel
3331 4787 3502 4853 prout
3530 4799 3734 4839 eorum

2093 4871 2358 4936 interest,
2391 4872 2651 4938 tardum,
2675 4870 3053 4941 plumbeum,
3089 4872 3390 4942 supinum,
3437 4870 3734 4926 indoctum

2093 4958 2312 5032 passim
2346 4961 2684 5030 praedicant.
2711 4962 2822 5014 Cur
2853 4976 2989 5030 ergo
3040 4958 3161 5014 haec
3226 4958 3424 5014 omnia
3462 4958 3731 5015 doctissi-

2093 5065 2222 5105 mos
2239 5048 2392 5104 tertii
2425 5049 2730 5119 quartique
2761 5047 2959 5103 saaculi
2985 5050 3313 5119 scriptores,
3347 5053 3523 5118 atque
3555 5049 3732 5103 Euse-

2094 5139 2252 5193 bium
2286 5137 2502 5208 ipsum,
2536 5137 2634 5208 qui
2668 5141 2890 5191 tantam
2925 5137 2982 5190 in
3015 5137 3346 5192 evolvendis
3376 5141 3431 5191 et
3460 5136 3734 5192 eruendis

2091 5233 2348 5283 veterum
2402 5226 2634 5280 Patrum
2694 5226 3095 5280 monumentis
3153 5242 3389 5297 operam
3439 5231 3731 5296 posuerat,

2093 5318 2262 5390 plane
2293 5316 2646 5388 penitusque
2686 5314 3012 5386 fugerunt?
3041 5314 3251 5370 Nullus
3310 5316 3587 5386 profecto,
3647 5315 3734 5372 uti

2093 5406 2542 5479 opinamur,erit
2559 5404 2823 5460 sincerus
2844 5405 3137 5474 aequitatis
3167 5410 3225 5459 et
3270 5405 3527 5460 veritatis
3576 5422 3732 5461 ama-

2091 5499 2203 5559 tor,
2238 5494 2333 5565 qui
2357 5511 2471 5550 non
2496 5493 2788 5565 intelligat
2817 5497 3102 5563 quantum
3137 5493 3226 5549 hae
3283 5493 3589 5565 opiniones
3632 5511 3733 5566 pa-

2092 5599 2222 5640 rum
2249 5599 2384 5639 vero
2415 5583 2723 5639 videantur
2751 5580 2996 5652 similes,
3029 5588 3436 5658 quantumque
3495 5585 3607 5642 sibi
3643 5587 3733 5640 in-

2089 5673 2272 5732 vicem
2301 5673 2601 5731 contrarias
2631 5673 2748 5732 sint
2774 5681 2826 5732 et
2855 5673 3127 5732 adversae.
