4112 6132
366 371 486 428 479

1005 494 1236 550 CAPUT
1297 494 1390 549 IV.

372 623 764 667 ARGUMENTUM
823 619 1124 658 SECUNDUM
1183 619 1249 657 EX
1309 618 1613 657 POLYCARPI
1670 615 2015 655 TESTIMONIO

439 694 673 734 PETITUM
706 695 777 732 AB
803 691 1244 731 EXCEPTIONIBUS
1289 689 1778 730 ADVERSARIORUM
1826 687 2012 726 VINDI-

442 768 642 807 CATUR.

368 859 472 933 ξι.
528 857 929 933 Testimonium
971 855 1261 933 l_’olycarp_i
1315 855 1665 933 proponitur,
1725 858 1777 906 et
1832 851 2014 922 prima

797 926 1000 981 Daltrei
1027 927 1272 995 eueptio
1296 926 1595 994 re/etlt’tur.

443 1039 551 1093 Sed
579 1036 703 1106 jam
738 1036 805 1089 ad
836 1034 950 1088 alia
983 1037 1348 1106 argumenta,
1383 1032 1598 1102 quibus
1649 1029 1843 1101 opinio
1900 1034 2012 1083 tam

372 1143 577 1198 parum
637 1125 747 1180 sibi
806 1128 1080 1178 constans
1143 1122 1544 1192 impugnatur,
1581 1119 2012 1192 properandum

371 1220 478 1270 est.
519 1215 592 1268 Ea
625 1221 816 1269 autem
848 1213 1095 1280 duplicis
1127 1215 1266 1265 sunt
1308 1210 1535 1281 generis
1567 1227 1578 1263 :
1631 1207 1741 1262 alia
1801 1208 2015 1278 quippe

369 1310 604 1359 externa
637 1302 749 1357 dici
788 1305 1051 1372 possunt,
1114 1317 1243 1370 quae
1300 1315 1367 1353 ex
1426 1297 1556 1353 aliis
1616 1298 1926 1368 inculpataa
1961 1299 2016 1351 et

371 1392 710 1448 certissimis
744 1391 877 1445 ﬁdei
914 1394 1188 1461 petuntur
1227 1388 1653 1459 scriptoribus;
1713 1387 1825 1441 alia
1882 1403 2014 1441 vero

371 1482 624 1546 interna,
661 1480 876 1552 quibus
911 1478 1162 1534 auctoris
1184 1495 1360 1549 opera
1384 1478 1511 1548 ejus
1537 1477 1768 1547 ingenio
1799 1481 1856 1531 et
1881 1480 2019 1530 tem-

373 1571 593 1642 pori,ac
616 1570 999 1640 caeteris,quae
1027 1568 1344 1623 desiderari
1409 1570 1655 1637 possunt
1703 1565 2016 1636 adjunctis,

373 1664 506 1730 apte
528 1658 838 1715 convenire
860 1658 1436 1712 demonstrantur.At
1461 1655 1692 1710 invictis
1715 1653 2021 1724 utriusque

375 1752 606 1824 generis
641 1749 974 1818 momentis,
1009 1753 1231 1820 septem
1266 1747 1466 1818 primae
1501 1747 1708 1802 classis
1739 1744 2019 1818 epistolas

374 1839 602 1913 Ignatio
634 1839 817 1894 asseri
848 1853 1018 1910 posse
1049 1837 1217 1908 plane
1248 1835 1676 1893 contendimus.

445 1934 635 2000 Atque
666 1933 729 1983 ut
761 1945 792 1982 a
824 1926 1010 2000 primo
1045 1930 1526 1998 argumentorum
1587 1943 1797 1998 genere
1843 1941 2014 1982 exor-

372 2019 536 2074 dium
567 2033 890 2086 sumamus,
917 2032 1299 2072 numerosum
1352 2016 1663 2086 cujuslibet
1711 2016 1812 2072 avi
1874 2016 2017 2072 scri-

374 2107 734 2178 ptorum,qui
761 2106 866 2161 has
896 2104 1172 2177 epistolas
1199 2108 1396 2159 nostro
1421 2104 1661 2176 martyri
1701 2105 2018 2174 vindicant,

376 2213 585 2269 agmen
605 2196 778 2250 ducet
799 2196 1173 2266 Polycarpus,
1205 2198 1462 2264 Smyrnae
1486 2193 1815 2265 episc0pus,
1849 2195 2022 2265 Igna-

377 2287 456 2342 tio
488 2303 600 2341 non
628 2284 815 2340 solum
839 2299 1088 2349 coaevus,
1121 2283 1221 2339 sed
1243 2283 1504 2338 amicitia
1529 2287 1584 2338 et
1603 2283 2021 2339 consuetudine

377 2373 924 2446 conjunctissimus.
961 2375 1014 2428 Is
1045 2373 1202 2428 enim
1263 2374 1364 2444 qui
1424 2373 1478 2427 in
1513 2372 1726 2428 litteris
1768 2372 1875 2428 viri
1908 2373 2021 2428 sibi

381 2465 725 2522 amicissimi
762 2462 1176 2536 diguoscendis
1230 2464 1317 2517 vel
1381 2462 1732 2531 indicandis,
1765 2479 1870 2518 nec
1902 2463 2022 2518 falli

381 2572 490 2612 nec
521 2553 718 2610 fallere
751 2557 996 2625 poterat,
1029 2554 1098 2608 de
1131 2553 1203 2608 iis
1225 2553 1296 2607 ad
1322 2552 1725 2625 Philippenses
1757 2553 1836 2608 sic
1881 2555 2023 2609 scri-

383 2646 470 2702 bit
503 2662 518 2699 :
547 2666 576 2696 «
600 2643 932 2716 Scripsistis
963 2643 1034 2698 ad
1067 2658 1160 2697 me
1191 2650 1242 2696 el
1273 2659 1377 2698 vos
1407 2647 1464 2697 et
1521 2644 1854 2715 Ignatius...
1914 2644 2028 2716 epi-

383 2733 563 2790 stolas
588 2749 790 2789 omnes
813 2732 1040 2803 Iguatii,
1077 2748 1224 2802 quas
1257 2732 1325 2786 ad
1348 2748 1438 2787 me
1457 2731 1714 2804 scripsit,
1747 2736 1805 2788 et
1851 2750 2026 2804 quas-

379 2841 613 2896 cunque
639 2824 877 2879 demum
905 2822 1060 2894 apud
1085 2839 1189 2876 nos
1215 2821 1466 2893 reperire
1491 2822 2025 2894 potuimus,quem-

381 2914 699 2971 admodum
723 2913 894 2969 nobis
919 2911 1262 2979 mandastis,
1280 2912 1351 2967 ad
1373 2929 1474 2968 vos
1499 2911 1792 2967 misimus.
1823 2932 1849 2964 ιι
1881 2913 2028 2977 Quid

382 3004 535 3059 tanti
568 3003 674 3058 viri
706 3001 1052 3058 auctoritate
1114 3001 1456 3056 efﬁcacius?
1513 3001 1649 3074 quid
1708 3003 1836 3072 ejus
1868 3003 2027 3058 testi-

384 3095 579 3150 monio
607 3092 821 3148 clarius
854 3095 909 3146 et
939 3091 1265 3146 evidentius
1294 3090 1322 3144 ?

1443 362 1506 420 S.
1557 357 1960 420 IGNATIUS.
2006 387 2084 398 —
2125 351 2736 415 PROLEGOMENA.‘

2053 495 2102 558 Α
2190 491 2217 556 §
2247 488 2315 544 ΙΙ.
2342 487 2592 543 Secunda
2630 491 2681 542 et
2709 488 2873 542 tertia
2898 487 3100 543 Datlaei
3129 486 3372 558 exceptio
3396 487 3732 558 exploditur.

3668 355 3792 415 480

2200 584 2478 650 Quocirca
2510 582 2760 638 Dallaeus
2792 583 2846 636 id
2885 585 3038 654 quod
3085 584 3336 654 primum
3397 591 3775 656 opposuerat,

2126 689 2242 730 non
2267 674 2409 728 satis
2442 674 2679 727 ﬁrmum
2715 689 2842 728 esse
2882 675 3114 742 veritus,
3185 674 3251 727 ad
3316 677 3563 728 alterum
3625 675 3787 746 quod

2129 763 2369 833 majoris
2405 768 2572 833 putat
2605 779 2732 816 esse
2765 763 3068 831 momenti,
3104 764 3490 834 progreditur.
3527 764 3620 816 Ait
3672 766 3784 820 ita-

2129 873 2239 927 que
2270 856 2316 889 ⁵⁸
2341 856 2461 910 haec
2492 855 2751 926 epistolae
2785 854 3088 925 Polycarpi
3123 856 3323 909 verba:
3391 877 3413 905 et
3447 857 3789 927 Scripsistis

2126 947 2197 1001 ad
2234 962 2343 1010 me,
2377 968 2404 994 ››
2442 950 2577 1012 etc.,
2629 961 2758 1016 quae
2819 946 2886 998 ad
2948 946 3116 999 linem
3184 963 3368 1016 usque
3411 953 3785 1017 sequuntur;

2130 1055 2154 1086 α
2188 1036 2426 1089 omnino
2458 1035 2637 1087 videri
2672 1040 2910 1100 temere,
2945 1039 3000 1088 et
3061 1040 3269 1102 preeter
3313 1038 3570 1089 auctoris
3622 1054 3787 1091 tuen-

2126 1130 2240 1178 tem
2275 1123 2463 1178 aliena
2496 1141 2670 1178 manu
2700 1128 2957 1177 assuta.»
2982 1125 3140 1186 Quod
3177 1125 3412 1193 quidem
3439 1129 3778 1181 rursusdu-

2127 1213 2260 1286 plici
2292 1215 2511 1268 ratione
2538 1214 2783 1284 probare
2817 1213 3041 1267 nititur.
3080 1215 3294 1278 Primo,
3356 1215 3630 1284 quoniam
3677 1215 3785 1270 illa

2129 1324 2157 1352 «
2183 1304 2457 1371 absurde,
2492 1308 2547 1358 et
2582 1308 2791 1374 praeter
2822 1303 3193 1356 manifestam
3239 1305 3520 1357 orationis
3570 1305 3787 1359 seriem

2128 1391 2541 1460 inserta,atque
2566 1391 2780 1445 infulta
2801 1398 2960 1445 sunt.
2998 1413 3024 1440 ››
3045 1391 3454 1461 Superioribus
3489 1392 3788 1461 siquidem

2129 1481 2367 1539 verbis:
2405 1501 2425 1527 α
2461 1480 2528 1535 Ut
2562 1480 2691 1535 sitis
2728 1480 2988 1552 perfecti,
3025 1503 3052 1528 ››
3085 1484 3217 1545 etc.,
3249 1479 3492 1550 epistola
3539 1480 3789 1551 claude-

2130 1572 2326 1640 batur,
2358 1569 2467 1636 vel,
2505 1575 2565 1624 ut
2593 1570 2715 1640 ipse
2753 1569 3043 1641 loquitur:
3072 1591 3098 1616 «
3126 1571 3191 1624 In
3232 1569 3380 1624 hanc
3432 1569 3787 1625 decentissi-

2133 1676 2310 1723 mam,
2346 1663 2410 1714 ut
2441 1675 2646 1714 omnes
2679 1659 2896 1725 vident,
2917 1656 3240 1714 clausulam
3298 1659 3602 1714 desinebat
3658 1661 3783 1734 epi-

2131 1748 2302 1806 stola.
2338 1771 2366 1799 ››

2047 1853 2094 1918 Β
2204 1839 2492 1906 Secundo,
2528 1838 2666 1909 quia
2687 1837 2810 1893 haec
2832 1836 3037 1892 ultima
3062 1837 3235 1892 verba
3267 1838 3556 1909 Ignatium
3594 1838 3787 1894 adhuc

2130 1929 2191 1984 in
2226 1927 2367 1982 vivis
2400 1929 2706 1998 degentem
2739 1931 3270 1999 memorant,quem
3302 1925 3401 1982 illa
3429 1928 3736 1999 superiora
3771 1945 3788 1988 :

2132 2015 2252 2071 «Hi
2284 2032 2487 2072 omnes
2544 2033 2657 2071 non
2721 2017 2778 2070 in
2837 2032 3086 2071 vacuum
3140 2021 3603 2081 cucurrerunt,»
3644 2022 3785 2088 otc.,

2127 2107 2429 2163 declarant
2488 2111 2810 2163 mortuum.
2864 2107 3024 2162 Unde
3083 2108 3235 2162 idem
3294 2107 3586 2164 Dallmus:
3634 2109 3777 2164 «Ex

2129 2197 2244 2266 his,
2272 2195 2482 2266 inquit,
2517 2196 2638 2252 sole
2668 2195 2992 2251 meridiano
3030 2195 3244 2252 clarius
3267 2202 3355 2252 est
3377 2196 3637 2252 diversos
3657 2212 3787 2254 esse

2130 2285 2418 2357 homines,
2453 2287 2552 2357 qui
2581 2287 2781 2342 eadem
2816 2288 2886 2341 de
2914 2303 2973 2342 re
3018 2291 3135 2341 tam
3198 2287 3595 2354 dissentanea,
3627 2292 3788 2343 tam—

2132 2392 2243 2448 que
2271 2376 2422 2431 inter
2453 2392 2515 2430 se
2545 2378 2926 2444 contraria,et
2957 2377 3343 2448 repugnantia
3374 2378 3728 2449 loquuntur;
3751 2399 3784 2430 ››

2137 2466 2517 2537 proindeque,
2553 2489 2579 2516 «
2614 2466 2961 2538 particulam
2987 2466 3147 2521 illam
3181 2467 3326 2521 falso
3353 2485 3418 2522 ac
3469 2467 3625 2523 vafre
3657 2469 3784 2539 epi-

2134 2555 2296 2611 stola:
2330 2571 2458 2612 esse
2490 2561 2754 2611 assutam
2789 2556 2860 2611 ab
2891 2557 3086 2627 aliquo
3111 2558 3447 2628 imposlore.
3484 2580 3511 2607 ››
3571 2559 3782 2614 Confe-

2135 2645 2268 2701 stim
2300 2661 2435 2701 vero
2468 2645 2709 2700 subdit:
2745 2668 2771 2695 «
2804 2645 2904 2700 His
2937 2645 3211 2717 exceptis,
3255 2646 3402 2701 nihil
3434 2648 3488 2702 in
3536 2647 3787 2719 epistola

2135 2733 2236 2789 illa
2275 2734 2505 2789 videtur
2535 2751 2856 2799 occurrere,
2882 2736 3036 2805 quod
3070 2734 3154 2790 vel
3203 2752 3557 2807 queinquam
3601 2736 3786 2793 oﬁ’en-

2136 2823 2292 2891 dere,
2324 2823 2410 2878 vel
2448 2823 2761 2895 Polycarpo
2788 2824 3096 2895 indignum
3132 2828 3350 2880 censeri
3379 2827 3599 2881 debeat.
3638 2847 3664 2874 υ

2209 2913 2319 2968 Sed
2352 2913 2447 2968 hic
2494 2913 2794 2985 paulisper
2853 2915 3235 2968 immoremur
3292 2914 3789 2985 attendamusque

2139 3018 2279 3057 num
2308 3001 2686 3068 Dallaaus,ubi
2709 3001 2764 3055 in
2799 3002 3256 3057 contradictione
3297 3003 3782 3072 etrepugnantia,

2142 3109 2315 3163 quam
2349 3091 2548 3147 nullus
2581 3097 2713 3147 ante
2745 3092 2912 3146 illum
2960 3092 3434 3162 deprehenderat,
3469 3091 3784 3163 retegenda

455 3184 578 3238 Duo
611 3187 804 3236 tamen
837 3197 963 3251 quae
999 3196 1366 3252 nequaquam
1416 3183 1841 3236 contemnenda
1898 3198 2026 3238 esse
2059 3163 2101 3230 ί)
2142 3181 2252 3236 sibi
2286 3181 2682 3253 adeolynccus
2712 3181 2962 3251 videtur,
2987 3180 3199 3235 ibidem
3243 3196 3442 3234 secum
3493 3179 3615 3250 ipse
3664 3197 3784 3235 non

381 3271 714 3335 afﬁrmat,ei
749 3270 989 3341 opponit
1019 3269 1271 3323 Dallteus
1303 3267 1367 3323 ⁸⁸.
1403 3269 1664 3324 Primum
1726 3275 1815 3326 est
1858 3271 2023 3326 Nice-

380 3359 548 3432 phori
581 3357 1206 3429 Constantinopolitani
1233 3358 1545 3428 judicium,
1579 3375 1694 3430 quo
1727 3359 1846 3415 hac
1869 3361 2026 3434 Poly-

383 3449 541 3520 carpi
567 3445 811 3518 epistola
844 3447 914 3500 ad
947 3445 1240 3500 deterrimi
1275 3447 1524 3516 generis,
1587 3451 1652 3502 ut
1684 3447 1930 3503 Dallteus
1958 3465 2024 3505 ac

382 3541 653 3597 defensor
681 3539 808 3609 ejus
842 3538 1183 3608 loquuntur,
1214 3536 1566 3608 apocrypha,
1595 3537 1816 3593 scilicet
1845 3539 2020 3596 itine-

380 3631 535 3686 raria
556 3629 707 3685 Petri
734 3626 1038 3682 etThomaz
1063 3625 1264 3698 procul
1287 3627 1652 3681 amandatur.
1689 3629 1852 3684 Unde
1889 3628 2022 3685 Dal-

383 3720 527 3776 laeus
547 3719 592 3754 ⁵⁷
617 3735 630 3774 :
653 3740 679 3768 ‹‹
700 3716 1032 3788 Nicephori,
1068 3715 1344 3786 inquit,et
1367 3715 1706 3785 patriarchae
1736 3717 2020 3790 primarii,

375 3814 432 3867 et
448 3807 747 3881 scriptoris
773 3807 942 3862 annis
964 3805 1194 3863 circiter
1214 3804 1564 3876 octingentis
1587 3806 1756 3862 uobis
1774 3809 2023 3864 nostris-

377 3916 493 3973 que
517 3899 875 3963 vetustioris,
907 3899 977 3953 de
1009 3896 1100 3952 his
1157 3895 1322 3951 libris
1373 3896 1692 3966 judicium,
1733 3897 2020 3954 Hamondi

387 3991 613 4047 tametsi
644 3991 752 4045 viri
811 3986 1216 4053 eruditissimi,
1278 3989 1334 4041 et
1381 3985 1626 4041 aliorum
1688 3987 1789 4042 aevi
1838 3989 2020 4044 nostri

379 4081 678 4137 sententiae
703 4080 965 4151 praeferre
988 4074 1148 4130 nulla
1170 4075 1384 4130 invidia
1406 4079 1514 4130 est.
1548 4097 1576 4125 »
1619 4077 1729 4131 Sed
1781 4077 1826 4131 si
1864 4077 2022 4134 nulla

380 4171 457 4226 sit
477 4169 694 4225 invidia
716 4165 1328 4238 Nicephorijudicium
1347 4165 1633 4220 Hamondi
1654 4165 2021 4238 aliorumque

379 4260 768 4315 recentiorum
795 4258 1099 4312 sententiis
1129 4256 1416 4326 praeferre,
1453 4254 1615 4310 nulla
1636 4272 1864 4327 quoque
1911 4258 2023 4313 erit

377 4347 597 4402 invidia
617 4345 908 4417 judicium
945 4343 1167 4409 lreuaai,
1202 4343 1456 4412 Eusebii,
1515 4343 1882 4415 aliorumque
1923 4347 2022 4402 Pa-

379 4440 533 4489 trum
555 4441 640 4489 tot
669 4434 896 4489 seculis
917 4433 1239 4503 Nicephoro
1287 4431 1692 4498 vetustiorum,
1726 4435 1823 4504 qui
1853 4435 2018 4508 Poly-

2137 3275 2374 3343 pugnet.
2411 3271 2719 3326 Enimvero
2754 3271 2801 3325 si
2835 3271 2890 3324 in
2921 3274 3043 3325 tota
3071 3269 3312 3340 epistola
3371 3269 3516 3324 nihil
3577 3274 3790 3340 preter

2135 3361 2298 3416 illam
2332 3360 2680 3432 particulam
2706 3364 2966 3416 occurrat
2997 3365 3010 3414 ε
3047 3382 3074 3408 ‹‹
3108 3359 3266 3422 Quod
3303 3357 3387 3413 vel
3428 3376 3789 3430 quemquam

2135 3449 3224 3522 olIendere,velPolycarpoindignum
3278 3449 3503 3504 censeri
3552 3449 3787 3516 debeat,

2134 3557 2239 3595 cur
2269 3557 2488 3610 qureso,
2525 3539 2773 3594 Dallmus
2808 3556 2921 3594 non
2952 3537 3142 3593 solum
3206 3539 3503 3594 Hamondo
3563 3541 3619 3592 et
3654 3538 3786 3593 aliis

2135 3629 2233 3684 aevi
2261 3630 2442 3684 nostri
2475 3628 2838 3684 doctissimis
2885 3627 3246 3693 hominibus,
3282 3629 3383 3682 sed
3434 3628 3608 3683 etiam
3640 3628 3788 3682 anti-

2135 3718 2433 3790 quissimis
2467 3717 2738 3774 Patribus
2778 3716 3028 3772 Eusebio
3059 3721 3116 3772 et
3147 3716 3369 3772 caeteris
3425 3717 3654 3787 praefert
3682 3717 3782 3772 Ni-

2135 3807 2915 3879 cephorum,quiepistolam
2941 3810 3119 3861 totam
3156 3805 3345 3875 rejicit
3377 3805 3532 3861 inter
3561 3822 3627 3862 ea
3655 3821 3780 3874 quas

2135 3903 2271 3954 sunt
2301 3921 2327 3948 <<
2362 3915 2430 3953 ex
2463 3896 2929 3969 apocryphorum
2964 3895 3276 3952 deterrimo
3309 3912 3518 3962 genere
3547 3911 3561 3962 ;
3597 3917 3624 3944 »
3671 3894 3780 3963 vel,

2137 3992 2198 4044 ut
2226 3989 2352 4060 ipse
2375 3987 2514 4042 alibi
2548 3987 2709 4054 dicit,
2743 4008 2771 4036 «
2797 3988 2946 4041 inter
2991 3985 3173 4040 libros
3221 3984 3435 4040 fabulis
3457 3989 3514 4040 et
3543 3986 3783 4056 figmen-

2134 4078 2210 4132 tis
2241 4076 2444 4148 plenos
2479 4094 2491 4142 ;
2528 4098 2555 4124 »
2587 4092 2654 4130 ex
2681 4075 2920 4146 quibus,
2954 4097 2980 4124 ‹‹
3015 4074 3063 4129 si
3097 4073 3228 4144 quis
3282 4073 3352 4127 ad
3408 4074 3581 4128 ﬁdem
3613 4074 3683 4128 de
3715 4089 3778 4128 re

2133 4167 2330 4238 aliqua
2362 4165 2569 4237 primis
2593 4163 2708 4220 illis
2732 4163 3095 4236 temporibus
3141 4167 3305 4233 gesta
3332 4162 3652 4218 faciendam
3689 4164 3775 4216 af-

2133 4254 2479 4323 ferret,nihil
2502 4253 2853 4309 efﬁceret?»
2887 4251 3162 4323 Nunquid
3198 4251 3244 4306 si
3275 4251 3486 4321 aliquis
3541 4266 3606 4304 ea
3644 4266 3775 4303 om-

2134 4345 2249 4412 nia,
2282 4360 2405 4415 quaa
2437 4345 2496 4397 in
2528 4343 2638 4397 hac
2669 4341 2916 4413 epistola
2938 4340 3078 4396 illud
3115 4341 3268 4411 quod
3326 4339 3570 4395 Dallaeus
3607 4343 3778 4394 vocat

2131 4434 2616 4498 additamentum,
2652 4432 3006 4503 praecedunt,
3040 4447 3278 4500 quisque
3309 4429 3432 4500 ipse
3460 4428 3776 4500 Polycarpo

379 4542 553 4597 carpo
572 4524 720 4580 hanc
743 4523 1047 4594 epistolam
1070 4521 1721 4594 assignant,Nicephori
1747 4527 2017 4595 praeferre
2047 4533 2100 4599 D
2131 4523 2309 4594 digna
2331 4526 2552 4586 censet,
2611 4523 2681 4575 ad
2753 4521 2929 4575 ﬁdem
2989 4520 3313 4574 faciendam
3348 4519 3595 4587 afferret,
3629 4517 3779 4572 nihil

379 4615 679 4670 sententia:
707 4613 719 4669 ὲ
743 4614 858 4668 imo
880 4617 1044 4668 tanto
1077 4610 1282 4683 potiori
1306 4612 1439 4680 jure
1465 4612 1884 4682 praeferendum
1910 4621 2017 4686 est,

376 4710 592 4776 quanto
625 4707 682 4758 et
711 4701 1039 4756 eruditione
1061 4700 1520 4771 praastantiores,
1543 4704 1716 4771 atque
1740 4703 1889 4756 atati
1921 4703 2022 4759 Po-

374 4791 592 4864 lycarpi
625 4789 930 4846 viciniores
956 4789 1208 4843 fuerunt.
1239 4786 1457 4842 Deinde
1487 4788 1662 4843 verba
1722 4807 1754 4844 a
1808 4789 2021 4847 Dallaao

372 4881 599 4951 objecta
631 4878 970 4951 patriarchas
1003 4875 1309 4948 Nicephori
1345 4892 1458 4931 non
1491 4881 1650 4946 sunt,
1708 4880 1807 4933 sed
1842 4881 2022 4952 scrip-

372 4969 514 5025 toris
547 4969 857 5040 cujusdam
890 4966 1120 5022 obscuri
1155 4971 1209 5020 et
1236 4965 1535 5035 anonymi,
1569 4967 1668 5036 qui
1723 4968 2018 5040 fragmen-

369 5065 492 5115 tum
528 5060 680 5130 quod
743 5057 1182 5112 Stichometriam
1240 5063 1426 5123 vocat,
1461 5056 1531 5110 ad
1593 5054 1729 5110 ilius
1760 5057 2017 5114 Chrono-

371 5150 628 5221 graphiaa
660 5147 875 5203 calcem
911 5144 1234 5216 subiunxit,
1265 5149 1330 5200 ut
1355 5145 1508 5199 infra
1538 5162 1571 5199 a
1604 5147 1772 5202 nobis
1817 5147 2019 5204 claris—

367 5240 513 5294 sime
546 5237 1064 5293 demonstrabitur.
1092 5235 1160 5289 Et
1181 5239 1332 5289 certe
1367 5233 1496 5306 quis
1526 5235 1638 5289 sibi
1671 5239 2019 5307 persuadeat

368 5329 665 5400 Polycarpi
719 5328 1046 5399 epistolam,
1135 5326 1306 5394 cujus
1395 5323 1708 5381 utilitatem
1772 5327 2018 5383 Dallaeus

368 5433 680 5487 agnoscere
708 5416 955 5488 cogitur,
1010 5432 1042 5470 a
1095 5415 1421 5486 Nicephoro
1479 5430 1653 5484 quem
1705 5415 1858 5470 idem
1893 5416 2020 5471 Dal-

369 5505 509 5558 laeua
541 5504 813 5558 laudibus
863 5506 1122 5570 exornat,
1192 5503 1343 5556 inter
1403 5502 1732 5574 apocrypha
1772 5504 2016 5558 deterri-

370 5593 444 5647 mi
472 5592 704 5662 generis
738 5593 918 5648 fuisse
952 5590 1328 5663 ablegatam?

2131 4611 2435 4667 efﬁceret?
2463 4610 2742 4681 Nunquid
2777 4609 2849 4663 ob
2883 4607 3231 4680 particulam
3263 4607 3318 4661 in
3366 4609 3478 4662 ﬁne
3519 4607 3778 4676 epistola:

2130 4701 2406 4767 additam,
2438 4716 2505 4754 ea
2536 4716 2662 4769 quze
2695 4697 3009 4770 Polycarpo
3042 4696 3218 4767 digna
3248 4701 3405 4761 sunt,
3441 4697 3511 4750 ad
3536 4711 3778 4767 apocry-

2131 4790 2247 4861 pha
2279 4788 2573 4844 deterrimi
2598 4787 2848 4858 generis,
2882 4792 2938 4841 et
2964 4785 3144 4841 libros
3177 4784 3392 4840 fabulis
3438 4790 3494 4840 et
3541 4786 3783 4856 ﬁgmen-

2131 4880 2204 4934 tis
2239 4879 2438 4948 plenos
2470 4877 2686 4932 debent
2717 4875 2984 4948 protinus
3018 4875 3321 4930 amandari
3343 4874 3371 4928 ?

2201 4966 2346 5030 Quid
2380 4971 2572 5020 autem
2611 4965 2759 5035 quod
2793 4964 2954 5019 addit
2986 4963 3234 5018 Dallteus
3266 4962 3322 5016 in
3373 4963 3480 5018 hac
3535 4961 3787 5034 epistola

2131 5061 2303 5110 «tam
2332 5055 2722 5120 dissentanea,
2770 5059 3005 5125 tamque
3057 5053 3207 5109 inter
3259 5069 3318 5106 se
3379 5053 3671 5106 contraria
3725 5058 3786 5107 et

2129 5146 2513 5218 repugnantia
2547 5166 2574 5193 »
2608 5160 2904 5200 occurrere
2939 5163 2951 5210 ;
2988 5148 3050 5196 ut.
3075 5166 3098 5191 ‹‹
3129 5141 3246 5196 sole
3279 5141 3598 5195 meridiano
3656 5141 3783 5196 cla-

2129 5236 2252 5290 rius
2286 5257 2312 5284 »
2347 5235 2422 5289 sit
2453 5251 2572 5289 eaa
2600 5233 2846 5289 diversis
2881 5232 3219 5287 hominibus
3265 5231 3481 5299 scripta
3542 5229 3719 5282 fuisse
3748 5231 3778 5285 ?

2128 5328 2238 5379 Cnr
2268 5341 2404 5395 ergo
2435 5323 2743 5390 Eusebius,
2778 5323 2951 5376 homo
2983 5320 3424 5376 oculatissimus
3468 5321 3523 5370 et
3556 5318 3780 5388 perspi-

2129 5415 2496 5479 cacissimus,
2525 5430 2627 5468 cur
2659 5413 2755 5467 alii
2789 5417 2921 5466 ante
2952 5416 3007 5466 et
3038 5414 3166 5479 post
3193 5405 3585 5477 Nicephorum
3640 5409 3782 5464 scri-

2129 5508 2318 5575 ptores
2349 5503 2494 5558 illud
2529 5519 2644 5558 non
2676 5502 2970 5564 viderunt,
3004 5498 3155 5569 quod
3195 5519 3223 5545 ‹‹
3285 5495 3405 5552 sole
3455 5497 3783 5556 meridiano

437 5691 479 5726 ⁵⁸
510 5692 585 5747 De
613 5690 800 5761 script.
835 5693 992 5761 [gnat
1023 5732 1037 5758 ,
1071 5706 1196 5760 cap.
1223 5689 1314 5756 2'2,
1351 5704 1408 5760 p.
1443 5688 1565 5745 426.
1643 5687 1690 5722 ⁵⁷
1711 5690 1883 5760 Ibid.,
1914 5706 1972 5762 ρ.
2005 5693 2019 5748 4

2207 5691 2254 5729 ⁵⁸
2285 5707 2412 5764 cap.
2447 5691 2538 5758 32,
2569 5706 2625 5762 p.
2660 5691 2750 5744 42.
