4112 6132
288 299 399 358 481

1275 299 1350 358 D.
1396 297 1724 360 NOURRII
1774 293 2309 358 DISSERTATIO.
2358 329 2435 339 ——
2477 295 2682 358 PARS
2732 299 2779 358 Ι.

3593 305 3710 365 4ὃὲ

291 431 505 487 clarius
538 430 720 486 erat?
749 429 1070 502 «Nunquid
1105 446 1307 487 omnes
1339 432 1459 488 sole
1495 432 1814 488 meridiano
1846 430 1935 485 lu-
1967 436 2017 500 Α
2062 432 2133 485 ab
2166 448 2228 486 ea
2262 430 2626 500 difficultate,
2650 449 2777 503 quae
2810 438 3005 488 contra
3036 433 3230 505 ipsum
3263 435 3451 492 solum
3475 439 3712 507 militat,

303 528 466 579 cente
490 523 878 578 caecutiebaut
906 522 930 577 ἱ)

358 621 466 676 Sed
501 625 652 688 esto,
681 620 961 676 Eusebius
994 619 1207 692 aliique
1232 638 1427 678 omnes
1462 621 1603 678 solis
1637 619 1947 676 meridiani

295 710 608 783 splendore
630 710 944 782 perstricti,
977 709 1032 764 id
1053 711 1201 781 quod
1237 710 1358 766 sole
1395 710 1714 766 meridiano
1731 708 1946 765 clarius

296 806 565 866 erat,non
600 799 867 855 viderint.
901 801 1016 854 Cur
1038 798 1243 855 saltem
1268 799 1419 855 hanc
1470 798 1944 855 decentissimam

296 889 652 955 clausulam,
685 890 743 943 in
779 905 956 960 quam
979 889 1282 946 desinebat
1304 889 1551 961 epistola
1570 905 1764 959 quam,
1797 892 1948 943 teste

296 980 529 1048 Dallaao,
559 995 764 1035 omnes
795 978 1014 1047 vident,
1046 978 1128 1034 illi
1161 997 1272 1034 non
1301 979 1617 1035 viderunt?
1672 976 1944 1048 Nunquid

301 1070 551 1127 Dallaaus
600 1067 918 1124 Eusebium
977 1068 1238 1140 aliosque
1289 1069 1444 1125 viros
1491 1067 1944 1133 oculatissimos,

298 1159 394 1231 qui
425 1159 580 1214 hanc
606 1157 917 1230 epistolam
950 1159 1238 1230 integram
1293 1158 1600 1231 Polycarpo
1652 1158 1946 1226 tribuunt,

294 1251 432 1305 adeo
468 1265 650 1304 caecos
681 1248 963 1318 omnique
993 1248 1213 1304 lumine
1234 1249 1470 1304 orbatos
1503 1248 1684 1302 fuisse
1740 1247 1895 1301 dicet
1926 1264 1939 1312 ;

293 1343 352 1394 ut
386 1356 568 1394 unum
615 1339 772 1408 quod
806 1337 926 1392 sole
959 1337 1284 1392 meridiano
1316 1336 1532 1393 clarius
1592 1341 1717 1392 erat
1746 1355 1759 1404 ;
1811 1335 1946 1390 alte-

290 1446 421 1484 rum
448 1429 607 1499 quod
633 1444 834 1483 omnes
855 1427 1073 1496 vident,
1098 1427 1208 1499 ipsi
1231 1427 1423 1482 videre
1454 1443 1568 1482 non
1598 1425 1891 1497 potuerint
1919 1425 1946 1479 ?

359 1517 493 1572 Jam
538 1533 674 1572 vero
708 1517 782 1571 ad
830 1533 947 1571 rem
1003 1517 1196 1588 ipsam
1256 1517 1583 1572 veniamus.
1635 1513 1946 1570 Contendit

297 1604 546 1660 Dallzeus
573 1604 784 1674 verbis,
814 1621 941 1675 quaa
998 1605 1348 1676 particulam
1411 1604 1680 1660 ultimam
1733 1619 1944 1674 praece-

296 1700 440 1753 dunt
471 1713 485 1758 ;
519 1698 655 1769 quia
689 1720 716 1747 «
751 1697 1221 1754 decentissimum
1253 1697 1579 1754 clausulam
1628 1717 1652 1748 ι)
1704 1697 1944 1766 habent,

293 1787 603 1878 epistolam,
630 1788 931 1878 Polycarpi
963 1787 1494 1878 claudi.iNuuquid‘
1521 1804 1670 1878 ergo
1709 1787 1937 1878 quoties
1964 1814 2011 1878 B

289 1878 345 1932 in
374 1876 643 1948 epistolis
673 1877 925 1932 occurrit
970 1875 1390 1932 decentissima
1448 1875 1734 1946 clausula,
1769 1877 1939 1931 toties

291 1966 367 2021 ibi
399 1966 693 2021 ﬁniuntur
713 1969 968 2038 epistoraa
992 1966 1018 2020 Ἰ
1049 1968 1110 2021 Id
1144 1984 1285 2023 sane
1309 1966 1394 2021 vel
1426 1967 1564 2038 ipsa:
1609 1967 1743 2022 sola;
1778 1963 1942 2020 Pauli

292 2056 554 2126 epistolae
577 2055 962 2112 falsissimum
986 2073 1113 2112 esse
1153 2056 1451 2112 evincunt.
1476 2056 1622 2111 Nam
1663 2055 1722 2110 in
1757 2053 1944 2125 capite

297 2148 519 2204 decimo
541 2147 748 2218 quinto
771 2148 894 2217 ejus
921 2146 1188 2219 Epistolas
1222 2148 1293 2202 ad
1337 2151 1628 2202 Romanos
1686 2145 1807 2199 haec
1840 2144 1940 2198 de-

293 2239 1142 2313 centissimaclausulalegitur
1166 2257 1178 2294 :
1207 2241 1347 2296 Deus
1372 2242 1534 2312 pacis
1563 2239 1636 2294 sit
1667 2255 1793 2293 cum
1833 2253 1941 2291 om-

289 2331 446 2385 nibus
476 2332 648 2386 vobis.
676 2331 886 2398 Amen;
922 2329 980 2384 in
1013 2333 1201 2401 capite
1260 2346 1392 2385 vero
1452 2329 1620 2384 tertio
1669 2325 1939 2398 Epistolas

293 2421 360 2476 ad
389 2417 675 2490 Ephesios
709 2418 820 2475 ista
847 2435 860 2473 :
885 2420 998 2488 Ipsi
1025 2419 1207 2488 gloria
1236 2418 1297 2473 in
1340 2418 1537 2474 sxcula
1591 2417 1938 2474 seculorum.

289 2512 456 2566 Amen
489 2529 502 2579 ;
538 2515 596 2566 et
629 2519 821 2565 tamen
855 2514 1063 2565 neutra
1095 2510 1174 2564 ibi
1207 2510 1424 2565 desinit
1457 2525 1470 2563 :
1518 2509 1620 2564 sed
1669 2508 1728 2562 in
1762 2503 1942 2578 priori

293 2617 476 2655 unum
509 2603 707 2671 caput,
738 2599 798 2654 in
830 2599 1138 2670 posteriori
1170 2598 1283 2654 tria
1315 2599 1542 2670 integra
1565 2596 1759 2667 capita
1797 2596 1940 2650 sub-

301 2693 646 2758 sequuntur.
678 2688 944 2759 Longum
978 2691 1132 2742 esset
1165 2695 1218 2742 et
1249 2686 1455 2742 inutile
1480 2686 1791 2742 innumera
1821 2684 1941 2757 epi-

299 2777 575 2832 stularum
606 2777 860 2848 proferre
883 2776 1171 2848 exempla,
1204 2794 1333 2848 qure
1391 2775 1465 2832 ad
1522 2774 1744 2830 similes
1790 2774 1945 2830 clau-

307 2865 484 2932 sulas,
539 2883 678 2937 quas
741 2866 987 2922 Dallaaus
1074 2865 1519 2922 decentissimas
1581 2869 1764 2934 vocat,
1826 2881 1942 2921 non

300 2956 826 3012 desinunt.Norunt
847 2955 1004 3011 enim
1029 2973 1230 3011 omnes
1252 2972 1321 3011 ex
1357 2954 1659 3026 scriptoris
1707 2954 1942 3027 ingenio

294 3045 566 3117 pendere,
599 3062 746 3116 quas
771 3044 934 3112 velit,
967 3050 1023 3099 et
1053 3045 1152 3099 ubi
1210 3045 1365 3112 velit,
1427 3046 1486 3099 in
1542 3044 1788 3116 epistola
1837 3060 1944 3100 sua

293 3135 585 3190 clausulas
608 3134 1208 3206 apponerezmaxime
1225 3149 1356 3189 vero
1399 3133 1496 3189 ubi
1547 3133 1735 3206 plura,
1769 3135 1920 3189 sicut

286 3225 663 3296 Polycarpus,
701 3229 911 3279 tractat
942 3228 1303 3294 argumenta,
1341 3223 1423 3278 vel
1457 3240 1592 3278 cum
1637 3223 1941 3278 scribentis

289 3315 480 3370 animo
514 3312 734 3383 aliquid
770 3313 902 3368 novi
936 3314 1246 3368 scribendo
1278 3313 1596 3368 succurrit.

357 3413 640 3468 Praeterea
674 3412 888 3468 falsum
923 3412 1068 3467 illud
1086 3413 1352 3483 est,quod
1380 3412 1462 3466 ait
1488 3410 1762 3480 Dallasus,
1798 3410 1937 3465 ulti-

283 3521 439 3559 mam
475 3504 653 3572 hujus
686 3503 941 3573 epistolae
979 3501 1686 3573 particulam,mendacio,
1709 3501 1780 3555 iis
1813 3517 1944 3572 quae

283 3593 554 3666 superius
588 3593 742 3647 dicta
767 3598 950 3662 erant,
979 3593 1271 3647 contrario
1291 3597 1348 3646 et
1400 3595 1786 3662 repugnante,
1819 3606 1944 3645 esse

278 3685 636 3754 inspersam.
671 3686 757 3749 At,
793 3682 987 3752 inquit
1010 3681 1128 3749 ille,
1163 3682 1282 3737 hsec
1309 3683 1479 3735 verba
1510 3698 1521 3734 :
1549 3703 1578 3729 «
1611 3685 1681 3735 Et
1707 3681 1778 3735 de
1808 3679 1937 3751 ipso

280 3773 526 3844 lgnatio,
560 3776 617 3826 et
647 3773 719 3826 de
748 3771 836 3825 his
870 3771 970 3840 qui
1035 3787 1170 3826 cum
1195 3786 1261 3823 eo
1311 3772 1472 3835 sunt,
1518 3770 1671 3839 quod
1729 3769 1942 3824 certius

285 3860 660 3932 agnoveritis,
690 3859 1016 3930 signiﬁcate
1045 3876 1059 3913 :
1088 3881 1116 3909 ››
1152 3859 1292 3925 haec,
1328 3858 1542 3928 inquit,
1574 3859 1753 3913 verba
1783 3857 1945 3930 Igna-

287 3950 455 4015 tium,
492 3949 592 4019 qui
626 3949 791 4018 prius
808 3947 1122 4002 defunctus
1148 3946 1496 4016 declaratur,
1529 3946 1590 4000 in
1627 3947 1768 4001 vivis
1815 3963 1942 4002 esse

290 4037 877 4108 signiﬁcant.Verum
903 4038 950 4092 si
975 4054 1042 4092 ea
1067 4040 1281 4092 attente
1324 4037 1777 4107 perpendantur,
1797 4034 1942 4089 nihil

289 4130 357 4183 de
389 4128 600 4198 Ignatii
637 4133 818 4182 morte
857 4127 945 4181 vel
1010 4128 1127 4181 vita
1168 4126 1422 4180 innuunt
1478 4131 1578 4180 aut
1629 4126 1944 4181 testiﬁcan-

290 4223 409 4271 tur.
451 4216 554 4271 His
587 4216 804 4271 etenim
841 4216 1191 4287 Polycarpus
1225 4216 1630 4270 tantummodo
1664 4214 1940 4286 postulat,

292 4312 356 4361 ut
385 4307 791 4377 Philippenses
820 4306 918 4376 qui
951 4307 1020 4359 de
1055 4306 1274 4374 Ignatio
1311 4305 1539 4359 facilius
1571 4304 1762 4374 aliqua
1793 4302 1942 4358 acci-

293 4411 423 4466 pere
458 4397 826 4466 poterant,de
855 4395 978 4460 illo,
1014 4409 1360 4466 quocunque
1393 4395 1624 4448 tandem
1684 4393 1743 4446 in
1788 4397 1942 4448 statu

294 4485 631 4554 tuerit,certi
667 4483 888 4555 aliquid
925 4485 1282 4539 renuntient.
1315 4483 1680 4554 Quapropter
1702 4483 1750 4536 si
1779 4480 1939 4537 illum

2061 537 2186 576 sese
2223 526 2375 576 recte
2435 521 2832 593 explicuisset.
2883 524 3096 581 Verum
3146 542 3257 582 non
3301 528 3369 582 de
3418 532 3710 586 Hamondi

2059 614 2252 666 mente
2284 612 2679 683 disputamus,
2725 613 2822 668 sed
2865 613 2935 669 de
2984 615 3285 688 Polycarpi
3333 618 3598 690 epistola,
3650 621 3710 676 in

2059 720 2175 773 qua
2200 719 2332 758 cum
2361 704 2586 759 nullum
2625 706 3020 772 mendacium,
3054 708 3333 780 nullaque
3365 711 3442 766 sit
3475 716 3709 767 contra-

2057 791 2232 847 dictio
2254 797 2310 848 et
2333 795 2736 866 repugnantia,
2771 794 3055 866 integram
3087 797 3249 853 illam
3300 815 3622 872 omnesque
3653 809 3708 856 et

2057 880 2322 953 singulas
2365 882 2517 937 illius
2575 889 2766 954 partes
2824 902 2856 938 a
2909 885 3222 959 Polycarpo
3279 890 3527 961 scriptas
3576 907 3706 947 esse

2057 974 2211 1026 certo
2243 971 2459 1027 certius
2490 972 2796 1028 evincitur.

2161 1089 2188 1155 §
2219 1088 2314 1144 IlI.
2350 1090 2592 1160 Reliqua?
2624 1091 2829 1149 Dallazi
2852 1095 3192 1162 exceptiones
3224 1097 3580 1166 refelluntur.

2127 1203 2312 1260 Instat
2338 1206 2610 1272 Dallaeus,
2640 1225 2903 1281 novoque
2926 1210 3107 1266 utitur
3128 1217 3185 1267 et
3216 1211 3362 1268 miro
3383 1229 3700 1284 argumen-

2055 1295 2217 1349 tandi
2247 1311 2479 1366 genere.
2505 1296 2602 1352 llle
2619 1298 2910 1368 siquidem
2936 1299 3084 1354 nihil
3133 1302 3204 1356 de
3245 1302 3485 1357 veritate
3515 1320 3580 1359 ac
3614 1303 3701 1359 in-

2056 1384 2323 1455 tegritate
2340 1385 2595 1457 epistola
2619 1387 2922 1460 Polycarpi
2944 1405 3038 1444 am
3050 1389 3202 1460 plius
3217 1391 3545 1461 disputans,
3561 1409 3668 1448 con
3681 1422 3702 1434 ο

2055 1476 2204 1530 cedit
2235 1475 2616 1549 Polycarpuzn
2642 1479 2844 1535 testari
2867 1478 3096 1551 aliquas
3117 1481 3189 1536 ab
3203 1481 3429 1551 lgnatio
3452 1483 3704 1554 scriptas

2055 1564 2236 1620 fuisse
2269 1565 2564 1636 epistolas.
2596 1567 2810 1624 Verum
2843 1585 2974 1623 cum
3006 1569 3157 1624 idem
3191 1569 3318 1641 ipse
3348 1571 3704 1643 Polycarpus

2054 1652 2186 1709 illas
2217 1655 2449 1710 easdem
2483 1671 2631 1720 esse,
2674 1673 2816 1727 quas
2866 1658 3256 1726 defendimus,
3309 1675 3420 1715 non
3471 1659 3701 1730 dixerit,

2055 1742 2201 1798 alias
2225 1743 2474 1799 Dallaaus
2495 1745 2736 1801 omnino
2758 1747 2830 1801 ab
2861 1763 2926 1802 eo
2958 1746 3242 1803 iudicatas
3265 1764 3394 1804 esse
3426 1749 3706 1806 audacter

2051 1832 2324 1888 afﬁrmat.
2351 1835 2541 1904 Atque
2582 1851 2614 1890 a
2654 1835 2862 1890 Dallteo
2889 1837 3183 1907 poscimus
3207 1837 3341 1908 quid
3391 1838 3701 1911 Polycarpo

2051 1925 2118 1975 ut
2137 1921 2414 1992 epistolas
2446 1923 2576 1978 illas
2608 1923 2817 1994 Ignatii
2858 1941 2986 1981 esse
3032 1929 3367 1996 testaretur,
3424 1932 3702 1998 praestan-

2053 2011 2188 2065 dum
2236 2017 2378 2067 erat.
2437 2012 2714 2085 Nunquid
2776 2014 2846 2070 ab
2893 2031 2960 2070 eo
3011 2015 3095 2070 has
3141 2015 3404 2088 epistolae
3460 2017 3701 2088 integras

2050 2100 2507 2156 transcribendaa
2540 2106 2725 2170 erant,
2783 2103 2867 2158 vel
2922 2120 3099 2158 manu
3150 2105 3385 2176 propria
3433 2107 3700 2160 subscri-

2049 2188 2607 2262 bendas?Nunquid
2654 2192 2888 2262 publica
2935 2193 3296 2248 notariorum
3349 2199 3407 2249 et
3453 2194 3695 2250 testium

2052 2278 2186 2344 ﬁde,
2211 2280 2414 2336 aliisve
2438 2281 2683 2350 publicis
2706 2282 3112 2338 instrumentis
3133 2282 3460 2338 muniendas
3478 2286 3500 2338 ἓ
3521 2283 3580 2339 Si
3607 2301 3698 2340 res

2051 2367 2134 2422 ita
2163 2385 2225 2424 se
2247 2369 2478 2434 habeat,
2514 2369 2708 2426 nullas
2750 2371 2949 2442 procul
2990 2372 3166 2427 dubio
3213 2389 3368 2428 nunc
3413 2374 3699 2430 habemus

2052 2456 2306 2512 virorum
2325 2457 3145 2533 apostolicorumaliorumque
3158 2462 3699 2533 antiquissimorum

2052 2549 2284 2601 Patrum
2317 2547 2614 2618 epistolas,
2660 2566 2725 2604 ac
2755 2565 2821 2604 ea
2850 2566 2980 2620 quae
3013 2552 3283 2606 manibus
3312 2553 3578 2607 omnium
3612 2557 3699 2608 te-

2051 2639 2282 2701 runtur,
2306 2636 2430 2690 aliae
2459 2638 2698 2693 omnino
2731 2644 2870 2694 sunt
2900 2640 2970 2693 ab
3006 2639 3076 2694 iis
3099 2657 3242 2709 quas
3277 2642 3590 2711 scriptores
3623 2643 3695 2697 ab

2051 2725 2169 2780 illis
2199 2727 2366 2782 datas
2405 2743 2532 2782 esse
2574 2733 3052 2784 commemorant.
3102 2729 3416 2786 Dicendum
3466 2747 3598 2801 ergo
3629 2749 3698 2786 ex

2055 2817 2361 2872 severioris
2392 2816 2617 2872 critices
2649 2817 2889 2889 regulis,
2922 2822 2987 2873 ut
3017 2817 3266 2890 alicujus
3298 2820 3555 2876 auctoris
3583 2819 3696 2891 epi-

2053 2905 2235 2974 stolas,
2267 2922 2516 2978 quarum
2551 2906 2800 2978 scriptor
2831 2907 2943 2979 ipsi
2975 2923 3196 2964 coaavns
3228 2909 3549 2980 generatim
3575 2914 3699 2964 tan-

2050 2999 2176 3052 tum
2212 2995 2498 3064 meminit,
2552 2997 2851 3066 speciatim
2905 2997 3304 3070 designentur,
3345 2999 3490 3054 nihil
3536 2998 3692 3055 aliud

2053 3087 2291 3157 requiri,
2315 3085 2429 3140 nisi
2458 3090 2521 3141 ut
2552 3084 2663 3141 illa)
2695 3087 2767 3141 ab
2789 3087 3022 3158 integrae
3065 3094 3349 3161 certaeque
3381 3091 3513 3146 ﬁdei
3548 3093 3696 3149 scri-

1923 3149 1941 3246 ξ
1973 3179 2015 3246 ρ
2057 3149 2340 3246 ptoribus,
2373 3174 2561 3246 iisque
2589 3193 2702 3232 non
2735 3176 2816 3232 ita
2847 3149 3100 3233 abvillius
3126 3149 3292 3234 aetate
3323 3183 3561 3238 remotis
3592 3200 3694 3239 no-

2053 3265 2316 3320 minatim
2350 3265 2700 3320 iudicentur.
2739 3267 2903 3337 Atqui
2931 3284 3076 3339 quas
3099 3267 3449 3340 Polycarpus
3486 3272 3697 3343 Ignatii

2053 3354 2330 3426 epistolas
2352 3356 2677 3426 generatim
2700 3357 2986 3426 designat,
3012 3374 3088 3412 ea;
3113 3359 3418 3430 speciatim
3443 3363 3694 3417 etnomi-

2052 3444 2255 3512 natim,
2291 3449 2355 3499 ut
2385 3446 2642 3500 fatentur
2671 3445 3008 3512 adversarii,
3042 3446 3113 3501 ab
3144 3448 3390 3504 Eusebio
3443 3450 3696 3522 aliisque

2049 3531 2287 3604 integra:
2339 3538 2624 3605 certaeque
2675 3534 2807 3589 ﬁdei
2860 3535 3244 3606 scriptoribus
3293 3537 3690 3609 designantur.

2049 3623 2441 3694 Deniquejam
2467 3640 2499 3679 a
2517 3624 2706 3692 nobis,
2729 3623 2808 3679 uti
2833 3628 3133 3694 putamus,
3153 3624 3306 3680 clare
3327 3627 3692 3684 demonstra-

2051 3715 2174 3766 tum
2203 3717 2292 3767 est
2318 3711 2608 3781 Ignatium
2644 3728 2757 3766 non
2791 3710 2934 3767 alias
2970 3713 3042 3767 ab
3071 3712 3163 3780 iis,
3198 3714 3267 3768 de
3293 3715 3508 3784 quibus
3540 3734 3697 3774 nunc

2049 3801 2516 3864 conti-evertitur,
2558 3817 2827 3856 exarasse
2868 3801 3159 3872 epistolas.
3212 3802 3324 3857 Illa
3370 3803 3549 3875 igitur
3592 3823 3697 3862 ein-

2048 3892 2178 3946 dem
2213 3895 2350 3945 sunt
2381 3905 2524 3961 quas
2555 3889 2909 3960 Polycarpus
2942 3891 3228 3963 designat.

2121 4052 2295 4124 Urget
2328 4056 2520 4107 tamen
2555 4051 2807 4107 Dallaeus
2839 4051 2896 4105 in
2930 4051 3020 4105 bis
3054 4049 3320 4122 epistolis
3369 4054 3603 4123 reperiri
3636 4059 3694 4110 et

2049 4143 2206 4214 σιγήν
2237 4141 2803 4206 Valentinianorum,
2856 4139 3086 4212 aliaque
3117 4157 3293 4212 quam
3326 4142 3474 4198 bene
3507 4143 3692 4200 multa

2049 4232 2245 4286 minus
2272 4231 2611 4296 orthodoxa,
2643 4247 2766 4301 quae
2812 4230 2883 4285 ab
2928 4229 3148 4300 lgnatio
3189 4247 3478 4304 nusquam
3523 4233 3698 4289 scribi

2050 4324 2386 4392 potuerunt.
2412 4320 2519 4374 Sed
2550 4317 2860 4374 Eusebium
2881 4318 3143 4390 aliosque
3161 4321 3537 4378 doctissimos
3552 4324 3702 4377 scri-

2050 4413 2244 4480 ptores
2277 4409 2400 4478 qui,
2425 4411 2568 4462 teste
2601 4406 2801 4462 Dallzeo
2829 4407 2977 4477 ipso,
3010 4406 3117 4464 has
3148 4408 3426 4480 epistolas
3473 4411 3699 4481 Ignatio

2051 4498 2415 4568 adjudicant,
2443 4497 2588 4553 nihil
2623 4498 2679 4552 in
2711 4497 2795 4552 eis
2827 4496 2913 4552 vel
2945 4497 3137 4553 minus
3168 4499 3580 4571 orthodoxum,
3612 4501 3701 4557 vel

289 4573 410 4643 jam
441 4573 722 4643 martyrio
786 4577 1126 4628 coronatum
1188 4572 1620 4642 suspicabatur,
1681 4575 1844 4642 rogat
1884 4575 1947 4625 ιη
1976 4568 2022 4632 D
2053 4589 2252 4643 minus
2285 4587 2510 4659 Ignatio
2542 4587 2784 4658 dignum
2807 4586 3020 4659 legisse
3049 4588 3444 4644 certissimum
3479 4568 3587 4646 est.
3632 4592 3705 4646 At

300 4669 537 4718 narrent
569 4663 826 4733 quando,
861 4663 982 4730 ubi,
1017 4668 1073 4716 et
1105 4679 1281 4734 quam
1313 4661 1470 4715 vario
1521 4665 1943 4716 tormentorum

307 4753 787 4821 cruciatuumque
820 4767 1030 4822 genere
1090 4755 1335 4806 mortem
1396 4750 1626 4814 obierit,
1687 4766 1947 4821 quosque

304 4839 571 4896 habuerit
604 4841 864 4911 martyrii
898 4841 987 4894 sui
1022 4839 1232 4895 socios.
1263 4839 1432 4894 Nulla
1468 4855 1603 4908 ergo
1635 4837 1714 4893 ibi
1776 4855 1944 4910 repu-

303 4931 559 4999 gnantia,
597 4947 702 4984 nec
736 4931 854 4985 ulla
884 4946 1013 4984 cum
1049 4929 1119 4984 iis
1151 4947 1275 5000 quae
1302 4930 1368 4984 de
1415 4945 1550 4984 nece
1609 4931 1734 5001 ejus
1782 4931 1946 5002 prius

306 5021 518 5090 scripta
551 5024 738 5087 erant,
773 5020 1024 5073 occurrit
1057 5018 1472 5089 discrepantia.

373 5108 544 5177 Urget
574 5114 770 5162 tamen
805 5108 1074 5173 Dallaeus,
1101 5118 1270 5178 atque
1292 5107 1480 5177 ipsius
1506 5108 1809 5177 llamondi,
1846 5110 1946 5182 qui

299 5194 388 5250 his
423 5197 651 5252 ultimis
684 5197 940 5267 epistolae
976 5196 1274 5268 Polycarpi
1306 5197 1497 5251 verbis
1517 5197 1689 5252 vitam
1739 5200 1946 5269 Ignatii

299 5287 592 5356 designari
629 5287 796 5350 dix1t,
832 5290 1047 5356 profert
1095 5285 1522 5340 testimonium.
1584 5294 1654 5341 At
1713 5295 1863 5342 certe
1895 5289 1946 5344 si

293 5376 640 5430 Hamondus
671 5375 915 5430 humani
976 5374 1196 5446 aliquid
1255 5374 1335 5428 ibi
1395 5392 1608 5446 passus
1651 5381 1758 5444 est,
1795 5378 1839 5432 si
1875 5379 1943 5434 ad

289 5462 594 5535 Polycarpi
627 5466 804 5519 verba
856 5464 1242 5519 animumnon
1303 5464 1446 5518 satis
1497 5465 1764 5533 advertit,
1802 5468 1944 5537 quid

286 5551 420 5608 inde
454 5558 663 5609 contra
694 5553 994 5609 sententiae
1052 5561 1262 5609 nostras
1319 5553 1625 5609 veritatem
1682 5556 1951 5615 conficiet

291 5643 546 5704 Dallaus
569 5646 596 5701 ‘l
623 5645 782 5704 Nulli
815 5649 1006 5706 autem
1057 5646 1398 5703 dubitamus
1430 5645 1575 5718 quin
1604 5650 1948 5708 Hamondus

2057 4684 2205 4732 certe
2235 4676 2366 4732 illos
2397 4693 2665 4747 quaenam
2697 4677 3001 4748 Ignatiana
3023 4677 3287 4734 doctrina
3317 4695 3444 4735 esse
3475 4680 3701 4735 debue-

2056 4766 2150 4830 rit,
2183 4765 2507 4837 ignorasse,
2537 4765 2753 4833 nullus,
2790 4783 2860 4821 ne
2910 4766 3160 4822 Dallasus
3201 4767 3462 4838 quidem,
3513 4767 3703 4822 dicere

2057 4855 2283 4910 audeat.
2314 4855 2530 4908 Deinde
2555 4854 2698 4908 nihil
2722 4859 2923 4910 contra
2945 4855 3156 4926 Ignatii
3175 4856 3500 4910 doctrinam
3528 4855 3583 4908 in
3609 4853 3702 4909 his

2056 4944 2319 5015 epistolis
2350 4960 2674 5014 occurrere,
2709 4944 2858 4999 infra
2889 4962 2995 5000 suo
3027 4944 3172 5014 loco,
3211 4962 3281 4999 ne
3321 4945 3516 4998 omnia
3569 4959 3702 4998 cum

2056 5034 2268 5090 Dallaeo
2287 5035 2734 5099 confundamus,
2767 5034 3088 5091 clarissime
3122 5034 3410 5090 ostensuri
3439 5051 3665 5090 sumus.

2132 5125 2315 5178 Instat
2329 5123 2580 5192 denique
2603 5122 2870 5189 Dallaeus,
2897 5124 3094 5194 sicque
3122 5123 3392 5195 arguitzu
3410 5127 3526 5177 Iloc
3551 5127 3706 5180 certe

2058 5212 2358 5285 Polycarpi
2391 5211 2722 5267 testimonio
2757 5213 2939 5267 Latini
2971 5230 3073 5282 pro
3106 5230 3203 5268 sex
3237 5212 3354 5268 illis
3383 5214 3704 5283 Ignatianis

2060 5302 2345 5374 epistolis,
2379 5317 2526 5371 quas
2551 5305 2753 5371 praeter
2779 5299 3153 5357 Usserianam
3188 5301 3588 5356 collectionem
3621 5317 3708 5356 as-

2058 5395 2282 5459 serunt,
2316 5407 2431 5445 non
2455 5391 2653 5444 minus
2677 5390 2936 5460 speciose
2959 5395 3226 5453 utuntur,
3254 5407 3430 5460 quam
3456 5406 3556 5461 pro
3582 5389 3710 5446 suis

2059 5499 2156 5537 sex
2189 5479 2394 5553 primis
2442 5477 2959 5535 reverendissimus
3012 5479 3285 5536 Usserius
3339 5484 3396 5535 et
3439 5479 3709 5536 doctissi-

2059 5587 2187 5628 mus
2234 5568 2596 5626 Hamondus.
2628 5587 2654 5619 ι
2701 5568 2783 5624 Ex
2821 5569 3036 5640 quibus
3087 5569 3171 5626 sic
3221 5568 3320 5624 ille
3371 5568 3707 5626 concludit:

2057 5683 2086 5714 ‹‹
2117 5658 2469 5733 Seponenda
2488 5674 2624 5732 ergo
2655 5658 2870 5732 pariter
2898 5663 2989 5716 est
3027 5658 3093 5718 in
3132 5659 3406 5720 universa
3436 5658 3508 5716 de
3533 5659 3705 5731 Igna-
