4112 6132
282 323 393 383 485

1241 325 1315 384 D.
1363 323 1698 385 NOURRII
1740 321 2282 386 DISSERTA'l‘lO.
2332 358 2407 368 —
2457 327 2657 387 PARS
2702 328 2748 387 Ι.

3582 333 3710 393 486

283 460 374 513 sed
403 459 461 512 in
493 457 658 514 Actis
690 457 984 530 corruptis
1019 461 1074 514 et
1133 457 1521 529 interpolatis,
1582 475 1696 514 non
1742 465 1938 515 autem
1970 466 2024 526 Α
2055 459 2177 514 haec
2209 459 2352 515 falsa
2385 461 2524 532 sint,
2555 465 2611 516 et
2641 462 2712 517 ab
2745 461 2901 518 omni
2932 461 3161 534 penitus
3211 464 3473 521 veritatis
3516 468 3713 538 specie

213 565 216 568 ’
282 548 337 602 in
369 547 521 602 veris
549 551 605 602 et
633 547 904 614 sinceris,
948 563 1080 619 quae
1135 547 1336 603 Latine
1392 548 1686 618 Usserius,
1747 552 1942 604 Graece

287 653 415 692 vero
450 642 652 694 noster
679 637 1077 694 Theodericus
1137 637 1458 694 Ruinartus
1518 637 1738 710 publici
1788 638 1943 709 juris

284 727 568 783 fecerunt.
604 728 782 799 Atqui
813 727 861 784 si
893 728 1096 784 Irenaei
1130 731 1390 800 tempore
1447 729 1715 800 quaedam
1771 729 1943 799 Igna-

291 817 430 872 tiani
465 817 729 889 martyrii
761 823 907 874 Acta
937 817 1290 886 exstiterint,
1319 819 1443 874 haec
1472 822 1700 873 tantum
1744 823 1944 889 poste-

292 906 438 961 riora
470 905 766 962 exstitisse
799 923 971 964 nemo
1003 924 1156 963 sanae
1212 907 1427 964 mentis
1489 907 1661 962 homo
1711 905 1944 962 dubita-

287 995 450 1051 verit.

354 1084 477 1139 Huc
501 1086 570 1141 ad
604 1085 802 1141 Dallaei
835 1085 1169 1142 subsidium
1196 1103 1402 1142 rursus
1427 1085 1657 1142 advolat
1691 1086 1817 1156 ejus
1833 1087 1942 1142 de-

291 1175 504 1242 fensor,
536 1181 592 1230 et
625 1175 698 1231 ab
756 1175 1109 1248 Hieronymo
1160 1177 1428 1232 eamdem
1457 1175 1665 1248 Ignatii
1705 1179 1944 1231 senten-

286 1263 420 1319 tiam
453 1264 695 1320 citatam
719 1265 1008 1322 observat.
1051 1266 1224 1337 Atqui
1248 1288 1277 1316 «
1306 1265 1491 1322 satius
1514 1269 1622 1334 est,
1657 1264 1849 1337 inquit
1870 1262 1940 1334 ⁸⁸,

288 1354 477 1410 dicere
501 1353 919 1428 Hieronymum
944 1355 1004 1410 in
1026 1356 1460 1429 antiquissimis
1479 1355 1742 1428 martyrii
1780 1355 1945 1411 Actis

292 1440 661 1514 legisse,quae
685 1443 756 1498 de
779 1444 1023 1513 lgnalio,
1058 1445 1166 1499 etsi
1190 1445 1336 1500 forte
1358 1445 1616 1516 aliquam
1668 1445 1785 1515 iam
1840 1461 1946 1500 sua

296 1536 458 1588 aetate
480 1533 866 1590 mutationem
900 1540 1138 1607 experta
1158 1543 1355 1592 essent
1377 1535 1476 1592 illa
1525 1538 1687 1605 Acta,
1721 1536 1944 1594 nullam

298 1626 487 1678 tamen
515 1623 772 1679 sensisse
794 1626 985 1694 istius,
1020 1641 1131 1696 qua
1152 1626 1221 1681 de
1240 1625 1455 1698 agitur,
1487 1626 1946 1682 circumstantiae

296 1721 561 1783 respectu
596 1729 701 1784 par
729 1717 819 1769 est
841 1715 1271 1782 credere;nam
1321 1731 1390 1769 ex
1429 1714 1558 1770 istis
1617 1715 1795 1782 Actis,
1855 1715 1944 1772 vel

299 1801 408 1858 alio
438 1804 696 1911 q‘uojdam
717 1803 932 1905 scripto
954 1821 1116 1911 aeque
1136 1809 1388 1870 vetusto,
1421 1805 1684 1911 quiade‘
1719 1805 1943 1877 Ignatio
1974 1824 2020 1889 Β
2126 1837 2302 1911 Urget
2333 1839 2544 1909 adhuc,

294 1898 514 1962 narrat,
547 1893 983 1964 deprompsisse
1015 1893 1431 1964 Hieronymum
1493 1899 1581 1951 est
1630 1895 1942 1967 plusquam

293 1981 629 2038 verisimile.
663 2004 691 2032 »
719 1981 934 2038 Verum
968 1983 1214 2039 Dallasus
1247 2000 1277 2038 e
1326 1983 1617 2040 contrario
1667 1983 1944 2056 Hierony-

294 2087 453 2126 mum
479 2087 672 2143 neque
691 2089 760 2128 ex
787 2072 881 2128 his
905 2073 1088 2140 Actis,
1122 2090 1310 2144 neque
1331 2089 1397 2129 ex
1421 2073 1534 2129 alio
1569 2073 1805 2145 scripto,
1841 2073 1943 2130 sed

295 2177 359 2217 ex
383 2161 638 2217 Eusebio
655 2166 886 2217 tantum
917 2180 1024 2218 sua
1047 2164 1449 2236 desumpsisse
1476 2163 1943 2220 asserebat.Nam

295 2272 317 2302 ι
348 2251 608 2319 Eusebii,
639 2251 835 2323 inquit
870 2250 938 2323 ⁸⁷,
968 2269 1171 2310 omnes
1213 2253 1531 2324 judicium,
1556 2253 1945 2324 Hieronymus

292 2340 466 2396 etiam
501 2341 677 2397 verba
708 2345 946 2397 secutus
970 2347 1096 2411 est;
1127 2351 1190 2398 ut
1224 2342 1330 2399 hoc
1360 2359 1479 2398 non
1509 2347 1627 2398 tam
1689 2342 1942 2408 illorum,

292 2447 470 2501 quam
499 2430 680 2486 unius
698 2431 932 2486 Eusebii
955 2431 1360 2488 testimonium
1388 2432 1612 2488 censeri
1652 2431 1877 2488 debeat.
1913 2454 1942 2481 ››

294 2520 522 2575 Siccine
545 2535 682 2592 ergo
705 2521 1038 2577 defenditur
1059 2521 1331 2593 Dallaaus,
1368 2538 1501 2578 cum
1525 2522 1577 2578 ei
1596 2526 1793 2593 aperte
1807 2538 1944 2577 con-

297 2609 649 2664 tradicitur?
679 2608 832 2673 Quid
861 2626 996 2666 vero
1020 2611 1175 2682 quod
1195 2610 1358 2666 nulla
1390 2610 1522 2680 alia,
1557 2611 1638 2666 uti
1661 2610 1944 2677 diximus,

298 2698 561 2770 martyrii
597 2698 886 2770 lgnatiani
919 2701 1076 2768 Acta,
1107 2716 1278 2772 quam
1313 2716 1442 2771 qua:
1483 2700 1554 2755 ab
1604 2699 1858 2764 Usserio,
1891 2700 1947 2754 et

308 2787 676 2843 novissimae
703 2792 904 2844 nostro
937 2789 1216 2845 Ruinarto
1275 2790 1427 2845 edita
1484 2795 1640 2859 sunt,
1687 2792 1947 2858 tempore

309 2874 631 2948 Hieronymi
661 2878 961 2934 exstitisse
998 2883 1222 2934 certum
1272 2879 1524 2935 videtur.
1571 2880 1642 2933 At
1690 2878 1946 2948 profecto

307 2982 420 3021 non
453 2966 509 3021 in
542 2966 635 3033 iis,
662 2969 762 3024 sed
794 2968 853 3023 in
901 2969 1192 3040 corruptis
1237 2973 1467 3024 tantum
1528 2968 1702 3038 Actis,
1736 2965 1946 3038 Ignatii

295 3056 586 3110 sententia
618 3057 690 3111 ab
722 3057 1072 3129 Hieronymo
1103 3061 1162 3113 et
1192 3057 1404 3113 Irenaeo
1437 3057 1614 3112 citata
1670 3057 1943 3112 occurrit.

288 3143 551 3214 Denique
584 3147 736 3216 quod
776 3146 1046 3217 egregius
1077 3145 1176 3201 ille
1207 3145 1403 3201 Dallaai
1445 3145 1715 3201 defensor
1759 3143 1941 3214 addit,

292 3232 712 3306 Hieronymum
752 3251 878 3290 eam
908 3236 959 3290 si
994 3253 1105 3291 non
1139 3251 1203 3292 ex
1236 3235 1417 3306 Actis,
1453 3251 1521 3290 ex
1561 3233 1673 3290 alio
1723 3235 1943 3306 scripto

293 3339 452 3393 aqua
480 3329 709 3378 vetusto
735 3323 1161 3395 desumpsisse,
1196 3325 1304 3380 hoc
1334 3330 1390 3380 et
1419 3324 1655 3395 Dallzeo,
1674 3329 1742 3379 ut
1771 3323 1944 3396 paulo

289 3420 428 3470 ante
457 3415 742 3483 diximus,
779 3418 1120 3488 opponitur,
1153 3422 1209 3472 et
1265 3419 1448 3489 gratis
1508 3419 1578 3472 ab
1611 3416 1709 3472 illo
1741 3417 1944 3473 ﬁctum

290 3509 403 3560 est.
427 3505 626 3578 Neque
657 3505 812 3561 enim
846 3505 1082 3575 aliquod
1116 3508 1187 3562 ab
1246 3506 1373 3578 ipso
1431 3511 1533 3562 aut
1576 3507 1647 3562 ab
1681 3505 1800 3562 ulle
1835 3524 1946 3562 un-

293 3612 476 3667 quam
508 3596 623 3651 alio
656 3597 896 3652 homine
929 3598 1217 3669 scriptum
1273 3598 1558 3670 assignari
1619 3598 1852 3670 poterit,
1885 3599 1945 3652 in

291 3703 415 3757 quo
438 3686 561 3740 haec
594 3686 819 3756 legatur
847 3687 1052 3758 lgnatii
1086 3689 1370 3742 sententia
1405 3705 1418 3742 :
1455 3704 1560 3743 nos
1591 3697 1780 3743 autem
1831 3686 1946 3758 epi-

283 3773 506 3830 stolam
559 3775 632 3829 ad
694 3775 1005 3843 Romanos,
1067 3777 1192 3847 ejus
1257 3776 1493 3831 nomine
1580 3776 1946 3847 inscriptam,

282 3864 701 3935 producimus,
740 3865 839 3920 ubi
872 3864 973 3920 illa
1032 3865 1101 3920 de
1151 3865 1327 3921 verbo
1387 3866 1456 3920 ad
1509 3864 1747 3921 verbum
1779 3881 1944 3937 repe-

280 3955 460 4009 ritur.

406 4055 433 4121 §
464 4053 559 4108 III.
594 4055 844 4125 Reliquae
871 4054 1074 4111 Datlaei
1104 4055 1446 4125 exceptiones
1476 4054 1829 4136 re/ellunlurl.

362 4161 571 4218 Eadem
608 4162 804 4233 itaque
864 4163 1085 4217 ratione
1142 4161 1199 4216 id
1261 4160 1543 4217 refellitur
1597 4162 1753 4232 quod
1806 4160 1945 4217 dicit

277 4250 540 4306 Dallaeus
558 4251 602 4286 ⁸⁸
630 4269 643 4308 :
672 4274 700 4301 ‹‹
726 4251 943 4308 Omnes
967 4251 1348 4307 videntfacile
1370 4251 1494 4306 ﬁeri
1519 4251 1875 4322 potuisse,ut
1895 4250 1946 4306 si

281 4341 444 4411 quod
475 4341 766 4412 ejusmodi
791 4341 1072 4412 scriptum
1096 4340 1372 4396 edidisset
1393 4341 1654 4412 Iguatius
1674 4365 1686 4409 ;
1706 4362 1732 4390 ››
1754 4340 1812 4395 in
1829 4357 1944 4411 quo

285 4446 460 4485 suam
484 4431 836 4486 sententiam
867 4430 1226 4499 exaraverit;
1282 4429 1339 4484 id
1391 4435 1448 4486 et
1495 4429 1554 4484 in
1581 4430 1781 4486 Irenaai
1815 4445 1944 4484 ma-

288 4536 400 4575 nus
435 4520 682 4588 veniret,
715 4527 773 4576 et
802 4521 901 4575 diu
926 4525 1061 4576 ante
1080 4524 1282 4576 nostra
1316 4523 1580 4590 tempora
1634 4519 1941 4576 intercide-
1977 4555 2019 4620 Β

290 4613 394 4664 ret.
431 4632 460 4658 ››
490 4609 732 4665 Nullum
776 4609 1013 4682 quippe,
1073 4611 1228 4682 quod
1290 4609 1672 4680 interciderit,
1727 4609 1940 4680 Ignatii

290 4699 576 4769 scriptum
607 4699 852 4754 Dallaeus
875 4699 1179 4771 assignare
1211 4698 1485 4771 potest,in
1509 4715 1624 4770 quo
1647 4697 1942 4755 sententia

288 4785 385 4842 illa
417 4787 592 4843 fuerit
621 4788 846 4858 scripta
874 4813 887 4854 ;
919 4791 1019 4844 sed
1055 4806 1160 4846 nos
1179 4787 1483 4860 epistolam
1505 4789 1576 4845 ad
1621 4788 1936 4855 Romanos,

291 4875 388 4929 ubi
423 4892 654 4945 semper
684 4878 931 4945 exstitit,
966 4877 1360 4948 assignamus.
1420 4878 1594 4932 Porro
1643 4881 1838 4933 autem
1892 4876 1942 4932 si

292 4963 429 5033 quid
462 4964 522 5018 in
555 4965 668 5020 hoc
700 4971 1048 5037 argumento
1080 4966 1158 5021 sit
1179 4965 1424 5032 roboris,
1459 4970 1613 5021 certe
1661 4980 1727 5022 eo
1760 4966 1942 5022 innu-

295 5067 459 5109 merae
491 5055 873 5127 antiquorum
906 5056 1146 5111 Patrum
1178 5055 1618 5113 lucubrationes
1648 5056 1942 5124 excidant,

294 5158 528 5200 necesse
556 5145 807 5202 est.Illas
831 5146 1050 5218 quippe
1068 5163 1101 5202 a
1127 5147 1508 5217 scriptoribus
1547 5145 1943 5202 celeberrimis

294 5229 451 5287 citari
488 5234 539 5288 si
570 5234 808 5303 dixeris,
839 5235 996 5289 illico
1028 5239 1340 5306 reponetur
1396 5252 1512 5290 non
1571 5251 1689 5302 eas,
1724 5251 1850 5306 quae
1882 5233 1942 5289 in

293 5335 496 5380 manus
525 5337 757 5381 nostras
775 5327 1272 5397 pervenerint,sed
1301 5326 1466 5392 alias,
1505 5343 1632 5399 quae
1684 5326 1785 5381 diu
1809 5332 1944 5382 ante

300 5416 487 5468 nostra
513 5418 772 5486 tempora
806 5415 1231 5484 interciderint,
1289 5416 1361 5471 ab
1421 5415 1542 5472 illis
1591 5417 1823 5486 citatas,
1855 5414 1942 5470 vel

295 5499 499 5556 saltem
531 5503 699 5558 citari
733 5504 1164 5575 potuisse.Quis
1188 5508 1381 5560 autem
1407 5521 1521 5560 non
1543 5503 1737 5560 videat
1763 5521 1939 5576 quam

364 5596 657 5677 θξὲαεε-ξ.
736 5601 781 5638 ⁸⁷
813 5619 938 5677 cap.
973 5604 1063 5672 36,
1090 5621 1147 5676 p.
1179 5603 1307 5662 452.
1386 5602 1435 5639 ⁸⁸
1468 5619 1593 5677 cap.
1627 5604 1722 5674 33,
1753 5621 1809 5677 Ρ.
1844 5604 1968 5664 434-

299 5682 353 5737 p.
384 5669 545 5731 43‘4.‘
583 5672 630 5709 ⁷³
659 5690 786 5747 cap.
816 5669 909 5746 36',
937 5691 996 5748 p.
1030 5669 1156 5734 £50.

2055 548 2296 605 ahena?

2129 658 2316 712 Instat
2344 661 2536 714 tamen
2569 658 2857 714 Dallaaus:
2891 659 2968 714 Ex
3000 659 3249 731 epistola
3281 661 3352 716 ad
3414 662 3705 720 Romanos

2056 745 2178 802 haec
2206 747 2376 803 verba
2406 750 2664 820 Ignatius
2695 767 2808 806 non
2836 750 3051 819 Romae,
3093 775 3112 798 ιι
3146 752 3248 806 sed
3311 753 3570 824 Smyrnae
3602 755 3702 810 diu

2055 840 2188 891 ante
2220 854 2465 910 agonem
2492 839 2744 895 absurde
2767 844 2823 894 et
2853 840 3050 911 inepte
3075 840 3310 910 scripsit
3342 840 3406 898 ‘9.
3443 865 3469 891 »
3489 843 3703 899 Verum

2055 924 2326 997 quisquis
2384 927 2536 984 hanc
2590 929 2854 984 eamdem
2917 929 3230 1000 epistolam
3301 931 3497 987 animo
3546 932 3705 987 falsis

2056 1014 2410 1085 preejudiciis
2445 1034 2559 1071 non
2594 1015 2828 1088 penitus
2861 1018 3152 1074 ehczncate
3187 1017 3417 1090 legerit,
3452 1019 3502 1074 is
3537 1021 3709 1078 facile

2058 1103 2373 1174 comperiet
2401 1105 2563 1160 illam
2597 1107 2666 1160 ad
2702 1106 2996 1162 Romanos
3060 1107 3323 1180 Smyrnae
3371 1109 3442 1165 ab
3479 1111 3705 1182 Ignatio

2055 1194 2361 1264 scriptam,
2396 1211 2512 1251 non
2545 1195 2641 1250 diu
2676 1201 2812 1252 ante
2871 1212 3152 1268 agonem;
3219 1199 3322 1254 sed
3383 1216 3515 1254 cum
3550 1201 3709 1256 dam-

2056 1287 2230 1338 natus
2262 1287 2415 1339 esset
2447 1285 2515 1339 ad
2551 1285 2791 1352 bestias,
2825 1293 2875 1340 et
2910 1287 3150 1341 Romam
3185 1287 3256 1342 ab
3307 1287 3422 1344 illis
3455 1289 3704 1360 jamjam

2058 1372 2427 1428 devorandos
2459 1375 2853 1430 contenderet.
2907 1375 3033 1429 Non
3088 1391 3223 1448 ergo
3282 1377 3533 1434 absurbe
3602 1396 3705 1435 nec

2057 1461 2273 1533 inepte,
2311 1463 2409 1518 sed
2444 1471 2598 1519 recte
2628 1468 2684 1519 et
2715 1465 2954 1520 omnino
2987 1466 3252 1537 apposite
3285 1467 3533 1523 [renasus
3556 1468 3707 1524 hanc

2057 1553 2270 1622 Ignatii
2302 1553 2608 1624 epistolam
2639 1553 2871 1610 citando
2903 1555 3094 1610 aiebat
3123 1556 3168 1590 ⁷ο
3204 1571 3218 1611 :
3274 1579 3302 1608 «
3349 1557 3595 1620 Quidam
3636 1561 3710 1615 de

2060 1643 2278 1698 nostris
2309 1642 2474 1711 dixit,
2499 1647 2736 1715 propter
2767 1644 3113 1716 martyrium
3148 1646 3205 1702 in
3242 1651 3422 1702 Deum
3483 1648 3713 1719 adjudi-

2057 1735 2222 1788 catus
2256 1732 2326 1786 ad
2360 1732 2601 1800 bestias,
2635 1755 2664 1783 »
2697 1737 2806 1789 etc.

2577 1844 2635 1896 et
2666 1841 2858 1896 acrius
2890 1841 3071 1897 instat
3108 1841 3359 1898 Dalleus
3418 1843 3705 1902 Irenaeum

2056 1928 2206 1983 hanc
2237 1928 2443 1998 Ignatii
2475 1933 2825 1985 sententiam
2857 1947 2924 1986 ex
2981 1930 3232 2003 epistola
3289 1933 3360 1987 ad
3416 1934 3708 1992 Romanos

2056 2034 2172 2074 non
2206 2017 2397 2074 solum
2431 2035 2544 2074 non
2579 2019 2930 2092 sumpsisse,
2965 2021 3065 2075 sed
3099 2037 3288 2092 neque
3345 2038 3578 2078 sumere
3610 2041 3708 2094 pe-

2053 2107 2464 2180 tuisse.Neque
2494 2109 2550 2162 id
2585 2108 2680 2164 ille
2711 2109 2975 2180 quolibet
2996 2116 3360 2182 argumento,
3394 2115 3492 2166 sed
3551 2112 3709 2170 clara

2057 2202 2114 2253 et
2142 2197 2355 2254 invicta
2411 2198 2905 2254 demonstratione
2957 2216 3018 2254 se
3078 2199 3319 2269 probare
3367 2201 3706 2258 arbitratur.

2057 2285 2185 2341 Haec
2212 2290 2406 2341 autem
2442 2286 2658 2342 invicta
2690 2287 3130 2356 demonstratio,
3174 2305 3244 2343 ne
3304 2289 3442 2359 quid
3490 2289 3704 2345 virium

2056 2392 2296 2430 suarum
2322 2375 2840 2446 amittat,ejusdem
2864 2376 3055 2430 verbis
3075 2379 3450 2448 proponenda
3472 2384 3578 2434 est.
3611 2380 3707 2435 Ait

2055 2464 2246 2534 itaque
2268 2464 2311 2499 ⁷1
2337 2481 2540 2520 omnes
2570 2481 2717 2536 quas
2746 2464 2999 2520 diximus
3059 2483 3186 2522 esse
3238 2467 3446 2534 Ignatii
3487 2471 3702 2540 episto-

2053 2558 2183 2612 tas:
2211 2576 2238 2603 «
2266 2553 2480 2609 Irenaeo
2504 2553 2674 2624 plane
2695 2553 2924 2625 ignotas
2950 2554 3148 2612 fuisse.
3183 2555 3437 2619 Quarum
3484 2559 3707 2616 scilicet

2055 2643 2410 2698 testimoniis
2443 2644 2723 2698 adversus
2754 2642 3077 2712 har-retices,
3107 2661 3251 2714 quos
3283 2645 3514 2714 refellit,
3541 2647 3705 2704 lucu-

2057 2733 2400 2788 lentissimis
2420 2749 2483 2788 ac
2506 2732 2912 2789 disertissimis
2941 2750 3236 2804 nusquam
3257 2752 3399 2792 usus
3423 2737 3708 2806 reperitur

2058 2822 2116 2876 in
2143 2825 2264 2876 toto
2287 2821 2566 2876 adversus
2607 2821 2856 2877 haereses
2909 2838 3119 2893 opere;
3169 2824 3399 2880 tametsi
3449 2825 3706 2896 plurima

2057 2911 2279 2984 passim
2307 2910 2434 2966 loca
2465 2909 2581 2965 illic
2611 2915 2944 2980 occurrant,
2978 2912 3035 2965 in
3068 2912 3282 2982 quibus
3307 2913 3618 2972 utilissime
3639 2933 3705 2972 ac

2058 3016 2203 3071 pene
2233 2999 2561 3055 necessario
2587 3000 2656 3055 ab
2705 3009 2938 3056 auclore
2967 3000 3300 3056 adhibenda
3331 3008 3516 3073 erant,
3559 3003 3608 3059 si
3639 3023 3707 3061 ea

2056 3090 2287 3161 cognita
2313 3088 2636 3144 habuisset.
2667 3109 2694 3138 »
2726 3091 2910 3160 Atque
2940 3089 3048 3146 hoc
3091 3090 3235 3145 illud
3266 3097 3354 3147 est
3385 3109 3704 3165 argumen-

1975 3191 2017 3258 ρ
2057 3182 2203 3247 tum,
2238 3177 2391 3248 quod
2422 3176 2672 3233 Dallaeus
2703 3176 2917 3232 claram
2950 3178 3301 3235 etinvictam
3337 3182 3705 3238 demonstra-

2056 3267 2274 3322 tionem
2309 3267 2582 3338 appellat.
2618 3267 2726 3322 Sed
2765 3267 2918 3322 hune
2958 3271 3229 3324 eumdem
3284 3270 3580 3339 Dallzeum,
3617 3273 3702 3328 le-

2054 3357 2193 3428 gicze
2245 3360 2300 3411 et
2342 3355 2657 3410 dialecticas
2705 3355 3217 3424 callentissimum,
3269 3360 3554 3416 miramur
3609 3361 3707 3418 hic

2055 3463 2168 3502 non
2206 3445 2542 3501 meminisse
2572 3444 2630 3499 in
2663 3445 2819 3500 clara
2851 3450 2906 3501 et
2947 3445 3161 3502 invicta
3203 3449 3706 3506 demonstratione

2054 3535 2250 3590 omnia
2279 3549 2404 3590 esse
2435 3534 2645 3590 debere
2675 3538 2853 3600 certa,
2895 3536 3107 3591 invicta
3137 3541 3194 3591 et
3233 3537 3470 3592 omnino
3502 3555 3706 3593 neces-

2053 3623 2220 3680 saria.
2254 3625 2339 3679 Ad
2369 3639 2538 3678 suam
2583 3640 2718 3693 ergo
2768 3623 2984 3678 claram
3035 3628 3094 3678 et
3143 3623 3414 3679 invictam
3467 3625 3704 3681 demon-

2054 3714 2399 3770 strationem
2429 3711 2477 3747 72
2515 3713 2956 3779 conficiendam,
3011 3714 3120 3784 ipsi
3174 3714 3697 3770 demonstrandum

2054 3809 2195 3874 erat,
2234 3804 2444 3875 Ignatii
2478 3803 2807 3859 testimonia
2840 3820 2956 3858 non
2987 3807 3213 3858 tantum
3249 3827 3275 3852 ‹‹
3302 3804 3614 3861 utilissime
3634 3823 3700 3862 ac

2054 3912 2201 3966 pene
2229 3893 2576 3960 necessario,
2599 3915 2625 3942 »
2661 3894 2759 3948 sed
2795 3892 2966 3964 plane
2997 3894 3348 3965 penitusque
3371 3897 3700 3952 necessario

2052 3985 2234 4040 fuisse
2266 3982 2616 4038 adhibenda.
2652 3986 2868 4038 Verum
2902 3982 3188 4054 quidquid
3223 3985 3300 4038 sit
3329 3985 3400 4039 de
3431 3993 3594 4040 certe:
3645 3991 3704 4041 et

2053 4072 2279 4127 invictae
2311 4072 2822 4127 demonstrationis
2855 4071 3108 4138 nomine,
3139 4073 3208 4125 ad
3226 4073 3344 4127 vim
3369 4074 3704 4144 argumenti

2055 4161 2448 4218 attendamus.
2486 4159 2632 4215 Illud
2668 4164 2862 4214 autem
2897 4176 3010 4214 non
3034 4160 3229 4216 minus
3254 4166 3454 4217 contra
3483 4162 3702 4232 ipsum-

2056 4255 2174 4308 met
2202 4252 2504 4317 Dalleeum,
2540 4267 2716 4320 quam
2751 4255 2950 4304 contra
2982 4267 3089 4305 nos
3129 4251 3361 4308 militat.
3415 4253 3703 4324 Epistolas

2054 4340 2343 4412 siquidem
2365 4338 2680 4395 nonnullas
2705 4339 2775 4392 ab
2791 4339 3013 4410 Ignatio
3038 4344 3236 4396 nostro
3253 4341 3501 4411 scriptas
3522 4341 3701 4397 fuisse

2053 4430 2150 4485 ille
2182 4429 2330 4484 ultro
2362 4428 2668 4484 concedit?
2699 4450 2726 4477 ‹‹
2763 4427 2903 4494 Quis
2934 4429 3112 4494 enim,
3145 4429 3338 4501 inquit
3367 4429 3433 4499 ⁷³,
3467 4435 3588 4486 tam
3619 4432 3703 4486 fa-

2054 4524 2192 4575 tuus
2221 4522 2329 4586 est,
2364 4522 2428 4573 ut
2449 4535 2583 4573 eum
2608 4517 2916 4589 scripsisse
2939 4518 3168 4590 aliquas
3195 4521 3450 4591 negat?»
3471 4524 3706 4576 Fatetur

2052 4610 2224 4665 etiam
2257 4609 2490 4664 easdem
2523 4606 2706 4664 fuisse
2739 4629 2768 4657 ‹‹
2801 4607 2873 4663 ad
2921 4623 3043 4663 rem
3090 4608 3488 4666 Christianam
3539 4610 3706 4667 valde

2054 4699 2253 4767 utiles,
2288 4721 2316 4748 ‹‹
2360 4698 2602 4770 proinde
2660 4697 2913 4768 plurima
2968 4697 3026 4752 in
3083 4699 3168 4754 eis
3224 4699 3520 4755 exstitisse
3577 4699 3706 4756 loca

2053 4793 2259 4844 contra
2286 4787 2482 4843 varios
2514 4787 2827 4859 Ignatiana:
2850 4786 3034 4842 aetatis
3057 4787 3382 4853 hmreticos,
3417 4804 3564 4859 quos
3589 4790 3703 4844 Ire-

2053 4896 2215 4935 nasus
2247 4882 2446 4950 postea
2477 4877 2706 4933 refellit.
2733 4878 2908 4934 Porro
2927 4879 3128 4935 eadem
3154 4877 3324 4950 plane
3346 4879 3704 4935 demonstra-

2051 4969 2228 5032 tione,
2261 4982 2434 5037 quam
2466 4965 2682 5022 claram
2716 4971 2774 5021 et
2804 4966 3079 5022 invictam
3123 4966 3374 5022 Dallaeus
3421 4971 3611 5036 vocat,
3646 4968 3701 5023 id

2053 5057 2267 5112 falsum
2299 5072 2426 5112 esse
2457 5057 2541 5111 sic
2571 5055 2872 5111 evincitur.
2921 5060 3032 5112 Eas
3072 5055 3227 5111 enim
3280 5056 3540 5127 Ignatius
3589 5074 3704 5112 non

2054 5145 2603 5217 scripsitepistelas,
2627 5161 2876 5215 quarum
2895 5144 3234 5200 testimonia
3259 5145 3510 5201 Irenmus
3526 5147 3579 5200 in
3599 5163 3706 5203 suo

2053 5236 2330 5291 Adversus
2361 5234 2586 5290 haereses
2635 5250 2806 5305 opere
2845 5236 3048 5290 contra
3107 5250 3227 5302 cos,
3290 5250 3437 5305 ques
3493 5235 3707 5292 refellit

2055 5326 2354 5382 haereticos
2388 5341 2502 5380 non
2535 5321 2824 5377 adhibuit.
2859 5325 3049 5392 Atque
3080 5323 3333 5378 Irenaeus
3357 5323 3517 5379 nulla
3535 5325 3704 5381 testi-

2056 5415 2253 5471 monia
2283 5431 2350 5470 ex
2383 5414 2454 5469 iis
2486 5411 2772 5484 epistolis,
2804 5428 2948 5482 quas
2973 5410 3228 5468 Dallaeus
3254 5413 3547 5485 Ignatium
3567 5415 3710 5472 scri-

2053 5503 2242 5576 psisse
2273 5501 2547 5572 afﬁrmat,
2580 5500 2640 5554 in
2673 5517 2779 5557 suo
2811 5500 3089 5556 adversus
3111 5500 3360 5560 haereses
3379 5520 3708 5576 operecon-

2060 5603 2108 5640 ιο
2137 5620 2264 5677 cap.
2295 5603 2387 5673 33,
2418 5619 2476 5676 p.
2506 5601 2634 5659 436.
2737 5600 2783 5637 το
2811 5599 2951 5657 Ibid.
3059 5599 3103 5638 τι
3137 5601 3276 5658 Ibid.
3379 5605 3425 5640 τι
3453 5623 3581 5679 cap.
3613 5606 3704 5677 33,
