  <div class='ocr_page' id='page_1' title='image "/cluster/home/n/w/nwhite01/storage/ocr_20150623/5/mdp.39015015401063/257.png"; bbox 0 0 4112 6132; ppageno 0'>
   <div class='ocr_carea' id='block_1_1' title="bbox 375 296 494 355">
    <p class='ocr_par' dir='ltr' id='par_1_1' title="bbox 375 296 494 355">
     <span class='ocr_line' id='line_1_1' title="bbox 375 296 494 355; baseline 0 0"><span class='ocrx_word' id='word_1_1' title='bbox 375 296 494 355; x_wconf 72' lang='grc'>487</span> 
     </span>
    </p>
   </div>
   <div class='ocr_carea' id='block_1_2' title="bbox 1442 286 2738 357">
    <p class='ocr_par' dir='ltr' id='par_1_2' title="bbox 1442 286 2738 357">
     <span class='ocr_line' id='line_1_2' title="bbox 1442 286 2738 357; baseline -0.009 0"><span class='ocrx_word' id='word_1_2' title='bbox 1442 297 1508 357; x_wconf 90' lang='lat' dir='ltr'>S.</span> <span class='ocrx_word' id='word_1_3' title='bbox 1555 293 1950 355; x_wconf 68' lang='lat' dir='ltr'>IGNATIUS.</span> <span class='ocrx_word' id='word_1_4' title='bbox 1997 321 2074 335; x_wconf 91' lang='lat'>-</span> <span class='ocrx_word' id='word_1_5' title='bbox 2115 286 2738 351; x_wconf 82' lang='lat' dir='ltr'>PROLEGOMENA.</span> 
     </span>
    </p>
   </div>
   <div class='ocr_carea' id='block_1_3' title="bbox 3679 293 3798 354">
    <p class='ocr_par' dir='ltr' id='par_1_3' title="bbox 3679 293 3798 354">
     <span class='ocr_line' id='line_1_3' title="bbox 3679 293 3798 354; baseline -0.017 0"><span class='ocrx_word' id='word_1_6' title='bbox 3679 293 3798 354; x_wconf 68' lang='lat'>488</span> 
     </span>
    </p>
   </div>
   <div class='ocr_carea' id='block_1_4' title="bbox 373 421 3787 511">
    <p class='ocr_par' dir='ltr' id='par_1_4' title="bbox 373 421 3787 511">
     <span class='ocr_line' id='line_1_4' title="bbox 373 421 3787 511; baseline 0.001 -27"><span class='ocrx_word' id='word_1_7' title='bbox 373 434 462 486; x_wconf 86' lang='lat' dir='ltr'>tra</span> <span class='ocrx_word' id='word_1_8' title='bbox 493 430 824 486; x_wconf 83' lang='lat' dir='ltr'>confutatos</span> <span class='ocrx_word' id='word_1_9' title='bbox 878 446 911 483; x_wconf 92' lang='lat' dir='ltr'>a</span> <span class='ocrx_word' id='word_1_10' title='bbox 968 445 1031 484; x_wconf 90' lang='lat' dir='ltr'>se</span> <span class='ocrx_word' id='word_1_11' title='bbox 1082 426 1384 484; x_wconf 63' lang='lat' dir='ltr'>hareticos</span> <span class='ocrx_word' id='word_1_12' title='bbox 1429 429 1715 484; x_wconf 88' lang='lat' dir='ltr'>adhibuit.</span> <span class='ocrx_word' id='word_1_13' title='bbox 1750 429 1898 499; x_wconf 85' lang='lat' dir='ltr'>Ergo</span> <span class='ocrx_word' id='word_1_14' title='bbox 1932 429 2014 481; x_wconf 70' lang='lat' dir='ltr'>hac</span> <span class='ocrx_word' id='word_1_15' title='bbox 2048 448 2100 511; x_wconf 76' lang='grc' dir='ltr'><strong>Α</strong></span> <span class='ocrx_word' id='word_1_16' title='bbox 2132 429 2250 481; x_wconf 86' lang='lat' dir='ltr'>Hoc</span> <span class='ocrx_word' id='word_1_17' title='bbox 2284 423 2482 494; x_wconf 77' lang='lat' dir='ltr'>itaque</span> <span class='ocrx_word' id='word_1_18' title='bbox 2509 421 2907 479; x_wconf 88' lang='lat' dir='ltr'>testimonium</span> <span class='ocrx_word' id='word_1_19' title='bbox 2931 423 3222 494; x_wconf 88' lang='lat' dir='ltr'>Origenis,</span> <span class='ocrx_word' id='word_1_20' title='bbox 3257 425 3396 495; x_wconf 91' lang='lat' dir='ltr'>quia</span> <span class='ocrx_word' id='word_1_21' title='bbox 3427 425 3577 482; x_wconf 90' lang='lat' dir='ltr'>illud</span> <span class='ocrx_word' id='word_1_22' title='bbox 3610 430 3787 486; x_wconf 90' lang='lat' dir='ltr'>annis</span> 
     </span>
    </p>
   </div>
   <div class='ocr_carea' id='block_1_5' title="bbox 374 518 2023 591">
    <p class='ocr_par' dir='ltr' id='par_1_5' title="bbox 374 518 2023 591">
     <span class='ocr_line' id='line_1_5' title="bbox 374 518 2023 591; baseline -0.002 -16"><span class='ocrx_word' id='word_1_23' title='bbox 374 520 630 591; x_wconf 77' lang='lat' dir='ltr'>epistolas</span> <span class='ocrx_word' id='word_1_24' title='bbox 653 519 701 575; x_wconf 91' lang='lat' dir='ltr'>ei</span> <span class='ocrx_word' id='word_1_25' title='bbox 735 519 904 591; x_wconf 84' lang='lat' dir='ltr'>plane</span> <span class='ocrx_word' id='word_1_26' title='bbox 935 518 1247 590; x_wconf 68' lang='lat' dir='ltr'>incognitae</span> <span class='ocrx_word' id='word_1_27' title='bbox 1291 521 1542 574; x_wconf 87' lang='lat' dir='ltr'>fuerunt.</span> <span class='ocrx_word' id='word_1_28' title='bbox 1578 521 1725 591; x_wconf 91' lang='lat' dir='ltr'>Ergo</span> <span class='ocrx_word' id='word_1_29' title='bbox 1759 518 2023 590; x_wconf 88' lang='lat' dir='ltr'>Ignatius</span> 
     </span>
    </p>
   </div>
   <div class='ocr_carea' id='block_1_6' title="bbox 375 607 2018 680">
    <p class='ocr_par' dir='ltr' id='par_1_6' title="bbox 375 607 2018 680">
     <span class='ocr_line' id='line_1_6' title="bbox 375 607 2018 680; baseline -0.002 -16"><span class='ocrx_word' id='word_1_30' title='bbox 375 609 528 675; x_wconf 88' lang='lat' dir='ltr'>illas,</span> <span class='ocrx_word' id='word_1_31' title='bbox 563 609 848 680; x_wconf 84' lang='lat' dir='ltr'>quidquid</span> <span class='ocrx_word' id='word_1_32' title='bbox 883 607 1132 663; x_wconf 67' lang='lat' dir='ltr'>Dallaaus</span> <span class='ocrx_word' id='word_1_33' title='bbox 1164 608 1393 676; x_wconf 83' lang='lat' dir='ltr'>dixerit,</span> <span class='ocrx_word' id='word_1_34' title='bbox 1428 626 1560 664; x_wconf 91' lang='lat' dir='ltr'>vere</span> <span class='ocrx_word' id='word_1_35' title='bbox 1591 626 1703 663; x_wconf 91' lang='lat' dir='ltr'>non</span> <span class='ocrx_word' id='word_1_36' title='bbox 1759 607 2018 677; x_wconf 80' lang='lat' dir='ltr'>scripsit.</span> 
     </span>
    </p>
   </div>
   <div class='ocr_carea' id='block_1_7' title="bbox 377 697 2024 770">
    <p class='ocr_par' dir='ltr' id='par_1_7' title="bbox 377 697 2024 770">
     <span class='ocr_line' id='line_1_7' title="bbox 377 697 2024 770; baseline -0.001 -18"><span class='ocrx_word' id='word_1_37' title='bbox 377 699 500 762; x_wconf 88' lang='lat' dir='ltr'>Qua</span> <span class='ocrx_word' id='word_1_38' title='bbox 531 704 724 753; x_wconf 89' lang='lat' dir='ltr'>autem</span> <span class='ocrx_word' id='word_1_39' title='bbox 787 698 1164 768; x_wconf 83' lang='lat' dir='ltr'>responsione</span> <span class='ocrx_word' id='word_1_40' title='bbox 1224 697 1331 753; x_wconf 88' lang='lat' dir='ltr'>hoc</span> <span class='ocrx_word' id='word_1_41' title='bbox 1390 705 1796 770; x_wconf 81' lang='lat' dir='ltr'>argumentum</span> <span class='ocrx_word' id='word_1_42' title='bbox 1841 697 2024 752; x_wconf 83' lang='lat' dir='ltr'>solvet</span> 
     </span>
    </p>
   </div>
   <div class='ocr_carea' id='block_1_8' title="bbox 375 785 2018 855">
    <p class='ocr_par' dir='ltr' id='par_1_8' title="bbox 375 785 2018 855">
     <span class='ocr_line' id='line_1_8' title="bbox 375 785 2018 855; baseline -0.001 -13"><span class='ocrx_word' id='word_1_43' title='bbox 375 786 646 855; x_wconf 76' lang='lat' dir='ltr'>Dallzsus,</span> <span class='ocrx_word' id='word_1_44' title='bbox 680 787 881 842; x_wconf 88' lang='lat' dir='ltr'>eadem</span> <span class='ocrx_word' id='word_1_45' title='bbox 917 793 973 842; x_wconf 91' lang='lat' dir='ltr'>et</span> <span class='ocrx_word' id='word_1_46' title='bbox 1005 803 1108 843; x_wconf 88' lang='lat' dir='ltr'>nos</span> <span class='ocrx_word' id='word_1_47' title='bbox 1168 785 1384 842; x_wconf 88' lang='lat' dir='ltr'>claram</span> <span class='ocrx_word' id='word_1_48' title='bbox 1446 792 1500 843; x_wconf 91' lang='lat' dir='ltr'>et</span> <span class='ocrx_word' id='word_1_49' title='bbox 1550 787 1825 843; x_wconf 79' lang='lat' dir='ltr'>invictam</span> <span class='ocrx_word' id='word_1_50' title='bbox 1862 785 2018 841; x_wconf 92' lang='lat' dir='ltr'>illius</span> 
     </span>
    </p>
   </div>
   <div class='ocr_carea' id='block_1_9' title="bbox 377 874 1286 932">
    <p class='ocr_par' dir='ltr' id='par_1_9' title="bbox 377 874 1286 932">
     <span class='ocr_line' id='line_1_9' title="bbox 377 874 1286 932; baseline 0 -2"><span class='ocrx_word' id='word_1_51' title='bbox 377 874 936 932; x_wconf 76' lang='lat' dir='ltr'>demonstrationem</span> <span class='ocrx_word' id='word_1_52' title='bbox 970 879 1286 930; x_wconf 80' lang='lat' dir='ltr'>solvamus.</span> 
     </span>
    </p>
   </div>
   <div class='ocr_carea' id='block_1_10' title="bbox 442 965 2017 1036">
    <p class='ocr_par' dir='ltr' id='par_1_10' title="bbox 442 965 2017 1036">
     <span class='ocr_line' id='line_1_10' title="bbox 442 965 2017 1036; baseline -0.001 -15"><span class='ocrx_word' id='word_1_53' title='bbox 442 968 714 1021; x_wconf 80' lang='lat' dir='ltr'>Attamen</span> <span class='ocrx_word' id='word_1_54' title='bbox 746 965 1023 1020; x_wconf 71' lang='lat' dir='ltr'>Dallaaani</span> <span class='ocrx_word' id='word_1_55' title='bbox 1057 966 1380 1036; x_wconf 83' lang='lat' dir='ltr'>argumenti</span> <span class='ocrx_word' id='word_1_56' title='bbox 1415 967 1760 1022; x_wconf 84' lang='lat' dir='ltr'>solutionem</span> <span class='ocrx_word' id='word_1_57' title='bbox 1795 965 1865 1020; x_wconf 90' lang='lat' dir='ltr'>ab</span> <span class='ocrx_word' id='word_1_58' title='bbox 1891 965 2017 1036; x_wconf 89' lang='lat' dir='ltr'>ipso</span> 
     </span>
    </p>
   </div>
   <div class='ocr_carea' id='block_1_11' title="bbox 375 1054 2019 1128">
    <p class='ocr_par' dir='ltr' id='par_1_11' title="bbox 375 1054 2019 1128">
     <span class='ocr_line' id='line_1_11' title="bbox 375 1054 2019 1128; baseline 0 -18"><span class='ocrx_word' id='word_1_59' title='bbox 375 1072 488 1110; x_wconf 89' lang='lat' dir='ltr'>non</span> <span class='ocrx_word' id='word_1_60' title='bbox 521 1059 948 1126; x_wconf 81' lang='lat' dir='ltr'>exspectamus.</span> <span class='ocrx_word' id='word_1_61' title='bbox 985 1056 1433 1128; x_wconf 83' lang='lat' dir='ltr'>Respondemus</span> <span class='ocrx_word' id='word_1_62' title='bbox 1458 1056 1614 1111; x_wconf 90' lang='lat' dir='ltr'>enim</span> <span class='ocrx_word' id='word_1_63' title='bbox 1648 1054 1860 1110; x_wconf 87' lang='lat' dir='ltr'>falsum</span> <span class='ocrx_word' id='word_1_64' title='bbox 1889 1070 2019 1110; x_wconf 89' lang='lat' dir='ltr'>esse</span> 
     </span>
    </p>
   </div>
   <div class='ocr_carea' id='block_1_12' title="bbox 371 1143 2015 1216">
    <p class='ocr_par' dir='ltr' id='par_1_12' title="bbox 371 1143 2015 1216">
     <span class='ocr_line' id='line_1_12' title="bbox 371 1143 2015 1216; baseline -0.001 -17"><span class='ocrx_word' id='word_1_65' title='bbox 371 1143 431 1199; x_wconf 92' lang='lat' dir='ltr'>in</span> <span class='ocrx_word' id='word_1_66' title='bbox 465 1143 670 1216; x_wconf 88' lang='lat' dir='ltr'>Ignatii</span> <span class='ocrx_word' id='word_1_67' title='bbox 705 1144 974 1216; x_wconf 83' lang='lat' dir='ltr'>epistolis</span> <span class='ocrx_word' id='word_1_68' title='bbox 1005 1144 1263 1216; x_wconf 88' lang='lat' dir='ltr'>plurima</span> <span class='ocrx_word' id='word_1_69' title='bbox 1293 1161 1598 1200; x_wconf 87' lang='lat' dir='ltr'>occurrere</span> <span class='ocrx_word' id='word_1_70' title='bbox 1628 1144 1911 1215; x_wconf 83' lang='lat' dir='ltr'>loca,quae</span> <span class='ocrx_word' id='word_1_71' title='bbox 1945 1143 2015 1198; x_wconf 92' lang='lat' dir='ltr'>ab</span> 
     </span>
    </p>
   </div>
   <div class='ocr_carea' id='block_1_13' title="bbox 370 1233 2015 1290">
    <p class='ocr_par' dir='ltr' id='par_1_13' title="bbox 370 1233 2015 1290">
     <span class='ocr_line' id='line_1_13' title="bbox 370 1233 2015 1290; baseline 0 -2"><span class='ocrx_word' id='word_1_72' title='bbox 370 1235 586 1289; x_wconf 66' lang='lat' dir='ltr'>Irenazo</span> <span class='ocrx_word' id='word_1_73' title='bbox 608 1234 665 1288; x_wconf 90' lang='lat' dir='ltr'>in</span> <span class='ocrx_word' id='word_1_74' title='bbox 695 1250 800 1289; x_wconf 92' lang='lat' dir='ltr'>suo</span> <span class='ocrx_word' id='word_1_75' title='bbox 822 1233 970 1289; x_wconf 85' lang='lat' dir='ltr'>libro</span> <span class='ocrx_word' id='word_1_76' title='bbox 991 1235 1264 1290; x_wconf 81' lang='lat' dir='ltr'>Adversus</span> <span class='ocrx_word' id='word_1_77' title='bbox 1295 1234 1522 1290; x_wconf 71' lang='lat' dir='ltr'>haereses</span> <span class='ocrx_word' id='word_1_78' title='bbox 1545 1234 1879 1289; x_wconf 89' lang='lat' dir='ltr'>adhibenda</span> <span class='ocrx_word' id='word_1_79' title='bbox 1895 1234 2015 1288; x_wconf 88' lang='lat' dir='ltr'>fue-</span> 
     </span>
    </p>
   </div>
   <div class='ocr_carea' id='block_1_14' title="bbox 373 1321 2017 1394">
    <p class='ocr_par' dir='ltr' id='par_1_14' title="bbox 373 1321 2017 1394">
     <span class='ocr_line' id='line_1_14' title="bbox 373 1321 2017 1394; baseline -0.001 -16"><span class='ocrx_word' id='word_1_80' title='bbox 373 1321 644 1378; x_wconf 87' lang='lat' dir='ltr'>rint.Non</span> <span class='ocrx_word' id='word_1_81' title='bbox 669 1323 871 1378; x_wconf 89' lang='lat' dir='ltr'>debuit</span> <span class='ocrx_word' id='word_1_82' title='bbox 897 1323 1190 1394; x_wconf 89' lang='lat' dir='ltr'>siquidem</span> <span class='ocrx_word' id='word_1_83' title='bbox 1230 1329 1483 1379; x_wconf 68' lang='lat' dir='ltr'>Irenaeus</span> <span class='ocrx_word' id='word_1_84' title='bbox 1514 1341 1580 1379; x_wconf 89' lang='lat' dir='ltr'>ea</span> <span class='ocrx_word' id='word_1_85' title='bbox 1611 1324 1804 1394; x_wconf 88' lang='lat' dir='ltr'>potius</span> <span class='ocrx_word' id='word_1_86' title='bbox 1845 1321 2017 1378; x_wconf 89' lang='lat' dir='ltr'>adhi-</span> 
     </span>
    </p>
   </div>
   <div class='ocr_carea' id='block_1_15' title="bbox 371 1412 2018 1486">
    <p class='ocr_par' dir='ltr' id='par_1_15' title="bbox 371 1412 2018 1486">
     <span class='ocr_line' id='line_1_15' title="bbox 371 1412 2018 1486; baseline -0.001 -18"><span class='ocrx_word' id='word_1_87' title='bbox 371 1412 709 1484; x_wconf 88' lang='lat' dir='ltr'>bere,quam</span> <span class='ocrx_word' id='word_1_88' title='bbox 743 1413 857 1468; x_wconf 91' lang='lat' dir='ltr'>alia</span> <span class='ocrx_word' id='word_1_89' title='bbox 881 1413 1243 1479; x_wconf 85' lang='lat' dir='ltr'>testimonia,</span> <span class='ocrx_word' id='word_1_90' title='bbox 1275 1430 1398 1485; x_wconf 69' lang='lat' dir='ltr'>qua:</span> <span class='ocrx_word' id='word_1_91' title='bbox 1432 1413 1652 1486; x_wconf 88' lang='lat' dir='ltr'>passim</span> <span class='ocrx_word' id='word_1_92' title='bbox 1702 1417 2018 1468; x_wconf 90' lang='lat' dir='ltr'>occurrunt</span> 
     </span>
    </p>
   </div>
   <div class='ocr_carea' id='block_1_16' title="bbox 371 1500 2013 1574">
    <p class='ocr_par' dir='ltr' id='par_1_16' title="bbox 371 1500 2013 1574">
     <span class='ocr_line' id='line_1_16' title="bbox 371 1500 2013 1574; baseline 0.001 -19"><span class='ocrx_word' id='word_1_93' title='bbox 371 1500 431 1556; x_wconf 92' lang='lat' dir='ltr'>in</span> <span class='ocrx_word' id='word_1_94' title='bbox 463 1501 709 1573; x_wconf 89' lang='lat' dir='ltr'>epistola</span> <span class='ocrx_word' id='word_1_95' title='bbox 741 1501 1034 1572; x_wconf 75' lang='lat' dir='ltr'>Barnabas,</span> <span class='ocrx_word' id='word_1_96' title='bbox 1067 1502 1125 1556; x_wconf 92' lang='lat' dir='ltr'>in</span> <span class='ocrx_word' id='word_1_97' title='bbox 1159 1502 1442 1574; x_wconf 88' lang='lat' dir='ltr'>apologiis</span> <span class='ocrx_word' id='word_1_98' title='bbox 1473 1503 1749 1566; x_wconf 84' lang='lat' dir='ltr'>Quadrati</span> <span class='ocrx_word' id='word_1_99' title='bbox 1780 1505 1836 1558; x_wconf 87' lang='lat' dir='ltr'>et</span> <span class='ocrx_word' id='word_1_100' title='bbox 1886 1501 2013 1557; x_wconf 88' lang='lat' dir='ltr'>Ari-</span> 
     </span>
    </p>
   </div>
   <div class='ocr_carea' id='block_1_17' title="bbox 369 1589 2014 1663">
    <p class='ocr_par' dir='ltr' id='par_1_17' title="bbox 369 1589 2014 1663">
     <span class='ocr_line' id='line_1_17' title="bbox 369 1589 2014 1663; baseline 0 -18"><span class='ocrx_word' id='word_1_101' title='bbox 369 1589 563 1660; x_wconf 86' lang='lat' dir='ltr'>stidis,</span> <span class='ocrx_word' id='word_1_102' title='bbox 587 1590 645 1644; x_wconf 90' lang='lat' dir='ltr'>in</span> <span class='ocrx_word' id='word_1_103' title='bbox 679 1590 916 1661; x_wconf 88' lang='lat' dir='ltr'>scriptis</span> <span class='ocrx_word' id='word_1_104' title='bbox 959 1590 1296 1660; x_wconf 86' lang='lat' dir='ltr'>Apollinarii</span> <span class='ocrx_word' id='word_1_105' title='bbox 1353 1591 1844 1663; x_wconf 87' lang='lat' dir='ltr'>Hierapolitarum</span> <span class='ocrx_word' id='word_1_106' title='bbox 1893 1590 2014 1662; x_wconf 90' lang='lat' dir='ltr'>epi-</span> 
     </span>
    </p>
   </div>
   <div class='ocr_carea' id='block_1_18' title="bbox 370 1680 2015 1752">
    <p class='ocr_par' dir='ltr' id='par_1_18' title="bbox 370 1680 2015 1752">
     <span class='ocr_line' id='line_1_18' title="bbox 370 1680 2015 1752; baseline 0.001 -17"><span class='ocrx_word' id='word_1_107' title='bbox 370 1680 553 1752; x_wconf 86' lang='lat' dir='ltr'>scopi,</span> <span class='ocrx_word' id='word_1_108' title='bbox 587 1680 880 1751; x_wconf 62' lang='lat' dir='ltr'>Agrippar,</span> <span class='ocrx_word' id='word_1_109' title='bbox 910 1680 1222 1748; x_wconf 89' lang='lat' dir='ltr'>Melitonis,</span> <span class='ocrx_word' id='word_1_110' title='bbox 1258 1681 1632 1752; x_wconf 69' lang='lat' dir='ltr'>Athenagorae</span> <span class='ocrx_word' id='word_1_111' title='bbox 1648 1681 2015 1752; x_wconf 86' lang='lat' dir='ltr'>aliorumque</span> 
     </span>
    </p>
   </div>
   <div class='ocr_carea' id='block_1_19' title="bbox 373 1768 2010 1840">
    <p class='ocr_par' dir='ltr' id='par_1_19' title="bbox 373 1768 2010 1840">
     <span class='ocr_line' id='line_1_19' title="bbox 373 1768 2010 1840; baseline 0.001 -18"><span class='ocrx_word' id='word_1_112' title='bbox 373 1768 836 1840; x_wconf 85' lang='lat' dir='ltr'>quamplurium,</span> <span class='ocrx_word' id='word_1_113' title='bbox 867 1768 968 1839; x_wconf 89' lang='lat' dir='ltr'>qui</span> <span class='ocrx_word' id='word_1_114' title='bbox 999 1769 1294 1824; x_wconf 68' lang='lat' dir='ltr'>haereticos</span> <span class='ocrx_word' id='word_1_115' title='bbox 1327 1787 1474 1840; x_wconf 90' lang='lat' dir='ltr'>quos</span> <span class='ocrx_word' id='word_1_116' title='bbox 1508 1771 1760 1826; x_wconf 76' lang='lat' dir='ltr'>lrenaeus</span> <span class='ocrx_word' id='word_1_117' title='bbox 1783 1769 2010 1840; x_wconf 85' lang='lat' dir='ltr'>refellit,</span> 
     </span>
    </p>
   </div>
   <div class='ocr_carea' id='block_1_20' title="bbox 2134 514 3788 586">
    <p class='ocr_par' dir='ltr' id='par_1_20' title="bbox 2134 514 3788 586">
     <span class='ocr_line' id='line_1_20' title="bbox 2134 514 3788 586; baseline 0.004 -17"><span class='ocrx_word' id='word_1_118' title='bbox 2134 515 2366 570; x_wconf 89' lang='lat' dir='ltr'>circiter</span> <span class='ocrx_word' id='word_1_119' title='bbox 2396 519 2628 569; x_wconf 86' lang='lat' dir='ltr'>centum</span> <span class='ocrx_word' id='word_1_120' title='bbox 2663 519 2720 568; x_wconf 88' lang='lat' dir='ltr'>et</span> <span class='ocrx_word' id='word_1_121' title='bbox 2749 514 3140 584; x_wconf 87' lang='lat' dir='ltr'>quadraginta</span> <span class='ocrx_word' id='word_1_122' title='bbox 3168 524 3295 586; x_wconf 86' lang='lat' dir='ltr'>post</span> <span class='ocrx_word' id='word_1_123' title='bbox 3329 517 3538 586; x_wconf 85' lang='lat' dir='ltr'>Ignatii</span> <span class='ocrx_word' id='word_1_124' title='bbox 3583 535 3788 575; x_wconf 82' lang='lat' dir='ltr'>necem</span> 
     </span>
    </p>
   </div>
   <div class='ocr_carea' id='block_1_21' title="bbox 2131 603 3792 676">
    <p class='ocr_par' dir='ltr' id='par_1_21' title="bbox 2131 603 3792 676">
     <span class='ocr_line' id='line_1_21' title="bbox 2131 603 3792 676; baseline 0.001 -17"><span class='ocrx_word' id='word_1_125' title='bbox 2131 603 2366 674; x_wconf 86' lang='lat' dir='ltr'>scriptis</span> <span class='ocrx_word' id='word_1_126' title='bbox 2397 603 3062 671; x_wconf 86' lang='lat' dir='ltr'>trodebat,frustaneum</span> <span class='ocrx_word' id='word_1_127' title='bbox 3098 604 3207 658; x_wconf 92' lang='lat' dir='ltr'>erit</span> <span class='ocrx_word' id='word_1_128' title='bbox 3236 604 3263 658; x_wconf 76' lang='lat' dir='ltr'>‘I</span> <span class='ocrx_word' id='word_1_129' title='bbox 3284 605 3428 668; x_wconf 89' lang='lat' dir='ltr'>Quid</span> <span class='ocrx_word' id='word_1_130' title='bbox 3461 606 3643 676; x_wconf 80' lang='lat' dir='ltr'>igitur</span> <span class='ocrx_word' id='word_1_131' title='bbox 3692 609 3792 661; x_wconf 86' lang='lat' dir='ltr'>ﬁet</span> 
     </span>
    </p>
   </div>
   <div class='ocr_carea' id='block_1_22' title="bbox 2130 693 3790 764">
    <p class='ocr_par' dir='ltr' id='par_1_22' title="bbox 2130 693 3790 764">
     <span class='ocr_line' id='line_1_22' title="bbox 2130 693 3790 764; baseline 0.003 -16"><span class='ocrx_word' id='word_1_132' title='bbox 2130 694 2200 749; x_wconf 91' lang='lat' dir='ltr'>de</span> <span class='ocrx_word' id='word_1_133' title='bbox 2236 699 2319 748; x_wconf 92' lang='lat' dir='ltr'>tot</span> <span class='ocrx_word' id='word_1_134' title='bbox 2351 693 2898 764; x_wconf 85' lang='lat' dir='ltr'>antiquissimorum</span> <span class='ocrx_word' id='word_1_135' title='bbox 2934 697 3172 748; x_wconf 85' lang='lat' dir='ltr'>Patrum</span> <span class='ocrx_word' id='word_1_136' title='bbox 3233 698 3290 749; x_wconf 90' lang='lat' dir='ltr'>et</span> <span class='ocrx_word' id='word_1_137' title='bbox 3348 695 3699 752; x_wconf 83' lang='lat' dir='ltr'>testimoniis</span> <span class='ocrx_word' id='word_1_138' title='bbox 3732 703 3790 753; x_wconf 87' lang='lat' dir='ltr'>et</span> 
     </span>
    </p>
   </div>
   <div class='ocr_carea' id='block_1_23' title="bbox 2128 782 3787 856">
    <p class='ocr_par' dir='ltr' id='par_1_23' title="bbox 2128 782 3787 856">
     <span class='ocr_line' id='line_1_23' title="bbox 2128 782 3787 856; baseline 0.003 -20"><span class='ocrx_word' id='word_1_139' title='bbox 2128 782 2658 852; x_wconf 88' lang='lat' dir='ltr'>lucubrationibus,</span> <span class='ocrx_word' id='word_1_140' title='bbox 2692 799 2940 853; x_wconf 90' lang='lat' dir='ltr'>quorum</span> <span class='ocrx_word' id='word_1_141' title='bbox 2976 783 3069 837; x_wconf 82' lang='lat' dir='ltr'>vix</span> <span class='ocrx_word' id='word_1_142' title='bbox 3115 783 3347 839; x_wconf 88' lang='lat' dir='ltr'>duobus</span> <span class='ocrx_word' id='word_1_143' title='bbox 3397 789 3529 856; x_wconf 91' lang='lat' dir='ltr'>post</span> <span class='ocrx_word' id='word_1_144' title='bbox 3583 802 3787 841; x_wconf 90' lang='lat' dir='ltr'>eorum</span> 
     </span>
    </p>
   </div>
   <div class='ocr_carea' id='block_1_24' title="bbox 2129 869 3791 931">
    <p class='ocr_par' dir='ltr' id='par_1_24' title="bbox 2129 869 3791 931">
     <span class='ocr_line' id='line_1_24' title="bbox 2129 869 3791 931; baseline 0.002 -4"><span class='ocrx_word' id='word_1_145' title='bbox 2129 880 2375 927; x_wconf 90' lang='lat' dir='ltr'>mortem</span> <span class='ocrx_word' id='word_1_146' title='bbox 2406 871 2637 926; x_wconf 63' lang='lat' dir='ltr'>saculis</span> <span class='ocrx_word' id='word_1_147' title='bbox 2668 869 2878 926; x_wconf 85' lang='lat' dir='ltr'>alicubi</span> <span class='ocrx_word' id='word_1_148' title='bbox 2915 872 3068 926; x_wconf 85' lang='lat' dir='ltr'>facta</span> <span class='ocrx_word' id='word_1_149' title='bbox 3118 877 3207 927; x_wconf 89' lang='lat' dir='ltr'>est</span> <span class='ocrx_word' id='word_1_150' title='bbox 3254 874 3466 928; x_wconf 83' lang='lat' dir='ltr'>mentio</span> <span class='ocrx_word' id='word_1_151' title='bbox 3493 874 3520 927; x_wconf 81' lang='lat'><strong>?</strong></span> <span class='ocrx_word' id='word_1_152' title='bbox 3569 874 3791 931; x_wconf 88' lang='lat' dir='ltr'>Deinde</span> 
     </span>
    </p>
   </div>
   <div class='ocr_carea' id='block_1_25' title="bbox 2127 960 3783 1035">
    <p class='ocr_par' dir='ltr' id='par_1_25' title="bbox 2127 960 3783 1035">
     <span class='ocr_line' id='line_1_25' title="bbox 2127 960 3783 1035; baseline 0.003 -18"><span class='ocrx_word' id='word_1_153' title='bbox 2127 961 2350 1035; x_wconf 66' lang='lat' dir='ltr'>pistolaz</span> <span class='ocrx_word' id='word_1_154' title='bbox 2374 961 2686 1034; x_wconf 83' lang='lat' dir='ltr'>Ignatii,ut</span> <span class='ocrx_word' id='word_1_155' title='bbox 2709 960 2985 1032; x_wconf 79' lang='lat' dir='ltr'>diximus,</span> <span class='ocrx_word' id='word_1_156' title='bbox 3019 961 3078 1017; x_wconf 90' lang='lat' dir='ltr'>in</span> <span class='ocrx_word' id='word_1_157' title='bbox 3111 963 3495 1020; x_wconf 87' lang='lat' dir='ltr'>ecclesiarum</span> <span class='ocrx_word' id='word_1_158' title='bbox 3543 965 3783 1022; x_wconf 88' lang='lat' dir='ltr'>scriniis</span> 
     </span>
    </p>
   </div>
   <div class='ocr_carea' id='block_1_26' title="bbox 2125 1052 3782 1124">
    <p class='ocr_par' dir='ltr' id='par_1_26' title="bbox 2125 1052 3782 1124">
     <span class='ocr_line' id='line_1_26' title="bbox 2125 1052 3782 1124; baseline 0.002 -16"><span class='ocrx_word' id='word_1_159' title='bbox 2125 1052 2703 1122; x_wconf 88' lang='lat' dir='ltr'>asservabantur,ubi</span> <span class='ocrx_word' id='word_1_160' title='bbox 2723 1069 2819 1108; x_wconf 86' lang='lat' dir='ltr'>eas</span> <span class='ocrx_word' id='word_1_161' title='bbox 2844 1052 3125 1124; x_wconf 87' lang='lat' dir='ltr'>Origenes</span> <span class='ocrx_word' id='word_1_162' title='bbox 3153 1057 3209 1108; x_wconf 89' lang='lat' dir='ltr'>et</span> <span class='ocrx_word' id='word_1_163' title='bbox 3230 1052 3441 1124; x_wconf 85' lang='lat' dir='ltr'>legere,</span> <span class='ocrx_word' id='word_1_164' title='bbox 3475 1059 3532 1110; x_wconf 92' lang='lat' dir='ltr'>et</span> <span class='ocrx_word' id='word_1_165' title='bbox 3558 1055 3782 1111; x_wconf 82' lang='lat' dir='ltr'>exscri-</span> 
     </span>
    </p>
   </div>
   <div class='ocr_carea' id='block_1_27' title="bbox 2125 1137 3776 1216">
    <p class='ocr_par' dir='ltr' id='par_1_27' title="bbox 2125 1137 3776 1216">
     <span class='ocr_line' id='line_1_27' title="bbox 2125 1137 3776 1216; baseline 0.001 -17"><span class='ocrx_word' id='word_1_166' title='bbox 2125 1137 2278 1211; x_wconf 82' lang='lat' dir='ltr'>bere,</span> <span class='ocrx_word' id='word_1_167' title='bbox 2306 1146 2362 1199; x_wconf 85' lang='lat' dir='ltr'>et</span> <span class='ocrx_word' id='word_1_168' title='bbox 2391 1143 2561 1214; x_wconf 90' lang='lat' dir='ltr'>cujus</span> <span class='ocrx_word' id='word_1_169' title='bbox 2593 1147 2794 1198; x_wconf 87' lang='lat' dir='ltr'>essent</span> <span class='ocrx_word' id='word_1_170' title='bbox 2823 1146 2976 1198; x_wconf 90' lang='lat' dir='ltr'>certo</span> <span class='ocrx_word' id='word_1_171' title='bbox 3011 1142 3227 1198; x_wconf 90' lang='lat' dir='ltr'>certius</span> <span class='ocrx_word' id='word_1_172' title='bbox 3277 1144 3502 1199; x_wconf 86' lang='lat' dir='ltr'>edoceri</span> <span class='ocrx_word' id='word_1_173' title='bbox 3556 1145 3776 1216; x_wconf 87' lang='lat' dir='ltr'>potuit.</span> 
     </span>
    </p>
   </div>
   <div class='ocr_carea' id='block_1_28' title="bbox 2125 1230 3784 1304">
    <p class='ocr_par' dir='ltr' id='par_1_28' title="bbox 2125 1230 3784 1304">
     <span class='ocr_line' id='line_1_28' title="bbox 2125 1230 3784 1304; baseline 0.002 -16"><span class='ocrx_word' id='word_1_174' title='bbox 2125 1233 2276 1299; x_wconf 88' lang='lat' dir='ltr'>Quid</span> <span class='ocrx_word' id='word_1_175' title='bbox 2307 1249 2466 1304; x_wconf 89' lang='lat' dir='ltr'>ergo,</span> <span class='ocrx_word' id='word_1_176' title='bbox 2500 1230 2550 1287; x_wconf 86' lang='lat' dir='ltr'>si</span> <span class='ocrx_word' id='word_1_177' title='bbox 2581 1231 2702 1287; x_wconf 73' lang='lat' dir='ltr'>haec</span> <span class='ocrx_word' id='word_1_178' title='bbox 2731 1232 2902 1287; x_wconf 88' lang='lat' dir='ltr'>annis</span> <span class='ocrx_word' id='word_1_179' title='bbox 2955 1232 3058 1286; x_wconf 75' lang='grc'>140</span> <span class='ocrx_word' id='word_1_180' title='bbox 3117 1237 3247 1304; x_wconf 90' lang='lat' dir='ltr'>post</span> <span class='ocrx_word' id='word_1_181' title='bbox 3291 1232 3499 1304; x_wconf 89' lang='lat' dir='ltr'>Ignatii</span> <span class='ocrx_word' id='word_1_182' title='bbox 3531 1239 3784 1291; x_wconf 88' lang='lat' dir='ltr'>mortem</span> 
     </span>
    </p>
   </div>
   <div class='ocr_carea' id='block_1_29' title="bbox 2125 1321 3783 1394">
    <p class='ocr_par' dir='ltr' id='par_1_29' title="bbox 2125 1321 3783 1394">
     <span class='ocr_line' id='line_1_29' title="bbox 2125 1321 3783 1394; baseline 0.001 -15"><span class='ocrx_word' id='word_1_183' title='bbox 2125 1339 2186 1379; x_wconf 90' lang='lat' dir='ltr'>se</span> <span class='ocrx_word' id='word_1_184' title='bbox 2218 1321 2562 1394; x_wconf 76' lang='lat' dir='ltr'>praestitisse</span> <span class='ocrx_word' id='word_1_185' title='bbox 2588 1323 2862 1391; x_wconf 85' lang='lat' dir='ltr'>afﬁrmet,</span> <span class='ocrx_word' id='word_1_186' title='bbox 2888 1338 3085 1378; x_wconf 88' lang='lat' dir='ltr'>serum</span> <span class='ocrx_word' id='word_1_187' title='bbox 3118 1323 3225 1378; x_wconf 89' lang='lat' dir='ltr'>erit</span> <span class='ocrx_word' id='word_1_188' title='bbox 3248 1327 3307 1378; x_wconf 90' lang='lat' dir='ltr'>et</span> <span class='ocrx_word' id='word_1_189' title='bbox 3333 1323 3507 1379; x_wconf 90' lang='lat' dir='ltr'>inane</span> <span class='ocrx_word' id='word_1_190' title='bbox 3538 1325 3665 1394; x_wconf 88' lang='lat' dir='ltr'>ejus</span> <span class='ocrx_word' id='word_1_191' title='bbox 3699 1328 3783 1381; x_wconf 89' lang='lat' dir='ltr'>te-</span> 
     </span>
    </p>
   </div>
   <div class='ocr_carea' id='block_1_30' title="bbox 2125 1412 3784 1479">
    <p class='ocr_par' dir='ltr' id='par_1_30' title="bbox 2125 1412 3784 1479">
     <span class='ocr_line' id='line_1_30' title="bbox 2125 1412 3784 1479; baseline 0.001 -11"><span class='ocrx_word' id='word_1_192' title='bbox 2125 1412 2460 1469; x_wconf 87' lang='lat' dir='ltr'>stimonium</span> <span class='ocrx_word' id='word_1_193' title='bbox 2483 1413 2511 1466; x_wconf 69' lang='grc' dir='ltr'>τ</span> <span class='ocrx_word' id='word_1_194' title='bbox 2533 1415 2717 1479; x_wconf 89' lang='lat' dir='ltr'>Quam</span> <span class='ocrx_word' id='word_1_195' title='bbox 2741 1429 2873 1468; x_wconf 89' lang='lat' dir='ltr'>vero</span> <span class='ocrx_word' id='word_1_196' title='bbox 2897 1412 3043 1468; x_wconf 80' lang='lat' dir='ltr'>falsa</span> <span class='ocrx_word' id='word_1_197' title='bbox 3066 1412 3141 1468; x_wconf 88' lang='lat' dir='ltr'>sit</span> <span class='ocrx_word' id='word_1_198' title='bbox 3163 1413 3282 1469; x_wconf 75' lang='lat' dir='ltr'>haec</span> <span class='ocrx_word' id='word_1_199' title='bbox 3319 1413 3614 1469; x_wconf 64' lang='lat' dir='ltr'>Dallaeanm</span> <span class='ocrx_word' id='word_1_200' title='bbox 3675 1415 3784 1470; x_wconf 92' lang='lat' dir='ltr'>cri-</span> 
     </span>
    </p>
   </div>
   <div class='ocr_carea' id='block_1_31' title="bbox 2122 1501 3778 1575">
    <p class='ocr_par' dir='ltr' id='par_1_31' title="bbox 2122 1501 3778 1575">
     <span class='ocr_line' id='line_1_31' title="bbox 2122 1501 3778 1575; baseline 0.002 -17"><span class='ocrx_word' id='word_1_201' title='bbox 2122 1503 2264 1558; x_wconf 89' lang='lat' dir='ltr'>tices</span> <span class='ocrx_word' id='word_1_202' title='bbox 2297 1502 2518 1573; x_wconf 87' lang='lat' dir='ltr'>regula,</span> <span class='ocrx_word' id='word_1_203' title='bbox 2552 1501 2689 1558; x_wconf 92' lang='lat' dir='ltr'>inde</span> <span class='ocrx_word' id='word_1_204' title='bbox 2719 1506 2875 1558; x_wconf 85' lang='lat' dir='ltr'>certo</span> <span class='ocrx_word' id='word_1_205' title='bbox 2908 1502 3169 1574; x_wconf 88' lang='lat' dir='ltr'>colligas,</span> <span class='ocrx_word' id='word_1_206' title='bbox 3202 1505 3355 1575; x_wconf 90' lang='lat' dir='ltr'>quod</span> <span class='ocrx_word' id='word_1_207' title='bbox 3388 1502 3546 1560; x_wconf 87' lang='lat' dir='ltr'>ﬁlius</span> <span class='ocrx_word' id='word_1_208' title='bbox 3577 1506 3778 1561; x_wconf 88' lang='lat' dir='ltr'>senior</span> 
     </span>
    </p>
   </div>
   <div class='ocr_carea' id='block_1_32' title="bbox 2121 1591 3779 1666">
    <p class='ocr_par' dir='ltr' id='par_1_32' title="bbox 2121 1591 3779 1666">
     <span class='ocr_line' id='line_1_32' title="bbox 2121 1591 3779 1666; baseline 0.002 -19"><span class='ocrx_word' id='word_1_209' title='bbox 2121 1609 2153 1647; x_wconf 87' lang='lat' dir='ltr'>a</span> <span class='ocrx_word' id='word_1_210' title='bbox 2176 1595 2336 1663; x_wconf 82' lang='lat' dir='ltr'>patre</span> <span class='ocrx_word' id='word_1_211' title='bbox 2362 1608 2464 1648; x_wconf 94' lang='lat' dir='ltr'>suo</span> <span class='ocrx_word' id='word_1_212' title='bbox 2496 1591 2724 1648; x_wconf 90' lang='lat' dir='ltr'>seniore</span> <span class='ocrx_word' id='word_1_213' title='bbox 2754 1595 3172 1649; x_wconf 82' lang='lat' dir='ltr'>testamentum</span> <span class='ocrx_word' id='word_1_214' title='bbox 3207 1593 3402 1663; x_wconf 87' lang='lat' dir='ltr'>proavi</span> <span class='ocrx_word' id='word_1_215' title='bbox 3437 1593 3530 1649; x_wconf 90' lang='lat' dir='ltr'>sui</span> <span class='ocrx_word' id='word_1_216' title='bbox 3581 1595 3779 1666; x_wconf 87' lang='lat' dir='ltr'>potuit</span> 
     </span>
    </p>
   </div>
   <div class='ocr_carea' id='block_1_33' title="bbox 2121 1681 3777 1754">
    <p class='ocr_par' dir='ltr' id='par_1_33' title="bbox 2121 1681 3777 1754">
     <span class='ocr_line' id='line_1_33' title="bbox 2121 1681 3777 1754; baseline 0.001 -16"><span class='ocrx_word' id='word_1_217' title='bbox 2121 1683 2401 1754; x_wconf 89' lang='lat' dir='ltr'>accipere,</span> <span class='ocrx_word' id='word_1_218' title='bbox 2435 1683 2588 1754; x_wconf 92' lang='lat' dir='ltr'>quod</span> <span class='ocrx_word' id='word_1_219' title='bbox 2623 1687 2784 1754; x_wconf 88' lang='lat' dir='ltr'>pater</span> <span class='ocrx_word' id='word_1_220' title='bbox 2835 1698 2976 1738; x_wconf 89' lang='lat' dir='ltr'>suus</span> <span class='ocrx_word' id='word_1_221' title='bbox 3026 1682 3098 1737; x_wconf 89' lang='lat' dir='ltr'>ab</span> <span class='ocrx_word' id='word_1_222' title='bbox 3142 1681 3299 1738; x_wconf 90' lang='lat' dir='ltr'>illius</span> <span class='ocrx_word' id='word_1_223' title='bbox 3349 1682 3620 1739; x_wconf 88' lang='lat' dir='ltr'>similiter</span> <span class='ocrx_word' id='word_1_224' title='bbox 3668 1700 3777 1740; x_wconf 90' lang='lat' dir='ltr'>avo</span> 
     </span>
    </p>
   </div>
   <div class='ocr_carea' id='block_1_34' title="bbox 2119 1770 3778 1844">
    <p class='ocr_par' dir='ltr' id='par_1_34' title="bbox 2119 1770 3778 1844">
     <span class='ocr_line' id='line_1_34' title="bbox 2119 1770 3778 1844; baseline 0.001 -16"><span class='ocrx_word' id='word_1_225' title='bbox 2119 1773 2346 1828; x_wconf 92' lang='lat' dir='ltr'>seniore</span> <span class='ocrx_word' id='word_1_226' title='bbox 2369 1777 2687 1844; x_wconf 86' lang='lat' dir='ltr'>acceperat.</span> <span class='ocrx_word' id='word_1_227' title='bbox 2723 1770 3000 1844; x_wconf 89' lang='lat' dir='ltr'>Nunquid</span> <span class='ocrx_word' id='word_1_228' title='bbox 3034 1787 3169 1843; x_wconf 90' lang='lat' dir='ltr'>ergo</span> <span class='ocrx_word' id='word_1_229' title='bbox 3201 1771 3249 1827; x_wconf 91' lang='lat' dir='ltr'>si</span> <span class='ocrx_word' id='word_1_230' title='bbox 3285 1771 3442 1828; x_wconf 91' lang='lat' dir='ltr'>ﬁlius</span> <span class='ocrx_word' id='word_1_231' title='bbox 3481 1771 3578 1828; x_wconf 92' lang='lat' dir='ltr'>ille</span> <span class='ocrx_word' id='word_1_232' title='bbox 3609 1790 3778 1830; x_wconf 89' lang='lat' dir='ltr'>asse-</span> 
     </span>
    </p>
   </div>
   <div class='ocr_carea' id='block_1_35' title="bbox 373 1841 3778 1933">
    <p class='ocr_par' dir='ltr' id='par_1_35' title="bbox 373 1841 3778 1933">
     <span class='ocr_line' id='line_1_35' title="bbox 373 1841 3778 1933; baseline 0.001 -20"><span class='ocrx_word' id='word_1_233' title='bbox 373 1857 762 1913; x_wconf 90' lang='lat' dir='ltr'>disertissime</span> <span class='ocrx_word' id='word_1_234' title='bbox 792 1859 1153 1930; x_wconf 87' lang='lat' dir='ltr'>redarguunt</span> <span class='ocrx_word' id='word_1_235' title='bbox 1184 1869 1232 1913; x_wconf 90' lang='lat' dir='ltr'>et</span> <span class='ocrx_word' id='word_1_236' title='bbox 1266 1865 1628 1931; x_wconf 86' lang='lat' dir='ltr'>oppugnant.</span> <span class='ocrx_word' id='word_1_237' title='bbox 1662 1860 1777 1915; x_wconf 91' lang='lat' dir='ltr'>Cur</span> <span class='ocrx_word' id='word_1_238' title='bbox 1817 1865 2012 1914; x_wconf 90' lang='lat' dir='ltr'>autem</span> <span class='ocrx_word' id='word_1_239' title='bbox 2047 1841 2090 1906; x_wconf 81' lang='grc' dir='ltr'>Β</span> <span class='ocrx_word' id='word_1_240' title='bbox 2124 1866 2347 1916; x_wconf 89' lang='lat' dir='ltr'>ratase</span> <span class='ocrx_word' id='word_1_241' title='bbox 2379 1841 2774 1933; x_wconf 72' lang='lat' dir='ltr'>repraesentari</span> <span class='ocrx_word' id='word_1_242' title='bbox 2809 1841 3006 1932; x_wconf 83' lang='lat' dir='ltr'>proavi</span> <span class='ocrx_word' id='word_1_243' title='bbox 3033 1841 3126 1916; x_wconf 80' lang='lat' dir='ltr'>sui</span> <span class='ocrx_word' id='word_1_244' title='bbox 3150 1864 3582 1930; x_wconf 88' lang='lat' dir='ltr'>testamentum,</span> <span class='ocrx_word' id='word_1_245' title='bbox 3617 1863 3778 1933; x_wconf 90' lang='lat' dir='ltr'>quod</span> 
     </span>
    </p>
   </div>
   <div class='ocr_carea' id='block_1_36' title="bbox 374 1946 2014 2021">
    <p class='ocr_par' dir='ltr' id='par_1_36' title="bbox 374 1946 2014 2021">
     <span class='ocr_line' id='line_1_36' title="bbox 374 1946 2014 2021; baseline 0.002 -20"><span class='ocrx_word' id='word_1_246' title='bbox 374 1951 629 2002; x_wconf 70' lang='lat' dir='ltr'>Irenteus</span> <span class='ocrx_word' id='word_1_247' title='bbox 661 1963 765 2001; x_wconf 91' lang='lat' dir='ltr'>nec</span> <span class='ocrx_word' id='word_1_248' title='bbox 797 1946 895 2002; x_wconf 90' lang='lat' dir='ltr'>illa</span> <span class='ocrx_word' id='word_1_249' title='bbox 926 1949 1123 2003; x_wconf 88' lang='lat' dir='ltr'>omnia</span> <span class='ocrx_word' id='word_1_250' title='bbox 1153 1952 1237 2004; x_wconf 89' lang='lat' dir='ltr'>tot</span> <span class='ocrx_word' id='word_1_251' title='bbox 1267 1953 1682 2021; x_wconf 89' lang='lat' dir='ltr'>tantorumque</span> <span class='ocrx_word' id='word_1_252' title='bbox 1728 1949 2014 2016; x_wconf 91' lang='lat' dir='ltr'>virorum,</span> 
     </span>
    </p>
   </div>
   <div class='ocr_carea' id='block_1_37' title="bbox 372 2036 2015 2110">
    <p class='ocr_par' dir='ltr' id='par_1_37' title="bbox 372 2036 2015 2110">
     <span class='ocr_line' id='line_1_37' title="bbox 372 2036 2015 2110; baseline 0.002 -20"><span class='ocrx_word' id='word_1_253' title='bbox 372 2051 477 2090; x_wconf 91' lang='lat' dir='ltr'>nec</span> <span class='ocrx_word' id='word_1_254' title='bbox 500 2036 706 2106; x_wconf 84' lang='lat' dir='ltr'>Ignatii</span> <span class='ocrx_word' id='word_1_255' title='bbox 742 2037 1071 2092; x_wconf 89' lang='lat' dir='ltr'>testimonia</span> <span class='ocrx_word' id='word_1_256' title='bbox 1103 2036 1456 2104; x_wconf 83' lang='lat' dir='ltr'>adhibuerit,</span> <span class='ocrx_word' id='word_1_257' title='bbox 1507 2039 1555 2093; x_wconf 91' lang='lat' dir='ltr'>si</span> <span class='ocrx_word' id='word_1_258' title='bbox 1587 2055 1835 2110; x_wconf 80' lang='lat' dir='ltr'>quaeras,</span> <span class='ocrx_word' id='word_1_259' title='bbox 1868 2039 2015 2094; x_wconf 89' lang='lat' dir='ltr'>ratio</span> 
     </span>
    </p>
   </div>
   <div class='ocr_carea' id='block_1_38' title="bbox 375 2124 2012 2197">
    <p class='ocr_par' dir='ltr' id='par_1_38' title="bbox 375 2124 2012 2197">
     <span class='ocr_line' id='line_1_38' title="bbox 375 2124 2012 2197; baseline 0.002 -18"><span class='ocrx_word' id='word_1_260' title='bbox 375 2124 434 2180; x_wconf 90' lang='lat' dir='ltr'>in</span> <span class='ocrx_word' id='word_1_261' title='bbox 469 2130 739 2197; x_wconf 88' lang='lat' dir='ltr'>promptu</span> <span class='ocrx_word' id='word_1_262' title='bbox 773 2131 880 2182; x_wconf 90' lang='lat' dir='ltr'>est.</span> <span class='ocrx_word' id='word_1_263' title='bbox 943 2131 1020 2181; x_wconf 83' lang='lat' dir='ltr'><strong>Ex</strong></span> <span class='ocrx_word' id='word_1_264' title='bbox 1067 2127 1393 2183; x_wconf 89' lang='lat' dir='ltr'>innumeris</span> <span class='ocrx_word' id='word_1_265' title='bbox 1453 2128 1748 2185; x_wconf 87' lang='lat' dir='ltr'>enimvero</span> <span class='ocrx_word' id='word_1_266' title='bbox 1781 2133 2012 2183; x_wconf 89' lang='lat' dir='ltr'>Patrum</span> 
     </span>
    </p>
   </div>
   <div class='ocr_carea' id='block_1_39' title="bbox 373 2212 2012 2287">
    <p class='ocr_par' dir='ltr' id='par_1_39' title="bbox 373 2212 2012 2287">
     <span class='ocr_line' id='line_1_39' title="bbox 373 2212 2012 2287; baseline 0.004 -21"><span class='ocrx_word' id='word_1_267' title='bbox 373 2212 516 2269; x_wconf 89' lang='lat' dir='ltr'>locis</span> <span class='ocrx_word' id='word_1_268' title='bbox 537 2216 799 2286; x_wconf 64' lang='lat' dir='ltr'>quaedam</span> <span class='ocrx_word' id='word_1_269' title='bbox 824 2215 1180 2287; x_wconf 88' lang='lat' dir='ltr'>paucissima</span> <span class='ocrx_word' id='word_1_270' title='bbox 1203 2233 1337 2271; x_wconf 90' lang='lat' dir='ltr'>cum</span> <span class='ocrx_word' id='word_1_271' title='bbox 1379 2216 1477 2272; x_wconf 91' lang='lat' dir='ltr'>ille</span> <span class='ocrx_word' id='word_1_272' title='bbox 1522 2226 1716 2272; x_wconf 87' lang='lat' dir='ltr'>contra</span> <span class='ocrx_word' id='word_1_273' title='bbox 1743 2217 2012 2286; x_wconf 69' lang='lat' dir='ltr'>haereses,</span> 
     </span>
    </p>
   </div>
   <div class='ocr_carea' id='block_1_40' title="bbox 373 2304 2011 2378">
    <p class='ocr_par' dir='ltr' id='par_1_40' title="bbox 373 2304 2011 2378">
     <span class='ocr_line' id='line_1_40' title="bbox 373 2304 2011 2378; baseline 0.003 -21"><span class='ocrx_word' id='word_1_274' title='bbox 373 2319 519 2374; x_wconf 90' lang='lat' dir='ltr'>quas</span> <span class='ocrx_word' id='word_1_275' title='bbox 550 2306 787 2374; x_wconf 82' lang='lat' dir='ltr'>refutat,</span> <span class='ocrx_word' id='word_1_276' title='bbox 822 2304 1102 2368; x_wconf 90' lang='lat' dir='ltr'>citaverit,</span> <span class='ocrx_word' id='word_1_277' title='bbox 1127 2304 1262 2359; x_wconf 86' lang='lat' dir='ltr'>inde</span> <span class='ocrx_word' id='word_1_278' title='bbox 1311 2305 1609 2378; x_wconf 84' lang='lat' dir='ltr'>colligitur</span> <span class='ocrx_word' id='word_1_279' title='bbox 1651 2306 1808 2362; x_wconf 90' lang='lat' dir='ltr'>aliud</span> <span class='ocrx_word' id='word_1_280' title='bbox 1849 2323 2011 2374; x_wconf 85' lang='lat' dir='ltr'>sane,</span> 
     </span>
    </p>
   </div>
   <div class='ocr_carea' id='block_1_41' title="bbox 372 2395 2012 2466">
    <p class='ocr_par' dir='ltr' id='par_1_41' title="bbox 372 2395 2012 2466">
     <span class='ocr_line' id='line_1_41' title="bbox 372 2395 2012 2466; baseline 0.002 -17"><span class='ocrx_word' id='word_1_281' title='bbox 372 2411 548 2466; x_wconf 87' lang='lat' dir='ltr'>quam</span> <span class='ocrx_word' id='word_1_282' title='bbox 582 2411 648 2450; x_wconf 87' lang='lat' dir='ltr'>ex</span> <span class='ocrx_word' id='word_1_283' title='bbox 682 2395 957 2451; x_wconf 89' lang='lat' dir='ltr'>continua</span> <span class='ocrx_word' id='word_1_284' title='bbox 983 2395 1218 2451; x_wconf 86' lang='lat' dir='ltr'>Patrum</span> <span class='ocrx_word' id='word_1_285' title='bbox 1251 2397 1565 2453; x_wconf 86' lang='lat' dir='ltr'>traditione</span> <span class='ocrx_word' id='word_1_286' title='bbox 1623 2398 1871 2453; x_wconf 68' lang='lat' dir='ltr'>haereses</span> <span class='ocrx_word' id='word_1_287' title='bbox 1918 2414 2012 2452; x_wconf 85' lang='lat' dir='ltr'>ex-</span> 
     </span>
    </p>
   </div>
   <div class='ocr_carea' id='block_1_42' title="bbox 369 2483 2014 2558">
    <p class='ocr_par' dir='ltr' id='par_1_42' title="bbox 369 2483 2014 2558">
     <span class='ocr_line' id='line_1_42' title="bbox 369 2483 2014 2558; baseline 0.002 -20"><span class='ocrx_word' id='word_1_288' title='bbox 369 2483 670 2555; x_wconf 81' lang='lat' dir='ltr'>pugnandi</span> <span class='ocrx_word' id='word_1_289' title='bbox 706 2486 884 2540; x_wconf 88' lang='lat' dir='ltr'>t&#39;uisse</span> <span class='ocrx_word' id='word_1_290' title='bbox 915 2484 1074 2539; x_wconf 90' lang='lat' dir='ltr'>illius</span> <span class='ocrx_word' id='word_1_291' title='bbox 1106 2485 1490 2557; x_wconf 89' lang='lat' dir='ltr'>propositum.</span> <span class='ocrx_word' id='word_1_292' title='bbox 1526 2491 1592 2542; x_wconf 86' lang='lat' dir='ltr'>Et</span> <span class='ocrx_word' id='word_1_293' title='bbox 1634 2503 1768 2542; x_wconf 92' lang='lat' dir='ltr'>vero</span> <span class='ocrx_word' id='word_1_294' title='bbox 1829 2503 2014 2558; x_wconf 89' lang='lat' dir='ltr'>pauca</span> 
     </span>
    </p>
   </div>
   <div class='ocr_carea' id='block_1_43' title="bbox 367 2571 2014 2644">
    <p class='ocr_par' dir='ltr' id='par_1_43' title="bbox 367 2571 2014 2644">
     <span class='ocr_line' id='line_1_43' title="bbox 367 2571 2014 2644; baseline 0.002 -21"><span class='ocrx_word' id='word_1_295' title='bbox 367 2572 777 2627; x_wconf 88' lang='lat' dir='ltr'>tantummodo</span> <span class='ocrx_word' id='word_1_296' title='bbox 837 2575 1072 2626; x_wconf 86' lang='lat' dir='ltr'>Patrum</span> <span class='ocrx_word' id='word_1_297' title='bbox 1135 2571 1260 2627; x_wconf 88' lang='lat' dir='ltr'>loca</span> <span class='ocrx_word' id='word_1_298' title='bbox 1320 2573 1446 2628; x_wconf 89' lang='lat' dir='ltr'>ideo</span> <span class='ocrx_word' id='word_1_299' title='bbox 1506 2572 1723 2639; x_wconf 89' lang='lat' dir='ltr'>retulit,</span> <span class='ocrx_word' id='word_1_300' title='bbox 1756 2573 1844 2628; x_wconf 90' lang='lat' dir='ltr'>vel</span> <span class='ocrx_word' id='word_1_301' title='bbox 1875 2572 2014 2644; x_wconf 88' lang='lat' dir='ltr'>quia</span> 
     </span>
    </p>
   </div>
   <div class='ocr_carea' id='block_1_44' title="bbox 369 2661 2011 2732">
    <p class='ocr_par' dir='ltr' id='par_1_44' title="bbox 369 2661 2011 2732">
     <span class='ocr_line' id='line_1_44' title="bbox 369 2661 2011 2732; baseline 0.002 -18"><span class='ocrx_word' id='word_1_302' title='bbox 369 2661 483 2731; x_wconf 91' lang='lat' dir='ltr'>ipsi</span> <span class='ocrx_word' id='word_1_303' title='bbox 515 2667 681 2716; x_wconf 90' lang='lat' dir='ltr'>erant</span> <span class='ocrx_word' id='word_1_304' title='bbox 713 2662 782 2716; x_wconf 89' lang='lat' dir='ltr'>ad</span> <span class='ocrx_word' id='word_1_305' title='bbox 812 2678 1075 2730; x_wconf 89' lang='lat' dir='ltr'>manum,</span> <span class='ocrx_word' id='word_1_306' title='bbox 1107 2661 1193 2717; x_wconf 90' lang='lat' dir='ltr'>vel</span> <span class='ocrx_word' id='word_1_307' title='bbox 1225 2663 1362 2732; x_wconf 84' lang='lat' dir='ltr'>quia</span> <span class='ocrx_word' id='word_1_308' title='bbox 1393 2664 1729 2719; x_wconf 89' lang='lat' dir='ltr'>eorumdem</span> <span class='ocrx_word' id='word_1_309' title='bbox 1779 2663 2011 2718; x_wconf 87' lang='lat' dir='ltr'>Patrum</span> 
     </span>
    </p>
   </div>
   <div class='ocr_carea' id='block_1_45' title="bbox 368 2749 2013 2824">
    <p class='ocr_par' dir='ltr' id='par_1_45' title="bbox 368 2749 2013 2824">
     <span class='ocr_line' id='line_1_45' title="bbox 368 2749 2013 2824; baseline 0.001 -18"><span class='ocrx_word' id='word_1_310' title='bbox 368 2750 587 2821; x_wconf 88' lang='lat' dir='ltr'>scripta</span> <span class='ocrx_word' id='word_1_311' title='bbox 617 2749 902 2806; x_wconf 73' lang='lat' dir='ltr'>haereticis</span> <span class='ocrx_word' id='word_1_312' title='bbox 937 2767 1145 2822; x_wconf 85' lang='lat' dir='ltr'>magno</span> <span class='ocrx_word' id='word_1_313' title='bbox 1175 2757 1340 2807; x_wconf 89' lang='lat' dir='ltr'>erant</span> <span class='ocrx_word' id='word_1_314' title='bbox 1368 2752 1428 2806; x_wconf 91' lang='lat' dir='ltr'>in</span> <span class='ocrx_word' id='word_1_315' title='bbox 1480 2753 1686 2824; x_wconf 83' lang='lat' dir='ltr'>pretio,</span> <span class='ocrx_word' id='word_1_316' title='bbox 1711 2752 1865 2809; x_wconf 88' lang='lat' dir='ltr'>sicut</span> <span class='ocrx_word' id='word_1_317' title='bbox 1905 2757 2013 2808; x_wconf 90' lang='lat' dir='ltr'>Po-</span> 
     </span>
    </p>
   </div>
   <div class='ocr_carea' id='block_1_46' title="bbox 365 2839 2012 2914">
    <p class='ocr_par' dir='ltr' id='par_1_46' title="bbox 365 2839 2012 2914">
     <span class='ocr_line' id='line_1_46' title="bbox 365 2839 2012 2914; baseline 0.002 -21"><span class='ocrx_word' id='word_1_318' title='bbox 365 2839 582 2911; x_wconf 80' lang='lat' dir='ltr'>lycarpi</span> <span class='ocrx_word' id='word_1_319' title='bbox 645 2839 892 2912; x_wconf 89' lang='lat' dir='ltr'>epistola</span> <span class='ocrx_word' id='word_1_320' title='bbox 952 2839 1229 2895; x_wconf 85' lang='lat' dir='ltr'>Florino:</span> <span class='ocrx_word' id='word_1_321' title='bbox 1299 2841 1386 2896; x_wconf 91' lang='lat' dir='ltr'>vel</span> <span class='ocrx_word' id='word_1_322' title='bbox 1437 2844 1684 2914; x_wconf 87' lang='lat' dir='ltr'>denique</span> <span class='ocrx_word' id='word_1_323' title='bbox 1742 2841 1872 2898; x_wconf 90' lang='lat' dir='ltr'>aliis</span> <span class='ocrx_word' id='word_1_324' title='bbox 1941 2842 2012 2896; x_wconf 90' lang='lat' dir='ltr'>de</span> 
     </span>
    </p>
   </div>
   <div class='ocr_carea' id='block_1_47' title="bbox 364 2929 2008 3002">
    <p class='ocr_par' dir='ltr' id='par_1_47' title="bbox 364 2929 2008 3002">
     <span class='ocr_line' id='line_1_47' title="bbox 364 2929 2008 3002; baseline 0.001 -17"><span class='ocrx_word' id='word_1_325' title='bbox 364 2929 560 2985; x_wconf 90' lang='lat' dir='ltr'>causis</span> <span class='ocrx_word' id='word_1_326' title='bbox 593 2945 660 2984; x_wconf 83' lang='lat' dir='ltr'>ex</span> <span class='ocrx_word' id='word_1_327' title='bbox 690 2936 972 3002; x_wconf 85' lang='lat' dir='ltr'>tempore,</span> <span class='ocrx_word' id='word_1_328' title='bbox 1007 2947 1122 3001; x_wconf 93' lang='lat' dir='ltr'>quo</span> <span class='ocrx_word' id='word_1_329' title='bbox 1183 2931 1492 2999; x_wconf 87' lang='lat' dir='ltr'>scribebat,</span> <span class='ocrx_word' id='word_1_330' title='bbox 1528 2937 1628 2988; x_wconf 86' lang='lat' dir='ltr'>aut</span> <span class='ocrx_word' id='word_1_331' title='bbox 1679 2950 1748 2989; x_wconf 85' lang='lat' dir='ltr'>ex</span> <span class='ocrx_word' id='word_1_332' title='bbox 1786 2949 1892 2988; x_wconf 91' lang='lat' dir='ltr'>suo</span> <span class='ocrx_word' id='word_1_333' title='bbox 1922 2931 2008 2988; x_wconf 90' lang='lat' dir='ltr'>vel</span> 
     </span>
    </p>
   </div>
   <div class='ocr_carea' id='block_1_48' title="bbox 363 3018 1350 3091">
    <p class='ocr_par' dir='ltr' id='par_1_48' title="bbox 363 3018 1350 3091">
     <span class='ocr_line' id='line_1_48' title="bbox 363 3018 1350 3091; baseline 0.001 -17"><span class='ocrx_word' id='word_1_334' title='bbox 363 3018 826 3075; x_wconf 87' lang='lat' dir='ltr'>adversariorum</span> <span class='ocrx_word' id='word_1_335' title='bbox 861 3019 1096 3091; x_wconf 86' lang='lat' dir='ltr'>ingenio</span> <span class='ocrx_word' id='word_1_336' title='bbox 1128 3021 1350 3091; x_wconf 87' lang='lat' dir='ltr'>petitis.</span> 
     </span>
    </p>
   </div>
   <div class='ocr_carea' id='block_1_49' title="bbox 994 3127 1373 3185">
    <p class='ocr_par' dir='ltr' id='par_1_49' title="bbox 994 3127 1373 3185">
     <span class='ocr_line' id='line_1_49' title="bbox 994 3127 1373 3185; baseline 0.005 -4"><span class='ocrx_word' id='word_1_337' title='bbox 994 3127 1226 3183; x_wconf 78' lang='lat' dir='ltr'>CAPUT</span> <span class='ocrx_word' id='word_1_338' title='bbox 1282 3129 1373 3185; x_wconf 84' lang='lat' dir='ltr'>VI.</span> 
     </span>
    </p>
   </div>
   <div class='ocr_carea' id='block_1_50' title="bbox 2123 1949 3776 2021">
    <p class='ocr_par' dir='ltr' id='par_1_50' title="bbox 2123 1949 3776 2021">
     <span class='ocr_line' id='line_1_50' title="bbox 2123 1949 3776 2021; baseline 0.002 -17"><span class='ocrx_word' id='word_1_339' title='bbox 2123 1953 2288 2020; x_wconf 82' lang='lat' dir='ltr'>pater</span> <span class='ocrx_word' id='word_1_340' title='bbox 2316 1951 2443 2020; x_wconf 88' lang='lat' dir='ltr'>ejus</span> <span class='ocrx_word' id='word_1_341' title='bbox 2476 1951 2546 2004; x_wconf 89' lang='lat' dir='ltr'>ab</span> <span class='ocrx_word' id='word_1_342' title='bbox 2580 1966 2681 2005; x_wconf 91' lang='lat' dir='ltr'>avo</span> <span class='ocrx_word' id='word_1_343' title='bbox 2713 1965 2774 2006; x_wconf 91' lang='lat' dir='ltr'>se</span> <span class='ocrx_word' id='word_1_344' title='bbox 2816 1949 3112 2021; x_wconf 90' lang='lat' dir='ltr'>accepisse</span> <span class='ocrx_word' id='word_1_345' title='bbox 3153 1951 3474 2007; x_wconf 87' lang='lat' dir='ltr'>certissime</span> <span class='ocrx_word' id='word_1_346' title='bbox 3517 1950 3776 2007; x_wconf 87' lang='lat' dir='ltr'>affirma-</span> 
     </span>
    </p>
   </div>
   <div class='ocr_carea' id='block_1_51' title="bbox 2122 2038 3774 2106">
    <p class='ocr_par' dir='ltr' id='par_1_51' title="bbox 2122 2038 3774 2106">
     <span class='ocr_line' id='line_1_51' title="bbox 2122 2038 3774 2106; baseline 0.002 -13"><span class='ocrx_word' id='word_1_347' title='bbox 2122 2040 2243 2106; x_wconf 87' lang='lat' dir='ltr'>bat,</span> <span class='ocrx_word' id='word_1_348' title='bbox 2269 2055 2466 2094; x_wconf 87' lang='lat' dir='ltr'>serum</span> <span class='ocrx_word' id='word_1_349' title='bbox 2493 2038 2603 2094; x_wconf 85' lang='lat' dir='ltr'>erit</span> <span class='ocrx_word' id='word_1_350' title='bbox 2633 2044 2690 2094; x_wconf 90' lang='lat' dir='ltr'>et</span> <span class='ocrx_word' id='word_1_351' title='bbox 2721 2040 3110 2095; x_wconf 86' lang='lat' dir='ltr'>trustraneum</span> <span class='ocrx_word' id='word_1_352' title='bbox 3137 2039 3297 2095; x_wconf 89' lang='lat' dir='ltr'>illius</span> <span class='ocrx_word' id='word_1_353' title='bbox 3316 2040 3720 2096; x_wconf 90' lang='lat' dir='ltr'>testimonium</span> <span class='ocrx_word' id='word_1_354' title='bbox 3745 2040 3774 2096; x_wconf 86' lang='lat'><strong>?</strong></span> 
     </span>
    </p>
   </div>
   <div class='ocr_carea' id='block_1_52' title="bbox 2120 2131 3769 2205">
    <p class='ocr_par' dir='ltr' id='par_1_52' title="bbox 2120 2131 3769 2205">
     <span class='ocr_line' id='line_1_52' title="bbox 2120 2131 3769 2205; baseline 0.002 -19"><span class='ocrx_word' id='word_1_355' title='bbox 2120 2131 2327 2187; x_wconf 89' lang='lat' dir='ltr'>Nullus</span> <span class='ocrx_word' id='word_1_356' title='bbox 2359 2137 2510 2188; x_wconf 86' lang='lat' dir='ltr'>certe</span> <span class='ocrx_word' id='word_1_357' title='bbox 2541 2133 2598 2187; x_wconf 89' lang='lat' dir='ltr'>id</span> <span class='ocrx_word' id='word_1_358' title='bbox 2624 2133 2866 2201; x_wconf 88' lang='lat' dir='ltr'>dixerit;</span> <span class='ocrx_word' id='word_1_359' title='bbox 2891 2133 3156 2204; x_wconf 87' lang='lat' dir='ltr'>quamvis</span> <span class='ocrx_word' id='word_1_360' title='bbox 3180 2133 3376 2205; x_wconf 79' lang='lat' dir='ltr'>plures</span> <span class='ocrx_word' id='word_1_361' title='bbox 3402 2135 3459 2188; x_wconf 87' lang='lat' dir='ltr'>in</span> <span class='ocrx_word' id='word_1_362' title='bbox 3485 2134 3593 2190; x_wconf 88' lang='lat' dir='ltr'>hoc</span> <span class='ocrx_word' id='word_1_363' title='bbox 3618 2139 3769 2190; x_wconf 84' lang='lat' dir='ltr'>tem-</span> 
     </span>
    </p>
   </div>
   <div class='ocr_carea' id='block_1_53' title="bbox 2120 2223 3770 2296">
    <p class='ocr_par' dir='ltr' id='par_1_53' title="bbox 2120 2223 3770 2296">
     <span class='ocr_line' id='line_1_53' title="bbox 2120 2223 3770 2296; baseline 0.001 -18"><span class='ocrx_word' id='word_1_364' title='bbox 2120 2223 2278 2294; x_wconf 91' lang='lat' dir='ltr'>poris</span> <span class='ocrx_word' id='word_1_365' title='bbox 2310 2223 2626 2290; x_wconf 87' lang='lat' dir='ltr'>intervallo,</span> <span class='ocrx_word' id='word_1_366' title='bbox 2655 2239 2831 2295; x_wconf 90' lang='lat' dir='ltr'>quam</span> <span class='ocrx_word' id='word_1_367' title='bbox 2866 2225 3000 2279; x_wconf 88' lang='lat' dir='ltr'>anni</span> <span class='ocrx_word' id='word_1_368' title='bbox 3035 2223 3263 2279; x_wconf 90' lang='lat' dir='ltr'>circiter</span> <span class='ocrx_word' id='word_1_369' title='bbox 3284 2230 3516 2280; x_wconf 87' lang='lat' dir='ltr'>centum</span> <span class='ocrx_word' id='word_1_370' title='bbox 3541 2231 3598 2280; x_wconf 89' lang='lat' dir='ltr'>et</span> <span class='ocrx_word' id='word_1_371' title='bbox 3620 2242 3770 2296; x_wconf 84' lang='lat' dir='ltr'>qua-</span> 
     </span>
    </p>
   </div>
   <div class='ocr_carea' id='block_1_54' title="bbox 2119 2313 3774 2386">
    <p class='ocr_par' dir='ltr' id='par_1_54' title="bbox 2119 2313 3774 2386">
     <span class='ocr_line' id='line_1_54' title="bbox 2119 2313 3774 2386; baseline 0.001 -20"><span class='ocrx_word' id='word_1_372' title='bbox 2119 2313 2388 2384; x_wconf 85' lang='lat' dir='ltr'>draginta</span> <span class='ocrx_word' id='word_1_373' title='bbox 2416 2313 2564 2368; x_wconf 88' lang='lat' dir='ltr'>elabi</span> <span class='ocrx_word' id='word_1_374' title='bbox 2603 2315 2921 2385; x_wconf 88' lang='lat' dir='ltr'>potuerint.</span> <span class='ocrx_word' id='word_1_375' title='bbox 2963 2313 3099 2377; x_wconf 90' lang='lat' dir='ltr'>Quis</span> <span class='ocrx_word' id='word_1_376' title='bbox 3133 2319 3326 2369; x_wconf 91' lang='lat' dir='ltr'>autem</span> <span class='ocrx_word' id='word_1_377' title='bbox 3382 2315 3601 2370; x_wconf 80' lang='lat' dir='ltr'>abnuat</span> <span class='ocrx_word' id='word_1_378' title='bbox 3647 2315 3774 2386; x_wconf 92' lang='lat' dir='ltr'>epi-</span> 
     </span>
    </p>
   </div>
   <div class='ocr_carea' id='block_1_55' title="bbox 2119 2401 3775 2475">
    <p class='ocr_par' dir='ltr' id='par_1_55' title="bbox 2119 2401 3775 2475">
     <span class='ocr_line' id='line_1_55' title="bbox 2119 2401 3775 2475; baseline 0.001 -18"><span class='ocrx_word' id='word_1_379' title='bbox 2119 2401 2301 2457; x_wconf 88' lang='lat' dir='ltr'>stolas</span> <span class='ocrx_word' id='word_1_380' title='bbox 2335 2403 2564 2474; x_wconf 86' lang='lat' dir='ltr'>Igdatii,</span> <span class='ocrx_word' id='word_1_381' title='bbox 2588 2421 2717 2474; x_wconf 73' lang='lat' dir='ltr'>quae</span> <span class='ocrx_word' id='word_1_382' title='bbox 2741 2419 2969 2458; x_wconf 89' lang='lat' dir='ltr'>sacrum</span> <span class='ocrx_word' id='word_1_383' title='bbox 2995 2403 3137 2459; x_wconf 88' lang='lat' dir='ltr'>tanti</span> <span class='ocrx_word' id='word_1_384' title='bbox 3163 2405 3432 2475; x_wconf 69' lang='lat' dir='ltr'>martyris</span> <span class='ocrx_word' id='word_1_385' title='bbox 3453 2409 3775 2460; x_wconf 86' lang='lat' dir='ltr'>testamen-</span> 
     </span>
    </p>
   </div>
   <div class='ocr_carea' id='block_1_56' title="bbox 2120 2493 3771 2566">
    <p class='ocr_par' dir='ltr' id='par_1_56' title="bbox 2120 2493 3771 2566">
     <span class='ocr_line' id='line_1_56' title="bbox 2120 2493 3771 2566; baseline 0.002 -21"><span class='ocrx_word' id='word_1_386' title='bbox 2120 2495 2244 2546; x_wconf 88' lang='lat' dir='ltr'>tum</span> <span class='ocrx_word' id='word_1_387' title='bbox 2271 2499 2453 2560; x_wconf 89' lang='lat' dir='ltr'>eranl,</span> <span class='ocrx_word' id='word_1_388' title='bbox 2490 2494 2588 2548; x_wconf 93' lang='lat' dir='ltr'>uni</span> <span class='ocrx_word' id='word_1_389' title='bbox 2620 2493 2864 2550; x_wconf 88' lang='lat' dir='ltr'>etalteri</span> <span class='ocrx_word' id='word_1_390' title='bbox 2897 2495 3150 2566; x_wconf 66' lang='lat' dir='ltr'>probatae</span> <span class='ocrx_word' id='word_1_391' title='bbox 3185 2495 3318 2549; x_wconf 90' lang='lat' dir='ltr'>ﬁdei</span> <span class='ocrx_word' id='word_1_392' title='bbox 3342 2495 3460 2549; x_wconf 92' lang='lat' dir='ltr'>viro</span> <span class='ocrx_word' id='word_1_393' title='bbox 3495 2496 3563 2549; x_wconf 86' lang='lat' dir='ltr'>de</span> <span class='ocrx_word' id='word_1_394' title='bbox 3591 2512 3771 2550; x_wconf 90' lang='lat' dir='ltr'>manu</span> 
     </span>
    </p>
   </div>
   <div class='ocr_carea' id='block_1_57' title="bbox 2119 2580 3776 2656">
    <p class='ocr_par' dir='ltr' id='par_1_57' title="bbox 2119 2580 3776 2656">
     <span class='ocr_line' id='line_1_57' title="bbox 2119 2580 3776 2656; baseline 0.003 -22"><span class='ocrx_word' id='word_1_395' title='bbox 2119 2580 2178 2636; x_wconf 90' lang='lat' dir='ltr'>in</span> <span class='ocrx_word' id='word_1_396' title='bbox 2204 2598 2441 2638; x_wconf 89' lang='lat' dir='ltr'>manum</span> <span class='ocrx_word' id='word_1_397' title='bbox 2465 2583 3003 2656; x_wconf 87' lang='lat' dir='ltr'>traditas,poluisse</span> <span class='ocrx_word' id='word_1_398' title='bbox 3026 2582 3218 2639; x_wconf 90' lang='lat' dir='ltr'>abillo</span> <span class='ocrx_word' id='word_1_399' title='bbox 3244 2584 3561 2654; x_wconf 88' lang='lat' dir='ltr'>posteriore</span> <span class='ocrx_word' id='word_1_400' title='bbox 3593 2583 3776 2639; x_wconf 90' lang='lat' dir='ltr'>alicui</span> 
     </span>
    </p>
   </div>
   <div class='ocr_carea' id='block_1_58' title="bbox 2117 2670 3780 2742">
    <p class='ocr_par' dir='ltr' id='par_1_58' title="bbox 2117 2670 3780 2742">
     <span class='ocr_line' id='line_1_58' title="bbox 2117 2670 3780 2742; baseline 0.002 -18"><span class='ocrx_word' id='word_1_401' title='bbox 2117 2670 2392 2742; x_wconf 90' lang='lat' dir='ltr'>deinceps</span> <span class='ocrx_word' id='word_1_402' title='bbox 2424 2672 2502 2727; x_wconf 82' lang='lat' dir='ltr'>ita</span> <span class='ocrx_word' id='word_1_403' title='bbox 2550 2673 2915 2738; x_wconf 89' lang='lat' dir='ltr'>transmitti;</span> <span class='ocrx_word' id='word_1_404' title='bbox 2965 2677 3028 2727; x_wconf 88' lang='lat' dir='ltr'>ut</span> <span class='ocrx_word' id='word_1_405' title='bbox 3077 2671 3171 2726; x_wconf 88' lang='lat' dir='ltr'>hic</span> <span class='ocrx_word' id='word_1_406' title='bbox 3225 2689 3324 2728; x_wconf 91' lang='lat' dir='ltr'>eas</span> <span class='ocrx_word' id='word_1_407' title='bbox 3374 2672 3594 2742; x_wconf 84' lang='lat' dir='ltr'>Ignatio</span> <span class='ocrx_word' id='word_1_408' title='bbox 3643 2689 3780 2728; x_wconf 89' lang='lat' dir='ltr'>vere</span> 
     </span>
    </p>
   </div>
   <div class='ocr_carea' id='block_1_59' title="bbox 2117 2759 3780 2832">
    <p class='ocr_par' dir='ltr' id='par_1_59' title="bbox 2117 2759 3780 2832">
     <span class='ocr_line' id='line_1_59' title="bbox 2117 2759 3780 2832; baseline 0.002 -19"><span class='ocrx_word' id='word_1_409' title='bbox 2117 2759 2366 2831; x_wconf 88' lang='lat' dir='ltr'>scriptas</span> <span class='ocrx_word' id='word_1_410' title='bbox 2399 2759 2580 2816; x_wconf 88' lang='lat' dir='ltr'>fuisse</span> <span class='ocrx_word' id='word_1_411' title='bbox 2607 2762 2765 2816; x_wconf 91' lang='lat' dir='ltr'>omni</span> <span class='ocrx_word' id='word_1_412' title='bbox 2788 2761 3217 2816; x_wconf 87' lang='lat' dir='ltr'>asseveratione</span> <span class='ocrx_word' id='word_1_413' title='bbox 3249 2761 3543 2816; x_wconf 89' lang='lat' dir='ltr'>afﬁrmare</span> <span class='ocrx_word' id='word_1_414' title='bbox 3578 2765 3780 2832; x_wconf 88' lang='lat' dir='ltr'>potue-</span> 
     </span>
    </p>
   </div>
   <div class='ocr_carea' id='block_1_60' title="bbox 2117 2848 3774 2922">
    <p class='ocr_par' dir='ltr' id='par_1_60' title="bbox 2117 2848 3774 2922">
     <span class='ocr_line' id='line_1_60' title="bbox 2117 2848 3774 2922; baseline 0.002 -21"><span class='ocrx_word' id='word_1_415' title='bbox 2117 2848 2236 2904; x_wconf 84' lang='lat' dir='ltr'>rit?</span> <span class='ocrx_word' id='word_1_416' title='bbox 2265 2849 2379 2905; x_wconf 87' lang='lat' dir='ltr'>Nec</span> <span class='ocrx_word' id='word_1_417' title='bbox 2412 2865 2610 2905; x_wconf 89' lang='lat' dir='ltr'>serum</span> <span class='ocrx_word' id='word_1_418' title='bbox 2644 2849 2822 2922; x_wconf 88' lang='lat' dir='ltr'>igitur</span> <span class='ocrx_word' id='word_1_419' title='bbox 2863 2867 2968 2906; x_wconf 87' lang='lat' dir='ltr'>nec</span> <span class='ocrx_word' id='word_1_420' title='bbox 3019 2851 3414 2907; x_wconf 82' lang='lat' dir='ltr'>frustraneum</span> <span class='ocrx_word' id='word_1_421' title='bbox 3461 2851 3568 2906; x_wconf 89' lang='lat' dir='ltr'>erit</span> <span class='ocrx_word' id='word_1_422' title='bbox 3611 2850 3774 2905; x_wconf 88' lang='lat' dir='ltr'>illius</span> 
     </span>
    </p>
   </div>
   <div class='ocr_carea' id='block_1_61' title="bbox 2115 2937 2543 2994">
    <p class='ocr_par' dir='ltr' id='par_1_61' title="bbox 2115 2937 2543 2994">
     <span class='ocr_line' id='line_1_61' title="bbox 2115 2937 2543 2994; baseline 0 -2"><span class='ocrx_word' id='word_1_423' title='bbox 2115 2937 2543 2994; x_wconf 88' lang='lat' dir='ltr'>testimonium.</span> 
     </span>
    </p>
   </div>
   <div class='ocr_carea' id='block_1_62' title="bbox 2186 3027 3760 3100">
    <p class='ocr_par' dir='ltr' id='par_1_62' title="bbox 2186 3027 3760 3100">
     <span class='ocr_line' id='line_1_62' title="bbox 2186 3027 3760 3100; baseline 0.001 -19"><span class='ocrx_word' id='word_1_424' title='bbox 2186 3027 2400 3083; x_wconf 89' lang='lat' dir='ltr'>Verum</span> <span class='ocrx_word' id='word_1_425' title='bbox 2423 3029 2682 3100; x_wconf 81' lang='lat' dir='ltr'>pressius</span> <span class='ocrx_word' id='word_1_426' title='bbox 2714 3046 3028 3100; x_wconf 82' lang='lat' dir='ltr'>urgeamus</span> <span class='ocrx_word' id='word_1_427' title='bbox 3063 3029 3360 3097; x_wconf 69' lang='lat' dir='ltr'>Dallaaum,</span> <span class='ocrx_word' id='word_1_428' title='bbox 3412 3036 3592 3099; x_wconf 88' lang='lat' dir='ltr'>atque</span> <span class='ocrx_word' id='word_1_429' title='bbox 3623 3044 3760 3083; x_wconf 89' lang='lat' dir='ltr'>eum</span> 
     </span>
    </p>
   </div>
   <div class='ocr_carea' id='block_1_63' title="bbox 2116 3116 3761 3190">
    <p class='ocr_par' dir='ltr' id='par_1_63' title="bbox 2116 3116 3761 3190">
     <span class='ocr_line' id='line_1_63' title="bbox 2116 3116 3761 3190; baseline -0.001 -17"><span class='ocrx_word' id='word_1_430' title='bbox 2116 3117 2226 3173; x_wconf 92' lang='lat' dir='ltr'>sibi</span> <span class='ocrx_word' id='word_1_431' title='bbox 2261 3117 2370 3188; x_wconf 88' lang='lat' dir='ltr'>ipsi</span> <span class='ocrx_word' id='word_1_432' title='bbox 2390 3134 2504 3174; x_wconf 91' lang='lat' dir='ltr'>non</span> <span class='ocrx_word' id='word_1_433' title='bbox 2533 3119 2725 3174; x_wconf 89' lang='lat' dir='ltr'>solum</span> <span class='ocrx_word' id='word_1_434' title='bbox 2753 3119 3172 3190; x_wconf 75' lang='lat' dir='ltr'>contradicere,</span> <span class='ocrx_word' id='word_1_435' title='bbox 3196 3121 3295 3175; x_wconf 89' lang='lat' dir='ltr'>sed</span> <span class='ocrx_word' id='word_1_436' title='bbox 3318 3119 3562 3190; x_wconf 88' lang='lat' dir='ltr'>ipsemet</span> <span class='ocrx_word' id='word_1_437' title='bbox 3583 3116 3761 3172; x_wconf 85' lang='lat' dir='ltr'>etiam</span> 
     </span>
    </p>
   </div>
   <div class='ocr_carea' id='block_1_64' title="bbox 360 3207 2009 3281">
    <p class='ocr_par' dir='ltr' id='par_1_64' title="bbox 360 3232 2007 3281">
     <span class='ocr_line' id='line_1_64' title="bbox 360 3232 2007 3281; baseline 0.002 -11"><span class='ocrx_word' id='word_1_438' title='bbox 360 3232 762 3272; x_wconf 82' lang='lat' dir='ltr'><strong>ARGUMENTUM</strong></span> <span class='ocrx_word' id='word_1_439' title='bbox 804 3232 1103 3281; x_wconf 78' lang='lat' dir='ltr'>QUARTUM,</span> <span class='ocrx_word' id='word_1_440' title='bbox 1136 3234 1204 3272; x_wconf 73' lang='lat' dir='ltr'>EX</span> <span class='ocrx_word' id='word_1_441' title='bbox 1245 3235 1503 3273; x_wconf 80' lang='lat' dir='ltr'>ORIGENIS</span> <span class='ocrx_word' id='word_1_442' title='bbox 1538 3234 1880 3274; x_wconf 79' lang='lat' dir='ltr'>TESTIMONIO</span> <span class='ocrx_word' id='word_1_443' title='bbox 1911 3235 2007 3274; x_wconf 77' lang='lat' dir='ltr'>DE-</span> 
     </span>
    </p>
   </div>
   <div class='ocr_carea' id='block_1_65' title="bbox 2122 3207 3769 3281">
    <p class='ocr_par' dir='ltr' id='par_1_65' title="bbox 2122 3207 3769 3280">
     <span class='ocr_line' id='line_1_65' title="bbox 2122 3207 3769 3280; baseline -0.001 -17"><span class='ocrx_word' id='word_1_444' title='bbox 2122 3211 2259 3263; x_wconf 88' lang='lat' dir='ltr'>teste</span> <span class='ocrx_word' id='word_1_445' title='bbox 2297 3223 2461 3264; x_wconf 89' lang='lat' dir='ltr'>veras</span> <span class='ocrx_word' id='word_1_446' title='bbox 2493 3207 2701 3280; x_wconf 85' lang='lat' dir='ltr'>Ignatii</span> <span class='ocrx_word' id='word_1_447' title='bbox 2730 3208 3005 3280; x_wconf 86' lang='lat' dir='ltr'>epistolas</span> <span class='ocrx_word' id='word_1_448' title='bbox 3037 3211 3108 3265; x_wconf 92' lang='lat' dir='ltr'>ab</span> <span class='ocrx_word' id='word_1_449' title='bbox 3131 3208 3358 3278; x_wconf 85' lang='lat' dir='ltr'>Origine</span> <span class='ocrx_word' id='word_1_450' title='bbox 3382 3207 3543 3263; x_wconf 86' lang='lat' dir='ltr'>citari</span> <span class='ocrx_word' id='word_1_451' title='bbox 3570 3211 3769 3262; x_wconf 87' lang='lat' dir='ltr'>osten-</span> 
     </span>
    </p>
   </div>
   <div class='ocr_carea' id='block_1_66' title="bbox 433 3303 2007 3355">
    <p class='ocr_par' dir='ltr' id='par_1_66' title="bbox 433 3303 2007 3355">
     <span class='ocr_line' id='line_1_66' title="bbox 433 3303 2007 3355; baseline 0.002 -12"><span class='ocrx_word' id='word_1_452' title='bbox 433 3303 730 3355; x_wconf 77' lang='lat' dir='ltr'>BUMPTUM,</span> <span class='ocrx_word' id='word_1_453' title='bbox 815 3304 890 3341; x_wconf 77' lang='lat' dir='ltr'><strong>AB</strong></span> <span class='ocrx_word' id='word_1_454' title='bbox 990 3305 1469 3345; x_wconf 77' lang='lat' dir='ltr'>ADVERSARIORUM</span> <span class='ocrx_word' id='word_1_455' title='bbox 1557 3307 2007 3347; x_wconf 79' lang='lat' dir='ltr'>EXCEPTIONIBUS</span> 
     </span>
    </p>
   </div>
   <div class='ocr_carea' id='block_1_67' title="bbox 435 3375 796 3414">
    <p class='ocr_par' dir='ltr' id='par_1_67' title="bbox 435 3375 796 3414">
     <span class='ocr_line' id='line_1_67' title="bbox 435 3375 796 3414; baseline 0.003 -2"><span class='ocrx_word' id='word_1_456' title='bbox 435 3375 796 3414; x_wconf 70' lang='lat' dir='ltr'>VINDICATUR.</span> 
     </span>
    </p>
   </div>
   <div class='ocr_carea' id='block_1_68' title="bbox 361 3465 2007 3542">
    <p class='ocr_par' dir='ltr' id='par_1_68' title="bbox 361 3465 2007 3542">
     <span class='ocr_line' id='line_1_68' title="bbox 361 3465 2007 3542; baseline 0.003 -22"><span class='ocrx_word' id='word_1_457' title='bbox 361 3465 464 3538; x_wconf 83' lang='lat' dir='ltr'>§I.</span> <span class='ocrx_word' id='word_1_458' title='bbox 499 3467 837 3538; x_wconf 85' lang='lat' dir='ltr'>Proponitur</span> <span class='ocrx_word' id='word_1_459' title='bbox 866 3467 1239 3542; x_wconf 80' lang='lat' dir='ltr'>testimonium</span> <span class='ocrx_word' id='word_1_460' title='bbox 1293 3469 1573 3542; x_wconf 81' lang='lat' dir='ltr'>Origenis,</span> <span class='ocrx_word' id='word_1_461' title='bbox 1634 3474 1685 3525; x_wconf 85' lang='lat' dir='ltr'>et</span> <span class='ocrx_word' id='word_1_462' title='bbox 1731 3487 1763 3524; x_wconf 83' lang='grc' dir='ltr'><em>α</em></span> <span class='ocrx_word' id='word_1_463' title='bbox 1812 3471 2007 3542; x_wconf 78' lang='lat' dir='ltr'>prima</span> 
     </span>
    </p>
   </div>
   <div class='ocr_carea' id='block_1_69' title="bbox 848 3540 1530 3610">
    <p class='ocr_par' dir='ltr' id='par_1_69' title="bbox 848 3540 1530 3610">
     <span class='ocr_line' id='line_1_69' title="bbox 848 3540 1530 3610; baseline 0.003 -16"><span class='ocrx_word' id='word_1_464' title='bbox 848 3541 1165 3610; x_wconf 77' lang='lat' dir='ltr'>exceptione</span> <span class='ocrx_word' id='word_1_465' title='bbox 1195 3540 1530 3596; x_wconf 75' lang='lat' dir='ltr'>vindicatur.</span> 
     </span>
    </p>
   </div>
   <div class='ocr_carea' id='block_1_70' title="bbox 389 3647 2005 3728">
    <p class='ocr_par' dir='ltr' id='par_1_70' title="bbox 389 3647 2005 3728">
     <span class='ocr_line' id='line_1_70' title="bbox 389 3647 2005 3728; baseline 0.003 -27"><span class='ocrx_word' id='word_1_466' title='bbox 389 3723 393 3728; x_wconf 19' lang='grc' dir='ltr'>η</span> <span class='ocrx_word' id='word_1_467' title='bbox 428 3647 714 3703; x_wconf 86' lang='lat' dir='ltr'>Invictum</span> <span class='ocrx_word' id='word_1_468' title='bbox 747 3648 942 3704; x_wconf 82' lang='lat' dir='ltr'>lrenasi</span> <span class='ocrx_word' id='word_1_469' title='bbox 977 3648 1379 3705; x_wconf 83' lang='lat' dir='ltr'>testimonium</span> <span class='ocrx_word' id='word_1_470' title='bbox 1441 3649 1652 3720; x_wconf 84' lang='lat' dir='ltr'>excipit</span> <span class='ocrx_word' id='word_1_471' title='bbox 1689 3650 2005 3707; x_wconf 87' lang='lat' dir='ltr'>auctoritas</span> 
     </span>
    </p>
   </div>
   <div class='ocr_carea' id='block_1_71' title="bbox 356 3739 2006 3813">
    <p class='ocr_par' dir='ltr' id='par_1_71' title="bbox 356 3739 2006 3813">
     <span class='ocr_line' id='line_1_71' title="bbox 356 3739 2006 3813; baseline 0.002 -19"><span class='ocrx_word' id='word_1_472' title='bbox 356 3739 644 3810; x_wconf 89' lang='lat' dir='ltr'>Origenis,</span> <span class='ocrx_word' id='word_1_473' title='bbox 675 3739 1090 3812; x_wconf 87' lang='lat' dir='ltr'>quiepistolas,</span> <span class='ocrx_word' id='word_1_474' title='bbox 1126 3757 1274 3812; x_wconf 89' lang='lat' dir='ltr'>quas</span> <span class='ocrx_word' id='word_1_475' title='bbox 1331 3740 1721 3809; x_wconf 89' lang='lat' dir='ltr'>defendimus,</span> <span class='ocrx_word' id='word_1_476' title='bbox 1781 3742 2006 3813; x_wconf 88' lang='lat' dir='ltr'>Ignatio</span> 
     </span>
    </p>
   </div>
   <div class='ocr_carea' id='block_1_72' title="bbox 357 3828 2004 3898">
    <p class='ocr_par' dir='ltr' id='par_1_72' title="bbox 357 3828 2004 3898">
     <span class='ocr_line' id='line_1_72' title="bbox 357 3828 2004 3898; baseline 0.003 -16"><span class='ocrx_word' id='word_1_477' title='bbox 357 3829 580 3898; x_wconf 88' lang='lat' dir='ltr'>absque</span> <span class='ocrx_word' id='word_1_478' title='bbox 612 3828 734 3884; x_wconf 91' lang='lat' dir='ltr'>ulla</span> <span class='ocrx_word' id='word_1_479' title='bbox 755 3830 842 3884; x_wconf 91' lang='lat' dir='ltr'>vel</span> <span class='ocrx_word' id='word_1_480' title='bbox 871 3829 1116 3885; x_wconf 87' lang='lat' dir='ltr'>minima</span> <span class='ocrx_word' id='word_1_481' title='bbox 1149 3830 1515 3886; x_wconf 89' lang='lat' dir='ltr'>dubitatione</span> <span class='ocrx_word' id='word_1_482' title='bbox 1547 3831 2004 3887; x_wconf 87' lang='lat' dir='ltr'>tribuit.lsenim</span> 
     </span>
    </p>
   </div>
   <div class='ocr_carea' id='block_1_73' title="bbox 355 3918 2006 3991">
    <p class='ocr_par' dir='ltr' id='par_1_73' title="bbox 355 3918 2006 3991">
     <span class='ocr_line' id='line_1_73' title="bbox 355 3918 2006 3991; baseline 0.002 -20"><span class='ocrx_word' id='word_1_483' title='bbox 355 3918 530 3971; x_wconf 89' lang='lat' dir='ltr'>verba</span> <span class='ocrx_word' id='word_1_484' title='bbox 564 3919 870 3988; x_wconf 85' lang='lat' dir='ltr'>lgnatii,ex</span> <span class='ocrx_word' id='word_1_485' title='bbox 898 3919 1146 3990; x_wconf 90' lang='lat' dir='ltr'>epistola</span> <span class='ocrx_word' id='word_1_486' title='bbox 1177 3920 1246 3974; x_wconf 89' lang='lat' dir='ltr'>ad</span> <span class='ocrx_word' id='word_1_487' title='bbox 1281 3919 1562 3991; x_wconf 86' lang='lat' dir='ltr'>Ephesios</span> <span class='ocrx_word' id='word_1_488' title='bbox 1603 3925 1889 3991; x_wconf 83' lang='lat' dir='ltr'>excerpta,</span> <span class='ocrx_word' id='word_1_489' title='bbox 1923 3919 2006 3976; x_wconf 91' lang='lat' dir='ltr'>sic</span> 
     </span>
    </p>
   </div>
   <div class='ocr_carea' id='block_1_74' title="bbox 353 4004 1998 4081">
    <p class='ocr_par' dir='ltr' id='par_1_74' title="bbox 353 4004 1998 4081">
     <span class='ocr_line' id='line_1_74' title="bbox 353 4004 1998 4081; baseline 0.002 -22"><span class='ocrx_word' id='word_1_490' title='bbox 353 4004 660 4062; x_wconf 74' lang='lat' dir='ltr'>laudat“:</span> <span class='ocrx_word' id='word_1_491' title='bbox 701 4027 724 4058; x_wconf 77' lang='grc' dir='ltr'>α</span> <span class='ocrx_word' id='word_1_492' title='bbox 754 4007 1063 4078; x_wconf 83' lang='lat' dir='ltr'>Eleganter</span> <span class='ocrx_word' id='word_1_493' title='bbox 1093 4008 1151 4063; x_wconf 90' lang='lat' dir='ltr'>in</span> <span class='ocrx_word' id='word_1_494' title='bbox 1204 4009 1509 4078; x_wconf 83' lang='lat' dir='ltr'>cujusdam</span> <span class='ocrx_word' id='word_1_495' title='bbox 1565 4010 1832 4081; x_wconf 80' lang='lat' dir='ltr'>martyris</span> <span class='ocrx_word' id='word_1_496' title='bbox 1881 4008 1998 4080; x_wconf 88' lang='lat' dir='ltr'>epi-</span> 
     </span>
    </p>
   </div>
   <div class='ocr_carea' id='block_1_75' title="bbox 358 4094 2004 4170">
    <p class='ocr_par' dir='ltr' id='par_1_75' title="bbox 358 4094 2004 4170">
     <span class='ocr_line' id='line_1_75' title="bbox 358 4094 2004 4170; baseline 0.002 -21"><span class='ocrx_word' id='word_1_497' title='bbox 358 4094 508 4150; x_wconf 88' lang='lat' dir='ltr'>stola</span> <span class='ocrx_word' id='word_1_498' title='bbox 523 4096 808 4168; x_wconf 89' lang='lat' dir='ltr'>scriptum</span> <span class='ocrx_word' id='word_1_499' title='bbox 835 4097 1339 4170; x_wconf 82' lang='lat' dir='ltr'>reperi,lgnatium</span> <span class='ocrx_word' id='word_1_500' title='bbox 1362 4099 1489 4154; x_wconf 91' lang='lat' dir='ltr'>dico</span> <span class='ocrx_word' id='word_1_501' title='bbox 1511 4100 1850 4170; x_wconf 88' lang='lat' dir='ltr'>episcopum</span> <span class='ocrx_word' id='word_1_502' title='bbox 1890 4104 2004 4153; x_wconf 83' lang='lat' dir='ltr'>An-</span> 
     </span>
    </p>
   </div>
   <div class='ocr_carea' id='block_1_76' title="bbox 355 4184 2004 4260">
    <p class='ocr_par' dir='ltr' id='par_1_76' title="bbox 355 4184 2004 4260">
     <span class='ocr_line' id='line_1_76' title="bbox 355 4184 2004 4260; baseline 0.003 -21"><span class='ocrx_word' id='word_1_503' title='bbox 355 4184 582 4240; x_wconf 65' lang='lat' dir='ltr'>tiochia;</span> <span class='ocrx_word' id='word_1_504' title='bbox 607 4190 736 4256; x_wconf 86' lang='lat' dir='ltr'>post</span> <span class='ocrx_word' id='word_1_505' title='bbox 759 4186 997 4242; x_wconf 88' lang='lat' dir='ltr'>Petrum</span> <span class='ocrx_word' id='word_1_506' title='bbox 1023 4189 1370 4258; x_wconf 89' lang='lat' dir='ltr'>secundum,</span> <span class='ocrx_word' id='word_1_507' title='bbox 1390 4188 1488 4260; x_wconf 89' lang='lat' dir='ltr'>qui</span> <span class='ocrx_word' id='word_1_508' title='bbox 1516 4188 1573 4243; x_wconf 92' lang='lat' dir='ltr'>in</span> <span class='ocrx_word' id='word_1_509' title='bbox 1605 4187 2004 4260; x_wconf 77' lang='lat' dir='ltr'>persecutione</span> 
     </span>
    </p>
   </div>
   <div class='ocr_carea' id='block_1_77' title="bbox 361 4272 2003 4349">
    <p class='ocr_par' dir='ltr' id='par_1_77' title="bbox 361 4272 2003 4349">
     <span class='ocr_line' id='line_1_77' title="bbox 361 4272 2003 4349; baseline 0.002 -22"><span class='ocrx_word' id='word_1_510' title='bbox 361 4272 556 4328; x_wconf 64' lang='lat' dir='ltr'>Romae</span> <span class='ocrx_word' id='word_1_511' title='bbox 575 4276 855 4345; x_wconf 85' lang='lat' dir='ltr'>pugnavit</span> <span class='ocrx_word' id='word_1_512' title='bbox 878 4275 950 4330; x_wconf 89' lang='lat' dir='ltr'>ad</span> <span class='ocrx_word' id='word_1_513' title='bbox 974 4277 1229 4333; x_wconf 90' lang='lat' dir='ltr'>bestias:</span> <span class='ocrx_word' id='word_1_514' title='bbox 1261 4277 1584 4349; x_wconf 90' lang='lat' dir='ltr'>principem</span> <span class='ocrx_word' id='word_1_515' title='bbox 1612 4277 2003 4348; x_wconf 76' lang='lat' dir='ltr'>saeculihujus</span> 
     </span>
    </p>
   </div>
   <div class='ocr_carea' id='block_1_78' title="bbox 354 4358 2000 4439">
    <p class='ocr_par' dir='ltr' id='par_1_78' title="bbox 354 4358 2000 4439">
     <span class='ocr_line' id='line_1_78' title="bbox 354 4358 2000 4439; baseline 0.005 -25"><span class='ocrx_word' id='word_1_516' title='bbox 354 4358 533 4415; x_wconf 90' lang='lat' dir='ltr'>latuit</span> <span class='ocrx_word' id='word_1_517' title='bbox 552 4363 854 4431; x_wconf 87' lang='lat' dir='ltr'>virginitas</span> <span class='ocrx_word' id='word_1_518' title='bbox 883 4363 1097 4431; x_wconf 86' lang='lat' dir='ltr'>Marias,</span> <span class='ocrx_word' id='word_1_519' title='bbox 1121 4365 1285 4420; x_wconf 86' lang='lat' dir='ltr'>latuit</span> <span class='ocrx_word' id='word_1_520' title='bbox 1309 4371 1543 4436; x_wconf 83' lang='lat' dir='ltr'>prOpter</span> <span class='ocrx_word' id='word_1_521' title='bbox 1563 4366 1802 4439; x_wconf 88' lang='lat' dir='ltr'>Joseph,</span> <span class='ocrx_word' id='word_1_522' title='bbox 1838 4391 1860 4418; x_wconf 80' lang='grc' dir='ltr'><strong><em>ι</em></strong></span> <span class='ocrx_word' id='word_1_523' title='bbox 1891 4371 2000 4423; x_wconf 91' lang='lat' dir='ltr'>etc.</span> 
     </span>
    </p>
   </div>
   <div class='ocr_carea' id='block_1_79' title="bbox 357 4448 2001 4528">
    <p class='ocr_par' dir='ltr' id='par_1_79' title="bbox 357 4448 2001 4528">
     <span class='ocr_line' id='line_1_79' title="bbox 357 4448 2001 4528; baseline 0.005 -24"><span class='ocrx_word' id='word_1_524' title='bbox 357 4448 611 4504; x_wconf 79' lang='lat' dir='ltr'>Dallams</span> <span class='ocrx_word' id='word_1_525' title='bbox 643 4456 836 4507; x_wconf 91' lang='lat' dir='ltr'>autem</span> <span class='ocrx_word' id='word_1_526' title='bbox 870 4452 1006 4508; x_wconf 88' lang='lat' dir='ltr'>huic</span> <span class='ocrx_word' id='word_1_527' title='bbox 1034 4453 1501 4511; x_wconf 72' lang='lat' dir='ltr'>luculentissima</span> <span class='ocrx_word' id='word_1_528' title='bbox 1541 4455 1808 4528; x_wconf 91' lang='lat' dir='ltr'>Origenis</span> <span class='ocrx_word' id='word_1_529' title='bbox 1839 4456 2001 4512; x_wconf 88' lang='lat' dir='ltr'>testi-</span> 
     </span>
    </p>
   </div>
   <div class='ocr_carea' id='block_1_80' title="bbox 358 4539 2000 4614">
    <p class='ocr_par' dir='ltr' id='par_1_80' title="bbox 358 4539 2000 4614">
     <span class='ocr_line' id='line_1_80' title="bbox 358 4539 2000 4614; baseline 0.007 -23"><span class='ocrx_word' id='word_1_530' title='bbox 358 4541 554 4593; x_wconf 90' lang='lat' dir='ltr'>monio</span> <span class='ocrx_word' id='word_1_531' title='bbox 583 4539 697 4594; x_wconf 92' lang='lat' dir='ltr'>duo</span> <span class='ocrx_word' id='word_1_532' title='bbox 721 4541 981 4611; x_wconf 89' lang='lat' dir='ltr'>opponit,</span> <span class='ocrx_word' id='word_1_533' title='bbox 1015 4558 1226 4614; x_wconf 88' lang='lat' dir='ltr'>nempe</span> <span class='ocrx_word' id='word_1_534' title='bbox 1249 4545 1644 4600; x_wconf 88' lang='lat' dir='ltr'>frustraneum</span> <span class='ocrx_word' id='word_1_535' title='bbox 1675 4545 1819 4600; x_wconf 90' lang='lat' dir='ltr'>illud</span> <span class='ocrx_word' id='word_1_536' title='bbox 1853 4563 2000 4614; x_wconf 90' lang='lat' dir='ltr'>esse,</span> 
     </span>
    </p>
   </div>
   <div class='ocr_carea' id='block_1_81' title="bbox 356 4626 2001 4704">
    <p class='ocr_par' dir='ltr' id='par_1_81' title="bbox 356 4626 2001 4704">
     <span class='ocr_line' id='line_1_81' title="bbox 356 4626 2001 4704; baseline 0.005 -22"><span class='ocrx_word' id='word_1_537' title='bbox 356 4641 464 4682; x_wconf 91' lang='lat' dir='ltr'>nec</span> <span class='ocrx_word' id='word_1_538' title='bbox 495 4627 567 4682; x_wconf 88' lang='lat' dir='ltr'>ab</span> <span class='ocrx_word' id='word_1_539' title='bbox 600 4626 841 4697; x_wconf 78' lang='lat' dir='ltr'>Origene</span> <span class='ocrx_word' id='word_1_540' title='bbox 876 4631 1222 4701; x_wconf 80' lang='lat' dir='ltr'>profectum.</span> <span class='ocrx_word' id='word_1_541' title='bbox 1256 4635 1367 4687; x_wconf 90' lang='lat' dir='ltr'>Cur</span> <span class='ocrx_word' id='word_1_542' title='bbox 1397 4649 1531 4704; x_wconf 90' lang='lat' dir='ltr'>ergo</span> <span class='ocrx_word' id='word_1_543' title='bbox 1589 4634 1694 4688; x_wconf 89' lang='lat' dir='ltr'>viri</span> <span class='ocrx_word' id='word_1_544' title='bbox 1745 4636 2001 4690; x_wconf 89' lang='lat' dir='ltr'>omnium</span> 
     </span>
    </p>
   </div>
   <div class='ocr_carea' id='block_1_82' title="bbox 355 4714 2000 4794">
    <p class='ocr_par' dir='ltr' id='par_1_82' title="bbox 355 4714 2000 4794">
     <span class='ocr_line' id='line_1_82' title="bbox 355 4714 2000 4794; baseline 0.007 -25"><span class='ocrx_word' id='word_1_545' title='bbox 355 4714 528 4787; x_wconf 88' lang='lat' dir='ltr'>longe</span> <span class='ocrx_word' id='word_1_546' title='bbox 560 4715 947 4774; x_wconf 88' lang='lat' dir='ltr'>eruditissimi</span> <span class='ocrx_word' id='word_1_547' title='bbox 979 4719 1404 4786; x_wconf 88' lang='lat' dir='ltr'>testimonium,</span> <span class='ocrx_word' id='word_1_548' title='bbox 1441 4722 1497 4776; x_wconf 91' lang='lat' dir='ltr'>in</span> <span class='ocrx_word' id='word_1_549' title='bbox 1530 4721 1624 4777; x_wconf 92' lang='lat' dir='ltr'>his</span> <span class='ocrx_word' id='word_1_550' title='bbox 1670 4739 1798 4794; x_wconf 66' lang='lat' dir='ltr'>qua:</span> <span class='ocrx_word' id='word_1_551' title='bbox 1848 4731 2000 4780; x_wconf 88' lang='lat' dir='ltr'>certo</span> 
     </span>
    </p>
   </div>
   <div class='ocr_carea' id='block_1_83' title="bbox 356 4804 1999 4885">
    <p class='ocr_par' dir='ltr' id='par_1_83' title="bbox 356 4804 1999 4885">
     <span class='ocr_line' id='line_1_83' title="bbox 356 4804 1999 4885; baseline 0.007 -26"><span class='ocrx_word' id='word_1_552' title='bbox 356 4804 484 4876; x_wconf 89' lang='lat' dir='ltr'>ipse</span> <span class='ocrx_word' id='word_1_553' title='bbox 506 4822 856 4877; x_wconf 89' lang='lat' dir='ltr'>cognoscere</span> <span class='ocrx_word' id='word_1_554' title='bbox 879 4813 1123 4880; x_wconf 87' lang='lat' dir='ltr'>poterat,</span> <span class='ocrx_word' id='word_1_555' title='bbox 1160 4812 1550 4866; x_wconf 83' lang='lat' dir='ltr'>frustraneum</span> <span class='ocrx_word' id='word_1_556' title='bbox 1577 4818 1665 4868; x_wconf 90' lang='lat' dir='ltr'>est</span> <span class='ocrx_word' id='word_1_557' title='bbox 1690 4817 1713 4868; x_wconf 70' lang='grc' dir='ltr'>Ρ</span> <span class='ocrx_word' id='word_1_558' title='bbox 1739 4814 1999 4885; x_wconf 79' lang='lat' dir='ltr'>Respon-</span> 
     </span>
    </p>
   </div>
   <div class='ocr_carea' id='block_1_84' title="bbox 353 4895 2000 4971">
    <p class='ocr_par' dir='ltr' id='par_1_84' title="bbox 353 4895 2000 4971">
     <span class='ocr_line' id='line_1_84' title="bbox 353 4895 2000 4971; baseline 0.007 -22"><span class='ocrx_word' id='word_1_559' title='bbox 353 4895 718 4951; x_wconf 70' lang='lat' dir='ltr'>detDallaaus</span> <span class='ocrx_word' id='word_1_560' title='bbox 738 4895 816 4952; x_wconf 75' lang='lat'>7‘:</span> <span class='ocrx_word' id='word_1_561' title='bbox 845 4920 872 4947; x_wconf 85' lang='lat'>«</span> <span class='ocrx_word' id='word_1_562' title='bbox 899 4898 1139 4954; x_wconf 86' lang='lat' dir='ltr'>Frustra</span> <span class='ocrx_word' id='word_1_563' title='bbox 1177 4898 1444 4971; x_wconf 89' lang='lat' dir='ltr'>Origenis</span> <span class='ocrx_word' id='word_1_564' title='bbox 1502 4901 1774 4958; x_wconf 89' lang='lat' dir='ltr'>homilias</span> <span class='ocrx_word' id='word_1_565' title='bbox 1829 4905 2000 4960; x_wconf 90' lang='lat' dir='ltr'>annis</span> 
     </span>
    </p>
   </div>
   <div class='ocr_carea' id='block_1_85' title="bbox 353 4985 2004 5061">
    <p class='ocr_par' dir='ltr' id='par_1_85' title="bbox 353 4985 2004 5061">
     <span class='ocr_line' id='line_1_85' title="bbox 353 4985 2004 5061; baseline 0.005 -20"><span class='ocrx_word' id='word_1_566' title='bbox 353 4985 583 5042; x_wconf 85' lang='lat' dir='ltr'>circiter</span> <span class='ocrx_word' id='word_1_567' title='bbox 602 4993 838 5043; x_wconf 90' lang='lat' dir='ltr'>centum</span> <span class='ocrx_word' id='word_1_568' title='bbox 859 4993 914 5042; x_wconf 91' lang='lat' dir='ltr'>et</span> <span class='ocrx_word' id='word_1_569' title='bbox 941 4989 1332 5061; x_wconf 86' lang='lat' dir='ltr'>quadraginta</span> <span class='ocrx_word' id='word_1_570' title='bbox 1357 4995 1487 5061; x_wconf 91' lang='lat' dir='ltr'>post</span> <span class='ocrx_word' id='word_1_571' title='bbox 1535 4993 1808 5048; x_wconf 89' lang='lat' dir='ltr'>ultimum</span> <span class='ocrx_word' id='word_1_572' title='bbox 1853 5010 2004 5050; x_wconf 88' lang='lat' dir='ltr'>mar-</span> 
     </span>
    </p>
   </div>
   <div class='ocr_carea' id='block_1_86' title="bbox 351 5077 2006 5150">
    <p class='ocr_par' dir='ltr' id='par_1_86' title="bbox 351 5077 2006 5150">
     <span class='ocr_line' id='line_1_86' title="bbox 351 5077 2006 5150; baseline 0.008 -21"><span class='ocrx_word' id='word_1_573' title='bbox 351 5077 496 5148; x_wconf 82' lang='lat' dir='ltr'>tyris</span> <span class='ocrx_word' id='word_1_574' title='bbox 536 5077 746 5148; x_wconf 88' lang='lat' dir='ltr'>Ignatii</span> <span class='ocrx_word' id='word_1_575' title='bbox 777 5083 1074 5134; x_wconf 89' lang='lat' dir='ltr'>certamen</span> <span class='ocrx_word' id='word_1_576' title='bbox 1107 5081 1351 5150; x_wconf 88' lang='lat' dir='ltr'>scriptas</span> <span class='ocrx_word' id='word_1_577' title='bbox 1383 5081 2006 5142; x_wconf 88' lang='lat' dir='ltr'>recitant...serasunt</span> 
     </span>
    </p>
   </div>
   <div class='ocr_carea' id='block_1_87' title="bbox 356 5166 2002 5243">
    <p class='ocr_par' dir='ltr' id='par_1_87' title="bbox 356 5166 2002 5243">
     <span class='ocr_line' id='line_1_87' title="bbox 356 5166 2002 5243; baseline 0.007 -24"><span class='ocrx_word' id='word_1_578' title='bbox 356 5169 413 5220; x_wconf 87' lang='lat' dir='ltr'>et</span> <span class='ocrx_word' id='word_1_579' title='bbox 437 5166 634 5222; x_wconf 86' lang='lat' dir='ltr'>inania</span> <span class='ocrx_word' id='word_1_580' title='bbox 657 5166 1095 5238; x_wconf 87' lang='lat' dir='ltr'>lgnatianorum</span> <span class='ocrx_word' id='word_1_581' title='bbox 1121 5169 1411 5240; x_wconf 71' lang='lat' dir='ltr'>praesidia,</span> <span class='ocrx_word' id='word_1_582' title='bbox 1434 5188 1558 5243; x_wconf 60' lang='lat' dir='ltr'>qua</span> <span class='ocrx_word' id='word_1_583' title='bbox 1582 5173 1706 5242; x_wconf 88' lang='lat' dir='ltr'>jam</span> <span class='ocrx_word' id='word_1_584' title='bbox 1742 5174 1810 5229; x_wconf 89' lang='lat' dir='ltr'>ab</span> <span class='ocrx_word' id='word_1_585' title='bbox 1836 5173 2002 5231; x_wconf 90' lang='lat' dir='ltr'>initio</span> 
     </span>
    </p>
   </div>
   <div class='ocr_carea' id='block_1_88' title="bbox 353 5258 2000 5332">
    <p class='ocr_par' dir='ltr' id='par_1_88' title="bbox 353 5258 2000 5332">
     <span class='ocr_line' id='line_1_88' title="bbox 353 5258 2000 5332; baseline 0.006 -21"><span class='ocrx_word' id='word_1_586' title='bbox 353 5258 590 5313; x_wconf 78' lang='lat' dir='ltr'>stetisse</span> <span class='ocrx_word' id='word_1_587' title='bbox 623 5274 859 5314; x_wconf 88' lang='lat' dir='ltr'>necesse</span> <span class='ocrx_word' id='word_1_588' title='bbox 890 5263 1002 5329; x_wconf 81' lang='lat' dir='ltr'>est,</span> <span class='ocrx_word' id='word_1_589' title='bbox 1028 5259 1076 5315; x_wconf 88' lang='lat' dir='ltr'>si</span> <span class='ocrx_word' id='word_1_590' title='bbox 1098 5264 1154 5315; x_wconf 86' lang='lat' dir='ltr'>et</span> <span class='ocrx_word' id='word_1_591' title='bbox 1187 5278 1342 5316; x_wconf 87' lang='lat' dir='ltr'>nunc</span> <span class='ocrx_word' id='word_1_592' title='bbox 1400 5267 1550 5318; x_wconf 88' lang='lat' dir='ltr'>stare</span> <span class='ocrx_word' id='word_1_593' title='bbox 1610 5263 1843 5320; x_wconf 90' lang='lat' dir='ltr'>debent.</span> <span class='ocrx_word' id='word_1_594' title='bbox 1867 5268 2000 5332; x_wconf 71' lang='lat' dir='ltr'>Quae</span> 
     </span>
    </p>
   </div>
   <div class='ocr_carea' id='block_1_89' title="bbox 357 5346 2004 5425">
    <p class='ocr_par' dir='ltr' id='par_1_89' title="bbox 357 5346 2004 5425">
     <span class='ocr_line' id='line_1_89' title="bbox 357 5346 2004 5425; baseline 0.007 -26"><span class='ocrx_word' id='word_1_595' title='bbox 357 5346 509 5401; x_wconf 90' lang='lat' dir='ltr'>enim</span> <span class='ocrx_word' id='word_1_596' title='bbox 544 5347 616 5402; x_wconf 89' lang='lat' dir='ltr'>ab</span> <span class='ocrx_word' id='word_1_597' title='bbox 639 5347 803 5404; x_wconf 86' lang='lat' dir='ltr'>initio</span> <span class='ocrx_word' id='word_1_598' title='bbox 830 5365 946 5404; x_wconf 92' lang='lat' dir='ltr'>non</span> <span class='ocrx_word' id='word_1_599' title='bbox 975 5349 1380 5418; x_wconf 86' lang='lat' dir='ltr'>valuerunt,ea</span> <span class='ocrx_word' id='word_1_600' title='bbox 1404 5352 1671 5408; x_wconf 88' lang='lat' dir='ltr'>homines</span> <span class='ocrx_word' id='word_1_601' title='bbox 1698 5354 2004 5425; x_wconf 89' lang='lat' dir='ltr'>sapientis-</span> 
     </span>
    </p>
   </div>
   <div class='ocr_carea' id='block_1_90' title="bbox 352 5433 2001 5515">
    <p class='ocr_par' dir='ltr' id='par_1_90' title="bbox 352 5433 2001 5515">
     <span class='ocr_line' id='line_1_90' title="bbox 352 5433 2001 5515; baseline 0.005 -28"><span class='ocrx_word' id='word_1_602' title='bbox 352 5433 487 5490; x_wconf 83' lang='lat' dir='ltr'>simi</span> <span class='ocrx_word' id='word_1_603' title='bbox 522 5440 708 5491; x_wconf 89' lang='lat' dir='ltr'>tractu</span> <span class='ocrx_word' id='word_1_604' title='bbox 743 5439 1028 5510; x_wconf 88' lang='lat' dir='ltr'>temporis</span> <span class='ocrx_word' id='word_1_605' title='bbox 1060 5440 1462 5498; x_wconf 84' lang='lat' dir='ltr'>convalescere</span> <span class='ocrx_word' id='word_1_606' title='bbox 1495 5457 1667 5514; x_wconf 89' lang='lat' dir='ltr'>posse</span> <span class='ocrx_word' id='word_1_607' title='bbox 1699 5448 1936 5515; x_wconf 85' lang='lat' dir='ltr'>negant.</span> <span class='ocrx_word' id='word_1_608' title='bbox 1972 5466 2001 5496; x_wconf 83' lang='lat'><strong>»</strong></span> 
     </span>
    </p>
   </div>
   <div class='ocr_carea' id='block_1_91' title="bbox 424 5601 1049 5682">
    <p class='ocr_par' dir='ltr' id='par_1_91' title="bbox 424 5601 1049 5682">
     <span class='ocr_line' id='line_1_91' title="bbox 424 5601 1049 5682; baseline 0.016 -22"><span class='ocrx_word' id='word_1_609' title='bbox 424 5601 474 5642; x_wconf 74' lang='lat'>7‘</span> <span class='ocrx_word' id='word_1_610' title='bbox 504 5605 717 5663; x_wconf 90' lang='lat' dir='ltr'>Homil.</span> <span class='ocrx_word' id='word_1_611' title='bbox 751 5611 804 5682; x_wconf 89' lang='lat'>6,</span> <span class='ocrx_word' id='word_1_612' title='bbox 832 5614 889 5666; x_wconf 87' lang='lat' dir='ltr'>in</span> <span class='ocrx_word' id='word_1_613' title='bbox 918 5613 1049 5670; x_wconf 80' lang='lat' dir='ltr'>Luc.</span> 
     </span>
    </p>
   </div>
   <div class='ocr_carea' id='block_1_92' title="bbox 2116 3285 3768 3371">
    <p class='ocr_par' dir='ltr' id='par_1_92' title="bbox 2116 3285 3768 3371">
     <span class='ocr_line' id='line_1_92' title="bbox 2116 3285 3768 3371; baseline 0 -18"><span class='ocrx_word' id='word_1_614' title='bbox 2116 3299 2345 3353; x_wconf 89' lang='lat' dir='ltr'>damus.</span> <span class='ocrx_word' id='word_1_615' title='bbox 2380 3298 2656 3354; x_wconf 85' lang='lat' dir='ltr'>Concedit</span> <span class='ocrx_word' id='word_1_616' title='bbox 2709 3298 2806 3354; x_wconf 90' lang='lat' dir='ltr'>ille</span> <span class='ocrx_word' id='word_1_617' title='bbox 2864 3285 3173 3371; x_wconf 55' lang='lat' dir='ltr'>Origenein</span> <span class='ocrx_word' id='word_1_618' title='bbox 3234 3299 3465 3354; x_wconf 85' lang='lat' dir='ltr'>laudare</span> <span class='ocrx_word' id='word_1_619' title='bbox 3524 3298 3768 3370; x_wconf 87' lang='lat' dir='ltr'>quidem</span> 
     </span>
    </p>
   </div>
   <div class='ocr_carea' id='block_1_93' title="bbox 2113 3387 3775 3462">
    <p class='ocr_par' dir='ltr' id='par_1_93' title="bbox 2113 3387 3775 3462">
     <span class='ocr_line' id='line_1_93' title="bbox 2113 3387 3775 3462; baseline -0.001 -19"><span class='ocrx_word' id='word_1_620' title='bbox 2113 3387 2319 3460; x_wconf 87' lang='lat' dir='ltr'>Ignatii</span> <span class='ocrx_word' id='word_1_621' title='bbox 2351 3387 2684 3460; x_wconf 89' lang='lat' dir='ltr'>epistolam,</span> <span class='ocrx_word' id='word_1_622' title='bbox 2717 3390 2820 3445; x_wconf 90' lang='lat' dir='ltr'>sed</span> <span class='ocrx_word' id='word_1_623' title='bbox 2873 3389 3082 3445; x_wconf 90' lang='lat' dir='ltr'>serius.</span> <span class='ocrx_word' id='word_1_624' title='bbox 3128 3389 3229 3444; x_wconf 85' lang='lat' dir='ltr'>Vel</span> <span class='ocrx_word' id='word_1_625' title='bbox 3281 3406 3417 3462; x_wconf 89' lang='lat' dir='ltr'>ergo</span> <span class='ocrx_word' id='word_1_626' title='bbox 3467 3405 3663 3444; x_wconf 85' lang='lat' dir='ltr'>veram</span> <span class='ocrx_word' id='word_1_627' title='bbox 3716 3393 3775 3443; x_wconf 85' lang='lat' dir='ltr'>et.</span> 
     </span>
    </p>
   </div>
   <div class='ocr_carea' id='block_1_94' title="bbox 2113 3477 3771 3549">
    <p class='ocr_par' dir='ltr' id='par_1_94' title="bbox 2113 3477 3771 3549">
     <span class='ocr_line' id='line_1_94' title="bbox 2113 3477 3771 3549; baseline 0.001 -17"><span class='ocrx_word' id='word_1_628' title='bbox 2113 3477 2422 3548; x_wconf 77' lang='lat' dir='ltr'>genuinam</span> <span class='ocrx_word' id='word_1_629' title='bbox 2450 3477 2658 3549; x_wconf 89' lang='lat' dir='ltr'>Ignatii</span> <span class='ocrx_word' id='word_1_630' title='bbox 2684 3477 3105 3548; x_wconf 87' lang='lat' dir='ltr'>epistolam,vel</span> <span class='ocrx_word' id='word_1_631' title='bbox 3131 3477 3526 3534; x_wconf 87' lang='lat' dir='ltr'>adulterinam</span> <span class='ocrx_word' id='word_1_632' title='bbox 3551 3478 3771 3533; x_wconf 86' lang='lat' dir='ltr'>citavit.</span> 
     </span>
    </p>
   </div>
   <div class='ocr_carea' id='block_1_95' title="bbox 2112 3566 3771 3638">
    <p class='ocr_par' dir='ltr' id='par_1_95' title="bbox 2112 3566 3771 3638">
     <span class='ocr_line' id='line_1_95' title="bbox 2112 3566 3771 3638; baseline 0 -16"><span class='ocrx_word' id='word_1_633' title='bbox 2112 3566 2288 3638; x_wconf 84' lang='lat' dir='ltr'>Atqui</span> <span class='ocrx_word' id='word_1_634' title='bbox 2313 3582 2380 3621; x_wconf 87' lang='lat' dir='ltr'>ex</span> <span class='ocrx_word' id='word_1_635' title='bbox 2413 3566 2664 3638; x_wconf 88' lang='lat' dir='ltr'>ipsemet</span> <span class='ocrx_word' id='word_1_636' title='bbox 2695 3567 2909 3623; x_wconf 72' lang='lat' dir='ltr'>Dallaeo</span> <span class='ocrx_word' id='word_1_637' title='bbox 2932 3584 3008 3623; x_wconf 62' lang='lat' dir='ltr'>ea;</span> <span class='ocrx_word' id='word_1_638' title='bbox 3040 3583 3179 3638; x_wconf 89' lang='lat' dir='ltr'>quas</span> <span class='ocrx_word' id='word_1_639' title='bbox 3213 3571 3378 3623; x_wconf 89' lang='lat' dir='ltr'>vocat</span> <span class='ocrx_word' id='word_1_640' title='bbox 3404 3566 3771 3622; x_wconf 86' lang='lat' dir='ltr'>adulterinas</span> 
     </span>
    </p>
   </div>
   <div class='ocr_carea' id='block_1_96' title="bbox 2114 3655 3769 3729">
    <p class='ocr_par' dir='ltr' id='par_1_96' title="bbox 2114 3655 3769 3729">
     <span class='ocr_line' id='line_1_96' title="bbox 2114 3655 3769 3729; baseline 0.001 -19"><span class='ocrx_word' id='word_1_641' title='bbox 2114 3656 2325 3727; x_wconf 87' lang='lat' dir='ltr'>Ignatii</span> <span class='ocrx_word' id='word_1_642' title='bbox 2359 3655 2654 3726; x_wconf 88' lang='lat' dir='ltr'>epistolas,</span> <span class='ocrx_word' id='word_1_643' title='bbox 2679 3656 2850 3729; x_wconf 89' lang='lat' dir='ltr'>longe</span> <span class='ocrx_word' id='word_1_644' title='bbox 2881 3661 3014 3729; x_wconf 89' lang='lat' dir='ltr'>post</span> <span class='ocrx_word' id='word_1_645' title='bbox 3039 3656 3306 3728; x_wconf 88' lang='lat' dir='ltr'>Origenis</span> <span class='ocrx_word' id='word_1_646' title='bbox 3332 3661 3578 3713; x_wconf 87' lang='lat' dir='ltr'>mortem</span> <span class='ocrx_word' id='word_1_647' title='bbox 3602 3655 3769 3711; x_wconf 66' lang='lat' dir='ltr'>editae</span> 
     </span>
    </p>
   </div>
   <div class='ocr_carea' id='block_1_97' title="bbox 2114 3744 3761 3816">
    <p class='ocr_par' dir='ltr' id='par_1_97' title="bbox 2114 3744 3761 3816">
     <span class='ocr_line' id='line_1_97' title="bbox 2114 3744 3761 3816; baseline 0.001 -19"><span class='ocrx_word' id='word_1_648' title='bbox 2114 3745 2368 3800; x_wconf 85' lang='lat' dir='ltr'>fuerunt.</span> <span class='ocrx_word' id='word_1_649' title='bbox 2405 3744 2681 3816; x_wconf 83' lang='lat' dir='ltr'>Origenes</span> <span class='ocrx_word' id='word_1_650' title='bbox 2713 3762 2845 3816; x_wconf 83' lang='lat' dir='ltr'>ergo</span> <span class='ocrx_word' id='word_1_651' title='bbox 2879 3763 2994 3801; x_wconf 91' lang='lat' dir='ltr'>non</span> <span class='ocrx_word' id='word_1_652' title='bbox 3030 3745 3154 3813; x_wconf 86' lang='lat' dir='ltr'>has,</span> <span class='ocrx_word' id='word_1_653' title='bbox 3188 3746 3288 3801; x_wconf 91' lang='lat' dir='ltr'>sed</span> <span class='ocrx_word' id='word_1_654' title='bbox 3322 3762 3512 3801; x_wconf 88' lang='lat' dir='ltr'>veram</span> <span class='ocrx_word' id='word_1_655' title='bbox 3544 3749 3601 3799; x_wconf 92' lang='lat' dir='ltr'>et</span> <span class='ocrx_word' id='word_1_656' title='bbox 3629 3759 3761 3816; x_wconf 90' lang='lat' dir='ltr'>ger-</span> 
     </span>
    </p>
   </div>
   <div class='ocr_carea' id='block_1_98' title="bbox 2113 3833 3761 3906">
    <p class='ocr_par' dir='ltr' id='par_1_98' title="bbox 2113 3833 3761 3906">
     <span class='ocr_line' id='line_1_98' title="bbox 2113 3833 3761 3906; baseline -0.001 -18"><span class='ocrx_word' id='word_1_657' title='bbox 2113 3850 2349 3889; x_wconf 84' lang='lat' dir='ltr'>manam</span> <span class='ocrx_word' id='word_1_658' title='bbox 2392 3834 2598 3905; x_wconf 85' lang='lat' dir='ltr'>Ignatii</span> <span class='ocrx_word' id='word_1_659' title='bbox 2651 3833 2956 3906; x_wconf 82' lang='lat' dir='ltr'>epistolam</span> <span class='ocrx_word' id='word_1_660' title='bbox 3010 3835 3229 3890; x_wconf 88' lang='lat' dir='ltr'>citavit.</span> <span class='ocrx_word' id='word_1_661' title='bbox 3273 3835 3420 3906; x_wconf 83' lang='lat' dir='ltr'>Ergo</span> <span class='ocrx_word' id='word_1_662' title='bbox 3471 3851 3584 3889; x_wconf 92' lang='lat' dir='ltr'>non</span> <span class='ocrx_word' id='word_1_663' title='bbox 3632 3848 3761 3888; x_wconf 88' lang='lat' dir='ltr'>sera</span> 
     </span>
    </p>
   </div>
   <div class='ocr_carea' id='block_1_99' title="bbox 2112 3925 3760 3997">
    <p class='ocr_par' dir='ltr' id='par_1_99' title="bbox 2112 3925 3760 3997">
     <span class='ocr_line' id='line_1_99' title="bbox 2112 3925 3760 3997; baseline 0 -17"><span class='ocrx_word' id='word_1_664' title='bbox 2112 3933 2248 3980; x_wconf 91' lang='lat' dir='ltr'>sunt</span> <span class='ocrx_word' id='word_1_665' title='bbox 2279 3927 2406 3994; x_wconf 86' lang='lat' dir='ltr'>ejus</span> <span class='ocrx_word' id='word_1_666' title='bbox 2440 3925 2728 3997; x_wconf 69' lang='lat' dir='ltr'>praesidia,</span> <span class='ocrx_word' id='word_1_667' title='bbox 2762 3943 2890 3997; x_wconf 64' lang='lat' dir='ltr'>quae</span> <span class='ocrx_word' id='word_1_668' title='bbox 2915 3927 3039 3997; x_wconf 89' lang='lat' dir='ltr'>jam</span> <span class='ocrx_word' id='word_1_669' title='bbox 3074 3927 3145 3982; x_wconf 88' lang='lat' dir='ltr'>ab</span> <span class='ocrx_word' id='word_1_670' title='bbox 3184 3925 3350 3982; x_wconf 91' lang='lat' dir='ltr'>initio</span> <span class='ocrx_word' id='word_1_671' title='bbox 3383 3927 3613 3982; x_wconf 89' lang='lat' dir='ltr'>stetisse</span> <span class='ocrx_word' id='word_1_672' title='bbox 3663 3940 3760 3980; x_wconf 88' lang='lat' dir='ltr'>ne-</span> 
     </span>
    </p>
   </div>
   <div class='ocr_carea' id='block_1_100' title="bbox 2111 4018 2408 4071">
    <p class='ocr_par' dir='ltr' id='par_1_100' title="bbox 2111 4018 2408 4071">
     <span class='ocr_line' id='line_1_100' title="bbox 2111 4018 2408 4071; baseline 0.003 -1"><span class='ocrx_word' id='word_1_673' title='bbox 2111 4030 2272 4070; x_wconf 92' lang='lat' dir='ltr'>cesse</span> <span class='ocrx_word' id='word_1_674' title='bbox 2301 4018 2408 4071; x_wconf 91' lang='lat' dir='ltr'>est.</span> 
     </span>
    </p>
   </div>
   <div class='ocr_carea' id='block_1_101' title="bbox 2109 4121 3767 4193">
    <p class='ocr_par' dir='ltr' id='par_1_101' title="bbox 2109 4121 3767 4193">
     <span class='ocr_line' id='line_1_101' title="bbox 2109 4121 3767 4193; baseline 0.002 -18"><span class='ocrx_word' id='word_1_675' title='bbox 2109 4123 2136 4188; x_wconf 88' lang='lat'><strong>§</strong></span> <span class='ocrx_word' id='word_1_676' title='bbox 2168 4121 2240 4175; x_wconf 91' lang='lat' dir='ltr'>ll.</span> <span class='ocrx_word' id='word_1_677' title='bbox 2275 4122 2567 4193; x_wconf 71' lang='lat' dir='ltr'>Ite/utatur</span> <span class='ocrx_word' id='word_1_678' title='bbox 2595 4124 2834 4180; x_wconf 76' lang='lat' dir='ltr'>secunda</span> <span class='ocrx_word' id='word_1_679' title='bbox 2861 4125 3238 4190; x_wconf 77' lang='lat' dir='ltr'>exceptio,ubi</span> <span class='ocrx_word' id='word_1_680' title='bbox 3273 4122 3542 4179; x_wconf 85' lang='lat' dir='ltr'>homilias</span> <span class='ocrx_word' id='word_1_681' title='bbox 3575 4125 3767 4192; x_wconf 80' lang='lat' dir='ltr'>Orige-</span> 
     </span>
    </p>
   </div>
   <div class='ocr_carea' id='block_1_102' title="bbox 2180 4193 3768 4266">
    <p class='ocr_par' dir='ltr' id='par_1_102' title="bbox 2180 4193 3768 4266">
     <span class='ocr_line' id='line_1_102' title="bbox 2180 4193 3768 4266; baseline 0.002 -20"><span class='ocrx_word' id='word_1_682' title='bbox 2180 4193 2271 4248; x_wconf 79' lang='lat' dir='ltr'>nis</span> <span class='ocrx_word' id='word_1_683' title='bbox 2299 4199 2359 4249; x_wconf 80' lang='lat' dir='ltr'>in</span> <span class='ocrx_word' id='word_1_684' title='bbox 2390 4195 2591 4250; x_wconf 73' lang='lat' dir='ltr'>Lucam</span> <span class='ocrx_word' id='word_1_685' title='bbox 2621 4197 2686 4250; x_wconf 88' lang='lat' dir='ltr'>ab</span> <span class='ocrx_word' id='word_1_686' title='bbox 2709 4212 2768 4251; x_wconf 85' lang='lat' dir='ltr'>eo</span> <span class='ocrx_word' id='word_1_687' title='bbox 2798 4196 3029 4266; x_wconf 80' lang='lat' dir='ltr'>scriptas</span> <span class='ocrx_word' id='word_1_688' title='bbox 3078 4213 3194 4251; x_wconf 83' lang='lat' dir='ltr'>esse</span> <span class='ocrx_word' id='word_1_689' title='bbox 3252 4195 3679 4262; x_wconf 83' lang='lat' dir='ltr'>demonstratur,</span> <span class='ocrx_word' id='word_1_690' title='bbox 3715 4204 3768 4250; x_wconf 85' lang='lat' dir='ltr'>et</span> 
     </span>
    </p>
   </div>
   <div class='ocr_carea' id='block_1_103' title="bbox 2180 4266 3469 4338">
    <p class='ocr_par' dir='ltr' id='par_1_103' title="bbox 2180 4266 3469 4338">
     <span class='ocr_line' id='line_1_103' title="bbox 2180 4266 3469 4338; baseline 0.002 -19"><span class='ocrx_word' id='word_1_691' title='bbox 2180 4266 2632 4322; x_wconf 80' lang='lat' dir='ltr'>adversariorum</span> <span class='ocrx_word' id='word_1_692' title='bbox 2662 4267 3051 4336; x_wconf 77' lang='lat' dir='ltr'>obice-tionibus</span> <span class='ocrx_word' id='word_1_693' title='bbox 3081 4268 3469 4338; x_wconf 77' lang='lat' dir='ltr'>respondetur.</span> 
     </span>
    </p>
   </div>
   <div class='ocr_carea' id='block_1_104' title="bbox 2181 4369 3763 4445">
    <p class='ocr_par' dir='ltr' id='par_1_104' title="bbox 2181 4369 3763 4445">
     <span class='ocr_line' id='line_1_104' title="bbox 2181 4369 3763 4445; baseline -0.001 -20"><span class='ocrx_word' id='word_1_694' title='bbox 2181 4370 2340 4427; x_wconf 89' lang='lat' dir='ltr'>Patet</span> <span class='ocrx_word' id='word_1_695' title='bbox 2371 4372 2551 4444; x_wconf 92' lang='lat' dir='ltr'>igitur</span> <span class='ocrx_word' id='word_1_696' title='bbox 2581 4389 2758 4444; x_wconf 89' lang='lat' dir='ltr'>quam</span> <span class='ocrx_word' id='word_1_697' title='bbox 2792 4391 2942 4430; x_wconf 90' lang='lat' dir='ltr'>vana</span> <span class='ocrx_word' id='word_1_698' title='bbox 2972 4373 3238 4445; x_wconf 86' lang='lat' dir='ltr'>falsaque</span> <span class='ocrx_word' id='word_1_699' title='bbox 3279 4373 3359 4429; x_wconf 88' lang='lat' dir='ltr'>sit</span> <span class='ocrx_word' id='word_1_700' title='bbox 3390 4371 3577 4444; x_wconf 90' lang='lat' dir='ltr'>prima</span> <span class='ocrx_word' id='word_1_701' title='bbox 3630 4369 3763 4425; x_wconf 85' lang='lat' dir='ltr'>Dal-</span> 
     </span>
    </p>
   </div>
   <div class='ocr_carea' id='block_1_105' title="bbox 2109 4459 3766 4536">
    <p class='ocr_par' dir='ltr' id='par_1_105' title="bbox 2109 4459 3766 4536">
     <span class='ocr_line' id='line_1_105' title="bbox 2109 4459 3766 4536; baseline 0.002 -22"><span class='ocrx_word' id='word_1_702' title='bbox 2109 4459 2198 4515; x_wconf 76' lang='lat' dir='ltr'>laei</span> <span class='ocrx_word' id='word_1_703' title='bbox 2233 4462 2302 4516; x_wconf 91' lang='lat' dir='ltr'>ad</span> <span class='ocrx_word' id='word_1_704' title='bbox 2337 4461 2602 4534; x_wconf 90' lang='lat' dir='ltr'>Origenis</span> <span class='ocrx_word' id='word_1_705' title='bbox 2634 4463 3036 4520; x_wconf 87' lang='lat' dir='ltr'>auctoritatem</span> <span class='ocrx_word' id='word_1_706' title='bbox 3067 4463 3410 4536; x_wconf 90' lang='lat' dir='ltr'>responsio:</span> <span class='ocrx_word' id='word_1_707' title='bbox 3462 4462 3766 4517; x_wconf 83' lang='lat' dir='ltr'>videamus</span> 
     </span>
    </p>
   </div>
   <div class='ocr_carea' id='block_1_106' title="bbox 2113 4552 3764 4627">
    <p class='ocr_par' dir='ltr' id='par_1_106' title="bbox 2113 4552 3764 4627">
     <span class='ocr_line' id='line_1_106' title="bbox 2113 4552 3764 4627; baseline 0 -20"><span class='ocrx_word' id='word_1_708' title='bbox 2113 4568 2185 4607; x_wconf 90' lang='lat' dir='ltr'>an</span> <span class='ocrx_word' id='word_1_709' title='bbox 2222 4553 2479 4608; x_wconf 89' lang='lat' dir='ltr'>secunda</span> <span class='ocrx_word' id='word_1_710' title='bbox 2511 4553 2750 4623; x_wconf 83' lang='lat' dir='ltr'>majoris</span> <span class='ocrx_word' id='word_1_711' title='bbox 2783 4554 2861 4611; x_wconf 89' lang='lat' dir='ltr'>sit</span> <span class='ocrx_word' id='word_1_712' title='bbox 2891 4556 3166 4627; x_wconf 89' lang='lat' dir='ltr'>ponderis</span> <span class='ocrx_word' id='word_1_713' title='bbox 3197 4558 3253 4610; x_wconf 88' lang='lat' dir='ltr'>et</span> <span class='ocrx_word' id='word_1_714' title='bbox 3284 4553 3616 4610; x_wconf 82' lang='lat' dir='ltr'>soliditatis.</span> <span class='ocrx_word' id='word_1_715' title='bbox 3652 4552 3764 4608; x_wconf 85' lang='lat' dir='ltr'>Ne-</span> 
     </span>
    </p>
   </div>
   <div class='ocr_carea' id='block_1_107' title="bbox 2111 4640 3766 4715">
    <p class='ocr_par' dir='ltr' id='par_1_107' title="bbox 2111 4640 3766 4715">
     <span class='ocr_line' id='line_1_107' title="bbox 2111 4640 3766 4715; baseline 0.001 -19"><span class='ocrx_word' id='word_1_716' title='bbox 2111 4645 2208 4712; x_wconf 89' lang='lat' dir='ltr'>gat</span> <span class='ocrx_word' id='word_1_717' title='bbox 2236 4640 2333 4696; x_wconf 91' lang='lat' dir='ltr'>ille</span> <span class='ocrx_word' id='word_1_718' title='bbox 2377 4641 2546 4709; x_wconf 75' lang='lat' dir='ltr'>hanc,</span> <span class='ocrx_word' id='word_1_719' title='bbox 2598 4658 2776 4713; x_wconf 90' lang='lat' dir='ltr'>quam</span> <span class='ocrx_word' id='word_1_720' title='bbox 2831 4643 3162 4712; x_wconf 87' lang='lat' dir='ltr'>laudamus,</span> <span class='ocrx_word' id='word_1_721' title='bbox 3214 4642 3481 4715; x_wconf 88' lang='lat' dir='ltr'>aliasque</span> <span class='ocrx_word' id='word_1_722' title='bbox 3528 4646 3766 4698; x_wconf 62' lang='lat' dir='ltr'>caeteras</span> 
     </span>
    </p>
   </div>
   <div class='ocr_carea' id='block_1_108' title="bbox 2112 4731 3770 4806">
    <p class='ocr_par' dir='ltr' id='par_1_108' title="bbox 2112 4731 3770 4806">
     <span class='ocr_line' id='line_1_108' title="bbox 2112 4731 3770 4806; baseline 0.001 -20"><span class='ocrx_word' id='word_1_723' title='bbox 2112 4731 2375 4800; x_wconf 83' lang='lat' dir='ltr'>ejusdem</span> <span class='ocrx_word' id='word_1_724' title='bbox 2407 4731 2674 4804; x_wconf 88' lang='lat' dir='ltr'>Origenis</span> <span class='ocrx_word' id='word_1_725' title='bbox 2705 4734 2764 4788; x_wconf 90' lang='lat' dir='ltr'>in</span> <span class='ocrx_word' id='word_1_726' title='bbox 2800 4735 3008 4790; x_wconf 90' lang='lat' dir='ltr'>Lucam</span> <span class='ocrx_word' id='word_1_727' title='bbox 3045 4732 3316 4790; x_wconf 90' lang='lat' dir='ltr'>homilias</span> <span class='ocrx_word' id='word_1_728' title='bbox 3349 4736 3420 4788; x_wconf 91' lang='lat' dir='ltr'>ab</span> <span class='ocrx_word' id='word_1_729' title='bbox 3455 4734 3581 4806; x_wconf 89' lang='lat' dir='ltr'>ipso</span> <span class='ocrx_word' id='word_1_730' title='bbox 3633 4748 3770 4804; x_wconf 87' lang='lat' dir='ltr'>pro-</span> 
     </span>
    </p>
   </div>
   <div class='ocr_carea' id='block_1_109' title="bbox 2112 4820 3769 4892">
    <p class='ocr_par' dir='ltr' id='par_1_109' title="bbox 2112 4820 3769 4892">
     <span class='ocr_line' id='line_1_109' title="bbox 2112 4820 3769 4892; baseline 0.001 -18"><span class='ocrx_word' id='word_1_731' title='bbox 2112 4820 2293 4876; x_wconf 72' lang='lat' dir='ltr'>tectas</span> <span class='ocrx_word' id='word_1_732' title='bbox 2322 4837 2468 4876; x_wconf 85' lang='lat' dir='ltr'>esse.</span> <span class='ocrx_word' id='word_1_733' title='bbox 2519 4823 2584 4876; x_wconf 91' lang='lat' dir='ltr'>At</span> <span class='ocrx_word' id='word_1_734' title='bbox 2627 4821 2738 4877; x_wconf 67' lang='lat' dir='ltr'>illae</span> <span class='ocrx_word' id='word_1_735' title='bbox 2785 4823 2855 4878; x_wconf 88' lang='lat' dir='ltr'>ab</span> <span class='ocrx_word' id='word_1_736' title='bbox 2906 4824 3182 4880; x_wconf 89' lang='lat' dir='ltr'>omnibus</span> <span class='ocrx_word' id='word_1_737' title='bbox 3237 4822 3540 4878; x_wconf 79' lang='lat' dir='ltr'>catholicis</span> <span class='ocrx_word' id='word_1_738' title='bbox 3592 4827 3769 4892; x_wconf 88' lang='lat' dir='ltr'>atque</span> 
     </span>
    </p>
   </div>
   <div class='ocr_carea' id='block_1_110' title="bbox 2112 4908 3767 4984">
    <p class='ocr_par' dir='ltr' id='par_1_110' title="bbox 2112 4908 3767 4984">
     <span class='ocr_line' id='line_1_110' title="bbox 2112 4908 3767 4984; baseline 0.001 -20"><span class='ocrx_word' id='word_1_739' title='bbox 2112 4908 2288 4964; x_wconf 90' lang='lat' dir='ltr'>etiam</span> <span class='ocrx_word' id='word_1_740' title='bbox 2323 4909 2692 4966; x_wconf 84' lang='lat' dir='ltr'>heterodoxis</span> <span class='ocrx_word' id='word_1_741' title='bbox 2724 4928 2858 4967; x_wconf 91' lang='lat' dir='ltr'>cum</span> <span class='ocrx_word' id='word_1_742' title='bbox 2893 4913 3375 4984; x_wconf 89' lang='lat' dir='ltr'>protestantibus,</span> <span class='ocrx_word' id='word_1_743' title='bbox 3403 4917 3528 4967; x_wconf 90' lang='lat' dir='ltr'>tum</span> <span class='ocrx_word' id='word_1_744' title='bbox 3579 4910 3767 4968; x_wconf 90' lang='lat' dir='ltr'>Calvi-</span> 
     </span>
    </p>
   </div>
   <div class='ocr_carea' id='block_1_111' title="bbox 2114 4997 3769 5072">
    <p class='ocr_par' dir='ltr' id='par_1_111' title="bbox 2114 4997 3769 5072">
     <span class='ocr_line' id='line_1_111' title="bbox 2114 4997 3769 5072; baseline 0.002 -20"><span class='ocrx_word' id='word_1_745' title='bbox 2114 4997 2311 5067; x_wconf 87' lang='lat' dir='ltr'>nistis,</span> <span class='ocrx_word' id='word_1_746' title='bbox 2346 5015 2458 5055; x_wconf 91' lang='lat' dir='ltr'>uno</span> <span class='ocrx_word' id='word_1_747' title='bbox 2492 5009 2725 5071; x_wconf 88' lang='lat' dir='ltr'>excepto</span> <span class='ocrx_word' id='word_1_748' title='bbox 2757 5003 3019 5072; x_wconf 89' lang='lat' dir='ltr'>ejusdem</span> <span class='ocrx_word' id='word_1_749' title='bbox 3047 5003 3244 5059; x_wconf 72' lang='lat' dir='ltr'>Dallasi</span> <span class='ocrx_word' id='word_1_750' title='bbox 3281 5004 3604 5071; x_wconf 85' lang='lat' dir='ltr'>defensore,</span> <span class='ocrx_word' id='word_1_751' title='bbox 3637 5001 3769 5057; x_wconf 86' lang='lat' dir='ltr'>Ori—</span> 
     </span>
    </p>
   </div>
   <div class='ocr_carea' id='block_1_112' title="bbox 2117 5087 3770 5162">
    <p class='ocr_par' dir='ltr' id='par_1_112' title="bbox 2117 5087 3770 5162">
     <span class='ocr_line' id='line_1_112' title="bbox 2117 5087 3770 5162; baseline 0.002 -21"><span class='ocrx_word' id='word_1_752' title='bbox 2117 5087 2249 5159; x_wconf 89' lang='lat' dir='ltr'>geni</span> <span class='ocrx_word' id='word_1_753' title='bbox 2283 5088 2678 5145; x_wconf 89' lang='lat' dir='ltr'>ascribuntur.</span> <span class='ocrx_word' id='word_1_754' title='bbox 2719 5091 2847 5147; x_wconf 61' lang='lat' dir='ltr'>Haec</span> <span class='ocrx_word' id='word_1_755' title='bbox 2878 5096 3073 5148; x_wconf 90' lang='lat' dir='ltr'>tamen</span> <span class='ocrx_word' id='word_1_756' title='bbox 3095 5090 3370 5147; x_wconf 76' lang='lat' dir='ltr'>Dallaeum</span> <span class='ocrx_word' id='word_1_757' title='bbox 3404 5093 3646 5162; x_wconf 89' lang='lat' dir='ltr'>ejusque</span> <span class='ocrx_word' id='word_1_758' title='bbox 3667 5091 3770 5144; x_wconf 87' lang='lat' dir='ltr'>de-</span> 
     </span>
    </p>
   </div>
   <div class='ocr_carea' id='block_1_113' title="bbox 2114 5178 3774 5252">
    <p class='ocr_par' dir='ltr' id='par_1_113' title="bbox 2114 5178 3774 5252">
     <span class='ocr_line' id='line_1_113' title="bbox 2114 5178 3774 5252; baseline 0.002 -21"><span class='ocrx_word' id='word_1_759' title='bbox 2114 5178 2405 5234; x_wconf 88' lang='lat' dir='ltr'>fensorem</span> <span class='ocrx_word' id='word_1_760' title='bbox 2432 5179 2575 5234; x_wconf 87' lang='lat' dir='ltr'>nihil</span> <span class='ocrx_word' id='word_1_761' title='bbox 2604 5185 2927 5252; x_wconf 87' lang='lat' dir='ltr'>morantur,</span> <span class='ocrx_word' id='word_1_762' title='bbox 2953 5188 3127 5252; x_wconf 88' lang='lat' dir='ltr'>atque</span> <span class='ocrx_word' id='word_1_763' title='bbox 3149 5185 3349 5238; x_wconf 86' lang='lat' dir='ltr'>contra</span> <span class='ocrx_word' id='word_1_764' title='bbox 3371 5196 3575 5235; x_wconf 88' lang='lat' dir='ltr'>omnes</span> <span class='ocrx_word' id='word_1_765' title='bbox 3592 5178 3774 5234; x_wconf 89' lang='lat' dir='ltr'>etiam</span> 
     </span>
    </p>
   </div>
   <div class='ocr_carea' id='block_1_114' title="bbox 2117 5254 3776 5342">
    <p class='ocr_par' dir='ltr' id='par_1_114' title="bbox 2117 5254 3776 5342">
     <span class='ocr_line' id='line_1_114' title="bbox 2117 5254 3776 5342; baseline 0.001 -21"><span class='ocrx_word' id='word_1_766' title='bbox 2117 5254 2492 5324; x_wconf 83' lang='lat' dir='ltr'>doctissimos</span> <span class='ocrx_word' id='word_1_767' title='bbox 2525 5270 2864 5342; x_wconf 89' lang='lat' dir='ltr'>scriptores,</span> <span class='ocrx_word' id='word_1_768' title='bbox 2911 5272 3144 5327; x_wconf 88' lang='lat' dir='ltr'>easdem</span> <span class='ocrx_word' id='word_1_769' title='bbox 3181 5267 3452 5325; x_wconf 88' lang='lat' dir='ltr'>homilias</span> <span class='ocrx_word' id='word_1_770' title='bbox 3503 5266 3776 5339; x_wconf 90' lang='lat' dir='ltr'>Origeni</span> 
     </span>
    </p>
   </div>
   <div class='ocr_carea' id='block_1_115' title="bbox 2116 5357 3776 5431">
    <p class='ocr_par' dir='ltr' id='par_1_115' title="bbox 2116 5357 3776 5431">
     <span class='ocr_line' id='line_1_115' title="bbox 2116 5357 3776 5431; baseline 0.001 -20"><span class='ocrx_word' id='word_1_771' title='bbox 2116 5357 2319 5412; x_wconf 72' lang='lat' dir='ltr'>foetum</span> <span class='ocrx_word' id='word_1_772' title='bbox 2353 5375 2482 5415; x_wconf 91' lang='lat' dir='ltr'>esse</span> <span class='ocrx_word' id='word_1_773' title='bbox 2514 5367 2852 5431; x_wconf 86' lang='lat' dir='ltr'>pernegant.</span> <span class='ocrx_word' id='word_1_774' title='bbox 2887 5360 3106 5424; x_wconf 90' lang='lat' dir='ltr'>Quibus</span> <span class='ocrx_word' id='word_1_775' title='bbox 3148 5376 3285 5430; x_wconf 91' lang='lat' dir='ltr'>ergo</span> <span class='ocrx_word' id='word_1_776' title='bbox 3339 5357 3666 5413; x_wconf 87' lang='lat' dir='ltr'>rationibus</span> <span class='ocrx_word' id='word_1_777' title='bbox 3715 5357 3776 5414; x_wconf 92' lang='lat' dir='ltr'>id</span> 
     </span>
    </p>
   </div>
   <div class='ocr_carea' id='block_1_116' title="bbox 2116 5446 3776 5522">
    <p class='ocr_par' dir='ltr' id='par_1_116' title="bbox 2116 5446 3776 5522">
     <span class='ocr_line' id='line_1_116' title="bbox 2116 5446 3776 5522; baseline 0.002 -20"><span class='ocrx_word' id='word_1_778' title='bbox 2116 5448 2474 5522; x_wconf 90' lang='lat' dir='ltr'>inﬁcientur,</span> <span class='ocrx_word' id='word_1_779' title='bbox 2527 5451 2858 5508; x_wconf 88' lang='lat' dir='ltr'>audiamus.</span> <span class='ocrx_word' id='word_1_780' title='bbox 2905 5451 3138 5515; x_wconf 80' lang='lat' dir='ltr'>«Sane,</span> <span class='ocrx_word' id='word_1_781' title='bbox 3180 5448 3377 5522; x_wconf 88' lang='lat' dir='ltr'>inquit</span> <span class='ocrx_word' id='word_1_782' title='bbox 3423 5448 3679 5506; x_wconf 70' lang='lat' dir='ltr'>Dallaeus</span> <span class='ocrx_word' id='word_1_783' title='bbox 3704 5446 3776 5520; x_wconf 74' lang='lat'>7°,</span> 
     </span>
    </p>
   </div>
   <div class='ocr_carea' id='block_1_117' title="bbox 1152 5615 2470 5694">
    <p class='ocr_par' dir='ltr' id='par_1_117' title="bbox 1152 5615 2470 5694">
     <span class='ocr_line' id='line_1_117' title="bbox 1152 5615 2470 5694; baseline 0.008 -22"><span class='ocrx_word' id='word_1_784' title='bbox 1152 5615 1198 5651; x_wconf 76' lang='grc'>⁷⁸</span> <span class='ocrx_word' id='word_1_785' title='bbox 1236 5631 1360 5687; x_wconf 90' lang='lat' dir='ltr'>cap.</span> <span class='ocrx_word' id='word_1_786' title='bbox 1392 5616 1482 5682; x_wconf 81' lang='grc'>34,</span> <span class='ocrx_word' id='word_1_787' title='bbox 1516 5633 1571 5688; x_wconf 91' lang='lat' dir='ltr'>p.</span> <span class='ocrx_word' id='word_1_788' title='bbox 1606 5617 1733 5675; x_wconf 79' lang='grc'><strong>438.</strong></span> <span class='ocrx_word' id='word_1_789' title='bbox 1809 5616 1855 5654; x_wconf 79' lang='grc'>⁷⁸</span> <span class='ocrx_word' id='word_1_790' title='bbox 1891 5635 2018 5692; x_wconf 84' lang='lat' dir='ltr'>cap.</span> <span class='ocrx_word' id='word_1_791' title='bbox 2045 5621 2136 5691; x_wconf 81' lang='grc'>34,</span> <span class='ocrx_word' id='word_1_792' title='bbox 2181 5638 2310 5694; x_wconf 85' lang='lat' dir='ltr'>pag.</span> <span class='ocrx_word' id='word_1_793' title='bbox 2345 5622 2470 5682; x_wconf 81' lang='grc'>439.</span> 
     </span>
    </p>
   </div>
  </div>
