  <div class='ocr_page' id='page_1' title='image "/cluster/home/n/w/nwhite01/storage/ocr_20150623/5/mdp.39015015401063/258.png"; bbox 0 0 4112 6132; ppageno 0'>
   <div class='ocr_carea' id='block_1_1' title="bbox 273 329 392 390">
    <p class='ocr_par' dir='ltr' id='par_1_1' title="bbox 273 329 392 390">
     <span class='ocr_line' id='line_1_1' title="bbox 273 329 392 390; baseline -0.017 0"><span class='ocrx_word' id='word_1_1' title='bbox 273 329 392 390; x_wconf 73' lang='grc'><strong>489</strong></span> 
     </span>
    </p>
   </div>
   <div class='ocr_carea' id='block_1_2' title="bbox 1226 307 2748 398">
    <p class='ocr_par' dir='ltr' id='par_1_2' title="bbox 1226 307 2748 398">
     <span class='ocr_line' id='line_1_2' title="bbox 1226 307 2748 398; baseline 0.009 -14"><span class='ocrx_word' id='word_1_2' title='bbox 1226 326 1299 384; x_wconf 85' lang='lat' dir='ltr'><strong>n.</strong></span> <span class='ocrx_word' id='word_1_3' title='bbox 1347 324 1678 388; x_wconf 81' lang='lat' dir='ltr'><strong>NOURRII</strong></span> <span class='ocrx_word' id='word_1_4' title='bbox 1727 307 2277 392; x_wconf 83' lang='lat' dir='ltr'><strong>DISSERTA&#39;I‘IO.</strong></span> <span class='ocrx_word' id='word_1_5' title='bbox 2327 365 2401 382; x_wconf 83' lang='grc'><strong>-</strong></span> <span class='ocrx_word' id='word_1_6' title='bbox 2447 336 2651 398; x_wconf 79' lang='lat' dir='ltr'><strong>PARS</strong></span> <span class='ocrx_word' id='word_1_7' title='bbox 2699 335 2748 398; x_wconf 80' lang='grc' dir='ltr'><strong>ι.</strong></span> 
     </span>
    </p>
   </div>
   <div class='ocr_carea' id='block_1_3' title="bbox 3596 316 3714 394">
    <p class='ocr_par' dir='ltr' id='par_1_3' title="bbox 3596 316 3714 394">
     <span class='ocr_line' id='line_1_3' title="bbox 3596 316 3714 394; baseline 0.008 -3"><span class='ocrx_word' id='word_1_8' title='bbox 3596 316 3714 394; x_wconf 72' lang='lat'><strong>490</strong></span> 
     </span>
    </p>
   </div>
   <div class='ocr_carea' id='block_1_4' title="bbox 277 457 3718 544">
    <p class='ocr_par' dir='ltr' id='par_1_4' title="bbox 277 457 3718 544">
     <span class='ocr_line' id='line_1_4' title="bbox 277 457 3718 544; baseline 0.001 -27"><span class='ocrx_word' id='word_1_9' title='bbox 277 470 476 520; x_wconf 80' lang='lat' dir='ltr'><strong>totum</strong></span> <span class='ocrx_word' id='word_1_10' title='bbox 507 461 663 518; x_wconf 92' lang='lat' dir='ltr'><strong>illud</strong></span> <span class='ocrx_word' id='word_1_11' title='bbox 691 457 1068 518; x_wconf 91' lang='lat' dir='ltr'><strong>homiliarum</strong></span> <span class='ocrx_word' id='word_1_12' title='bbox 1101 459 1161 514; x_wconf 89' lang='lat' dir='ltr'><strong>in</strong></span> <span class='ocrx_word' id='word_1_13' title='bbox 1182 459 1398 516; x_wconf 90' lang='lat' dir='ltr'><strong>Lucam</strong></span> <span class='ocrx_word' id='word_1_14' title='bbox 1428 477 1575 533; x_wconf 91' lang='lat' dir='ltr'><strong>opus</strong></span> <span class='ocrx_word' id='word_1_15' title='bbox 1610 461 1944 517; x_wconf 88' lang='lat' dir='ltr'><strong>Latinorum</strong></span> <span class='ocrx_word' id='word_1_16' title='bbox 1977 465 2030 532; x_wconf 80' lang='grc' dir='ltr'><strong>Α</strong></span> <span class='ocrx_word' id='word_1_17' title='bbox 2061 474 2258 523; x_wconf 83' lang='lat' dir='ltr'><strong>menta</strong></span> <span class='ocrx_word' id='word_1_18' title='bbox 2287 470 2358 525; x_wconf 90' lang='lat' dir='ltr'><strong>ab</strong></span> <span class='ocrx_word' id='word_1_19' title='bbox 2411 471 2540 544; x_wconf 90' lang='lat' dir='ltr'><strong>ipso</strong></span> <span class='ocrx_word' id='word_1_20' title='bbox 2579 471 2762 529; x_wconf 82' lang='lat' dir='ltr'><strong>Graeci</strong></span> <span class='ocrx_word' id='word_1_21' title='bbox 2791 469 3045 527; x_wconf 89' lang='lat' dir='ltr'><strong>auctoris</strong></span> <span class='ocrx_word' id='word_1_22' title='bbox 3073 472 3234 525; x_wconf 87' lang='lat' dir='ltr'><strong>textu</strong></span> <span class='ocrx_word' id='word_1_23' title='bbox 3262 466 3669 525; x_wconf 80' lang='lat' dir='ltr'><strong>discriminate</strong></span> <span class='ocrx_word' id='word_1_24' title='bbox 3689 467 3718 522; x_wconf 85' lang='lat'><strong>?</strong></span> 
     </span>
    </p>
   </div>
   <div class='ocr_carea' id='block_1_5' title="bbox 285 548 1950 621">
    <p class='ocr_par' dir='ltr' id='par_1_5' title="bbox 285 548 1950 621">
     <span class='ocr_line' id='line_1_5' title="bbox 285 548 1950 621; baseline -0.002 -12"><span class='ocrx_word' id='word_1_25' title='bbox 285 551 579 610; x_wconf 76' lang='lat' dir='ltr'><strong>natalium</strong></span> <span class='ocrx_word' id='word_1_26' title='bbox 612 548 847 606; x_wconf 88' lang='lat' dir='ltr'><strong>indiciis</strong></span> <span class='ocrx_word' id='word_1_27' title='bbox 880 552 1078 605; x_wconf 90' lang='lat' dir='ltr'><strong>scatet.</strong></span> <span class='ocrx_word' id='word_1_28' title='bbox 1115 570 1144 598; x_wconf 89' lang='lat'>»</span> <span class='ocrx_word' id='word_1_29' title='bbox 1179 553 1460 621; x_wconf 89' lang='lat' dir='ltr'><strong>Longum,</strong></span> <span class='ocrx_word' id='word_1_30' title='bbox 1509 554 1706 621; x_wconf 87' lang='lat' dir='ltr'><strong>putas,</strong></span> <span class='ocrx_word' id='word_1_31' title='bbox 1739 549 1950 606; x_wconf 91' lang='lat' dir='ltr'><strong>horum</strong></span> 
     </span>
    </p>
   </div>
   <div class='ocr_carea' id='block_1_6' title="bbox 289 638 1951 712">
    <p class='ocr_par' dir='ltr' id='par_1_6' title="bbox 289 638 1951 712">
     <span class='ocr_line' id='line_1_6' title="bbox 289 638 1951 712; baseline -0.002 -12"><span class='ocrx_word' id='word_1_32' title='bbox 289 643 670 712; x_wconf 89' lang='lat' dir='ltr'><strong>indiciorum,</strong></span> <span class='ocrx_word' id='word_1_33' title='bbox 703 640 857 696; x_wconf 81' lang='lat' dir='ltr'><strong>sicut</strong></span> <span class='ocrx_word' id='word_1_34' title='bbox 911 639 968 694; x_wconf 92' lang='lat' dir='ltr'><strong>in</strong></span> <span class='ocrx_word' id='word_1_35' title='bbox 1003 638 1138 694; x_wconf 87' lang='lat' dir='ltr'><strong>aliis</strong></span> <span class='ocrx_word' id='word_1_36' title='bbox 1195 638 1323 711; x_wconf 90' lang='lat' dir='ltr'><strong>ipse</strong></span> <span class='ocrx_word' id='word_1_37' title='bbox 1378 644 1558 707; x_wconf 91' lang='lat' dir='ltr'><strong>amat,</strong></span> <span class='ocrx_word' id='word_1_38' title='bbox 1617 639 1951 712; x_wconf 87' lang='lat' dir='ltr'><strong>catalogum</strong></span> 
     </span>
    </p>
   </div>
   <div class='ocr_carea' id='block_1_7' title="bbox 298 727 1956 802">
    <p class='ocr_par' dir='ltr' id='par_1_7' title="bbox 298 727 1956 802">
     <span class='ocr_line' id='line_1_7' title="bbox 298 727 1956 802; baseline -0.002 -13"><span class='ocrx_word' id='word_1_39' title='bbox 298 731 530 790; x_wconf 79' lang='lat' dir='ltr'><strong>texuit?</strong></span> <span class='ocrx_word' id='word_1_40' title='bbox 561 729 735 786; x_wconf 89' lang='lat' dir='ltr'><strong>Nullo</strong></span> <span class='ocrx_word' id='word_1_41' title='bbox 771 729 976 785; x_wconf 92' lang='lat' dir='ltr'><strong>modo:</strong></span> <span class='ocrx_word' id='word_1_42' title='bbox 1019 745 1120 785; x_wconf 84' lang='lat' dir='ltr'><strong>sex</strong></span> <span class='ocrx_word' id='word_1_43' title='bbox 1156 732 1383 784; x_wconf 87' lang='lat' dir='ltr'><strong>tantum</strong></span> <span class='ocrx_word' id='word_1_44' title='bbox 1418 727 1655 784; x_wconf 90' lang='lat' dir='ltr'><strong>illorum</strong></span> <span class='ocrx_word' id='word_1_45' title='bbox 1688 729 1956 802; x_wconf 87' lang='lat' dir='ltr'><strong>exempla</strong></span> 
     </span>
    </p>
   </div>
   <div class='ocr_carea' id='block_1_8' title="bbox 291 817 1951 892">
    <p class='ocr_par' dir='ltr' id='par_1_8' title="bbox 291 817 1951 892">
     <span class='ocr_line' id='line_1_8' title="bbox 291 817 1951 892; baseline -0.003 -13"><span class='ocrx_word' id='word_1_46' title='bbox 291 823 545 889; x_wconf 78' lang='lat' dir='ltr'><strong>exhibet,</strong></span> <span class='ocrx_word' id='word_1_47' title='bbox 580 837 707 892; x_wconf 71' lang='lat' dir='ltr'><strong>qua!</strong></span> <span class='ocrx_word' id='word_1_48' title='bbox 750 836 890 874; x_wconf 84' lang='lat' dir='ltr'><strong>sane</strong></span> <span class='ocrx_word' id='word_1_49' title='bbox 923 818 1059 888; x_wconf 83' lang='lat' dir='ltr'><strong>quia</strong></span> <span class='ocrx_word' id='word_1_50' title='bbox 1091 835 1196 874; x_wconf 89' lang='lat' dir='ltr'><strong>nec</strong></span> <span class='ocrx_word' id='word_1_51' title='bbox 1230 817 1418 873; x_wconf 88' lang='lat' dir='ltr'><strong>multa</strong></span> <span class='ocrx_word' id='word_1_52' title='bbox 1447 824 1589 874; x_wconf 89' lang='lat' dir='ltr'><strong>sunt</strong></span> <span class='ocrx_word' id='word_1_53' title='bbox 1620 835 1725 874; x_wconf 90' lang='lat' dir='ltr'><strong>nec</strong></span> <span class='ocrx_word' id='word_1_54' title='bbox 1755 819 1951 891; x_wconf 82' lang='lat' dir='ltr'><strong>leuga,</strong></span> 
     </span>
    </p>
   </div>
   <div class='ocr_carea' id='block_1_9' title="bbox 292 907 1952 981">
    <p class='ocr_par' dir='ltr' id='par_1_9' title="bbox 292 907 1952 981">
     <span class='ocr_line' id='line_1_9' title="bbox 292 907 1952 981; baseline -0.003 -11"><span class='ocrx_word' id='word_1_55' title='bbox 292 915 362 970; x_wconf 90' lang='lat' dir='ltr'><strong>iis</strong></span> <span class='ocrx_word' id='word_1_56' title='bbox 422 909 838 969; x_wconf 80' lang='lat' dir='ltr'><strong>examinandis</strong></span> <span class='ocrx_word' id='word_1_57' title='bbox 897 908 1198 981; x_wconf 81' lang='lat' dir='ltr'><strong>paulisper</strong></span> <span class='ocrx_word' id='word_1_58' title='bbox 1246 907 1650 966; x_wconf 89' lang='lat' dir='ltr'><strong>immoremur.</strong></span> <span class='ocrx_word' id='word_1_59' title='bbox 1692 907 1952 965; x_wconf 90' lang='lat' dir='ltr'><strong>Primum</strong></span> 
     </span>
    </p>
   </div>
   <div class='ocr_carea' id='block_1_10' title="bbox 293 996 1949 1070">
    <p class='ocr_par' dir='ltr' id='par_1_10' title="bbox 293 996 1949 1070">
     <span class='ocr_line' id='line_1_10' title="bbox 293 996 1949 1070; baseline -0.004 -10"><span class='ocrx_word' id='word_1_60' title='bbox 293 1001 624 1060; x_wconf 83' lang='lat' dir='ltr'><strong>desumitur</strong></span> <span class='ocrx_word' id='word_1_61' title='bbox 653 1016 722 1055; x_wconf 83' lang='lat' dir='ltr'><strong>ex</strong></span> <span class='ocrx_word' id='word_1_62' title='bbox 765 997 1006 1054; x_wconf 88' lang='lat' dir='ltr'><strong>homilia</strong></span> <span class='ocrx_word' id='word_1_63' title='bbox 1037 999 1092 1054; x_wconf 88' lang='lat'><strong>5.</strong></span> <span class='ocrx_word' id='word_1_64' title='bbox 1128 1019 1157 1047; x_wconf 88' lang='lat'><strong>«</strong></span> <span class='ocrx_word' id='word_1_65' title='bbox 1185 998 1302 1070; x_wconf 88' lang='lat' dir='ltr'><strong>Ego</strong></span> <span class='ocrx_word' id='word_1_66' title='bbox 1335 1003 1533 1053; x_wconf 89' lang='lat' dir='ltr'><strong>autem</strong></span> <span class='ocrx_word' id='word_1_67' title='bbox 1561 996 1761 1069; x_wconf 90' lang='lat' dir='ltr'><strong>alogos</strong></span> <span class='ocrx_word' id='word_1_68' title='bbox 1793 1015 1949 1054; x_wconf 86' lang='lat' dir='ltr'><strong>sum.</strong></span> 
     </span>
    </p>
   </div>
   <div class='ocr_carea' id='block_1_11' title="bbox 294 1086 1954 1160">
    <p class='ocr_par' dir='ltr' id='par_1_11' title="bbox 294 1086 1954 1160">
     <span class='ocr_line' id='line_1_11' title="bbox 294 1086 1954 1160; baseline -0.004 -11"><span class='ocrx_word' id='word_1_69' title='bbox 294 1093 454 1160; x_wconf 88' lang='lat' dir='ltr'><strong>Quod</strong></span> <span class='ocrx_word' id='word_1_70' title='bbox 491 1092 626 1147; x_wconf 87' lang='lat' dir='ltr'><strong>licet</strong></span> <span class='ocrx_word' id='word_1_71' title='bbox 677 1089 910 1145; x_wconf 87' lang='lat' dir='ltr'><strong>Latinus</strong></span> <span class='ocrx_word' id='word_1_72' title='bbox 960 1086 1128 1144; x_wconf 77' lang='lat' dir='ltr'><strong>aliter</strong></span> <span class='ocrx_word' id='word_1_73' title='bbox 1158 1087 1531 1158; x_wconf 70' lang='lat' dir='ltr'><strong>errpresserit,</strong></span> <span class='ocrx_word' id='word_1_74' title='bbox 1565 1091 1762 1143; x_wconf 88' lang='lat' dir='ltr'><strong>tamen</strong></span> <span class='ocrx_word' id='word_1_75' title='bbox 1817 1105 1954 1158; x_wconf 91' lang='lat' dir='ltr'><strong>pro-</strong></span> 
     </span>
    </p>
   </div>
   <div class='ocr_carea' id='block_1_12' title="bbox 295 1177 1952 1255">
    <p class='ocr_par' dir='ltr' id='par_1_12' title="bbox 295 1177 1952 1255">
     <span class='ocr_line' id='line_1_12' title="bbox 295 1177 1952 1255; baseline -0.003 -18"><span class='ocrx_word' id='word_1_76' title='bbox 295 1184 416 1255; x_wconf 82' lang='lat' dir='ltr'><strong>prie</strong></span> <span class='ocrx_word' id='word_1_77' title='bbox 466 1179 773 1237; x_wconf 76' lang='lat' dir='ltr'><strong>transferri</strong></span> <span class='ocrx_word' id='word_1_78' title='bbox 825 1182 1017 1250; x_wconf 80' lang='lat' dir='ltr'><strong>potest</strong></span> <span class='ocrx_word' id='word_1_79' title='bbox 1061 1177 1262 1247; x_wconf 83' lang='lat' dir='ltr'><strong>absque</strong></span> <span class='ocrx_word' id='word_1_80' title='bbox 1307 1191 1577 1246; x_wconf 78' lang='lat' dir='ltr'><strong>sermone,</strong></span> <span class='ocrx_word' id='word_1_81' title='bbox 1609 1177 1730 1232; x_wconf 73' lang='lat' dir='ltr'><strong>sine</strong></span> <span class='ocrx_word' id='word_1_82' title='bbox 1778 1177 1952 1233; x_wconf 77' lang='lat' dir='ltr'><strong>ratio-</strong></span> 
     </span>
    </p>
   </div>
   <div class='ocr_carea' id='block_1_13' title="bbox 295 1265 1954 1338">
    <p class='ocr_par' dir='ltr' id='par_1_13' title="bbox 295 1265 1954 1338">
     <span class='ocr_line' id='line_1_13' title="bbox 295 1265 1954 1338; baseline -0.004 -10"><span class='ocrx_word' id='word_1_83' title='bbox 295 1289 380 1328; x_wconf 80' lang='lat' dir='ltr'><strong>ne.</strong></span> <span class='ocrx_word' id='word_1_84' title='bbox 415 1294 444 1321; x_wconf 82' lang='lat'>»</span> <span class='ocrx_word' id='word_1_85' title='bbox 499 1271 836 1326; x_wconf 87' lang='lat' dir='ltr'><strong>Secundum</strong></span> <span class='ocrx_word' id='word_1_86' title='bbox 870 1284 939 1322; x_wconf 84' lang='lat' dir='ltr'><strong>ex</strong></span> <span class='ocrx_word' id='word_1_87' title='bbox 988 1265 1230 1322; x_wconf 89' lang='lat' dir='ltr'><strong>homilia</strong></span> <span class='ocrx_word' id='word_1_88' title='bbox 1287 1270 1486 1320; x_wconf 85' lang='lat' dir='ltr'><strong>sexta:</strong></span> <span class='ocrx_word' id='word_1_89' title='bbox 1522 1287 1550 1315; x_wconf 89' lang='grc'><strong>‹‹</strong></span> <span class='ocrx_word' id='word_1_90' title='bbox 1585 1267 1716 1334; x_wconf 85' lang='lat' dir='ltr'><strong>Ave,</strong></span> <span class='ocrx_word' id='word_1_91' title='bbox 1764 1267 1954 1338; x_wconf 87' lang='lat' dir='ltr'><strong>gratia</strong></span> 
     </span>
    </p>
   </div>
   <div class='ocr_carea' id='block_1_14' title="bbox 298 1351 1951 1434">
    <p class='ocr_par' dir='ltr' id='par_1_14' title="bbox 298 1351 1951 1434">
     <span class='ocr_line' id='line_1_14' title="bbox 298 1351 1951 1434; baseline -0.004 -17"><span class='ocrx_word' id='word_1_92' title='bbox 298 1363 503 1434; x_wconf 90' lang='lat' dir='ltr'><strong>plena:</strong></span> <span class='ocrx_word' id='word_1_93' title='bbox 561 1357 722 1430; x_wconf 90' lang='lat' dir='ltr'><strong>quod</strong></span> <span class='ocrx_word' id='word_1_94' title='bbox 765 1361 958 1411; x_wconf 62' lang='lat' dir='ltr'><strong>Graece</strong></span> <span class='ocrx_word' id='word_1_95' title='bbox 988 1355 1208 1411; x_wconf 87' lang='lat' dir='ltr'><strong>dicitur</strong></span> <span class='ocrx_word' id='word_1_96' title='bbox 1260 1351 1701 1427; x_wconf 79' lang='grc' dir='ltr'><strong>κεχαριτωμένη,</strong></span> <span class='ocrx_word' id='word_1_97' title='bbox 1737 1355 1837 1410; x_wconf 89' lang='lat' dir='ltr'><strong>ubi</strong></span> <span class='ocrx_word' id='word_1_98' title='bbox 1892 1355 1951 1411; x_wconf 93' lang='lat' dir='ltr'><strong>in</strong></span> 
     </span>
    </p>
   </div>
   <div class='ocr_carea' id='block_1_15' title="bbox 297 1444 1951 1522">
    <p class='ocr_par' dir='ltr' id='par_1_15' title="bbox 297 1444 1951 1522">
     <span class='ocr_line' id='line_1_15' title="bbox 297 1444 1951 1522; baseline -0.004 -16"><span class='ocrx_word' id='word_1_99' title='bbox 297 1449 610 1522; x_wconf 79' lang='lat' dir='ltr'><strong>Scripturis</strong></span> <span class='ocrx_word' id='word_1_100' title='bbox 643 1447 784 1503; x_wconf 88' lang='lat' dir='ltr'>alibi</span> <span class='ocrx_word' id='word_1_101' title='bbox 831 1445 1094 1516; x_wconf 83' lang='lat' dir='ltr'><strong>legerim,</strong></span> <span class='ocrx_word' id='word_1_102' title='bbox 1130 1460 1244 1499; x_wconf 90' lang='lat' dir='ltr'><strong>non</strong></span> <span class='ocrx_word' id='word_1_103' title='bbox 1278 1445 1567 1499; x_wconf 84' lang='lat' dir='ltr'><strong>recordor.</strong></span> <span class='ocrx_word' id='word_1_104' title='bbox 1603 1465 1632 1494; x_wconf 86' lang='lat'><strong><em>»</em></strong></span> <span class='ocrx_word' id='word_1_105' title='bbox 1685 1444 1951 1500; x_wconf 91' lang='lat' dir='ltr'><strong>Tertium</strong></span> 
     </span>
    </p>
   </div>
   <div class='ocr_carea' id='block_1_16' title="bbox 298 1532 1950 1604">
    <p class='ocr_par' dir='ltr' id='par_1_16' title="bbox 298 1532 1950 1604">
     <span class='ocr_line' id='line_1_16' title="bbox 298 1532 1950 1604; baseline -0.005 -6"><span class='ocrx_word' id='word_1_106' title='bbox 298 1559 364 1598; x_wconf 84' lang='lat' dir='ltr'><strong>ex</strong></span> <span class='ocrx_word' id='word_1_107' title='bbox 424 1537 666 1596; x_wconf 85' lang='lat' dir='ltr'><strong>homilia</strong></span> <span class='ocrx_word' id='word_1_108' title='bbox 699 1537 796 1592; x_wconf 77' lang='lat'><strong>16:</strong></span> <span class='ocrx_word' id='word_1_109' title='bbox 855 1557 883 1586; x_wconf 86' lang='lat'>«</span> <span class='ocrx_word' id='word_1_110' title='bbox 915 1535 1170 1590; x_wconf 84' lang='lat' dir='ltr'><strong>Cadaver</strong></span> <span class='ocrx_word' id='word_1_111' title='bbox 1199 1532 1415 1604; x_wconf 83' lang='lat' dir='ltr'><strong>quippe</strong></span> <span class='ocrx_word' id='word_1_112' title='bbox 1477 1553 1510 1588; x_wconf 86' lang='lat' dir='ltr'><strong>a</strong></span> <span class='ocrx_word' id='word_1_113' title='bbox 1544 1548 1683 1589; x_wconf 87' lang='lat' dir='ltr'><strong>casu</strong></span> <span class='ocrx_word' id='word_1_114' title='bbox 1741 1550 1950 1589; x_wconf 89' lang='lat' dir='ltr'><strong>nomen</strong></span> 
     </span>
    </p>
   </div>
   <div class='ocr_carea' id='block_1_17' title="bbox 298 1622 1952 1700">
    <p class='ocr_par' dir='ltr' id='par_1_17' title="bbox 298 1622 1952 1700">
     <span class='ocr_line' id='line_1_17' title="bbox 298 1622 1952 1700; baseline -0.004 -14"><span class='ocrx_word' id='word_1_115' title='bbox 298 1629 534 1700; x_wconf 89' lang='lat' dir='ltr'><strong>accepit.</strong></span> <span class='ocrx_word' id='word_1_116' title='bbox 572 1650 599 1678; x_wconf 84' lang='lat'><em>»</em></span> <span class='ocrx_word' id='word_1_117' title='bbox 627 1629 913 1693; x_wconf 88' lang='lat' dir='ltr'><strong>Quartum</strong></span> <span class='ocrx_word' id='word_1_118' title='bbox 946 1641 1011 1680; x_wconf 83' lang='lat' dir='ltr'><strong>ex</strong></span> <span class='ocrx_word' id='word_1_119' title='bbox 1048 1624 1347 1690; x_wconf 84' lang='lat' dir='ltr'><strong>homil.22,</strong></span> <span class='ocrx_word' id='word_1_120' title='bbox 1383 1623 1485 1678; x_wconf 90' lang='lat' dir='ltr'><strong>ubi</strong></span> <span class='ocrx_word' id='word_1_121' title='bbox 1516 1622 1796 1695; x_wconf 85' lang='lat' dir='ltr'>Origenes</span> <span class='ocrx_word' id='word_1_122' title='bbox 1829 1623 1952 1679; x_wconf 74' lang='lat' dir='ltr'><strong>haec</strong></span> 
     </span>
    </p>
   </div>
   <div class='ocr_carea' id='block_1_18' title="bbox 295 1712 1953 1786">
    <p class='ocr_par' dir='ltr' id='par_1_18' title="bbox 295 1712 1953 1786">
     <span class='ocr_line' id='line_1_18' title="bbox 295 1712 1953 1786; baseline -0.005 -11"><span class='ocrx_word' id='word_1_123' title='bbox 295 1721 489 1786; x_wconf 88' lang='lat' dir='ltr'><strong>verba,</strong></span> <span class='ocrx_word' id='word_1_124' title='bbox 523 1740 552 1767; x_wconf 86' lang='grc'>‹‹</span> <span class='ocrx_word' id='word_1_125' title='bbox 585 1719 885 1772; x_wconf 87' lang='lat' dir='ltr'><strong>vertantur</strong></span> <span class='ocrx_word' id='word_1_126' title='bbox 914 1713 973 1769; x_wconf 90' lang='lat' dir='ltr'><strong>in</strong></span> <span class='ocrx_word' id='word_1_127' title='bbox 1005 1712 1251 1784; x_wconf 85' lang='lat' dir='ltr'><strong>lapides,</strong></span> <span class='ocrx_word' id='word_1_128' title='bbox 1289 1733 1317 1760; x_wconf 89' lang='lat'>»</span> <span class='ocrx_word' id='word_1_129' title='bbox 1346 1712 1619 1767; x_wconf 86' lang='lat' dir='ltr'><strong>edisserit</strong></span> <span class='ocrx_word' id='word_1_130' title='bbox 1651 1729 1663 1767; x_wconf 93' lang='lat'><strong>:</strong></span> <span class='ocrx_word' id='word_1_131' title='bbox 1702 1733 1731 1762; x_wconf 84' lang='lat'><strong><em>«</em></strong></span> <span class='ocrx_word' id='word_1_132' title='bbox 1766 1716 1953 1783; x_wconf 81' lang='lat' dir='ltr'><strong>Roga-</strong></span> 
     </span>
    </p>
   </div>
   <div class='ocr_carea' id='block_1_19' title="bbox 300 1801 1953 1880">
    <p class='ocr_par' dir='ltr' id='par_1_19' title="bbox 300 1801 1953 1880">
     <span class='ocr_line' id='line_1_19' title="bbox 300 1801 1953 1880; baseline -0.006 -14"><span class='ocrx_word' id='word_1_133' title='bbox 300 1816 414 1876; x_wconf 90' lang='lat' dir='ltr'><strong>tur,</strong></span> <span class='ocrx_word' id='word_1_134' title='bbox 444 1808 660 1880; x_wconf 82' lang='lat' dir='ltr'><strong>inquit,</strong></span> <span class='ocrx_word' id='word_1_135' title='bbox 698 1807 867 1870; x_wconf 89' lang='lat' dir='ltr'><strong>Deus,</strong></span> <span class='ocrx_word' id='word_1_136' title='bbox 903 1809 966 1858; x_wconf 93' lang='lat' dir='ltr'><strong>ut</strong></span> <span class='ocrx_word' id='word_1_137' title='bbox 1008 1801 1304 1873; x_wconf 85' lang='lat' dir='ltr'><strong>paulisper</strong></span> <span class='ocrx_word' id='word_1_138' title='bbox 1331 1805 1746 1857; x_wconf 83' lang='lat' dir='ltr'><strong>convertantur</strong></span> <span class='ocrx_word' id='word_1_139' title='bbox 1769 1801 1830 1858; x_wconf 88' lang='lat' dir='ltr'><strong>in</strong></span> <span class='ocrx_word' id='word_1_140' title='bbox 1867 1801 1953 1856; x_wconf 81' lang='lat' dir='ltr'><strong>la-</strong></span> 
     </span>
    </p>
   </div>
   <div class='ocr_carea' id='block_1_20' title="bbox 300 1893 1950 1972">
    <p class='ocr_par' dir='ltr' id='par_1_20' title="bbox 300 1893 1950 1972">
     <span class='ocr_line' id='line_1_20' title="bbox 300 1893 1950 1972; baseline -0.004 -17"><span class='ocrx_word' id='word_1_141' title='bbox 300 1901 502 1972; x_wconf 86' lang='lat' dir='ltr'><strong>pides;</strong></span> <span class='ocrx_word' id='word_1_142' title='bbox 537 1899 646 1953; x_wconf 93' lang='lat' dir='ltr'><strong>hoc</strong></span> <span class='ocrx_word' id='word_1_143' title='bbox 693 1897 845 1952; x_wconf 90' lang='lat' dir='ltr'><strong>enim</strong></span> <span class='ocrx_word' id='word_1_144' title='bbox 878 1895 1110 1950; x_wconf 74' lang='lat' dir='ltr'><strong>Grrecus</strong></span> <span class='ocrx_word' id='word_1_145' title='bbox 1164 1909 1356 1948; x_wconf 86' lang='lat' dir='ltr'>sermo</span> <span class='ocrx_word' id='word_1_146' title='bbox 1387 1893 1810 1962; x_wconf 80' lang='lat' dir='ltr'><strong>signiﬁcantius</strong></span> <span class='ocrx_word' id='word_1_147' title='bbox 1855 1910 1950 1949; x_wconf 89' lang='lat' dir='ltr'><strong>so-</strong></span> 
     </span>
    </p>
   </div>
   <div class='ocr_carea' id='block_1_21' title="bbox 303 1981 1952 2052">
    <p class='ocr_par' dir='ltr' id='par_1_21' title="bbox 303 1981 1952 2052">
     <span class='ocr_line' id='line_1_21' title="bbox 303 1981 1952 2052; baseline -0.004 -8"><span class='ocrx_word' id='word_1_148' title='bbox 303 1994 422 2045; x_wconf 83' lang='lat' dir='ltr'><strong>nat.</strong></span> <span class='ocrx_word' id='word_1_149' title='bbox 447 2011 476 2038; x_wconf 85' lang='lat'>»</span> <span class='ocrx_word' id='word_1_150' title='bbox 509 1987 788 2052; x_wconf 86' lang='lat' dir='ltr'><strong>Quintum</strong></span> <span class='ocrx_word' id='word_1_151' title='bbox 823 2000 892 2039; x_wconf 84' lang='lat' dir='ltr'><strong>ex</strong></span> <span class='ocrx_word' id='word_1_152' title='bbox 922 1981 1128 2038; x_wconf 90' lang='lat' dir='ltr'><strong>homil.</strong></span> <span class='ocrx_word' id='word_1_153' title='bbox 1161 1983 1266 2037; x_wconf 84' lang='lat'><strong>35:</strong></span> <span class='ocrx_word' id='word_1_154' title='bbox 1323 2003 1350 2032; x_wconf 84' lang='grc'><strong>‹‹</strong></span> <span class='ocrx_word' id='word_1_155' title='bbox 1387 1981 1509 2039; x_wconf 89' lang='lat' dir='ltr'><strong>Non</strong></span> <span class='ocrx_word' id='word_1_156' title='bbox 1543 1998 1673 2037; x_wconf 90' lang='lat' dir='ltr'><strong>cum</strong></span> <span class='ocrx_word' id='word_1_157' title='bbox 1707 1981 1952 2038; x_wconf 91' lang='lat' dir='ltr'><strong>articulo</strong></span> 
     </span>
    </p>
   </div>
   <div class='ocr_carea' id='block_1_22' title="bbox 301 2072 1949 2151">
    <p class='ocr_par' dir='ltr' id='par_1_22' title="bbox 301 2072 1949 2151">
     <span class='ocr_line' id='line_1_22' title="bbox 301 2072 1949 2151; baseline -0.002 -18"><span class='ocrx_word' id='word_1_158' title='bbox 301 2078 627 2151; x_wconf 87' lang='lat' dir='ltr'><strong>principem</strong></span> <span class='ocrx_word' id='word_1_159' title='bbox 664 2074 876 2147; x_wconf 84' lang='lat' dir='ltr'><strong>posuit,</strong></span> <span class='ocrx_word' id='word_1_160' title='bbox 919 2089 989 2129; x_wconf 91' lang='lat' dir='ltr'><strong>ne</strong></span> <span class='ocrx_word' id='word_1_161' title='bbox 1020 2077 1242 2128; x_wconf 89' lang='lat' dir='ltr'><strong>certum</strong></span> <span class='ocrx_word' id='word_1_162' title='bbox 1289 2072 1582 2127; x_wconf 89' lang='lat' dir='ltr'><strong>videretur</strong></span> <span class='ocrx_word' id='word_1_163' title='bbox 1611 2073 1949 2129; x_wconf 78' lang='lat' dir='ltr'><strong>ostendere:</strong></span> 
     </span>
    </p>
   </div>
   <div class='ocr_carea' id='block_1_23' title="bbox 300 2160 1952 2233">
    <p class='ocr_par' dir='ltr' id='par_1_23' title="bbox 300 2160 1952 2233">
     <span class='ocr_line' id='line_1_23' title="bbox 300 2160 1952 2233; baseline -0.005 -9"><span class='ocrx_word' id='word_1_164' title='bbox 300 2169 399 2224; x_wconf 87' lang='lat' dir='ltr'><strong>sed</strong></span> <span class='ocrx_word' id='word_1_165' title='bbox 433 2165 563 2222; x_wconf 89' lang='lat' dir='ltr'><strong>sine</strong></span> <span class='ocrx_word' id='word_1_166' title='bbox 616 2163 882 2233; x_wconf 89' lang='lat' dir='ltr'><strong>articulo,</strong></span> <span class='ocrx_word' id='word_1_167' title='bbox 917 2170 976 2218; x_wconf 89' lang='lat' dir='ltr'><strong>ut</strong></span> <span class='ocrx_word' id='word_1_168' title='bbox 1007 2178 1038 2217; x_wconf 92' lang='lat' dir='ltr'><strong>e</strong></span> <span class='ocrx_word' id='word_1_169' title='bbox 1088 2160 1356 2232; x_wconf 87' lang='lat' dir='ltr'><strong>pluribus</strong></span> <span class='ocrx_word' id='word_1_170' title='bbox 1412 2177 1594 2215; x_wconf 89' lang='lat' dir='ltr'><strong>unum</strong></span> <span class='ocrx_word' id='word_1_171' title='bbox 1624 2177 1751 2218; x_wconf 89' lang='lat' dir='ltr'><strong>esse</strong></span> <span class='ocrx_word' id='word_1_172' title='bbox 1784 2178 1952 2218; x_wconf 89' lang='lat' dir='ltr'><strong>mon-</strong></span> 
     </span>
    </p>
   </div>
   <div class='ocr_carea' id='block_1_24' title="bbox 298 2249 1952 2325">
    <p class='ocr_par' dir='ltr' id='par_1_24' title="bbox 298 2249 1952 2325">
     <span class='ocr_line' id='line_1_24' title="bbox 298 2249 1952 2325; baseline -0.007 -13"><span class='ocrx_word' id='word_1_173' title='bbox 298 2259 551 2312; x_wconf 90' lang='lat' dir='ltr'><strong>straret:</strong></span> <span class='ocrx_word' id='word_1_174' title='bbox 587 2254 741 2325; x_wconf 89' lang='lat' dir='ltr'><strong>quod</strong></span> <span class='ocrx_word' id='word_1_175' title='bbox 803 2253 956 2323; x_wconf 91' lang='lat' dir='ltr'><strong>apud</strong></span> <span class='ocrx_word' id='word_1_176' title='bbox 990 2251 1218 2307; x_wconf 70' lang='lat' dir='ltr'><strong>Graecos</strong></span> <span class='ocrx_word' id='word_1_177' title='bbox 1275 2250 1463 2321; x_wconf 89' lang='lat' dir='ltr'><strong>magis</strong></span> <span class='ocrx_word' id='word_1_178' title='bbox 1511 2249 1888 2322; x_wconf 82' lang='lat' dir='ltr'><strong>intelligitur.</strong></span> <span class='ocrx_word' id='word_1_179' title='bbox 1923 2271 1952 2302; x_wconf 84' lang='lat'>»</span> 
     </span>
    </p>
   </div>
   <div class='ocr_carea' id='block_1_25' title="bbox 299 2340 1954 2404">
    <p class='ocr_par' dir='ltr' id='par_1_25' title="bbox 299 2340 1954 2404">
     <span class='ocr_line' id='line_1_25' title="bbox 299 2340 1954 2404; baseline -0.004 -1"><span class='ocrx_word' id='word_1_180' title='bbox 299 2349 540 2404; x_wconf 82' lang='lat' dir='ltr'><strong>Sextum</strong></span> <span class='ocrx_word' id='word_1_181' title='bbox 573 2361 643 2400; x_wconf 81' lang='lat' dir='ltr'><strong>ex</strong></span> <span class='ocrx_word' id='word_1_182' title='bbox 671 2344 875 2399; x_wconf 89' lang='lat' dir='ltr'><strong>eadem</strong></span> <span class='ocrx_word' id='word_1_183' title='bbox 911 2341 1110 2398; x_wconf 90' lang='lat' dir='ltr'><strong>homil.</strong></span> <span class='ocrx_word' id='word_1_184' title='bbox 1139 2357 1152 2395; x_wconf 96' lang='lat'><strong>:</strong></span> <span class='ocrx_word' id='word_1_185' title='bbox 1179 2340 1615 2404; x_wconf 86' lang='lat' dir='ltr'><strong>«Quadrantem</strong></span> <span class='ocrx_word' id='word_1_186' title='bbox 1641 2341 1729 2396; x_wconf 88' lang='lat' dir='ltr'><strong>vel</strong></span> <span class='ocrx_word' id='word_1_187' title='bbox 1762 2342 1954 2398; x_wconf 91' lang='lat' dir='ltr'><strong>novis-</strong></span> 
     </span>
    </p>
   </div>
   <div class='ocr_carea' id='block_1_26' title="bbox 297 2430 1947 2503">
    <p class='ocr_par' dir='ltr' id='par_1_26' title="bbox 297 2430 1947 2503">
     <span class='ocr_line' id='line_1_26' title="bbox 297 2430 1947 2503; baseline -0.007 -11"><span class='ocrx_word' id='word_1_188' title='bbox 297 2439 517 2492; x_wconf 90' lang='lat' dir='ltr'><strong>simum</strong></span> <span class='ocrx_word' id='word_1_189' title='bbox 553 2434 884 2499; x_wconf 88' lang='lat' dir='ltr'><strong>minutum;</strong></span> <span class='ocrx_word' id='word_1_190' title='bbox 921 2431 1076 2503; x_wconf 91' lang='lat' dir='ltr'><strong>quod</strong></span> <span class='ocrx_word' id='word_1_191' title='bbox 1107 2433 1299 2485; x_wconf 72' lang='lat' dir='ltr'><strong>Graece</strong></span> <span class='ocrx_word' id='word_1_192' title='bbox 1327 2434 1502 2486; x_wconf 89' lang='lat' dir='ltr'><strong>tenue</strong></span> <span class='ocrx_word' id='word_1_193' title='bbox 1533 2430 1646 2486; x_wconf 91' lang='lat' dir='ltr'><strong>dici</strong></span> <span class='ocrx_word' id='word_1_194' title='bbox 1682 2435 1892 2502; x_wconf 87' lang='lat' dir='ltr'><strong>potest.</strong></span> <span class='ocrx_word' id='word_1_195' title='bbox 1918 2452 1947 2481; x_wconf 84' lang='lat'><strong>»</strong></span> 
     </span>
    </p>
   </div>
   <div class='ocr_carea' id='block_1_27' title="bbox 295 2519 1954 2591">
    <p class='ocr_par' dir='ltr' id='par_1_27' title="bbox 295 2519 1954 2591">
     <span class='ocr_line' id='line_1_27' title="bbox 295 2519 1954 2591; baseline -0.002 -12"><span class='ocrx_word' id='word_1_196' title='bbox 295 2527 513 2581; x_wconf 89' lang='lat' dir='ltr'><strong>Verum</strong></span> <span class='ocrx_word' id='word_1_197' title='bbox 546 2524 619 2579; x_wconf 90' lang='lat' dir='ltr'><strong>de</strong></span> <span class='ocrx_word' id='word_1_198' title='bbox 650 2522 759 2577; x_wconf 90' lang='lat' dir='ltr'><strong>hoc</strong></span> <span class='ocrx_word' id='word_1_199' title='bbox 788 2537 1032 2577; x_wconf 89' lang='lat' dir='ltr'><strong>numero</strong></span> <span class='ocrx_word' id='word_1_200' title='bbox 1067 2519 1301 2576; x_wconf 90' lang='lat' dir='ltr'><strong>tertium</strong></span> <span class='ocrx_word' id='word_1_201' title='bbox 1328 2519 1664 2591; x_wconf 78' lang='lat' dir='ltr'><strong>exemplum</strong></span> <span class='ocrx_word' id='word_1_202' title='bbox 1700 2519 1823 2576; x_wconf 90' lang='lat' dir='ltr'><strong>tolli</strong></span> <span class='ocrx_word' id='word_1_203' title='bbox 1853 2523 1954 2576; x_wconf 85' lang='lat' dir='ltr'><strong>de-</strong></span> 
     </span>
    </p>
   </div>
   <div class='ocr_carea' id='block_1_28' title="bbox 295 2609 1958 2682">
    <p class='ocr_par' dir='ltr' id='par_1_28' title="bbox 295 2609 1958 2682">
     <span class='ocr_line' id='line_1_28' title="bbox 295 2609 1958 2682; baseline -0.006 -12"><span class='ocrx_word' id='word_1_204' title='bbox 295 2617 430 2682; x_wconf 90' lang='lat' dir='ltr'><strong>bet;</strong></span> <span class='ocrx_word' id='word_1_205' title='bbox 482 2613 729 2669; x_wconf 87' lang='lat' dir='ltr'><strong>Latinus</strong></span> <span class='ocrx_word' id='word_1_206' title='bbox 760 2611 915 2666; x_wconf 88' lang='lat' dir='ltr'><strong>enim</strong></span> <span class='ocrx_word' id='word_1_207' title='bbox 973 2609 1264 2679; x_wconf 89' lang='lat' dir='ltr'><strong>interpres</strong></span> <span class='ocrx_word' id='word_1_208' title='bbox 1299 2609 1471 2663; x_wconf 84' lang='lat' dir='ltr'><strong>verba</strong></span> <span class='ocrx_word' id='word_1_209' title='bbox 1503 2609 1698 2664; x_wconf 76' lang='lat' dir='ltr'><strong>Graeca</strong></span> <span class='ocrx_word' id='word_1_210' title='bbox 1753 2612 1958 2680; x_wconf 75' lang='grc' dir='ltr'>πτῶμα</span> 
     </span>
    </p>
   </div>
   <div class='ocr_carea' id='block_1_29' title="bbox 295 2695 1956 2777">
    <p class='ocr_par' dir='ltr' id='par_1_29' title="bbox 295 2695 1956 2777">
     <span class='ocr_line' id='line_1_29' title="bbox 295 2695 1956 2777; baseline -0.002 -20"><span class='ocrx_word' id='word_1_211' title='bbox 295 2703 396 2777; x_wconf 69' lang='grc' dir='ltr'>γὰρ</span> <span class='ocrx_word' id='word_1_212' title='bbox 437 2701 542 2755; x_wconf 81' lang='grc' dir='ltr'><strong>ἀπὸ</strong></span> <span class='ocrx_word' id='word_1_213' title='bbox 573 2700 837 2760; x_wconf 82' lang='grc' dir='ltr'><strong>πτώσεως</strong></span> <span class='ocrx_word' id='word_1_214' title='bbox 897 2695 1136 2770; x_wconf 68' lang='grc' dir='ltr'><strong>λέγεται,</strong></span> <span class='ocrx_word' id='word_1_215' title='bbox 1170 2697 1261 2752; x_wconf 91' lang='lat' dir='ltr'><strong>his</strong></span> <span class='ocrx_word' id='word_1_216' title='bbox 1297 2697 1515 2752; x_wconf 88' lang='lat' dir='ltr'><strong>Latinis</strong></span> <span class='ocrx_word' id='word_1_217' title='bbox 1547 2697 1764 2768; x_wconf 89' lang='lat' dir='ltr'><strong>optime</strong></span> <span class='ocrx_word' id='word_1_218' title='bbox 1823 2698 1956 2753; x_wconf 85' lang='lat' dir='ltr'><strong>red-</strong></span> 
     </span>
    </p>
   </div>
   <div class='ocr_carea' id='block_1_30' title="bbox 306 2786 1956 2860">
    <p class='ocr_par' dir='ltr' id='par_1_30' title="bbox 306 2786 1956 2860">
     <span class='ocr_line' id='line_1_30' title="bbox 306 2786 1956 2860; baseline -0.006 -14"><span class='ocrx_word' id='word_1_219' title='bbox 306 2792 487 2846; x_wconf 87' lang='lat' dir='ltr'><strong>didit:</strong></span> <span class='ocrx_word' id='word_1_220' title='bbox 526 2814 545 2838; x_wconf 80' lang='grc' dir='ltr'>ι</span> <span class='ocrx_word' id='word_1_221' title='bbox 578 2791 830 2846; x_wconf 83' lang='lat' dir='ltr'><strong>Cadaver</strong></span> <span class='ocrx_word' id='word_1_222' title='bbox 877 2789 1096 2860; x_wconf 88' lang='lat' dir='ltr'><strong>quippe</strong></span> <span class='ocrx_word' id='word_1_223' title='bbox 1145 2803 1178 2841; x_wconf 92' lang='lat' dir='ltr'><strong>a</strong></span> <span class='ocrx_word' id='word_1_224' title='bbox 1207 2802 1347 2842; x_wconf 90' lang='lat' dir='ltr'><strong>casu</strong></span> <span class='ocrx_word' id='word_1_225' title='bbox 1382 2802 1596 2842; x_wconf 89' lang='lat' dir='ltr'><strong>nomen</strong></span> <span class='ocrx_word' id='word_1_226' title='bbox 1649 2786 1891 2857; x_wconf 90' lang='lat' dir='ltr'><strong>accepit.</strong></span> <span class='ocrx_word' id='word_1_227' title='bbox 1928 2808 1956 2836; x_wconf 88' lang='lat'>»</span> 
     </span>
    </p>
   </div>
   <div class='ocr_carea' id='block_1_31' title="bbox 313 2875 1956 2951">
    <p class='ocr_par' dir='ltr' id='par_1_31' title="bbox 313 2875 1956 2951">
     <span class='ocr_line' id='line_1_31' title="bbox 313 2875 1956 2951; baseline -0.002 -16"><span class='ocrx_word' id='word_1_228' title='bbox 313 2881 380 2936; x_wconf 93' lang='lat' dir='ltr'><strong>In</strong></span> <span class='ocrx_word' id='word_1_229' title='bbox 411 2885 614 2951; x_wconf 87' lang='lat' dir='ltr'><strong>quarto</strong></span> <span class='ocrx_word' id='word_1_230' title='bbox 657 2880 830 2935; x_wconf 89' lang='lat' dir='ltr'><strong>etiam</strong></span> <span class='ocrx_word' id='word_1_231' title='bbox 886 2876 1154 2948; x_wconf 84' lang='lat' dir='ltr'><strong>exemplo</strong></span> <span class='ocrx_word' id='word_1_232' title='bbox 1201 2875 1345 2931; x_wconf 87' lang='lat' dir='ltr'><strong>nihil</strong></span> <span class='ocrx_word' id='word_1_233' title='bbox 1381 2875 1656 2942; x_wconf 91' lang='lat' dir='ltr'><strong>occurrit,</strong></span> <span class='ocrx_word' id='word_1_234' title='bbox 1698 2875 1856 2947; x_wconf 91' lang='lat' dir='ltr'><strong>quod</strong></span> <span class='ocrx_word' id='word_1_235' title='bbox 1885 2876 1956 2932; x_wconf 90' lang='lat' dir='ltr'><strong>ad</strong></span> 
     </span>
    </p>
   </div>
   <div class='ocr_carea' id='block_1_32' title="bbox 309 2965 1960 3041">
    <p class='ocr_par' dir='ltr' id='par_1_32' title="bbox 309 2965 1960 3041">
     <span class='ocr_line' id='line_1_32' title="bbox 309 2965 1960 3041; baseline -0.003 -14"><span class='ocrx_word' id='word_1_236' title='bbox 309 2969 574 3041; x_wconf 82' lang='lat' dir='ltr'><strong>Origenis</strong></span> <span class='ocrx_word' id='word_1_237' title='bbox 596 2965 1141 3038; x_wconf 85' lang='lat' dir='ltr'><strong>interpretationem</strong></span> <span class='ocrx_word' id='word_1_238' title='bbox 1164 2981 1279 3021; x_wconf 92' lang='lat' dir='ltr'><strong>non</strong></span> <span class='ocrx_word' id='word_1_239' title='bbox 1304 2967 1612 3037; x_wconf 82' lang='lat' dir='ltr'><strong>pertineat.</strong></span> <span class='ocrx_word' id='word_1_240' title='bbox 1639 2965 1788 3029; x_wconf 90' lang='lat' dir='ltr'><strong>Quid</strong></span> <span class='ocrx_word' id='word_1_241' title='bbox 1809 2965 1960 3023; x_wconf 89' lang='lat' dir='ltr'><strong>enim</strong></span> 
     </span>
    </p>
   </div>
   <div class='ocr_carea' id='block_1_33' title="bbox 306 3053 1959 3131">
    <p class='ocr_par' dir='ltr' id='par_1_33' title="bbox 306 3053 1959 3131">
     <span class='ocr_line' id='line_1_33' title="bbox 306 3053 1959 3131; baseline -0.002 -18"><span class='ocrx_word' id='word_1_242' title='bbox 306 3060 569 3131; x_wconf 87' lang='lat' dir='ltr'><strong>prohibet</strong></span> <span class='ocrx_word' id='word_1_243' title='bbox 600 3056 920 3129; x_wconf 89' lang='lat' dir='ltr'><strong>quominus</strong></span> <span class='ocrx_word' id='word_1_244' title='bbox 941 3055 1012 3109; x_wconf 92' lang='lat' dir='ltr'><strong>ab</strong></span> <span class='ocrx_word' id='word_1_245' title='bbox 1045 3053 1293 3124; x_wconf 84' lang='lat' dir='ltr'><strong>Origene</strong></span> <span class='ocrx_word' id='word_1_246' title='bbox 1319 3054 1674 3124; x_wconf 74' lang='lat' dir='ltr'><strong>quaedamin</strong></span> <span class='ocrx_word' id='word_1_247' title='bbox 1697 3054 1959 3111; x_wconf 73' lang='lat' dir='ltr'><strong>Graecum</strong></span> 
     </span>
    </p>
   </div>
   <div class='ocr_carea' id='block_1_34' title="bbox 304 3142 1959 3216">
    <p class='ocr_par' dir='ltr' id='par_1_34' title="bbox 304 3142 1959 3216">
     <span class='ocr_line' id='line_1_34' title="bbox 304 3142 1959 3216; baseline -0.003 -12"><span class='ocrx_word' id='word_1_248' title='bbox 304 3148 481 3204; x_wconf 86' lang='lat' dir='ltr'><strong>Exodi</strong></span> <span class='ocrx_word' id='word_1_249' title='bbox 513 3149 776 3212; x_wconf 85' lang='lat' dir='ltr'><strong>verbum,</strong></span> <span class='ocrx_word' id='word_1_250' title='bbox 811 3161 927 3216; x_wconf 86' lang='lat' dir='ltr'><strong>quo</strong></span> <span class='ocrx_word' id='word_1_251' title='bbox 959 3143 1269 3198; x_wconf 63' lang='lat' dir='ltr'><strong>Hebraeum</strong></span> <span class='ocrx_word' id='word_1_252' title='bbox 1303 3142 1678 3208; x_wconf 88' lang='lat' dir='ltr'><strong>reddebatur,</strong></span> <span class='ocrx_word' id='word_1_253' title='bbox 1712 3143 1830 3199; x_wconf 87' lang='lat' dir='ltr'><strong>sint</strong></span> <span class='ocrx_word' id='word_1_254' title='bbox 1861 3145 1959 3199; x_wconf 89' lang='lat' dir='ltr'><strong>ob-</strong></span> 
     </span>
    </p>
   </div>
   <div class='ocr_carea' id='block_1_35' title="bbox 305 3196 2032 3307">
    <p class='ocr_par' dir='ltr' id='par_1_35' title="bbox 305 3196 2032 3307">
     <span class='ocr_line' id='line_1_35' title="bbox 305 3196 2032 3307; baseline -0.003 -13"><span class='ocrx_word' id='word_1_255' title='bbox 305 3243 548 3304; x_wconf 79' lang='lat' dir='ltr'><strong>servata,</strong></span> <span class='ocrx_word' id='word_1_256' title='bbox 577 3253 705 3307; x_wconf 69' lang='lat' dir='ltr'><strong>quae</strong></span> <span class='ocrx_word' id='word_1_257' title='bbox 738 3196 847 3306; x_wconf 60' lang='lat' dir='ltr'><strong>prd</strong></span> <span class='ocrx_word' id='word_1_258' title='bbox 873 3232 1066 3289; x_wconf 78' lang='lat' dir='ltr'><strong>ofﬁcio</strong></span> <span class='ocrx_word' id='word_1_259' title='bbox 1091 3249 1198 3287; x_wconf 91' lang='lat' dir='ltr'><strong>suo</strong></span> <span class='ocrx_word' id='word_1_260' title='bbox 1230 3231 1518 3302; x_wconf 90' lang='lat' dir='ltr'><strong>interpres</strong></span> <span class='ocrx_word' id='word_1_261' title='bbox 1553 3196 1755 3287; x_wconf 79' lang='lat' dir='ltr'><strong>Latina</strong></span> <span class='ocrx_word' id='word_1_262' title='bbox 1786 3233 1958 3289; x_wconf 82' lang='lat' dir='ltr'><strong>fecit?</strong></span> <span class='ocrx_word' id='word_1_263' title='bbox 1989 3196 2032 3262; x_wconf 63' lang='grc' dir='ltr'><strong>Ο</strong></span> 
     </span>
    </p>
   </div>
   <div class='ocr_carea' id='block_1_36' title="bbox 305 3319 1954 3392">
    <p class='ocr_par' dir='ltr' id='par_1_36' title="bbox 305 3319 1954 3392">
     <span class='ocr_line' id='line_1_36' title="bbox 305 3319 1954 3392; baseline -0.005 -9"><span class='ocrx_word' id='word_1_264' title='bbox 305 3329 588 3385; x_wconf 72' lang='lat' dir='ltr'><strong>Caeterum</strong></span> <span class='ocrx_word' id='word_1_265' title='bbox 636 3324 1028 3380; x_wconf 90' lang='lat' dir='ltr'><strong>concedamus</strong></span> <span class='ocrx_word' id='word_1_266' title='bbox 1077 3319 1289 3376; x_wconf 69' lang='lat' dir='ltr'><strong>Dallaao</strong></span> <span class='ocrx_word' id='word_1_267' title='bbox 1330 3320 1508 3375; x_wconf 89' lang='lat' dir='ltr'><strong>verba</strong></span> <span class='ocrx_word' id='word_1_268' title='bbox 1537 3319 1638 3376; x_wconf 91' lang='lat' dir='ltr'><strong>illa</strong></span> <span class='ocrx_word' id='word_1_269' title='bbox 1670 3337 1798 3392; x_wconf 71' lang='lat' dir='ltr'><strong>quae</strong></span> <span class='ocrx_word' id='word_1_270' title='bbox 1843 3337 1954 3392; x_wconf 90' lang='lat' dir='ltr'><strong>pa-</strong></span> 
     </span>
    </p>
   </div>
   <div class='ocr_carea' id='block_1_37' title="bbox 302 3409 1950 3480">
    <p class='ocr_par' dir='ltr' id='par_1_37' title="bbox 302 3409 1950 3480">
     <span class='ocr_line' id='line_1_37' title="bbox 302 3409 1950 3480; baseline -0.005 -6"><span class='ocrx_word' id='word_1_271' title='bbox 302 3417 560 3474; x_wconf 89' lang='lat' dir='ltr'><strong>renthesi</strong></span> <span class='ocrx_word' id='word_1_272' title='bbox 594 3413 677 3470; x_wconf 90' lang='lat' dir='ltr'><strong>ibi</strong></span> <span class='ocrx_word' id='word_1_273' title='bbox 710 3413 1088 3475; x_wconf 78' lang='lat' dir='ltr'><strong>clauduntur,</strong></span> <span class='ocrx_word' id='word_1_274' title='bbox 1111 3425 1240 3466; x_wconf 90' lang='lat' dir='ltr'><strong>esse</strong></span> <span class='ocrx_word' id='word_1_275' title='bbox 1263 3409 1335 3463; x_wconf 91' lang='lat' dir='ltr'><strong>ab</strong></span> <span class='ocrx_word' id='word_1_276' title='bbox 1357 3410 1677 3480; x_wconf 89' lang='lat' dir='ltr'><strong>interprete</strong></span> <span class='ocrx_word' id='word_1_277' title='bbox 1701 3410 1950 3480; x_wconf 83' lang='lat' dir='ltr'><strong>adjecta.</strong></span> 
     </span>
    </p>
   </div>
   <div class='ocr_carea' id='block_1_38' title="bbox 304 3497 1954 3573">
    <p class='ocr_par' dir='ltr' id='par_1_38' title="bbox 304 3497 1954 3573">
     <span class='ocr_line' id='line_1_38' title="bbox 304 3497 1954 3573; baseline -0.004 -12"><span class='ocrx_word' id='word_1_278' title='bbox 304 3506 580 3573; x_wconf 91' lang='lat' dir='ltr'><strong>Quinimo</strong></span> <span class='ocrx_word' id='word_1_279' title='bbox 613 3501 989 3559; x_wconf 88' lang='lat' dir='ltr'><strong>concedimus</strong></span> <span class='ocrx_word' id='word_1_280' title='bbox 1021 3499 1105 3554; x_wconf 90' lang='lat' dir='ltr'><strong>illi</strong></span> <span class='ocrx_word' id='word_1_281' title='bbox 1138 3499 1196 3553; x_wconf 91' lang='lat' dir='ltr'><strong>in</strong></span> <span class='ocrx_word' id='word_1_282' title='bbox 1229 3502 1486 3570; x_wconf 87' lang='lat' dir='ltr'><strong>quatuor</strong></span> <span class='ocrx_word' id='word_1_283' title='bbox 1513 3497 1646 3554; x_wconf 90' lang='lat' dir='ltr'><strong>aliis</strong></span> <span class='ocrx_word' id='word_1_284' title='bbox 1676 3498 1954 3569; x_wconf 83' lang='lat' dir='ltr'><strong>exemplis</strong></span> 
     </span>
    </p>
   </div>
   <div class='ocr_carea' id='block_1_39' title="bbox 305 3587 1957 3658">
    <p class='ocr_par' dir='ltr' id='par_1_39' title="bbox 305 3587 1957 3658">
     <span class='ocr_line' id='line_1_39' title="bbox 305 3587 1957 3658; baseline -0.005 -6"><span class='ocrx_word' id='word_1_285' title='bbox 305 3597 418 3652; x_wconf 90' lang='lat' dir='ltr'><strong>alia</strong></span> <span class='ocrx_word' id='word_1_286' title='bbox 450 3611 581 3650; x_wconf 86' lang='lat' dir='ltr'><strong>esse</strong></span> <span class='ocrx_word' id='word_1_287' title='bbox 613 3593 786 3650; x_wconf 88' lang='lat' dir='ltr'><strong>verba</strong></span> <span class='ocrx_word' id='word_1_288' title='bbox 834 3590 1072 3646; x_wconf 89' lang='lat' dir='ltr'><strong>similia.</strong></span> <span class='ocrx_word' id='word_1_289' title='bbox 1105 3588 1215 3645; x_wconf 94' lang='lat' dir='ltr'><strong>Sed</strong></span> <span class='ocrx_word' id='word_1_290' title='bbox 1265 3605 1395 3644; x_wconf 90' lang='lat' dir='ltr'><strong>cum</strong></span> <span class='ocrx_word' id='word_1_291' title='bbox 1429 3588 1717 3658; x_wconf 79' lang='lat' dir='ltr'><strong>interpres</strong></span> <span class='ocrx_word' id='word_1_292' title='bbox 1763 3587 1862 3644; x_wconf 90' lang='lat' dir='ltr'><strong>illa</strong></span> <span class='ocrx_word' id='word_1_293' title='bbox 1893 3593 1957 3644; x_wconf 91' lang='lat' dir='ltr'><strong>ut</strong></span> 
     </span>
    </p>
   </div>
   <div class='ocr_carea' id='block_1_40' title="bbox 305 3676 1956 3743">
    <p class='ocr_par' dir='ltr' id='par_1_40' title="bbox 305 3676 1956 3743">
     <span class='ocr_line' id='line_1_40' title="bbox 305 3676 1956 3743; baseline -0.004 -3"><span class='ocrx_word' id='word_1_294' title='bbox 305 3686 588 3742; x_wconf 88' lang='lat' dir='ltr'><strong>versionis</strong></span> <span class='ocrx_word' id='word_1_295' title='bbox 626 3700 745 3738; x_wconf 68' lang='lat' dir='ltr'><strong>suae</strong></span> <span class='ocrx_word' id='word_1_296' title='bbox 803 3681 1086 3735; x_wconf 89' lang='lat' dir='ltr'><strong>rationem</strong></span> <span class='ocrx_word' id='word_1_297' title='bbox 1147 3678 1429 3743; x_wconf 83' lang='lat' dir='ltr'><strong>redderet,</strong></span> <span class='ocrx_word' id='word_1_298' title='bbox 1461 3676 1549 3732; x_wconf 91' lang='lat' dir='ltr'><strong>vel</strong></span> <span class='ocrx_word' id='word_1_299' title='bbox 1583 3685 1643 3732; x_wconf 89' lang='lat' dir='ltr'><strong>ut</strong></span> <span class='ocrx_word' id='word_1_300' title='bbox 1701 3678 1956 3736; x_wconf 88' lang='lat' dir='ltr'><strong>auctoris</strong></span> 
     </span>
    </p>
   </div>
   <div class='ocr_carea' id='block_1_41' title="bbox 306 3766 1956 3841">
    <p class='ocr_par' dir='ltr' id='par_1_41' title="bbox 306 3766 1956 3841">
     <span class='ocr_line' id='line_1_41' title="bbox 306 3766 1956 3841; baseline -0.007 -8"><span class='ocrx_word' id='word_1_301' title='bbox 306 3777 396 3833; x_wconf 90' lang='lat' dir='ltr'><strong>sui</strong></span> <span class='ocrx_word' id='word_1_302' title='bbox 430 3778 689 3830; x_wconf 87' lang='lat' dir='ltr'><strong>mentem</strong></span> <span class='ocrx_word' id='word_1_303' title='bbox 740 3771 956 3826; x_wconf 88' lang='lat' dir='ltr'><strong>clarius</strong></span> <span class='ocrx_word' id='word_1_304' title='bbox 989 3768 1260 3841; x_wconf 87' lang='lat' dir='ltr'><strong>aperiret,</strong></span> <span class='ocrx_word' id='word_1_305' title='bbox 1295 3766 1379 3824; x_wconf 89' lang='lat' dir='ltr'><strong>vel</strong></span> <span class='ocrx_word' id='word_1_306' title='bbox 1409 3771 1472 3822; x_wconf 90' lang='lat' dir='ltr'><strong>ut</strong></span> <span class='ocrx_word' id='word_1_307' title='bbox 1501 3766 1574 3821; x_wconf 91' lang='lat' dir='ltr'><strong>iis</strong></span> <span class='ocrx_word' id='word_1_308' title='bbox 1603 3766 1705 3838; x_wconf 91' lang='lat' dir='ltr'><strong>qui</strong></span> <span class='ocrx_word' id='word_1_309' title='bbox 1763 3771 1956 3824; x_wconf 76' lang='lat' dir='ltr'><strong>Graece</strong></span> 
     </span>
    </p>
   </div>
   <div class='ocr_carea' id='block_1_42' title="bbox 307 3857 1955 3930">
    <p class='ocr_par' dir='ltr' id='par_1_42' title="bbox 307 3857 1955 3930">
     <span class='ocr_line' id='line_1_42' title="bbox 307 3857 1955 3930; baseline -0.005 -8"><span class='ocrx_word' id='word_1_310' title='bbox 307 3866 670 3930; x_wconf 86' lang='lat' dir='ltr'><strong>nesciebant,</strong></span> <span class='ocrx_word' id='word_1_311' title='bbox 704 3861 902 3917; x_wconf 90' lang='lat' dir='ltr'><strong>omnia</strong></span> <span class='ocrx_word' id='word_1_312' title='bbox 945 3859 1204 3928; x_wconf 83' lang='lat' dir='ltr'><strong>planiora</strong></span> <span class='ocrx_word' id='word_1_313' title='bbox 1238 3859 1448 3914; x_wconf 84' lang='lat' dir='ltr'><strong>faceret</strong></span> <span class='ocrx_word' id='word_1_314' title='bbox 1477 3861 1534 3912; x_wconf 92' lang='lat' dir='ltr'><strong>et</strong></span> <span class='ocrx_word' id='word_1_315' title='bbox 1575 3857 1955 3928; x_wconf 84' lang='lat' dir='ltr'><strong>evidentiora,</strong></span> 
     </span>
    </p>
   </div>
   <div class='ocr_carea' id='block_1_43' title="bbox 308 3945 1957 4023">
    <p class='ocr_par' dir='ltr' id='par_1_43' title="bbox 308 3945 1957 4023">
     <span class='ocr_line' id='line_1_43' title="bbox 308 3945 1957 4023; baseline -0.004 -14"><span class='ocrx_word' id='word_1_316' title='bbox 308 3953 488 4009; x_wconf 86' lang='lat' dir='ltr'><strong>textui</strong></span> <span class='ocrx_word' id='word_1_317' title='bbox 511 3951 781 4023; x_wconf 89' lang='lat' dir='ltr'><strong>Origenis</strong></span> <span class='ocrx_word' id='word_1_318' title='bbox 807 3947 1134 4019; x_wconf 87' lang='lat' dir='ltr'><strong>adjicienda</strong></span> <span class='ocrx_word' id='word_1_319' title='bbox 1151 3963 1280 4003; x_wconf 89' lang='lat' dir='ltr'><strong>esse</strong></span> <span class='ocrx_word' id='word_1_320' title='bbox 1303 3945 1628 4019; x_wconf 88' lang='lat' dir='ltr'><strong>putaverit;</strong></span> <span class='ocrx_word' id='word_1_321' title='bbox 1653 3946 1798 4002; x_wconf 90' lang='lat' dir='ltr'><strong>nihil</strong></span> <span class='ocrx_word' id='word_1_322' title='bbox 1822 3947 1957 4002; x_wconf 87' lang='lat' dir='ltr'><strong>inde</strong></span> 
     </span>
    </p>
   </div>
   <div class='ocr_carea' id='block_1_44' title="bbox 310 4034 1958 4107">
    <p class='ocr_par' dir='ltr' id='par_1_44' title="bbox 310 4034 1958 4107">
     <span class='ocr_line' id='line_1_44' title="bbox 310 4034 1958 4107; baseline -0.005 -8"><span class='ocrx_word' id='word_1_323' title='bbox 310 4052 508 4100; x_wconf 90' lang='lat' dir='ltr'><strong>contra</strong></span> <span class='ocrx_word' id='word_1_324' title='bbox 541 4042 770 4097; x_wconf 67' lang='lat' dir='ltr'><strong>Graecos</strong></span> <span class='ocrx_word' id='word_1_325' title='bbox 804 4039 981 4106; x_wconf 78' lang='lat' dir='ltr'><strong>huius</strong></span> <span class='ocrx_word' id='word_1_326' title='bbox 1013 4036 1204 4107; x_wconf 84' lang='lat' dir='ltr'><strong>Operis</strong></span> <span class='ocrx_word' id='word_1_327' title='bbox 1239 4034 1461 4091; x_wconf 88' lang='lat' dir='ltr'><strong>natales</strong></span> <span class='ocrx_word' id='word_1_328' title='bbox 1497 4035 1818 4107; x_wconf 88' lang='lat' dir='ltr'><strong>quidquam</strong></span> <span class='ocrx_word' id='word_1_329' title='bbox 1840 4036 1958 4090; x_wconf 79' lang='lat' dir='ltr'><strong>effi-</strong></span> 
     </span>
    </p>
   </div>
   <div class='ocr_carea' id='block_1_45' title="bbox 309 4123 1958 4203">
    <p class='ocr_par' dir='ltr' id='par_1_45' title="bbox 309 4123 1958 4203">
     <span class='ocr_line' id='line_1_45' title="bbox 309 4123 1958 4203; baseline -0.005 -15"><span class='ocrx_word' id='word_1_330' title='bbox 309 4149 439 4188; x_wconf 87' lang='lat' dir='ltr'><strong>cere</strong></span> <span class='ocrx_word' id='word_1_331' title='bbox 485 4133 754 4203; x_wconf 88' lang='lat' dir='ltr'><strong>possunt.</strong></span> <span class='ocrx_word' id='word_1_332' title='bbox 790 4128 857 4182; x_wconf 90' lang='lat' dir='ltr'><strong>Et</strong></span> <span class='ocrx_word' id='word_1_333' title='bbox 889 4143 946 4182; x_wconf 90' lang='lat' dir='ltr'><strong>re</strong></span> <span class='ocrx_word' id='word_1_334' title='bbox 1007 4127 1238 4197; x_wconf 88' lang='lat' dir='ltr'><strong>quidem</strong></span> <span class='ocrx_word' id='word_1_335' title='bbox 1279 4141 1414 4179; x_wconf 91' lang='lat' dir='ltr'><strong>vera</strong></span> <span class='ocrx_word' id='word_1_336' title='bbox 1447 4124 1506 4179; x_wconf 91' lang='lat' dir='ltr'><strong>in</strong></span> <span class='ocrx_word' id='word_1_337' title='bbox 1555 4123 1763 4180; x_wconf 87' lang='lat' dir='ltr'><strong>iisdem</strong></span> <span class='ocrx_word' id='word_1_338' title='bbox 1816 4124 1958 4180; x_wconf 89' lang='lat' dir='ltr'><strong>locis</strong></span> 
     </span>
    </p>
   </div>
   <div class='ocr_carea' id='block_1_46' title="bbox 311 4211 1958 4293">
    <p class='ocr_par' dir='ltr' id='par_1_46' title="bbox 311 4211 1958 4293">
     <span class='ocr_line' id='line_1_46' title="bbox 311 4211 1958 4293; baseline -0.005 -17"><span class='ocrx_word' id='word_1_339' title='bbox 311 4219 510 4276; x_wconf 88' lang='lat' dir='ltr'><strong>omnia</strong></span> <span class='ocrx_word' id='word_1_340' title='bbox 540 4217 891 4290; x_wconf 89' lang='lat' dir='ltr'><strong>Origeniana</strong></span> <span class='ocrx_word' id='word_1_341' title='bbox 921 4220 1077 4286; x_wconf 89' lang='lat' dir='ltr'><strong>sunt,</strong></span> <span class='ocrx_word' id='word_1_342' title='bbox 1111 4219 1169 4270; x_wconf 89' lang='lat' dir='ltr'><strong>et</strong></span> <span class='ocrx_word' id='word_1_343' title='bbox 1200 4213 1472 4293; x_wconf 78' lang='lat' dir='ltr'><strong>Latinum</strong></span> <span class='ocrx_word' id='word_1_344' title='bbox 1513 4212 1752 4283; x_wconf 89' lang='lat' dir='ltr'><strong>sapiunt</strong></span> <span class='ocrx_word' id='word_1_345' title='bbox 1780 4211 1958 4268; x_wconf 90' lang='lat' dir='ltr'><strong>inler-</strong></span> 
     </span>
    </p>
   </div>
   <div class='ocr_carea' id='block_1_47' title="bbox 312 4302 1959 4382">
    <p class='ocr_par' dir='ltr' id='par_1_47' title="bbox 312 4302 1959 4382">
     <span class='ocr_line' id='line_1_47' title="bbox 312 4302 1959 4382; baseline -0.005 -17"><span class='ocrx_word' id='word_1_346' title='bbox 312 4314 554 4382; x_wconf 88' lang='lat' dir='ltr'><strong>pretem.</strong></span> <span class='ocrx_word' id='word_1_347' title='bbox 588 4305 738 4362; x_wconf 83' lang='lat' dir='ltr'><strong>Illud</strong></span> <span class='ocrx_word' id='word_1_348' title='bbox 767 4310 962 4361; x_wconf 89' lang='lat' dir='ltr'><strong>autem</strong></span> <span class='ocrx_word' id='word_1_349' title='bbox 995 4321 1064 4360; x_wconf 87' lang='lat' dir='ltr'><strong>ex</strong></span> <span class='ocrx_word' id='word_1_350' title='bbox 1120 4319 1186 4358; x_wconf 88' lang='lat' dir='ltr'><strong>eo</strong></span> <span class='ocrx_word' id='word_1_351' title='bbox 1230 4302 1564 4359; x_wconf 85' lang='lat' dir='ltr'><strong>confirmari</strong></span> <span class='ocrx_word' id='word_1_352' title='bbox 1598 4305 1790 4374; x_wconf 89' lang='lat' dir='ltr'><strong>potest</strong></span> <span class='ocrx_word' id='word_1_353' title='bbox 1832 4306 1959 4357; x_wconf 87' lang='lat' dir='ltr'><strong>tum</strong></span> 
     </span>
    </p>
   </div>
   <div class='ocr_carea' id='block_1_48' title="bbox 312 4389 1964 4470">
    <p class='ocr_par' dir='ltr' id='par_1_48' title="bbox 312 4389 1964 4470">
     <span class='ocr_line' id='line_1_48' title="bbox 312 4389 1964 4470; baseline -0.004 -19"><span class='ocrx_word' id='word_1_354' title='bbox 312 4399 462 4470; x_wconf 85' lang='lat' dir='ltr'><strong>quod</strong></span> <span class='ocrx_word' id='word_1_355' title='bbox 495 4395 826 4452; x_wconf 90' lang='lat' dir='ltr'><strong>additiones</strong></span> <span class='ocrx_word' id='word_1_356' title='bbox 859 4390 1226 4466; x_wconf 60' lang='lat' dir='ltr'><strong>paucissimae</strong></span> <span class='ocrx_word' id='word_1_357' title='bbox 1261 4390 1378 4447; x_wconf 86' lang='lat' dir='ltr'><strong>sint</strong></span> <span class='ocrx_word' id='word_1_358' title='bbox 1401 4410 1415 4458; x_wconf 93' lang='lat'><strong>;</strong></span> <span class='ocrx_word' id='word_1_359' title='bbox 1441 4396 1569 4446; x_wconf 87' lang='lat' dir='ltr'><strong>tum</strong></span> <span class='ocrx_word' id='word_1_360' title='bbox 1603 4389 1758 4461; x_wconf 93' lang='lat' dir='ltr'><strong>quod</strong></span> <span class='ocrx_word' id='word_1_361' title='bbox 1781 4390 1964 4446; x_wconf 85' lang='lat' dir='ltr'><strong>homi-</strong></span> 
     </span>
    </p>
   </div>
   <div class='ocr_carea' id='block_1_49' title="bbox 312 4478 1964 4556">
    <p class='ocr_par' dir='ltr' id='par_1_49' title="bbox 312 4478 1964 4556">
     <span class='ocr_line' id='line_1_49' title="bbox 312 4478 1964 4556; baseline -0.005 -15"><span class='ocrx_word' id='word_1_362' title='bbox 312 4486 391 4542; x_wconf 87' lang='lat' dir='ltr'><strong>lia</strong></span> <span class='ocrx_word' id='word_1_363' title='bbox 421 4486 628 4556; x_wconf 85' lang='lat' dir='ltr'><strong>quinta</strong></span> <span class='ocrx_word' id='word_1_364' title='bbox 671 4487 729 4538; x_wconf 87' lang='lat' dir='ltr'><strong>et</strong></span> <span class='ocrx_word' id='word_1_365' title='bbox 758 4486 940 4552; x_wconf 88' lang='lat' dir='ltr'><strong>sexta,</strong></span> <span class='ocrx_word' id='word_1_366' title='bbox 1001 4481 1154 4536; x_wconf 92' lang='lat' dir='ltr'><strong>unde</strong></span> <span class='ocrx_word' id='word_1_367' title='bbox 1211 4481 1324 4535; x_wconf 91' lang='lat' dir='ltr'><strong>duo</strong></span> <span class='ocrx_word' id='word_1_368' title='bbox 1381 4478 1551 4534; x_wconf 91' lang='lat' dir='ltr'><strong>nobis</strong></span> <span class='ocrx_word' id='word_1_369' title='bbox 1602 4479 1964 4549; x_wconf 86' lang='lat' dir='ltr'><strong>objiciuntur</strong></span> 
     </span>
    </p>
   </div>
   <div class='ocr_carea' id='block_1_50' title="bbox 313 4567 1958 4646">
    <p class='ocr_par' dir='ltr' id='par_1_50' title="bbox 313 4567 1958 4646">
     <span class='ocr_line' id='line_1_50' title="bbox 313 4567 1958 4646; baseline -0.005 -15"><span class='ocrx_word' id='word_1_370' title='bbox 313 4574 597 4646; x_wconf 85' lang='lat' dir='ltr'><strong>exempla,</strong></span> <span class='ocrx_word' id='word_1_371' title='bbox 632 4587 977 4644; x_wconf 87' lang='lat' dir='ltr'><strong>germanum</strong></span> <span class='ocrx_word' id='word_1_372' title='bbox 1008 4569 1274 4642; x_wconf 81' lang='lat' dir='ltr'><strong>Origenis</strong></span> <span class='ocrx_word' id='word_1_373' title='bbox 1306 4585 1456 4640; x_wconf 91' lang='lat' dir='ltr'><strong>opus</strong></span> <span class='ocrx_word' id='word_1_374' title='bbox 1487 4583 1613 4624; x_wconf 90' lang='lat' dir='ltr'><strong>esse</strong></span> <span class='ocrx_word' id='word_1_375' title='bbox 1636 4567 1772 4623; x_wconf 91' lang='lat' dir='ltr'><strong>hinc</strong></span> <span class='ocrx_word' id='word_1_376' title='bbox 1799 4568 1958 4624; x_wconf 91' lang='lat' dir='ltr'><strong>colli-</strong></span> 
     </span>
    </p>
   </div>
   <div class='ocr_carea' id='block_1_51' title="bbox 317 4656 1967 4739">
    <p class='ocr_par' dir='ltr' id='par_1_51' title="bbox 317 4656 1967 4739">
     <span class='ocr_line' id='line_1_51' title="bbox 317 4656 1967 4739; baseline -0.005 -17"><span class='ocrx_word' id='word_1_377' title='bbox 317 4670 510 4739; x_wconf 86' lang='lat' dir='ltr'><strong>gatur,</strong></span> <span class='ocrx_word' id='word_1_378' title='bbox 558 4665 714 4736; x_wconf 92' lang='lat' dir='ltr'><strong>quod</strong></span> <span class='ocrx_word' id='word_1_379' title='bbox 747 4662 1117 4726; x_wconf 82' lang='lat' dir='ltr'><strong>Ambrosius,</strong></span> <span class='ocrx_word' id='word_1_380' title='bbox 1147 4665 1211 4716; x_wconf 91' lang='lat' dir='ltr'><strong>ut</strong></span> <span class='ocrx_word' id='word_1_381' title='bbox 1238 4659 1378 4716; x_wconf 88' lang='lat' dir='ltr'><strong>alibi</strong></span> <span class='ocrx_word' id='word_1_382' title='bbox 1409 4659 1666 4715; x_wconf 82' lang='lat' dir='ltr'><strong>diximus</strong></span> <span class='ocrx_word' id='word_1_383' title='bbox 1695 4656 1764 4727; x_wconf 78' lang='lat'><strong>77,</strong></span> <span class='ocrx_word' id='word_1_384' title='bbox 1798 4659 1967 4731; x_wconf 88' lang='lat' dir='ltr'><strong>plura</strong></span> 
     </span>
    </p>
   </div>
   <div class='ocr_carea' id='block_1_52' title="bbox 319 4749 1965 4824">
    <p class='ocr_par' dir='ltr' id='par_1_52' title="bbox 319 4749 1965 4824">
     <span class='ocr_line' id='line_1_52' title="bbox 319 4749 1965 4824; baseline -0.004 -12"><span class='ocrx_word' id='word_1_385' title='bbox 319 4773 384 4812; x_wconf 82' lang='lat' dir='ltr'><strong>ex</strong></span> <span class='ocrx_word' id='word_1_386' title='bbox 413 4755 498 4811; x_wconf 87' lang='lat' dir='ltr'><strong>eis</strong></span> <span class='ocrx_word' id='word_1_387' title='bbox 529 4754 588 4808; x_wconf 90' lang='lat' dir='ltr'><strong>in</strong></span> <span class='ocrx_word' id='word_1_388' title='bbox 639 4768 809 4809; x_wconf 89' lang='lat' dir='ltr'><strong>suam</strong></span> <span class='ocrx_word' id='word_1_389' title='bbox 841 4750 1138 4824; x_wconf 83' lang='lat' dir='ltr'><strong>Evangelii</strong></span> <span class='ocrx_word' id='word_1_390' title='bbox 1167 4750 1492 4807; x_wconf 88' lang='lat' dir='ltr'><strong>secundum</strong></span> <span class='ocrx_word' id='word_1_391' title='bbox 1541 4749 1759 4806; x_wconf 89' lang='lat' dir='ltr'><strong>Lucam</strong></span> <span class='ocrx_word' id='word_1_392' title='bbox 1790 4766 1965 4821; x_wconf 89' lang='lat' dir='ltr'><strong>expo-</strong></span> 
     </span>
    </p>
   </div>
   <div class='ocr_carea' id='block_1_53' title="bbox 321 4842 1027 4901">
    <p class='ocr_par' dir='ltr' id='par_1_53' title="bbox 321 4842 1027 4901">
     <span class='ocr_line' id='line_1_53' title="bbox 321 4842 1027 4901; baseline -0.007 0"><span class='ocrx_word' id='word_1_393' title='bbox 321 4845 592 4901; x_wconf 86' lang='lat' dir='ltr'><strong>sitionem</strong></span> <span class='ocrx_word' id='word_1_394' title='bbox 625 4842 1027 4897; x_wconf 87' lang='lat' dir='ltr'><strong>transfuderit.</strong></span> 
     </span>
    </p>
   </div>
   <div class='ocr_carea' id='block_1_54' title="bbox 388 4927 1967 4999">
    <p class='ocr_par' dir='ltr' id='par_1_54' title="bbox 388 4927 1967 4999">
     <span class='ocr_line' id='line_1_54' title="bbox 388 4927 1967 4999; baseline -0.002 -12"><span class='ocrx_word' id='word_1_395' title='bbox 388 4933 806 4989; x_wconf 82' lang='lat' dir='ltr'><strong>Verumtamen</strong></span> <span class='ocrx_word' id='word_1_396' title='bbox 838 4929 1168 4986; x_wconf 72' lang='lat' dir='ltr'><strong>Dallaeanus</strong></span> <span class='ocrx_word' id='word_1_397' title='bbox 1199 4928 1475 4984; x_wconf 78' lang='lat' dir='ltr'><strong>defensor</strong></span> <span class='ocrx_word' id='word_1_398' title='bbox 1513 4930 1684 4999; x_wconf 82' lang='lat' dir='ltr'><strong>urget</strong></span> <span class='ocrx_word' id='word_1_399' title='bbox 1712 4927 1833 4983; x_wconf 67' lang='lat' dir='ltr'><strong>haec</strong></span> <span class='ocrx_word' id='word_1_400' title='bbox 1865 4928 1967 4984; x_wconf 88' lang='lat' dir='ltr'><strong>ad-</strong></span> 
     </span>
    </p>
   </div>
   <div class='ocr_carea' id='block_1_55' title="bbox 323 5016 1971 5088">
    <p class='ocr_par' dir='ltr' id='par_1_55' title="bbox 323 5016 1971 5088">
     <span class='ocr_line' id='line_1_55' title="bbox 323 5016 1971 5088; baseline -0.002 -10"><span class='ocrx_word' id='word_1_401' title='bbox 323 5022 643 5078; x_wconf 83' lang='lat' dir='ltr'><strong>ditamenta</strong></span> <span class='ocrx_word' id='word_1_402' title='bbox 693 5019 745 5075; x_wconf 91' lang='lat' dir='ltr'><strong>si</strong></span> <span class='ocrx_word' id='word_1_403' title='bbox 778 5018 1014 5074; x_wconf 90' lang='lat' dir='ltr'><strong>Latinos</strong></span> <span class='ocrx_word' id='word_1_404' title='bbox 1073 5017 1293 5073; x_wconf 83' lang='lat' dir='ltr'><strong>natales</strong></span> <span class='ocrx_word' id='word_1_405' title='bbox 1349 5033 1463 5072; x_wconf 89' lang='lat' dir='ltr'><strong>non</strong></span> <span class='ocrx_word' id='word_1_406' title='bbox 1495 5022 1772 5088; x_wconf 84' lang='lat' dir='ltr'><strong>arguunt,</strong></span> <span class='ocrx_word' id='word_1_407' title='bbox 1809 5016 1971 5074; x_wconf 87' lang='lat' dir='ltr'><strong>nulla</strong></span> 
     </span>
    </p>
   </div>
   <div class='ocr_carea' id='block_1_56' title="bbox 314 5106 1968 5183">
    <p class='ocr_par' dir='ltr' id='par_1_56' title="bbox 314 5106 1968 5183">
     <span class='ocr_line' id='line_1_56' title="bbox 314 5106 1968 5183; baseline -0.003 -16"><span class='ocrx_word' id='word_1_408' title='bbox 314 5113 440 5183; x_wconf 89' lang='lat' dir='ltr'><strong>jam</strong></span> <span class='ocrx_word' id='word_1_409' title='bbox 470 5112 528 5166; x_wconf 87' lang='lat' dir='ltr'><strong>in</strong></span> <span class='ocrx_word' id='word_1_410' title='bbox 561 5109 899 5165; x_wconf 65' lang='lat' dir='ltr'><strong>Graicorum</strong></span> <span class='ocrx_word' id='word_1_411' title='bbox 930 5106 1228 5180; x_wconf 88' lang='lat' dir='ltr'><strong>operibus,</strong></span> <span class='ocrx_word' id='word_1_412' title='bbox 1254 5121 1506 5177; x_wconf 92' lang='lat' dir='ltr'><strong>quorum</strong></span> <span class='ocrx_word' id='word_1_413' title='bbox 1535 5106 1835 5162; x_wconf 86' lang='lat' dir='ltr'><strong>versiones</strong></span> <span class='ocrx_word' id='word_1_414' title='bbox 1865 5110 1968 5162; x_wconf 89' lang='lat' dir='ltr'><strong>La-</strong></span> 
     </span>
    </p>
   </div>
   <div class='ocr_carea' id='block_1_57' title="bbox 323 5193 1974 5266">
    <p class='ocr_par' dir='ltr' id='par_1_57' title="bbox 323 5193 1974 5266">
     <span class='ocr_line' id='line_1_57' title="bbox 323 5193 1974 5266; baseline -0.002 -11"><span class='ocrx_word' id='word_1_415' title='bbox 323 5200 474 5262; x_wconf 84' lang='lat' dir='ltr'><strong>tinas</strong></span> <span class='ocrx_word' id='word_1_416' title='bbox 516 5203 746 5254; x_wconf 88' lang='lat' dir='ltr'><strong>tantum</strong></span> <span class='ocrx_word' id='word_1_417' title='bbox 781 5197 1090 5265; x_wconf 84' lang='lat' dir='ltr'><strong>habemus,</strong></span> <span class='ocrx_word' id='word_1_418' title='bbox 1119 5211 1254 5251; x_wconf 88' lang='lat' dir='ltr'><strong>vera</strong></span> <span class='ocrx_word' id='word_1_419' title='bbox 1300 5211 1366 5250; x_wconf 89' lang='lat' dir='ltr'><strong>ac</strong></span> <span class='ocrx_word' id='word_1_420' title='bbox 1393 5193 1648 5266; x_wconf 88' lang='lat' dir='ltr'><strong>genuina</strong></span> <span class='ocrx_word' id='word_1_421' title='bbox 1695 5194 1912 5266; x_wconf 88' lang='lat' dir='ltr'><strong>scripta</strong></span> <span class='ocrx_word' id='word_1_422' title='bbox 1940 5213 1974 5252; x_wconf 88' lang='lat' dir='ltr'><strong>a</strong></span> 
     </span>
    </p>
   </div>
   <div class='ocr_carea' id='block_1_58' title="bbox 322 5281 1976 5361">
    <p class='ocr_par' dir='ltr' id='par_1_58' title="bbox 322 5281 1976 5361">
     <span class='ocr_line' id='line_1_58' title="bbox 322 5281 1976 5361; baseline -0.002 -17"><span class='ocrx_word' id='word_1_423' title='bbox 322 5287 542 5361; x_wconf 90' lang='lat' dir='ltr'><strong>spuriis</strong></span> <span class='ocrx_word' id='word_1_424' title='bbox 577 5303 748 5359; x_wconf 89' lang='lat' dir='ltr'><strong>posse</strong></span> <span class='ocrx_word' id='word_1_425' title='bbox 778 5285 1036 5355; x_wconf 88' lang='lat' dir='ltr'><strong>amplius</strong></span> <span class='ocrx_word' id='word_1_426' title='bbox 1067 5283 1314 5339; x_wconf 86' lang='lat' dir='ltr'><strong>secerni.</strong></span> <span class='ocrx_word' id='word_1_427' title='bbox 1337 5283 1446 5338; x_wconf 89' lang='lat' dir='ltr'><strong>Sed</strong></span> <span class='ocrx_word' id='word_1_428' title='bbox 1482 5281 1625 5339; x_wconf 90' lang='lat' dir='ltr'><strong>levis</strong></span> <span class='ocrx_word' id='word_1_429' title='bbox 1655 5283 1895 5339; x_wconf 91' lang='lat' dir='ltr'><strong>omnino</strong></span> <span class='ocrx_word' id='word_1_430' title='bbox 1917 5289 1976 5340; x_wconf 89' lang='lat' dir='ltr'><strong>et</strong></span> 
     </span>
    </p>
   </div>
   <div class='ocr_carea' id='block_1_59' title="bbox 320 5372 1976 5437">
    <p class='ocr_par' dir='ltr' id='par_1_59' title="bbox 320 5372 1976 5437">
     <span class='ocr_line' id='line_1_59' title="bbox 320 5372 1976 5437; baseline -0.002 -3"><span class='ocrx_word' id='word_1_431' title='bbox 320 5378 558 5434; x_wconf 82' lang='lat' dir='ltr'><strong>inﬁrma</strong></span> <span class='ocrx_word' id='word_1_432' title='bbox 589 5381 679 5433; x_wconf 90' lang='lat' dir='ltr'><strong>est</strong></span> <span class='ocrx_word' id='word_1_433' title='bbox 707 5375 829 5432; x_wconf 69' lang='lat' dir='ltr'><strong>haec</strong></span> <span class='ocrx_word' id='word_1_434' title='bbox 864 5374 1060 5430; x_wconf 82' lang='lat' dir='ltr'><strong>Dallaei</strong></span> <span class='ocrx_word' id='word_1_435' title='bbox 1109 5373 1389 5429; x_wconf 80' lang='lat' dir='ltr'><strong>defensio.</strong></span> <span class='ocrx_word' id='word_1_436' title='bbox 1425 5372 1570 5437; x_wconf 89' lang='lat' dir='ltr'><strong>Quid</strong></span> <span class='ocrx_word' id='word_1_437' title='bbox 1631 5373 1787 5428; x_wconf 92' lang='lat' dir='ltr'><strong>enim</strong></span> <span class='ocrx_word' id='word_1_438' title='bbox 1837 5375 1976 5431; x_wconf 88' lang='lat' dir='ltr'><strong>viris</strong></span> 
     </span>
    </p>
   </div>
   <div class='ocr_carea' id='block_1_60' title="bbox 323 5461 1976 5534">
    <p class='ocr_par' dir='ltr' id='par_1_60' title="bbox 323 5461 1976 5534">
     <span class='ocr_line' id='line_1_60' title="bbox 323 5461 1976 5534; baseline -0.004 -11"><span class='ocrx_word' id='word_1_439' title='bbox 323 5469 499 5524; x_wconf 87' lang='lat' dir='ltr'><strong>etiam</strong></span> <span class='ocrx_word' id='word_1_440' title='bbox 522 5463 878 5522; x_wconf 84' lang='lat' dir='ltr'><strong>tardioribus</strong></span> <span class='ocrx_word' id='word_1_441' title='bbox 901 5461 1149 5530; x_wconf 82' lang='lat' dir='ltr'><strong>facilius,</strong></span> <span class='ocrx_word' id='word_1_442' title='bbox 1174 5478 1352 5534; x_wconf 89' lang='lat' dir='ltr'><strong>quam</strong></span> <span class='ocrx_word' id='word_1_443' title='bbox 1375 5461 1717 5532; x_wconf 89' lang='lat' dir='ltr'><strong>hujusmodi</strong></span> <span class='ocrx_word' id='word_1_444' title='bbox 1746 5462 1976 5518; x_wconf 85' lang='lat' dir='ltr'><strong>addita-</strong></span> 
     </span>
    </p>
   </div>
   <div class='ocr_carea' id='block_1_61' title="bbox 2062 557 3715 633">
    <p class='ocr_par' dir='ltr' id='par_1_61' title="bbox 2062 557 3715 633">
     <span class='ocr_line' id='line_1_61' title="bbox 2062 557 3715 633; baseline 0.001 -22"><span class='ocrx_word' id='word_1_445' title='bbox 2062 557 2334 615; x_wconf 75' lang='lat' dir='ltr'><strong>Plurimae</strong></span> <span class='ocrx_word' id='word_1_446' title='bbox 2367 578 2508 618; x_wconf 90' lang='lat' dir='ltr'><strong>sane</strong></span> <span class='ocrx_word' id='word_1_447' title='bbox 2555 563 2821 633; x_wconf 82' lang='lat' dir='ltr'><strong>ejusdem</strong></span> <span class='ocrx_word' id='word_1_448' title='bbox 2853 561 3084 633; x_wconf 88' lang='lat' dir='ltr'><strong>generis</strong></span> <span class='ocrx_word' id='word_1_449' title='bbox 3130 559 3460 615; x_wconf 87' lang='lat' dir='ltr'><strong>additiones</strong></span> <span class='ocrx_word' id='word_1_450' title='bbox 3486 557 3544 613; x_wconf 93' lang='lat' dir='ltr'><strong>in</strong></span> <span class='ocrx_word' id='word_1_451' title='bbox 3578 575 3715 630; x_wconf 84' lang='lat' dir='ltr'><strong>ope-</strong></span> 
     </span>
    </p>
   </div>
   <div class='ocr_carea' id='block_1_62' title="bbox 2063 650 3710 721">
    <p class='ocr_par' dir='ltr' id='par_1_62' title="bbox 2063 650 3710 721">
     <span class='ocr_line' id='line_1_62' title="bbox 2063 650 3710 721; baseline 0 -18"><span class='ocrx_word' id='word_1_452' title='bbox 2063 664 2194 704; x_wconf 87' lang='lat' dir='ltr'><strong>rum</strong></span> <span class='ocrx_word' id='word_1_453' title='bbox 2226 650 2428 707; x_wconf 65' lang='lat' dir='ltr'><strong>Irenaai</strong></span> <span class='ocrx_word' id='word_1_454' title='bbox 2459 653 2660 708; x_wconf 88' lang='lat' dir='ltr'><strong>Latina</strong></span> <span class='ocrx_word' id='word_1_455' title='bbox 2684 652 3164 721; x_wconf 82' lang='lat' dir='ltr'><strong>versione,quam</strong></span> <span class='ocrx_word' id='word_1_456' title='bbox 3189 653 3373 706; x_wconf 88' lang='lat' dir='ltr'><strong>solam</strong></span> <span class='ocrx_word' id='word_1_457' title='bbox 3409 650 3710 716; x_wconf 85' lang='lat' dir='ltr'><strong>habemus,</strong></span> 
     </span>
    </p>
   </div>
   <div class='ocr_carea' id='block_1_63' title="bbox 2064 739 3712 797">
    <p class='ocr_par' dir='ltr' id='par_1_63' title="bbox 2064 739 3712 797">
     <span class='ocr_line' id='line_1_63' title="bbox 2064 739 3712 797; baseline 0.001 -4"><span class='ocrx_word' id='word_1_458' title='bbox 2064 745 2412 796; x_wconf 84' lang='lat' dir='ltr'><strong>occurrunt:</strong></span> <span class='ocrx_word' id='word_1_459' title='bbox 2449 741 2647 797; x_wconf 87' lang='lat' dir='ltr'><strong>nullus</strong></span> <span class='ocrx_word' id='word_1_460' title='bbox 2695 746 2894 796; x_wconf 89' lang='lat' dir='ltr'><strong>tamen</strong></span> <span class='ocrx_word' id='word_1_461' title='bbox 2948 740 3006 794; x_wconf 89' lang='lat' dir='ltr'><strong>in</strong></span> <span class='ocrx_word' id='word_1_462' title='bbox 3066 757 3131 795; x_wconf 91' lang='lat' dir='ltr'><strong>eo</strong></span> <span class='ocrx_word' id='word_1_463' title='bbox 3164 757 3197 795; x_wconf 91' lang='lat' dir='ltr'><strong>a</strong></span> <span class='ocrx_word' id='word_1_464' title='bbox 3253 744 3445 794; x_wconf 71' lang='lat' dir='ltr'><strong>Graeco</strong></span> <span class='ocrx_word' id='word_1_465' title='bbox 3507 739 3712 794; x_wconf 72' lang='lat' dir='ltr'><strong>lrenasi</strong></span> 
     </span>
    </p>
   </div>
   <div class='ocr_carea' id='block_1_64' title="bbox 2062 827 3706 900">
    <p class='ocr_par' dir='ltr' id='par_1_64' title="bbox 2062 827 3706 900">
     <span class='ocr_line' id='line_1_64' title="bbox 2062 827 3706 900; baseline 0.002 -19"><span class='ocrx_word' id='word_1_466' title='bbox 2062 832 2226 884; x_wconf 86' lang='lat' dir='ltr'><strong>textu</strong></span> <span class='ocrx_word' id='word_1_467' title='bbox 2282 827 2668 886; x_wconf 87' lang='lat' dir='ltr'><strong>discernenda</strong></span> <span class='ocrx_word' id='word_1_468' title='bbox 2698 829 2986 885; x_wconf 73' lang='lat' dir='ltr'><strong>haesitavit</strong></span> <span class='ocrx_word' id='word_1_469' title='bbox 3042 845 3327 900; x_wconf 90' lang='lat' dir='ltr'><strong>unquam,</strong></span> <span class='ocrx_word' id='word_1_470' title='bbox 3359 833 3461 883; x_wconf 90' lang='lat' dir='ltr'><strong>aut</strong></span> <span class='ocrx_word' id='word_1_471' title='bbox 3520 828 3706 884; x_wconf 79' lang='lat' dir='ltr'><strong>falsus</strong></span> 
     </span>
    </p>
   </div>
   <div class='ocr_carea' id='block_1_65' title="bbox 2063 924 2174 974">
    <p class='ocr_par' dir='ltr' id='par_1_65' title="bbox 2063 924 2174 974">
     <span class='ocr_line' id='line_1_65' title="bbox 2063 924 2174 974; baseline -0.009 -1"><span class='ocrx_word' id='word_1_472' title='bbox 2063 924 2174 974; x_wconf 90' lang='lat' dir='ltr'><strong>est.</strong></span> 
     </span>
    </p>
   </div>
   <div class='ocr_carea' id='block_1_66' title="bbox 2132 1005 3719 1079">
    <p class='ocr_par' dir='ltr' id='par_1_66' title="bbox 2132 1005 3719 1079">
     <span class='ocr_line' id='line_1_66' title="bbox 2132 1005 3719 1079; baseline 0.002 -20"><span class='ocrx_word' id='word_1_473' title='bbox 2132 1010 2333 1078; x_wconf 89' lang='lat' dir='ltr'><strong>Neque</strong></span> <span class='ocrx_word' id='word_1_474' title='bbox 2376 1007 2612 1074; x_wconf 90' lang='lat' dir='ltr'><strong>dixeris,</strong></span> <span class='ocrx_word' id='word_1_475' title='bbox 2645 1008 2794 1079; x_wconf 88' lang='lat' dir='ltr'><strong>quod</strong></span> <span class='ocrx_word' id='word_1_476' title='bbox 2831 1007 2878 1063; x_wconf 91' lang='lat' dir='ltr'><strong>si</strong></span> <span class='ocrx_word' id='word_1_477' title='bbox 2933 1005 3247 1062; x_wconf 80' lang='lat' dir='ltr'><strong>fatentibus</strong></span> <span class='ocrx_word' id='word_1_478' title='bbox 3280 1005 3470 1076; x_wconf 88' lang='lat' dir='ltr'><strong>nobis,</strong></span> <span class='ocrx_word' id='word_1_479' title='bbox 3521 1005 3719 1077; x_wconf 85' lang='lat' dir='ltr'><strong>aliqua</strong></span> 
     </span>
    </p>
   </div>
   <div class='ocr_carea' id='block_1_67' title="bbox 2063 1094 3716 1167">
    <p class='ocr_par' dir='ltr' id='par_1_67' title="bbox 2063 1094 3716 1167">
     <span class='ocr_line' id='line_1_67' title="bbox 2063 1094 3716 1167; baseline 0.001 -18"><span class='ocrx_word' id='word_1_480' title='bbox 2063 1095 2134 1150; x_wconf 91' lang='lat' dir='ltr'><strong>ab</strong></span> <span class='ocrx_word' id='word_1_481' title='bbox 2168 1096 2481 1167; x_wconf 90' lang='lat' dir='ltr'><strong>interprete</strong></span> <span class='ocrx_word' id='word_1_482' title='bbox 2514 1097 2660 1153; x_wconf 80' lang='lat' dir='ltr'><strong>facta</strong></span> <span class='ocrx_word' id='word_1_483' title='bbox 2692 1097 2812 1152; x_wconf 89' lang='lat' dir='ltr'><strong>sint</strong></span> <span class='ocrx_word' id='word_1_484' title='bbox 2849 1095 3269 1162; x_wconf 87' lang='lat' dir='ltr'><strong>additamenta,</strong></span> <span class='ocrx_word' id='word_1_485' title='bbox 3301 1096 3376 1150; x_wconf 91' lang='lat' dir='ltr'><strong>ab</strong></span> <span class='ocrx_word' id='word_1_486' title='bbox 3409 1094 3507 1150; x_wconf 92' lang='lat' dir='ltr'><strong>illo</strong></span> <span class='ocrx_word' id='word_1_487' title='bbox 3539 1095 3716 1151; x_wconf 90' lang='lat' dir='ltr'><strong>etiam</strong></span> 
     </span>
    </p>
   </div>
   <div class='ocr_carea' id='block_1_68' title="bbox 2061 1184 3715 1259">
    <p class='ocr_par' dir='ltr' id='par_1_68' title="bbox 2061 1184 3715 1259">
     <span class='ocr_line' id='line_1_68' title="bbox 2061 1184 3715 1259; baseline 0.002 -22"><span class='ocrx_word' id='word_1_488' title='bbox 2061 1200 2147 1251; x_wconf 85' lang='lat' dir='ltr'><strong>ea,</strong></span> <span class='ocrx_word' id='word_1_489' title='bbox 2179 1201 2307 1255; x_wconf 66' lang='lat' dir='ltr'><strong>qua;</strong></span> <span class='ocrx_word' id='word_1_490' title='bbox 2340 1202 2442 1257; x_wconf 93' lang='lat' dir='ltr'><strong>pro</strong></span> <span class='ocrx_word' id='word_1_491' title='bbox 2476 1187 2682 1259; x_wconf 88' lang='lat' dir='ltr'><strong>Ignatii</strong></span> <span class='ocrx_word' id='word_1_492' title='bbox 2712 1184 2979 1258; x_wconf 90' lang='lat' dir='ltr'><strong>epistolis</strong></span> <span class='ocrx_word' id='word_1_493' title='bbox 3010 1185 3345 1251; x_wconf 88' lang='lat' dir='ltr'><strong>citavimus,</strong></span> <span class='ocrx_word' id='word_1_494' title='bbox 3378 1184 3558 1240; x_wconf 81' lang='lat' dir='ltr'><strong>textui</strong></span> <span class='ocrx_word' id='word_1_495' title='bbox 3592 1185 3715 1240; x_wconf 91' lang='lat' dir='ltr'><strong>Ori-</strong></span> 
     </span>
    </p>
   </div>
   <div class='ocr_carea' id='block_1_69' title="bbox 2061 1272 3710 1346">
    <p class='ocr_par' dir='ltr' id='par_1_69' title="bbox 2061 1272 3710 1346">
     <span class='ocr_line' id='line_1_69' title="bbox 2061 1272 3710 1346; baseline 0.001 -19"><span class='ocrx_word' id='word_1_496' title='bbox 2061 1272 2227 1343; x_wconf 88' lang='lat' dir='ltr'><strong>genis</strong></span> <span class='ocrx_word' id='word_1_497' title='bbox 2259 1275 2436 1345; x_wconf 85' lang='lat' dir='ltr'><strong>adjici</strong></span> <span class='ocrx_word' id='word_1_498' title='bbox 2468 1276 2748 1346; x_wconf 86' lang='lat' dir='ltr'><strong>potuisse.</strong></span> <span class='ocrx_word' id='word_1_499' title='bbox 2781 1275 2927 1330; x_wconf 88' lang='lat' dir='ltr'><strong>Nam</strong></span> <span class='ocrx_word' id='word_1_500' title='bbox 2960 1279 3185 1330; x_wconf 91' lang='lat' dir='ltr'><strong>certum</strong></span> <span class='ocrx_word' id='word_1_501' title='bbox 3217 1278 3305 1330; x_wconf 91' lang='lat' dir='ltr'><strong>est</strong></span> <span class='ocrx_word' id='word_1_502' title='bbox 3349 1274 3556 1329; x_wconf 89' lang='lat' dir='ltr'><strong>harum</strong></span> <span class='ocrx_word' id='word_1_503' title='bbox 3593 1278 3710 1329; x_wconf 84' lang='lat' dir='ltr'><strong>Ho-</strong></span> 
     </span>
    </p>
   </div>
   <div class='ocr_carea' id='block_1_70' title="bbox 2061 1360 3712 1433">
    <p class='ocr_par' dir='ltr' id='par_1_70' title="bbox 2061 1360 3712 1433">
     <span class='ocr_line' id='line_1_70' title="bbox 2061 1360 3712 1433; baseline 0.002 -18"><span class='ocrx_word' id='word_1_504' title='bbox 2061 1360 2359 1418; x_wconf 83' lang='lat' dir='ltr'><strong>miliarum</strong></span> <span class='ocrx_word' id='word_1_505' title='bbox 2389 1364 2765 1433; x_wconf 89' lang='lat' dir='ltr'><strong>interpretem</strong></span> <span class='ocrx_word' id='word_1_506' title='bbox 2797 1381 2914 1420; x_wconf 91' lang='lat' dir='ltr'><strong>non</strong></span> <span class='ocrx_word' id='word_1_507' title='bbox 2954 1379 3082 1418; x_wconf 89' lang='lat' dir='ltr'><strong>esse</strong></span> <span class='ocrx_word' id='word_1_508' title='bbox 3118 1363 3418 1428; x_wconf 83' lang='lat' dir='ltr'><strong>Rufinum,</strong></span> <span class='ocrx_word' id='word_1_509' title='bbox 3445 1367 3510 1418; x_wconf 91' lang='lat' dir='ltr'><strong>ut</strong></span> <span class='ocrx_word' id='word_1_510' title='bbox 3537 1362 3712 1418; x_wconf 91' lang='lat' dir='ltr'><strong>Blon-</strong></span> 
     </span>
    </p>
   </div>
   <div class='ocr_carea' id='block_1_71' title="bbox 2061 1449 3710 1523">
    <p class='ocr_par' dir='ltr' id='par_1_71' title="bbox 2061 1449 3710 1523">
     <span class='ocr_line' id='line_1_71' title="bbox 2061 1449 3710 1523; baseline 0.002 -19"><span class='ocrx_word' id='word_1_511' title='bbox 2061 1449 2250 1506; x_wconf 90' lang='lat' dir='ltr'><strong>dellus</strong></span> <span class='ocrx_word' id='word_1_512' title='bbox 2281 1451 2661 1522; x_wconf 83' lang='lat' dir='ltr'><strong>ariolabatur,</strong></span> <span class='ocrx_word' id='word_1_513' title='bbox 2696 1454 2795 1508; x_wconf 89' lang='lat' dir='ltr'><strong>sed</strong></span> <span class='ocrx_word' id='word_1_514' title='bbox 2853 1452 3290 1522; x_wconf 83' lang='lat' dir='ltr'><strong>Hieronymum,</strong></span> <span class='ocrx_word' id='word_1_515' title='bbox 3323 1451 3496 1507; x_wconf 89' lang='lat' dir='ltr'><strong>sicuti</strong></span> <span class='ocrx_word' id='word_1_516' title='bbox 3555 1451 3710 1523; x_wconf 89' lang='lat' dir='ltr'><strong>ipse-</strong></span> 
     </span>
    </p>
   </div>
   <div class='ocr_carea' id='block_1_72' title="bbox 2061 1539 3714 1613">
    <p class='ocr_par' dir='ltr' id='par_1_72' title="bbox 2061 1539 3714 1613">
     <span class='ocr_line' id='line_1_72' title="bbox 2061 1539 3714 1613; baseline 0 -17"><span class='ocrx_word' id='word_1_517' title='bbox 2061 1545 2181 1596; x_wconf 88' lang='lat' dir='ltr'><strong>met</strong></span> <span class='ocrx_word' id='word_1_518' title='bbox 2210 1540 2741 1613; x_wconf 71' lang='lat' dir='ltr'><strong>Hieronymus&quot;,et</strong></span> <span class='ocrx_word' id='word_1_519' title='bbox 2772 1542 2926 1597; x_wconf 90' lang='lat' dir='ltr'><strong>idem</strong></span> <span class='ocrx_word' id='word_1_520' title='bbox 2956 1541 3207 1596; x_wconf 82' lang='lat' dir='ltr'><strong>Ruﬁnus</strong></span> <span class='ocrx_word' id='word_1_521' title='bbox 3235 1539 3282 1576; x_wconf 72' lang='lat'><strong>7’</strong></span> <span class='ocrx_word' id='word_1_522' title='bbox 3301 1543 3563 1612; x_wconf 87' lang='lat' dir='ltr'><strong>ejusdem</strong></span> <span class='ocrx_word' id='word_1_523' title='bbox 3589 1541 3714 1596; x_wconf 77' lang='grc' dir='ltr'><strong>Ηίθ-</strong></span> 
     </span>
    </p>
   </div>
   <div class='ocr_carea' id='block_1_73' title="bbox 2062 1629 3716 1702">
    <p class='ocr_par' dir='ltr' id='par_1_73' title="bbox 2062 1629 3716 1702">
     <span class='ocr_line' id='line_1_73' title="bbox 2062 1629 3716 1702; baseline 0.001 -18"><span class='ocrx_word' id='word_1_524' title='bbox 2062 1629 2288 1702; x_wconf 77' lang='lat' dir='ltr'><strong>ronymi</strong></span> <span class='ocrx_word' id='word_1_525' title='bbox 2332 1629 2520 1685; x_wconf 88' lang='lat' dir='ltr'><strong>hostis</strong></span> <span class='ocrx_word' id='word_1_526' title='bbox 2554 1630 2993 1686; x_wconf 81' lang='lat' dir='ltr'><strong>infensissimus</strong></span> <span class='ocrx_word' id='word_1_527' title='bbox 3042 1634 3350 1687; x_wconf 89' lang='lat' dir='ltr'><strong>testantur.</strong></span> <span class='ocrx_word' id='word_1_528' title='bbox 3383 1631 3452 1685; x_wconf 83' lang='lat' dir='ltr'><strong>At</strong></span> <span class='ocrx_word' id='word_1_529' title='bbox 3483 1635 3716 1686; x_wconf 89' lang='lat' dir='ltr'><strong>constat</strong></span> 
     </span>
    </p>
   </div>
   <div class='ocr_carea' id='block_1_74' title="bbox 2061 1718 3710 1790">
    <p class='ocr_par' dir='ltr' id='par_1_74' title="bbox 2061 1718 3710 1790">
     <span class='ocr_line' id='line_1_74' title="bbox 2061 1718 3710 1790; baseline 0 -16"><span class='ocrx_word' id='word_1_530' title='bbox 2061 1718 2477 1789; x_wconf 85' lang='lat' dir='ltr'><strong>Hieronymum</strong></span> <span class='ocrx_word' id='word_1_531' title='bbox 2508 1735 2693 1790; x_wconf 91' lang='lat' dir='ltr'><strong>pauca</strong></span> <span class='ocrx_word' id='word_1_532' title='bbox 2715 1720 2772 1774; x_wconf 92' lang='lat' dir='ltr'><strong>in</strong></span> <span class='ocrx_word' id='word_1_533' title='bbox 2799 1719 2924 1774; x_wconf 89' lang='lat' dir='ltr'><strong>suis</strong></span> <span class='ocrx_word' id='word_1_534' title='bbox 2949 1718 3433 1790; x_wconf 81' lang='lat' dir='ltr'><strong>Origenianorum</strong></span> <span class='ocrx_word' id='word_1_535' title='bbox 3468 1735 3710 1790; x_wconf 91' lang='lat' dir='ltr'><strong>operum</strong></span> 
     </span>
    </p>
   </div>
   <div class='ocr_carea' id='block_1_75' title="bbox 1981 1807 3710 1897">
    <p class='ocr_par' dir='ltr' id='par_1_75' title="bbox 1981 1807 3710 1897">
     <span class='ocr_line' id='line_1_75' title="bbox 1981 1807 3710 1897; baseline 0.002 -36"><span class='ocrx_word' id='word_1_536' title='bbox 1981 1832 2028 1897; x_wconf 83' lang='lat' dir='ltr'><strong>B</strong></span> <span class='ocrx_word' id='word_1_537' title='bbox 2062 1807 2430 1863; x_wconf 87' lang='lat' dir='ltr'><strong>versionibus</strong></span> <span class='ocrx_word' id='word_1_538' title='bbox 2454 1809 2787 1876; x_wconf 90' lang='lat' dir='ltr'><strong>addidisse;</strong></span> <span class='ocrx_word' id='word_1_539' title='bbox 2814 1825 2942 1879; x_wconf 71' lang='lat' dir='ltr'><strong>quae</strong></span> <span class='ocrx_word' id='word_1_540' title='bbox 2961 1828 2991 1863; x_wconf 84' lang='lat' dir='ltr'><strong>a</strong></span> <span class='ocrx_word' id='word_1_541' title='bbox 3014 1809 3224 1863; x_wconf 81' lang='lat' dir='ltr'><strong>Ruﬁno</strong></span> <span class='ocrx_word' id='word_1_542' title='bbox 3252 1808 3530 1863; x_wconf 87' lang='lat' dir='ltr'><strong>adnotata</strong></span> <span class='ocrx_word' id='word_1_543' title='bbox 3551 1814 3710 1866; x_wconf 91' lang='lat' dir='ltr'><strong>sunt.</strong></span> 
     </span>
    </p>
   </div>
   <div class='ocr_carea' id='block_1_76' title="bbox 2063 1897 3708 1968">
    <p class='ocr_par' dir='ltr' id='par_1_76' title="bbox 2063 1897 3708 1968">
     <span class='ocr_line' id='line_1_76' title="bbox 2063 1897 3708 1968; baseline 0.001 -17"><span class='ocrx_word' id='word_1_544' title='bbox 2063 1899 2424 1968; x_wconf 90' lang='lat' dir='ltr'><strong>Quapropter</strong></span> <span class='ocrx_word' id='word_1_545' title='bbox 2453 1913 2587 1952; x_wconf 90' lang='lat' dir='ltr'><strong>cum</strong></span> <span class='ocrx_word' id='word_1_546' title='bbox 2620 1897 2770 1953; x_wconf 89' lang='lat' dir='ltr'><strong>inter</strong></span> <span class='ocrx_word' id='word_1_547' title='bbox 2800 1897 2900 1953; x_wconf 89' lang='lat' dir='ltr'><strong>illa</strong></span> <span class='ocrx_word' id='word_1_548' title='bbox 2930 1897 3356 1965; x_wconf 89' lang='lat' dir='ltr'><strong>testimonium,</strong></span> <span class='ocrx_word' id='word_1_549' title='bbox 3398 1897 3556 1968; x_wconf 91' lang='lat' dir='ltr'><strong>quod</strong></span> <span class='ocrx_word' id='word_1_550' title='bbox 3585 1914 3708 1967; x_wconf 89' lang='lat' dir='ltr'><strong>pro-</strong></span> 
     </span>
    </p>
   </div>
   <div class='ocr_carea' id='block_1_77' title="bbox 2059 1987 3711 2059">
    <p class='ocr_par' dir='ltr' id='par_1_77' title="bbox 2059 1987 3711 2059">
     <span class='ocr_line' id='line_1_77' title="bbox 2059 1987 3711 2059; baseline 0.001 -17"><span class='ocrx_word' id='word_1_551' title='bbox 2059 1987 2327 2054; x_wconf 89' lang='lat' dir='ltr'><strong>tulimus,</strong></span> <span class='ocrx_word' id='word_1_552' title='bbox 2353 1988 2593 2044; x_wconf 85' lang='lat' dir='ltr'><strong>minime</strong></span> <span class='ocrx_word' id='word_1_553' title='bbox 2617 1994 3008 2053; x_wconf 78' lang='lat' dir='ltr'><strong>recensentur,</strong></span> <span class='ocrx_word' id='word_1_554' title='bbox 3034 1987 3176 2042; x_wconf 89' lang='lat' dir='ltr'><strong>illud</strong></span> <span class='ocrx_word' id='word_1_555' title='bbox 3209 2004 3341 2042; x_wconf 92' lang='lat' dir='ltr'><strong>vere</strong></span> <span class='ocrx_word' id='word_1_556' title='bbox 3363 1988 3436 2042; x_wconf 89' lang='lat' dir='ltr'><strong>ab</strong></span> <span class='ocrx_word' id='word_1_557' title='bbox 3466 1987 3711 2059; x_wconf 86' lang='lat' dir='ltr'><strong>Origene</strong></span> 
     </span>
    </p>
   </div>
   <div class='ocr_carea' id='block_1_78' title="bbox 2062 2076 3711 2150">
    <p class='ocr_par' dir='ltr' id='par_1_78' title="bbox 2062 2076 3711 2150">
     <span class='ocr_line' id='line_1_78' title="bbox 2062 2076 3711 2150; baseline 0 -18"><span class='ocrx_word' id='word_1_558' title='bbox 2062 2078 2383 2150; x_wconf 80' lang='lat' dir='ltr'><strong>profectum</strong></span> <span class='ocrx_word' id='word_1_559' title='bbox 2415 2093 2544 2134; x_wconf 88' lang='lat' dir='ltr'><strong>esse</strong></span> <span class='ocrx_word' id='word_1_560' title='bbox 2601 2078 2734 2150; x_wconf 91' lang='lat' dir='ltr'><strong>quis</strong></span> <span class='ocrx_word' id='word_1_561' title='bbox 2768 2094 3031 2148; x_wconf 89' lang='lat' dir='ltr'><strong>unquam</strong></span> <span class='ocrx_word' id='word_1_562' title='bbox 3064 2076 3178 2132; x_wconf 90' lang='lat' dir='ltr'><strong>nisi</strong></span> <span class='ocrx_word' id='word_1_563' title='bbox 3230 2081 3448 2132; x_wconf 89' lang='lat' dir='ltr'><strong>temere</strong></span> <span class='ocrx_word' id='word_1_564' title='bbox 3477 2082 3534 2131; x_wconf 93' lang='lat' dir='ltr'><strong>et</strong></span> <span class='ocrx_word' id='word_1_565' title='bbox 3564 2076 3711 2132; x_wconf 79' lang='lat' dir='ltr'><strong>falso</strong></span> 
     </span>
    </p>
   </div>
   <div class='ocr_carea' id='block_1_79' title="bbox 2061 2166 2559 2236">
    <p class='ocr_par' dir='ltr' id='par_1_79' title="bbox 2061 2166 2559 2236">
     <span class='ocr_line' id='line_1_79' title="bbox 2061 2166 2559 2236; baseline 0 -14"><span class='ocrx_word' id='word_1_566' title='bbox 2061 2183 2270 2236; x_wconf 86' lang='lat' dir='ltr'><strong>negare</strong></span> <span class='ocrx_word' id='word_1_567' title='bbox 2299 2166 2559 2223; x_wconf 84' lang='lat' dir='ltr'><strong>audeat?</strong></span> 
     </span>
    </p>
   </div>
   <div class='ocr_carea' id='block_1_80' title="bbox 2133 2255 3713 2326">
    <p class='ocr_par' dir='ltr' id='par_1_80' title="bbox 2133 2255 3713 2326">
     <span class='ocr_line' id='line_1_80' title="bbox 2133 2255 3713 2326; baseline -0.001 -14"><span class='ocrx_word' id='word_1_568' title='bbox 2133 2257 2466 2312; x_wconf 91' lang='lat' dir='ltr'><strong>Secundum</strong></span> <span class='ocrx_word' id='word_1_569' title='bbox 2500 2256 2698 2311; x_wconf 72' lang='lat' dir='ltr'><strong>Dallaei</strong></span> <span class='ocrx_word' id='word_1_570' title='bbox 2758 2259 3144 2323; x_wconf 87' lang='lat' dir='ltr'><strong>momentum,</strong></span> <span class='ocrx_word' id='word_1_571' title='bbox 3178 2271 3290 2326; x_wconf 88' lang='lat' dir='ltr'><strong>quo</strong></span> <span class='ocrx_word' id='word_1_572' title='bbox 3341 2255 3448 2310; x_wconf 91' lang='lat' dir='ltr'><strong>has</strong></span> <span class='ocrx_word' id='word_1_573' title='bbox 3478 2255 3537 2310; x_wconf 89' lang='lat' dir='ltr'><strong>in</strong></span> <span class='ocrx_word' id='word_1_574' title='bbox 3601 2259 3713 2310; x_wconf 86' lang='lat' dir='ltr'><strong>Lu-</strong></span> 
     </span>
    </p>
   </div>
   <div class='ocr_carea' id='block_1_81' title="bbox 2061 2343 3709 2417">
    <p class='ocr_par' dir='ltr' id='par_1_81' title="bbox 2061 2343 3709 2417">
     <span class='ocr_line' id='line_1_81' title="bbox 2061 2343 3709 2417; baseline 0 -19"><span class='ocrx_word' id='word_1_575' title='bbox 2061 2360 2190 2400; x_wconf 87' lang='lat' dir='ltr'><strong>cam</strong></span> <span class='ocrx_word' id='word_1_576' title='bbox 2221 2345 2506 2400; x_wconf 84' lang='lat' dir='ltr'><strong>Homilias</strong></span> <span class='ocrx_word' id='word_1_577' title='bbox 2539 2345 2808 2417; x_wconf 90' lang='lat' dir='ltr'><strong>Origenis</strong></span> <span class='ocrx_word' id='word_1_578' title='bbox 2837 2360 2966 2400; x_wconf 90' lang='lat' dir='ltr'><strong>esse</strong></span> <span class='ocrx_word' id='word_1_579' title='bbox 3001 2349 3192 2415; x_wconf 87' lang='lat' dir='ltr'><strong>negat,</strong></span> <span class='ocrx_word' id='word_1_580' title='bbox 3228 2343 3318 2399; x_wconf 91' lang='lat' dir='ltr'><strong>his</strong></span> <span class='ocrx_word' id='word_1_581' title='bbox 3349 2344 3541 2399; x_wconf 90' lang='lat' dir='ltr'><strong>verbis</strong></span> <span class='ocrx_word' id='word_1_582' title='bbox 3573 2360 3709 2400; x_wconf 91' lang='lat' dir='ltr'><strong>con-</strong></span> 
     </span>
    </p>
   </div>
   <div class='ocr_carea' id='block_1_82' title="bbox 2061 2433 3716 2506">
    <p class='ocr_par' dir='ltr' id='par_1_82' title="bbox 2061 2433 3716 2506">
     <span class='ocr_line' id='line_1_82' title="bbox 2061 2433 3716 2506; baseline 0.001 -18"><span class='ocrx_word' id='word_1_583' title='bbox 2061 2433 2277 2506; x_wconf 89' lang='lat' dir='ltr'><strong>cipitur</strong></span> <span class='ocrx_word' id='word_1_584' title='bbox 2304 2435 2388 2489; x_wconf 74' lang='lat'><strong>&#39;0:</strong></span> <span class='ocrx_word' id='word_1_585' title='bbox 2425 2456 2453 2484; x_wconf 93' lang='grc'><strong>‹‹</strong></span> <span class='ocrx_word' id='word_1_586' title='bbox 2493 2435 2602 2490; x_wconf 86' lang='lat' dir='ltr'><strong>Sed</strong></span> <span class='ocrx_word' id='word_1_587' title='bbox 2659 2437 2713 2489; x_wconf 89' lang='lat' dir='ltr'><strong>et</strong></span> <span class='ocrx_word' id='word_1_588' title='bbox 2745 2435 2817 2489; x_wconf 87' lang='lat' dir='ltr'><strong>ab</strong></span> <span class='ocrx_word' id='word_1_589' title='bbox 2852 2434 2978 2504; x_wconf 85' lang='lat' dir='ltr'><strong>ipso</strong></span> <span class='ocrx_word' id='word_1_590' title='bbox 3011 2433 3278 2506; x_wconf 92' lang='lat' dir='ltr'><strong>Origenis</strong></span> <span class='ocrx_word' id='word_1_591' title='bbox 3309 2434 3502 2505; x_wconf 86' lang='lat' dir='ltr'><strong>genio,</strong></span> <span class='ocrx_word' id='word_1_592' title='bbox 3553 2450 3716 2490; x_wconf 89' lang='lat' dir='ltr'><strong>more</strong></span> 
     </span>
    </p>
   </div>
   <div class='ocr_carea' id='block_1_83' title="bbox 2060 2524 3710 2596">
    <p class='ocr_par' dir='ltr' id='par_1_83' title="bbox 2060 2524 3710 2596">
     <span class='ocr_line' id='line_1_83' title="bbox 2060 2524 3710 2596; baseline -0.003 -16"><span class='ocrx_word' id='word_1_593' title='bbox 2060 2541 2125 2580; x_wconf 86' lang='lat' dir='ltr'><strong>ac</strong></span> <span class='ocrx_word' id='word_1_594' title='bbox 2157 2541 2335 2580; x_wconf 88' lang='lat' dir='ltr'><strong>sensu</strong></span> <span class='ocrx_word' id='word_1_595' title='bbox 2387 2525 2657 2596; x_wconf 78' lang='lat' dir='ltr'><strong>quaedam</strong></span> <span class='ocrx_word' id='word_1_596' title='bbox 2693 2528 2833 2580; x_wconf 89' lang='lat' dir='ltr'><strong>sunt</strong></span> <span class='ocrx_word' id='word_1_597' title='bbox 2869 2526 2927 2580; x_wconf 87' lang='lat' dir='ltr'><strong>in</strong></span> <span class='ocrx_word' id='word_1_598' title='bbox 2958 2525 3162 2580; x_wconf 88' lang='lat' dir='ltr'><strong>eodem</strong></span> <span class='ocrx_word' id='word_1_599' title='bbox 3211 2541 3384 2595; x_wconf 89' lang='lat' dir='ltr'><strong>opere</strong></span> <span class='ocrx_word' id='word_1_600' title='bbox 3436 2524 3646 2581; x_wconf 89' lang='lat' dir='ltr'><strong>aliena.</strong></span> <span class='ocrx_word' id='word_1_601' title='bbox 3681 2547 3710 2575; x_wconf 87' lang='grc'><strong>››</strong></span> 
     </span>
    </p>
   </div>
   <div class='ocr_carea' id='block_1_84' title="bbox 2059 2613 3710 2685">
    <p class='ocr_par' dir='ltr' id='par_1_84' title="bbox 2059 2613 3710 2685">
     <span class='ocr_line' id='line_1_84' title="bbox 2059 2613 3710 2685; baseline 0.001 -16"><span class='ocrx_word' id='word_1_602' title='bbox 2059 2615 2224 2682; x_wconf 86' lang='lat' dir='ltr'><strong>Quod</strong></span> <span class='ocrx_word' id='word_1_603' title='bbox 2285 2613 2519 2684; x_wconf 90' lang='lat' dir='ltr'><strong>quidem</strong></span> <span class='ocrx_word' id='word_1_604' title='bbox 2555 2613 2768 2685; x_wconf 91' lang='lat' dir='ltr'><strong>triplici</strong></span> <span class='ocrx_word' id='word_1_605' title='bbox 2825 2613 3050 2669; x_wconf 91' lang='lat' dir='ltr'><strong>ratione</strong></span> <span class='ocrx_word' id='word_1_606' title='bbox 3081 2615 3388 2669; x_wconf 89' lang='lat' dir='ltr'><strong>ostendere</strong></span> <span class='ocrx_word' id='word_1_607' title='bbox 3443 2621 3710 2670; x_wconf 89' lang='lat' dir='ltr'><strong>conatur.</strong></span> 
     </span>
    </p>
   </div>
   <div class='ocr_carea' id='block_1_85' title="bbox 2061 2702 3712 2773">
    <p class='ocr_par' dir='ltr' id='par_1_85' title="bbox 2061 2702 3712 2773">
     <span class='ocr_line' id='line_1_85' title="bbox 2061 2702 3712 2773; baseline 0.002 -17"><span class='ocrx_word' id='word_1_608' title='bbox 2061 2706 2278 2758; x_wconf 85' lang='lat' dir='ltr'><strong>Harum</strong></span> <span class='ocrx_word' id='word_1_609' title='bbox 2311 2702 2500 2773; x_wconf 89' lang='lat' dir='ltr'><strong>prima</strong></span> <span class='ocrx_word' id='word_1_610' title='bbox 2521 2707 2630 2770; x_wconf 84' lang='lat' dir='ltr'><strong>est,</strong></span> <span class='ocrx_word' id='word_1_611' title='bbox 2663 2702 2949 2773; x_wconf 91' lang='lat' dir='ltr'><strong>Spiritum</strong></span> <span class='ocrx_word' id='word_1_612' title='bbox 2983 2707 3255 2758; x_wconf 89' lang='lat' dir='ltr'><strong>sanctum</strong></span> <span class='ocrx_word' id='word_1_613' title='bbox 3280 2703 3393 2757; x_wconf 92' lang='lat' dir='ltr'><strong>dici</strong></span> <span class='ocrx_word' id='word_1_614' title='bbox 3423 2703 3656 2759; x_wconf 88' lang='lat' dir='ltr'><strong>tertiam</strong></span> <span class='ocrx_word' id='word_1_615' title='bbox 3681 2721 3712 2759; x_wconf 92' lang='lat' dir='ltr'><strong>a</strong></span> 
     </span>
    </p>
   </div>
   <div class='ocr_carea' id='block_1_86' title="bbox 2061 2789 3710 2864">
    <p class='ocr_par' dir='ltr' id='par_1_86' title="bbox 2061 2789 3710 2864">
     <span class='ocr_line' id='line_1_86' title="bbox 2061 2789 3710 2864; baseline 0 -17"><span class='ocrx_word' id='word_1_616' title='bbox 2061 2792 2229 2848; x_wconf 91' lang='lat' dir='ltr'><strong>Patre</strong></span> <span class='ocrx_word' id='word_1_617' title='bbox 2258 2797 2316 2846; x_wconf 91' lang='lat' dir='ltr'><strong>et</strong></span> <span class='ocrx_word' id='word_1_618' title='bbox 2346 2789 2490 2847; x_wconf 88' lang='lat' dir='ltr'><strong>Filio</strong></span> <span class='ocrx_word' id='word_1_619' title='bbox 2523 2807 2873 2863; x_wconf 88' lang='lat' dir='ltr'><strong>personam:</strong></span> <span class='ocrx_word' id='word_1_620' title='bbox 2912 2813 2934 2843; x_wconf 75' lang='grc' dir='ltr'>ι</span> <span class='ocrx_word' id='word_1_621' title='bbox 2969 2791 3098 2862; x_wconf 90' lang='lat' dir='ltr'><strong>Qui,</strong></span> <span class='ocrx_word' id='word_1_622' title='bbox 3132 2791 3329 2864; x_wconf 91' lang='lat' dir='ltr'><strong>inquit</strong></span> <span class='ocrx_word' id='word_1_623' title='bbox 3373 2789 3443 2858; x_wconf 67' lang='grc'><strong>⁸1,</strong></span> <span class='ocrx_word' id='word_1_624' title='bbox 3472 2791 3555 2847; x_wconf 86' lang='lat' dir='ltr'><strong>sic</strong></span> <span class='ocrx_word' id='word_1_625' title='bbox 3587 2793 3710 2848; x_wconf 82' lang='lat' dir='ltr'><strong>dis-</strong></span> 
     </span>
    </p>
   </div>
   <div class='ocr_carea' id='block_1_87' title="bbox 2059 2881 3715 2953">
    <p class='ocr_par' dir='ltr' id='par_1_87' title="bbox 2059 2881 3715 2953">
     <span class='ocr_line' id='line_1_87' title="bbox 2059 2881 3715 2953; baseline 0 -17"><span class='ocrx_word' id='word_1_626' title='bbox 2059 2882 2280 2936; x_wconf 86' lang='lat' dir='ltr'><strong>tinctus</strong></span> <span class='ocrx_word' id='word_1_627' title='bbox 2335 2896 2598 2952; x_wconf 64' lang='lat' dir='ltr'><strong>personae</strong></span> <span class='ocrx_word' id='word_1_628' title='bbox 2649 2881 2708 2935; x_wconf 92' lang='lat' dir='ltr'><strong>in</strong></span> <span class='ocrx_word' id='word_1_629' title='bbox 2758 2881 2971 2936; x_wconf 88' lang='lat' dir='ltr'><strong>divinis</strong></span> <span class='ocrx_word' id='word_1_630' title='bbox 3028 2897 3186 2950; x_wconf 89' lang='lat' dir='ltr'><strong>usus,</strong></span> <span class='ocrx_word' id='word_1_631' title='bbox 3239 2881 3312 2935; x_wconf 89' lang='lat' dir='ltr'><strong>ab</strong></span> <span class='ocrx_word' id='word_1_632' title='bbox 3340 2881 3607 2953; x_wconf 88' lang='lat' dir='ltr'><strong>Origene,</strong></span> <span class='ocrx_word' id='word_1_633' title='bbox 3664 2882 3715 2938; x_wconf 88' lang='lat' dir='ltr'><strong>si</strong></span> 
     </span>
    </p>
   </div>
   <div class='ocr_carea' id='block_1_88' title="bbox 2060 2968 3715 3038">
    <p class='ocr_par' dir='ltr' id='par_1_88' title="bbox 2060 2968 3715 3038">
     <span class='ocr_line' id='line_1_88' title="bbox 2060 2968 3715 3038; baseline 0.001 -14"><span class='ocrx_word' id='word_1_634' title='bbox 2060 2970 2206 3026; x_wconf 89' lang='lat' dir='ltr'><strong>bene</strong></span> <span class='ocrx_word' id='word_1_635' title='bbox 2238 2968 2503 3038; x_wconf 88' lang='lat' dir='ltr'><strong>memini,</strong></span> <span class='ocrx_word' id='word_1_636' title='bbox 2553 2969 2784 3025; x_wconf 90' lang='lat' dir='ltr'><strong>alienus</strong></span> <span class='ocrx_word' id='word_1_637' title='bbox 2814 2974 2923 3024; x_wconf 90' lang='lat' dir='ltr'><strong>est.</strong></span> <span class='ocrx_word' id='word_1_638' title='bbox 2958 2991 2987 3019; x_wconf 84' lang='grc'><strong>››</strong></span> <span class='ocrx_word' id='word_1_639' title='bbox 3017 2970 3123 3024; x_wconf 87' lang='lat' dir='ltr'><strong>Sed</strong></span> <span class='ocrx_word' id='word_1_640' title='bbox 3180 2970 3324 3025; x_wconf 90' lang='lat' dir='ltr'><strong>bene</strong></span> <span class='ocrx_word' id='word_1_641' title='bbox 3355 2986 3470 3025; x_wconf 93' lang='lat' dir='ltr'><strong>non</strong></span> <span class='ocrx_word' id='word_1_642' title='bbox 3503 2971 3715 3026; x_wconf 82' lang='lat' dir='ltr'><strong>memi-</strong></span> 
     </span>
    </p>
   </div>
   <div class='ocr_carea' id='block_1_89' title="bbox 2061 3058 3705 3131">
    <p class='ocr_par' dir='ltr' id='par_1_89' title="bbox 2061 3058 3705 3131">
     <span class='ocr_line' id='line_1_89' title="bbox 2061 3058 3705 3131; baseline 0 -15"><span class='ocrx_word' id='word_1_643' title='bbox 2061 3060 2168 3129; x_wconf 87' lang='lat' dir='ltr'><strong>nit,</strong></span> <span class='ocrx_word' id='word_1_644' title='bbox 2202 3067 2302 3115; x_wconf 88' lang='lat' dir='ltr'><strong>aut</strong></span> <span class='ocrx_word' id='word_1_645' title='bbox 2345 3060 2493 3116; x_wconf 90' lang='lat' dir='ltr'><strong>bene</strong></span> <span class='ocrx_word' id='word_1_646' title='bbox 2552 3076 2667 3116; x_wconf 90' lang='lat' dir='ltr'><strong>non</strong></span> <span class='ocrx_word' id='word_1_647' title='bbox 2699 3059 2919 3131; x_wconf 89' lang='lat' dir='ltr'><strong>legerat</strong></span> <span class='ocrx_word' id='word_1_648' title='bbox 2948 3058 3068 3114; x_wconf 64' lang='lat' dir='ltr'><strong>haec</strong></span> <span class='ocrx_word' id='word_1_649' title='bbox 3124 3059 3392 3131; x_wconf 80' lang='lat' dir='ltr'><strong>Origenis</strong></span> <span class='ocrx_word' id='word_1_650' title='bbox 3423 3062 3597 3116; x_wconf 89' lang='lat' dir='ltr'><strong>verba</strong></span> <span class='ocrx_word' id='word_1_651' title='bbox 3625 3059 3673 3095; x_wconf 73' lang='grc'><strong>⁸³</strong></span> <span class='ocrx_word' id='word_1_652' title='bbox 3692 3078 3705 3116; x_wconf 90' lang='lat'><strong>:</strong></span> 
     </span>
    </p>
   </div>
   <div class='ocr_carea' id='block_1_90' title="bbox 2061 3147 3711 3220">
    <p class='ocr_par' dir='ltr' id='par_1_90' title="bbox 2061 3147 3711 3220">
     <span class='ocr_line' id='line_1_90' title="bbox 2061 3147 3711 3220; baseline 0.003 -21"><span class='ocrx_word' id='word_1_653' title='bbox 2061 3171 2090 3199; x_wconf 85' lang='lat'><strong>«</strong></span> <span class='ocrx_word' id='word_1_654' title='bbox 2122 3150 2237 3204; x_wconf 90' lang='lat' dir='ltr'><strong>Nos</strong></span> <span class='ocrx_word' id='word_1_655' title='bbox 2269 3153 2461 3204; x_wconf 89' lang='lat' dir='ltr'><strong>autem</strong></span> <span class='ocrx_word' id='word_1_656' title='bbox 2495 3147 2595 3220; x_wconf 88' lang='lat' dir='ltr'><strong>qui</strong></span> <span class='ocrx_word' id='word_1_657' title='bbox 2635 3153 2753 3203; x_wconf 89' lang='lat' dir='ltr'><strong>tres</strong></span> <span class='ocrx_word' id='word_1_658' title='bbox 2786 3163 3063 3218; x_wconf 88' lang='lat' dir='ltr'><strong>personas</strong></span> <span class='ocrx_word' id='word_1_659' title='bbox 3095 3149 3337 3217; x_wconf 87' lang='lat' dir='ltr'><strong>Patrem,</strong></span> <span class='ocrx_word' id='word_1_660' title='bbox 3390 3152 3446 3204; x_wconf 91' lang='lat' dir='ltr'><strong>et</strong></span> <span class='ocrx_word' id='word_1_661' title='bbox 3478 3148 3711 3219; x_wconf 89' lang='lat' dir='ltr'><strong>Filium,</strong></span> 
     </span>
    </p>
   </div>
   <div class='ocr_carea' id='block_1_91' title="bbox 2063 3237 3715 3310">
    <p class='ocr_par' dir='ltr' id='par_1_91' title="bbox 2063 3237 3715 3310">
     <span class='ocr_line' id='line_1_91' title="bbox 2063 3237 3715 3310; baseline 0 -16"><span class='ocrx_word' id='word_1_662' title='bbox 2063 3243 2237 3308; x_wconf 86' lang='lat' dir='ltr'><strong>atque</strong></span> <span class='ocrx_word' id='word_1_663' title='bbox 2265 3237 2553 3308; x_wconf 90' lang='lat' dir='ltr'><strong>Spiritum</strong></span> <span class='ocrx_word' id='word_1_664' title='bbox 2581 3241 2852 3293; x_wconf 88' lang='lat' dir='ltr'><strong>sanctum</strong></span> <span class='ocrx_word' id='word_1_665' title='bbox 2907 3253 3037 3293; x_wconf 89' lang='lat' dir='ltr'><strong>esse</strong></span> <span class='ocrx_word' id='word_1_666' title='bbox 3089 3237 3406 3294; x_wconf 88' lang='lat' dir='ltr'><strong>credimus.</strong></span> <span class='ocrx_word' id='word_1_667' title='bbox 3441 3261 3470 3288; x_wconf 83' lang='lat'>»</span> <span class='ocrx_word' id='word_1_668' title='bbox 3515 3243 3715 3310; x_wconf 89' lang='lat' dir='ltr'><strong>Neque</strong></span> 
     </span>
    </p>
   </div>
   <div class='ocr_carea' id='block_1_92' title="bbox 2063 3325 3713 3398">
    <p class='ocr_par' dir='ltr' id='par_1_92' title="bbox 2063 3325 3713 3398">
     <span class='ocr_line' id='line_1_92' title="bbox 2063 3325 3713 3398; baseline -0.001 -15"><span class='ocrx_word' id='word_1_669' title='bbox 2063 3327 2240 3383; x_wconf 91' lang='lat' dir='ltr'><strong>etiam</strong></span> <span class='ocrx_word' id='word_1_670' title='bbox 2270 3328 2417 3382; x_wconf 91' lang='lat' dir='ltr'><strong>bene</strong></span> <span class='ocrx_word' id='word_1_671' title='bbox 2451 3325 2716 3381; x_wconf 87' lang='lat' dir='ltr'><strong>meminit</strong></span> <span class='ocrx_word' id='word_1_672' title='bbox 2772 3325 2845 3382; x_wconf 92' lang='lat' dir='ltr'><strong>ab</strong></span> <span class='ocrx_word' id='word_1_673' title='bbox 2875 3325 3078 3382; x_wconf 92' lang='lat' dir='ltr'><strong>eodem</strong></span> <span class='ocrx_word' id='word_1_674' title='bbox 3111 3326 3358 3398; x_wconf 90' lang='lat' dir='ltr'><strong>Origene</strong></span> <span class='ocrx_word' id='word_1_675' title='bbox 3416 3327 3713 3384; x_wconf 89' lang='lat' dir='ltr'><strong>Christum</strong></span> 
     </span>
    </p>
   </div>
   <div class='ocr_carea' id='block_1_93' title="bbox 2067 3409 3715 3486">
    <p class='ocr_par' dir='ltr' id='par_1_93' title="bbox 2067 3409 3715 3486">
     <span class='ocr_line' id='line_1_93' title="bbox 2067 3409 3715 3486; baseline -0.003 -15"><span class='ocrx_word' id='word_1_676' title='bbox 2067 3415 2205 3471; x_wconf 86' lang='lat' dir='ltr'><strong>alibi</strong></span> <span class='ocrx_word' id='word_1_677' title='bbox 2234 3413 2514 3486; x_wconf 89' lang='lat' dir='ltr'><strong>appellari</strong></span> <span class='ocrx_word' id='word_1_678' title='bbox 2539 3409 2787 3486; x_wconf 80' lang='grc' dir='ltr'><strong>δεύτερον</strong></span> <span class='ocrx_word' id='word_1_679' title='bbox 2821 3413 3019 3483; x_wconf 86' lang='grc' dir='ltr'><strong>Θεόν,‹‹</strong></span> <span class='ocrx_word' id='word_1_680' title='bbox 3035 3415 3362 3471; x_wconf 88' lang='lat' dir='ltr'><strong>secundum</strong></span> <span class='ocrx_word' id='word_1_681' title='bbox 3394 3415 3576 3471; x_wconf 91' lang='lat' dir='ltr'><strong>Deum</strong></span> <span class='ocrx_word' id='word_1_682' title='bbox 3597 3415 3666 3470; x_wconf 78' lang='grc'><strong>⁸⁸.</strong></span> <span class='ocrx_word' id='word_1_683' title='bbox 3685 3438 3715 3467; x_wconf 83' lang='grc'>››</span> 
     </span>
    </p>
   </div>
   <div class='ocr_carea' id='block_1_94' title="bbox 2065 3503 3715 3577">
    <p class='ocr_par' dir='ltr' id='par_1_94' title="bbox 2065 3503 3715 3577">
     <span class='ocr_line' id='line_1_94' title="bbox 2065 3503 3715 3577; baseline 0 -17"><span class='ocrx_word' id='word_1_684' title='bbox 2065 3509 2264 3577; x_wconf 90' lang='lat' dir='ltr'><strong>Neque</strong></span> <span class='ocrx_word' id='word_1_685' title='bbox 2324 3505 2561 3559; x_wconf 86' lang='lat' dir='ltr'><strong>tandem</strong></span> <span class='ocrx_word' id='word_1_686' title='bbox 2595 3505 2740 3558; x_wconf 90' lang='lat' dir='ltr'><strong>bene</strong></span> <span class='ocrx_word' id='word_1_687' title='bbox 2773 3503 3044 3559; x_wconf 88' lang='lat' dir='ltr'><strong>meminit</strong></span> <span class='ocrx_word' id='word_1_688' title='bbox 3098 3503 3516 3574; x_wconf 81' lang='lat' dir='ltr'><strong>Hieronymum</strong></span> <span class='ocrx_word' id='word_1_689' title='bbox 3567 3505 3715 3560; x_wconf 89' lang='lat' dir='ltr'><strong>scri-</strong></span> 
     </span>
    </p>
   </div>
   <div class='ocr_carea' id='block_1_95' title="bbox 2067 3591 3710 3666">
    <p class='ocr_par' dir='ltr' id='par_1_95' title="bbox 2067 3591 3710 3666">
     <span class='ocr_line' id='line_1_95' title="bbox 2067 3591 3710 3666; baseline 0.001 -17"><span class='ocrx_word' id='word_1_690' title='bbox 2067 3594 2255 3666; x_wconf 89' lang='lat' dir='ltr'><strong>psisse</strong></span> <span class='ocrx_word' id='word_1_691' title='bbox 2279 3593 2350 3647; x_wconf 90' lang='lat' dir='ltr'><strong>ad</strong></span> <span class='ocrx_word' id='word_1_692' title='bbox 2367 3591 2600 3647; x_wconf 85' lang='lat' dir='ltr'><strong>Avitum</strong></span> <span class='ocrx_word' id='word_1_693' title='bbox 2631 3591 2702 3659; x_wconf 60' lang='lat'><strong>3‘,</strong></span> <span class='ocrx_word' id='word_1_694' title='bbox 2727 3591 2785 3646; x_wconf 93' lang='lat' dir='ltr'><strong>in</strong></span> <span class='ocrx_word' id='word_1_695' title='bbox 2808 3591 2917 3649; x_wconf 89' lang='lat' dir='ltr'><strong>hoc</strong></span> <span class='ocrx_word' id='word_1_696' title='bbox 2935 3592 3243 3663; x_wconf 91' lang='lat' dir='ltr'><strong>Origenem</strong></span> <span class='ocrx_word' id='word_1_697' title='bbox 3268 3594 3710 3664; x_wconf 89' lang='lat' dir='ltr'><strong>errasse,quod:</strong></span> 
     </span>
    </p>
   </div>
   <div class='ocr_carea' id='block_1_96' title="bbox 2067 3679 3710 3752">
    <p class='ocr_par' dir='ltr' id='par_1_96' title="bbox 2067 3679 3710 3752">
     <span class='ocr_line' id='line_1_96' title="bbox 2067 3679 3710 3752; baseline 0.002 -19"><span class='ocrx_word' id='word_1_698' title='bbox 2067 3704 2097 3733; x_wconf 87' lang='lat'>«</span> <span class='ocrx_word' id='word_1_699' title='bbox 2128 3681 2391 3738; x_wconf 89' lang='lat' dir='ltr'><strong>Tertium</strong></span> <span class='ocrx_word' id='word_1_700' title='bbox 2423 3680 2707 3750; x_wconf 84' lang='lat' dir='ltr'><strong>dignitate</strong></span> <span class='ocrx_word' id='word_1_701' title='bbox 2736 3684 2792 3736; x_wconf 90' lang='lat' dir='ltr'><strong>et</strong></span> <span class='ocrx_word' id='word_1_702' title='bbox 2821 3681 3040 3738; x_wconf 90' lang='lat' dir='ltr'><strong>honore</strong></span> <span class='ocrx_word' id='word_1_703' title='bbox 3089 3685 3220 3752; x_wconf 88' lang='lat' dir='ltr'><strong>post</strong></span> <span class='ocrx_word' id='word_1_704' title='bbox 3258 3679 3482 3736; x_wconf 86' lang='lat' dir='ltr'><strong>Patrem</strong></span> <span class='ocrx_word' id='word_1_705' title='bbox 3512 3686 3571 3738; x_wconf 87' lang='lat' dir='ltr'><strong>et</strong></span> <span class='ocrx_word' id='word_1_706' title='bbox 3622 3683 3710 3736; x_wconf 81' lang='lat' dir='ltr'><strong>Fi-</strong></span> 
     </span>
    </p>
   </div>
   <div class='ocr_carea' id='block_1_97' title="bbox 2066 3769 3712 3843">
    <p class='ocr_par' dir='ltr' id='par_1_97' title="bbox 2066 3769 3712 3843">
     <span class='ocr_line' id='line_1_97' title="bbox 2066 3769 3712 3843; baseline -0.001 -15"><span class='ocrx_word' id='word_1_707' title='bbox 2066 3771 2213 3828; x_wconf 92' lang='lat' dir='ltr'><strong>lium</strong></span> <span class='ocrx_word' id='word_1_708' title='bbox 2245 3770 2455 3826; x_wconf 89' lang='lat' dir='ltr'><strong>asserit</strong></span> <span class='ocrx_word' id='word_1_709' title='bbox 2483 3769 2760 3838; x_wconf 85' lang='lat' dir='ltr'><strong>Spiritum</strong></span> <span class='ocrx_word' id='word_1_710' title='bbox 2791 3775 3202 3827; x_wconf 90' lang='lat' dir='ltr'><strong>sanctum......</strong></span> <span class='ocrx_word' id='word_1_711' title='bbox 3235 3770 3446 3826; x_wconf 91' lang='lat' dir='ltr'><strong>Filium</strong></span> <span class='ocrx_word' id='word_1_712' title='bbox 3478 3787 3712 3843; x_wconf 88' lang='lat' dir='ltr'><strong>quoque</strong></span> 
     </span>
    </p>
   </div>
   <div class='ocr_carea' id='block_1_98' title="bbox 2069 3858 3714 3930">
    <p class='ocr_par' dir='ltr' id='par_1_98' title="bbox 2069 3858 3714 3930">
     <span class='ocr_line' id='line_1_98' title="bbox 2069 3858 3714 3930; baseline 0 -13"><span class='ocrx_word' id='word_1_713' title='bbox 2069 3861 2356 3917; x_wconf 88' lang='lat' dir='ltr'><strong>minorem</strong></span> <span class='ocrx_word' id='word_1_714' title='bbox 2416 3858 2603 3925; x_wconf 86' lang='lat' dir='ltr'><strong>Patre,</strong></span> <span class='ocrx_word' id='word_1_715' title='bbox 2634 3874 2701 3914; x_wconf 93' lang='lat' dir='ltr'><strong>eo</strong></span> <span class='ocrx_word' id='word_1_716' title='bbox 2733 3861 2888 3930; x_wconf 91' lang='lat' dir='ltr'><strong>quod</strong></span> <span class='ocrx_word' id='word_1_717' title='bbox 2939 3859 3234 3915; x_wconf 88' lang='lat' dir='ltr'><strong>secundus</strong></span> <span class='ocrx_word' id='word_1_718' title='bbox 3266 3861 3339 3916; x_wconf 92' lang='lat' dir='ltr'><strong>ab</strong></span> <span class='ocrx_word' id='word_1_719' title='bbox 3369 3859 3471 3916; x_wconf 90' lang='lat' dir='ltr'><strong>illo</strong></span> <span class='ocrx_word' id='word_1_720' title='bbox 3523 3861 3622 3930; x_wconf 89' lang='lat' dir='ltr'><strong>sit,</strong></span> <span class='ocrx_word' id='word_1_721' title='bbox 3656 3867 3714 3917; x_wconf 91' lang='lat' dir='ltr'><strong>et</strong></span> 
     </span>
    </p>
   </div>
   <div class='ocr_carea' id='block_1_99' title="bbox 2065 3947 3709 4021">
    <p class='ocr_par' dir='ltr' id='par_1_99' title="bbox 2065 3947 3709 4021">
     <span class='ocr_line' id='line_1_99' title="bbox 2065 3947 3709 4021; baseline -0.001 -15"><span class='ocrx_word' id='word_1_722' title='bbox 2065 3949 2343 4021; x_wconf 84' lang='lat' dir='ltr'><strong>Spiritum</strong></span> <span class='ocrx_word' id='word_1_723' title='bbox 2377 3951 2646 4004; x_wconf 89' lang='lat' dir='ltr'><strong>sanctum</strong></span> <span class='ocrx_word' id='word_1_724' title='bbox 2678 3947 3013 4003; x_wconf 80' lang='lat' dir='ltr'><strong>inferiorem</strong></span> <span class='ocrx_word' id='word_1_725' title='bbox 3035 3947 3244 4016; x_wconf 79' lang='lat' dir='ltr'><strong>Filio,»</strong></span> <span class='ocrx_word' id='word_1_726' title='bbox 3277 3953 3386 4004; x_wconf 90' lang='lat' dir='ltr'><strong>etc.</strong></span> <span class='ocrx_word' id='word_1_727' title='bbox 3411 3949 3518 4014; x_wconf 90' lang='lat' dir='ltr'><strong>Qui</strong></span> <span class='ocrx_word' id='word_1_728' title='bbox 3551 3949 3709 4005; x_wconf 89' lang='lat' dir='ltr'><strong>enim</strong></span> 
     </span>
    </p>
   </div>
   <div class='ocr_carea' id='block_1_100' title="bbox 2068 4035 3713 4108">
    <p class='ocr_par' dir='ltr' id='par_1_100' title="bbox 2068 4035 3713 4108">
     <span class='ocr_line' id='line_1_100' title="bbox 2068 4035 3713 4108; baseline -0.001 -13"><span class='ocrx_word' id='word_1_729' title='bbox 2068 4038 2276 4095; x_wconf 89' lang='lat' dir='ltr'><strong>asserit</strong></span> <span class='ocrx_word' id='word_1_730' title='bbox 2304 4035 2582 4108; x_wconf 89' lang='lat' dir='ltr'><strong>Spiritum</strong></span> <span class='ocrx_word' id='word_1_731' title='bbox 2616 4044 2884 4093; x_wconf 89' lang='lat' dir='ltr'><strong>sanctum</strong></span> <span class='ocrx_word' id='word_1_732' title='bbox 2915 4053 3043 4092; x_wconf 90' lang='lat' dir='ltr'><strong>esse</strong></span> <span class='ocrx_word' id='word_1_733' title='bbox 3072 4037 3309 4093; x_wconf 90' lang='lat' dir='ltr'><strong>tertium</strong></span> <span class='ocrx_word' id='word_1_734' title='bbox 3341 4038 3624 4108; x_wconf 86' lang='lat' dir='ltr'><strong>dignitate</strong></span> <span class='ocrx_word' id='word_1_735' title='bbox 3655 4043 3713 4094; x_wconf 91' lang='lat' dir='ltr'><strong>et</strong></span> 
     </span>
    </p>
   </div>
   <div class='ocr_carea' id='block_1_101' title="bbox 2069 4126 3714 4196">
    <p class='ocr_par' dir='ltr' id='par_1_101' title="bbox 2069 4126 3714 4196">
     <span class='ocr_line' id='line_1_101' title="bbox 2069 4126 3714 4196; baseline -0.002 -10"><span class='ocrx_word' id='word_1_736' title='bbox 2069 4127 2530 4195; x_wconf 87' lang='lat' dir='ltr'><strong>honore,Filium</strong></span> <span class='ocrx_word' id='word_1_737' title='bbox 2554 4142 2687 4182; x_wconf 91' lang='lat' dir='ltr'><strong>vero</strong></span> <span class='ocrx_word' id='word_1_738' title='bbox 2719 4127 3047 4182; x_wconf 90' lang='lat' dir='ltr'><strong>secundum</strong></span> <span class='ocrx_word' id='word_1_739' title='bbox 3079 4131 3137 4182; x_wconf 90' lang='lat' dir='ltr'><strong>et</strong></span> <span class='ocrx_word' id='word_1_740' title='bbox 3161 4127 3324 4183; x_wconf 85' lang='lat' dir='ltr'><strong>Patre</strong></span> <span class='ocrx_word' id='word_1_741' title='bbox 3356 4126 3714 4196; x_wconf 83' lang='lat' dir='ltr'><strong>inferiorem,</strong></span> 
     </span>
    </p>
   </div>
   <div class='ocr_carea' id='block_1_102' title="bbox 2071 4216 3720 4288">
    <p class='ocr_par' dir='ltr' id='par_1_102' title="bbox 2071 4216 3720 4288">
     <span class='ocr_line' id='line_1_102' title="bbox 2071 4216 3720 4288; baseline -0.001 -12"><span class='ocrx_word' id='word_1_742' title='bbox 2071 4219 2145 4276; x_wconf 87' lang='lat' dir='ltr'><strong>ab</strong></span> <span class='ocrx_word' id='word_1_743' title='bbox 2175 4218 2274 4273; x_wconf 92' lang='lat' dir='ltr'><strong>illo</strong></span> <span class='ocrx_word' id='word_1_744' title='bbox 2321 4234 2462 4274; x_wconf 88' lang='lat' dir='ltr'><strong>sane</strong></span> <span class='ocrx_word' id='word_1_745' title='bbox 2493 4239 2523 4268; x_wconf 85' lang='lat'><strong>«</strong></span> <span class='ocrx_word' id='word_1_746' title='bbox 2555 4216 2870 4273; x_wconf 87' lang='lat' dir='ltr'><strong>distinctus</strong></span> <span class='ocrx_word' id='word_1_747' title='bbox 2903 4231 3163 4288; x_wconf 71' lang='lat' dir='ltr'><strong>personae</strong></span> <span class='ocrx_word' id='word_1_748' title='bbox 3207 4217 3265 4272; x_wconf 91' lang='lat' dir='ltr'><strong>in</strong></span> <span class='ocrx_word' id='word_1_749' title='bbox 3311 4217 3525 4274; x_wconf 90' lang='lat' dir='ltr'><strong>divinis</strong></span> <span class='ocrx_word' id='word_1_750' title='bbox 3576 4235 3720 4275; x_wconf 89' lang='lat' dir='ltr'><strong>usus</strong></span> 
     </span>
    </p>
   </div>
   <div class='ocr_carea' id='block_1_103' title="bbox 2071 4308 2649 4364">
    <p class='ocr_par' dir='ltr' id='par_1_103' title="bbox 2071 4308 2649 4364">
     <span class='ocr_line' id='line_1_103' title="bbox 2071 4308 2649 4364; baseline -0.007 0"><span class='ocrx_word' id='word_1_751' title='bbox 2071 4308 2299 4364; x_wconf 86' lang='lat' dir='ltr'><strong>alienus</strong></span> <span class='ocrx_word' id='word_1_752' title='bbox 2331 4328 2358 4357; x_wconf 82' lang='lat'><strong>»</strong></span> <span class='ocrx_word' id='word_1_753' title='bbox 2393 4323 2508 4362; x_wconf 79' lang='lat' dir='ltr'><strong>non</strong></span> <span class='ocrx_word' id='word_1_754' title='bbox 2541 4310 2649 4362; x_wconf 89' lang='lat' dir='ltr'><strong>est.</strong></span> 
     </span>
    </p>
   </div>
   <div class='ocr_carea' id='block_1_104' title="bbox 2142 4393 3724 4469">
    <p class='ocr_par' dir='ltr' id='par_1_104' title="bbox 2142 4393 3724 4469">
     <span class='ocr_line' id='line_1_104' title="bbox 2142 4393 3724 4469; baseline 0.001 -18"><span class='ocrx_word' id='word_1_755' title='bbox 2142 4396 2406 4452; x_wconf 90' lang='lat' dir='ltr'><strong>Secunda</strong></span> <span class='ocrx_word' id='word_1_756' title='bbox 2434 4393 2632 4451; x_wconf 82' lang='lat' dir='ltr'><strong>Dallaei</strong></span> <span class='ocrx_word' id='word_1_757' title='bbox 2665 4393 2810 4450; x_wconf 89' lang='lat' dir='ltr'><strong>ratio</strong></span> <span class='ocrx_word' id='word_1_758' title='bbox 2855 4395 3094 4466; x_wconf 90' lang='lat' dir='ltr'><strong>majoris</strong></span> <span class='ocrx_word' id='word_1_759' title='bbox 3126 4411 3242 4452; x_wconf 92' lang='lat' dir='ltr'><strong>non</strong></span> <span class='ocrx_word' id='word_1_760' title='bbox 3274 4399 3364 4452; x_wconf 90' lang='lat' dir='ltr'><strong>est</strong></span> <span class='ocrx_word' id='word_1_761' title='bbox 3402 4396 3679 4469; x_wconf 91' lang='lat' dir='ltr'><strong>ponderis</strong></span> <span class='ocrx_word' id='word_1_762' title='bbox 3709 4413 3724 4453; x_wconf 92' lang='lat'><strong>:</strong></span> 
     </span>
    </p>
   </div>
   <div class='ocr_carea' id='block_1_105' title="bbox 2075 4483 3730 4558">
    <p class='ocr_par' dir='ltr' id='par_1_105' title="bbox 2075 4483 3730 4558">
     <span class='ocr_line' id='line_1_105' title="bbox 2075 4483 3730 4558; baseline 0.003 -21"><span class='ocrx_word' id='word_1_763' title='bbox 2075 4507 2102 4537; x_wconf 84' lang='grc'><strong>‹‹</strong></span> <span class='ocrx_word' id='word_1_764' title='bbox 2134 4485 2335 4556; x_wconf 90' lang='lat' dir='ltr'><strong>Neque</strong></span> <span class='ocrx_word' id='word_1_765' title='bbox 2365 4483 2459 4539; x_wconf 90' lang='lat' dir='ltr'><strong>hic</strong></span> <span class='ocrx_word' id='word_1_766' title='bbox 2487 4485 2636 4554; x_wconf 89' lang='lat' dir='ltr'><strong>ejus,</strong></span> <span class='ocrx_word' id='word_1_767' title='bbox 2669 4487 2732 4538; x_wconf 90' lang='lat' dir='ltr'><strong>ut</strong></span> <span class='ocrx_word' id='word_1_768' title='bbox 2765 4483 2992 4555; x_wconf 90' lang='lat' dir='ltr'><strong>opinor,</strong></span> <span class='ocrx_word' id='word_1_769' title='bbox 3016 4484 3229 4556; x_wconf 88' lang='lat' dir='ltr'><strong>inquit,</strong></span> <span class='ocrx_word' id='word_1_770' title='bbox 3256 4501 3384 4541; x_wconf 92' lang='lat' dir='ltr'><strong>mos</strong></span> <span class='ocrx_word' id='word_1_771' title='bbox 3414 4491 3504 4542; x_wconf 88' lang='lat' dir='ltr'><strong>est</strong></span> <span class='ocrx_word' id='word_1_772' title='bbox 3534 4501 3730 4558; x_wconf 89' lang='lat' dir='ltr'><strong>perso-</strong></span> 
     </span>
    </p>
   </div>
   <div class='ocr_carea' id='block_1_106' title="bbox 2075 4572 3726 4646">
    <p class='ocr_par' dir='ltr' id='par_1_106' title="bbox 2075 4572 3726 4646">
     <span class='ocr_line' id='line_1_106' title="bbox 2075 4572 3726 4646; baseline -0.001 -16"><span class='ocrx_word' id='word_1_773' title='bbox 2075 4591 2200 4645; x_wconf 88' lang='lat' dir='ltr'><strong>nas,</strong></span> <span class='ocrx_word' id='word_1_774' title='bbox 2231 4573 2386 4646; x_wconf 91' lang='lat' dir='ltr'><strong>quod</strong></span> <span class='ocrx_word' id='word_1_775' title='bbox 2419 4573 2528 4629; x_wconf 89' lang='lat' dir='ltr'><strong>iste</strong></span> <span class='ocrx_word' id='word_1_776' title='bbox 2562 4589 2676 4628; x_wconf 94' lang='lat' dir='ltr'><strong>non</strong></span> <span class='ocrx_word' id='word_1_777' title='bbox 2708 4572 2886 4628; x_wconf 88' lang='lat' dir='ltr'><strong>semel</strong></span> <span class='ocrx_word' id='word_1_778' title='bbox 2911 4574 3070 4640; x_wconf 88' lang='lat' dir='ltr'><strong>facit,</strong></span> <span class='ocrx_word' id='word_1_779' title='bbox 3100 4573 3376 4631; x_wconf 91' lang='lat' dir='ltr'><strong>inducere</strong></span> <span class='ocrx_word' id='word_1_780' title='bbox 3407 4574 3612 4646; x_wconf 85' lang='lat' dir='ltr'><strong>longos</strong></span> <span class='ocrx_word' id='word_1_781' title='bbox 3634 4574 3726 4631; x_wconf 93' lang='lat' dir='ltr'><strong>vel</strong></span> 
     </span>
    </p>
   </div>
   <div class='ocr_carea' id='block_1_107' title="bbox 2077 4662 3725 4736">
    <p class='ocr_par' dir='ltr' id='par_1_107' title="bbox 2077 4662 3725 4736">
     <span class='ocr_line' id='line_1_107' title="bbox 2077 4662 3725 4736; baseline 0.001 -16"><span class='ocrx_word' id='word_1_782' title='bbox 2077 4665 2230 4720; x_wconf 91' lang='lat' dir='ltr'><strong>inter</strong></span> <span class='ocrx_word' id='word_1_783' title='bbox 2251 4680 2312 4720; x_wconf 90' lang='lat' dir='ltr'><strong>se</strong></span> <span class='ocrx_word' id='word_1_784' title='bbox 2333 4664 2420 4720; x_wconf 92' lang='lat' dir='ltr'><strong>vel</strong></span> <span class='ocrx_word' id='word_1_785' title='bbox 2440 4663 2595 4736; x_wconf 92' lang='lat' dir='ltr'><strong>apud</strong></span> <span class='ocrx_word' id='word_1_786' title='bbox 2623 4662 2808 4719; x_wconf 90' lang='lat' dir='ltr'><strong>Deum</strong></span> <span class='ocrx_word' id='word_1_787' title='bbox 2832 4680 3133 4720; x_wconf 90' lang='lat' dir='ltr'><strong>sermones</strong></span> <span class='ocrx_word' id='word_1_788' title='bbox 3162 4669 3436 4720; x_wconf 88' lang='lat' dir='ltr'><strong>serentes.</strong></span> <span class='ocrx_word' id='word_1_789' title='bbox 3455 4687 3484 4716; x_wconf 87' lang='lat'>»</span> <span class='ocrx_word' id='word_1_790' title='bbox 3506 4666 3725 4722; x_wconf 88' lang='lat' dir='ltr'><strong>Verum</strong></span> 
     </span>
    </p>
   </div>
   <div class='ocr_carea' id='block_1_108' title="bbox 2078 4752 3730 4826">
    <p class='ocr_par' dir='ltr' id='par_1_108' title="bbox 2078 4752 3730 4826">
     <span class='ocr_line' id='line_1_108' title="bbox 2078 4752 3730 4826; baseline -0.001 -16"><span class='ocrx_word' id='word_1_791' title='bbox 2078 4754 2249 4812; x_wconf 89' lang='lat' dir='ltr'><strong>sicuti</strong></span> <span class='ocrx_word' id='word_1_792' title='bbox 2282 4755 2446 4826; x_wconf 90' lang='lat' dir='ltr'><strong>prius</strong></span> <span class='ocrx_word' id='word_1_793' title='bbox 2478 4752 2575 4808; x_wconf 92' lang='lat' dir='ltr'><strong>ille</strong></span> <span class='ocrx_word' id='word_1_794' title='bbox 2594 4769 2710 4808; x_wconf 93' lang='lat' dir='ltr'><strong>non</strong></span> <span class='ocrx_word' id='word_1_795' title='bbox 2737 4753 2883 4809; x_wconf 89' lang='lat' dir='ltr'><strong>bene</strong></span> <span class='ocrx_word' id='word_1_796' title='bbox 2915 4754 3207 4819; x_wconf 92' lang='lat' dir='ltr'><strong>meminit,</strong></span> <span class='ocrx_word' id='word_1_797' title='bbox 3225 4755 3306 4810; x_wconf 88' lang='lat' dir='ltr'><strong>ita</strong></span> <span class='ocrx_word' id='word_1_798' title='bbox 3332 4770 3436 4809; x_wconf 92' lang='lat' dir='ltr'><strong>nec</strong></span> <span class='ocrx_word' id='word_1_799' title='bbox 3468 4754 3562 4809; x_wconf 91' lang='lat' dir='ltr'><strong>hic</strong></span> <span class='ocrx_word' id='word_1_800' title='bbox 3584 4756 3730 4809; x_wconf 90' lang='lat' dir='ltr'><strong>bene</strong></span> 
     </span>
    </p>
   </div>
   <div class='ocr_carea' id='block_1_109' title="bbox 2079 4843 3730 4915">
    <p class='ocr_par' dir='ltr' id='par_1_109' title="bbox 2079 4843 3730 4915">
     <span class='ocr_line' id='line_1_109' title="bbox 2079 4843 3730 4915; baseline -0.001 -16"><span class='ocrx_word' id='word_1_801' title='bbox 2079 4844 2360 4915; x_wconf 87' lang='lat' dir='ltr'><strong>opinatur.</strong></span> <span class='ocrx_word' id='word_1_802' title='bbox 2383 4843 2688 4898; x_wconf 89' lang='lat' dir='ltr'><strong>Enimvero</strong></span> <span class='ocrx_word' id='word_1_803' title='bbox 2719 4843 2992 4913; x_wconf 90' lang='lat' dir='ltr'><strong>quamvis</strong></span> <span class='ocrx_word' id='word_1_804' title='bbox 3023 4843 3300 4898; x_wconf 90' lang='lat' dir='ltr'><strong>audacter</strong></span> <span class='ocrx_word' id='word_1_805' title='bbox 3330 4843 3540 4898; x_wconf 87' lang='lat' dir='ltr'><strong>dixerit</strong></span> <span class='ocrx_word' id='word_1_806' title='bbox 3575 4859 3730 4898; x_wconf 70' lang='lat' dir='ltr'><strong>anon</strong></span> 
     </span>
    </p>
   </div>
   <div class='ocr_carea' id='block_1_110' title="bbox 2081 4930 3736 5002">
    <p class='ocr_par' dir='ltr' id='par_1_110' title="bbox 2081 4930 3736 5002">
     <span class='ocr_line' id='line_1_110' title="bbox 2081 4930 3736 5002; baseline -0.001 -14"><span class='ocrx_word' id='word_1_807' title='bbox 2081 4931 2285 5001; x_wconf 89' lang='lat' dir='ltr'><strong>semel,</strong></span> <span class='ocrx_word' id='word_1_808' title='bbox 2317 4952 2347 4982; x_wconf 84' lang='lat'>»</span> <span class='ocrx_word' id='word_1_809' title='bbox 2380 4931 2496 4985; x_wconf 92' lang='lat' dir='ltr'><strong>duo</strong></span> <span class='ocrx_word' id='word_1_810' title='bbox 2534 4931 2940 4986; x_wconf 88' lang='lat' dir='ltr'><strong>tantummodo</strong></span> <span class='ocrx_word' id='word_1_811' title='bbox 2973 4930 3184 4986; x_wconf 90' lang='lat' dir='ltr'><strong>horum</strong></span> <span class='ocrx_word' id='word_1_812' title='bbox 3221 4932 3439 5002; x_wconf 82' lang='lat' dir='ltr'><strong>profert</strong></span> <span class='ocrx_word' id='word_1_813' title='bbox 3468 4930 3736 5002; x_wconf 81' lang='lat' dir='ltr'><strong>exempla</strong></span> 
     </span>
    </p>
   </div>
   <div class='ocr_carea' id='block_1_111' title="bbox 2081 5019 3739 5092">
    <p class='ocr_par' dir='ltr' id='par_1_111' title="bbox 2081 5019 3739 5092">
     <span class='ocr_line' id='line_1_111' title="bbox 2081 5019 3739 5092; baseline -0.001 -15"><span class='ocrx_word' id='word_1_814' title='bbox 2081 5036 2460 5089; x_wconf 88' lang='lat' dir='ltr'><strong>sermonum;</strong></span> <span class='ocrx_word' id='word_1_815' title='bbox 2521 5019 2618 5091; x_wconf 91' lang='lat' dir='ltr'><strong>qui</strong></span> <span class='ocrx_word' id='word_1_816' title='bbox 2649 5019 2926 5092; x_wconf 86' lang='lat' dir='ltr'><strong>quoniam</strong></span> <span class='ocrx_word' id='word_1_817' title='bbox 2969 5036 3084 5075; x_wconf 91' lang='lat' dir='ltr'><strong>non</strong></span> <span class='ocrx_word' id='word_1_818' title='bbox 3117 5019 3298 5092; x_wconf 89' lang='lat' dir='ltr'><strong>longi,</strong></span> <span class='ocrx_word' id='word_1_819' title='bbox 3349 5024 3413 5074; x_wconf 92' lang='lat' dir='ltr'><strong>ut</strong></span> <span class='ocrx_word' id='word_1_820' title='bbox 3441 5019 3566 5091; x_wconf 89' lang='lat' dir='ltr'><strong>ipse</strong></span> <span class='ocrx_word' id='word_1_821' title='bbox 3597 5036 3739 5075; x_wconf 93' lang='lat' dir='ltr'><strong>con-</strong></span> 
     </span>
    </p>
   </div>
   <div class='ocr_carea' id='block_1_112' title="bbox 2081 5107 3739 5178">
    <p class='ocr_par' dir='ltr' id='par_1_112' title="bbox 2081 5107 3739 5178">
     <span class='ocr_line' id='line_1_112' title="bbox 2081 5107 3739 5178; baseline -0.001 -13"><span class='ocrx_word' id='word_1_822' title='bbox 2081 5110 2360 5165; x_wconf 88' lang='lat' dir='ltr'><strong>ﬁdentius</strong></span> <span class='ocrx_word' id='word_1_823' title='bbox 2415 5113 2723 5176; x_wconf 86' lang='lat' dir='ltr'><strong>asseverat,</strong></span> <span class='ocrx_word' id='word_1_824' title='bbox 2757 5109 2855 5163; x_wconf 91' lang='lat' dir='ltr'><strong>sed</strong></span> <span class='ocrx_word' id='word_1_825' title='bbox 2899 5108 3100 5164; x_wconf 89' lang='lat' dir='ltr'><strong>breves</strong></span> <span class='ocrx_word' id='word_1_826' title='bbox 3147 5108 3384 5164; x_wconf 89' lang='lat' dir='ltr'><strong>omnino</strong></span> <span class='ocrx_word' id='word_1_827' title='bbox 3415 5113 3574 5178; x_wconf 89' lang='lat' dir='ltr'><strong>sunt,</strong></span> <span class='ocrx_word' id='word_1_828' title='bbox 3605 5107 3739 5164; x_wconf 91' lang='lat' dir='ltr'><strong>illos</strong></span> 
     </span>
    </p>
   </div>
   <div class='ocr_carea' id='block_1_113' title="bbox 2082 5196 3742 5270">
    <p class='ocr_par' dir='ltr' id='par_1_113' title="bbox 2082 5196 3742 5270">
     <span class='ocr_line' id='line_1_113' title="bbox 2082 5196 3742 5270; baseline -0.001 -16"><span class='ocrx_word' id='word_1_829' title='bbox 2082 5199 2229 5270; x_wconf 89' lang='lat' dir='ltr'><strong>ipsis</strong></span> <span class='ocrx_word' id='word_1_830' title='bbox 2261 5197 2529 5270; x_wconf 84' lang='lat' dir='ltr'><strong>Origenis</strong></span> <span class='ocrx_word' id='word_1_831' title='bbox 2559 5197 2776 5261; x_wconf 88' lang='lat' dir='ltr'><strong>verbis,</strong></span> <span class='ocrx_word' id='word_1_832' title='bbox 2808 5197 2961 5266; x_wconf 90' lang='lat' dir='ltr'><strong>quod</strong></span> <span class='ocrx_word' id='word_1_833' title='bbox 2997 5197 3189 5252; x_wconf 75' lang='lat' dir='ltr'><strong>forsan</strong></span> <span class='ocrx_word' id='word_1_834' title='bbox 3217 5196 3470 5254; x_wconf 72' lang='lat' dir='ltr'><strong>Dallaeus</strong></span> <span class='ocrx_word' id='word_1_835' title='bbox 3501 5214 3619 5252; x_wconf 90' lang='lat' dir='ltr'>non</span> <span class='ocrx_word' id='word_1_836' title='bbox 3641 5214 3742 5253; x_wconf 86' lang='lat' dir='ltr'><strong>au-</strong></span> 
     </span>
    </p>
   </div>
   <div class='ocr_carea' id='block_1_114' title="bbox 2084 5285 3739 5358">
    <p class='ocr_par' dir='ltr' id='par_1_114' title="bbox 2084 5285 3739 5358">
     <span class='ocr_line' id='line_1_114' title="bbox 2084 5285 3739 5358; baseline -0.001 -14"><span class='ocrx_word' id='word_1_837' title='bbox 2084 5304 2188 5344; x_wconf 89' lang='lat' dir='ltr'><strong>sus</strong></span> <span class='ocrx_word' id='word_1_838' title='bbox 2219 5291 2328 5354; x_wconf 91' lang='lat' dir='ltr'><strong>est,</strong></span> <span class='ocrx_word' id='word_1_839' title='bbox 2361 5286 2620 5357; x_wconf 89' lang='lat' dir='ltr'><strong>integros</strong></span> <span class='ocrx_word' id='word_1_840' title='bbox 2653 5285 3223 5356; x_wconf 75' lang='lat' dir='ltr'><strong>repraesentabimus.</strong></span> <span class='ocrx_word' id='word_1_841' title='bbox 3276 5287 3508 5342; x_wconf 90' lang='lat' dir='ltr'><strong>Primus</strong></span> <span class='ocrx_word' id='word_1_842' title='bbox 3542 5287 3739 5358; x_wconf 89' lang='lat' dir='ltr'><strong>itaque</strong></span> 
     </span>
    </p>
   </div>
   <div class='ocr_carea' id='block_1_115' title="bbox 2084 5374 3736 5447">
    <p class='ocr_par' dir='ltr' id='par_1_115' title="bbox 2084 5374 3736 5447">
     <span class='ocr_line' id='line_1_115' title="bbox 2084 5374 3736 5447; baseline -0.001 -14"><span class='ocrx_word' id='word_1_843' title='bbox 2084 5377 2168 5434; x_wconf 90' lang='lat' dir='ltr'><strong>sic</strong></span> <span class='ocrx_word' id='word_1_844' title='bbox 2203 5392 2265 5433; x_wconf 87' lang='lat' dir='ltr'><strong>se</strong></span> <span class='ocrx_word' id='word_1_845' title='bbox 2298 5375 2510 5431; x_wconf 83' lang='lat' dir='ltr'><strong>habet:</strong></span> <span class='ocrx_word' id='word_1_846' title='bbox 2541 5397 2569 5425; x_wconf 88' lang='lat'><strong>«</strong></span> <span class='ocrx_word' id='word_1_847' title='bbox 2600 5374 2942 5446; x_wconf 83' lang='lat' dir='ltr'><strong>Respondeo</strong></span> <span class='ocrx_word' id='word_1_848' title='bbox 2975 5374 3102 5441; x_wconf 90' lang='lat' dir='ltr'><strong>tibi,</strong></span> <span class='ocrx_word' id='word_1_849' title='bbox 3136 5375 3329 5447; x_wconf 89' lang='lat' dir='ltr'><strong>inquit</strong></span> <span class='ocrx_word' id='word_1_850' title='bbox 3358 5376 3635 5445; x_wconf 65' lang='lat' dir='ltr'><strong>Origenes</strong></span> <span class='ocrx_word' id='word_1_851' title='bbox 3666 5375 3736 5444; x_wconf 82' lang='grc'><strong>⁸⁵,</strong></span> 
     </span>
    </p>
   </div>
   <div class='ocr_carea' id='block_1_116' title="bbox 2086 5463 3747 5536">
    <p class='ocr_par' dir='ltr' id='par_1_116' title="bbox 2086 5463 3747 5536">
     <span class='ocr_line' id='line_1_116' title="bbox 2086 5463 3747 5536; baseline -0.002 -13"><span class='ocrx_word' id='word_1_852' title='bbox 2086 5483 2119 5523; x_wconf 93' lang='lat' dir='ltr'><strong>o</strong></span> <span class='ocrx_word' id='word_1_853' title='bbox 2153 5463 2479 5536; x_wconf 90' lang='lat' dir='ltr'><strong>versipellis</strong></span> <span class='ocrx_word' id='word_1_854' title='bbox 2510 5467 2568 5520; x_wconf 90' lang='lat' dir='ltr'><strong>et</strong></span> <span class='ocrx_word' id='word_1_855' title='bbox 2599 5479 2878 5536; x_wconf 87' lang='lat' dir='ltr'><strong>nequam,</strong></span> <span class='ocrx_word' id='word_1_856' title='bbox 2926 5463 3024 5534; x_wconf 93' lang='lat' dir='ltr'><strong>qui</strong></span> <span class='ocrx_word' id='word_1_857' title='bbox 3059 5479 3150 5520; x_wconf 89' lang='lat' dir='ltr'><strong>me</strong></span> <span class='ocrx_word' id='word_1_858' title='bbox 3198 5469 3423 5522; x_wconf 88' lang='lat' dir='ltr'><strong>tentare</strong></span> <span class='ocrx_word' id='word_1_859' title='bbox 3453 5481 3569 5522; x_wconf 92' lang='lat' dir='ltr'><strong>non</strong></span> <span class='ocrx_word' id='word_1_860' title='bbox 3619 5481 3747 5520; x_wconf 86' lang='lat' dir='ltr'><strong>me-</strong></span> 
     </span>
    </p>
   </div>
   <div class='ocr_carea' id='block_1_117' title="bbox 401 5578 3746 5655">
    <p class='ocr_par' dir='ltr' id='par_1_117' title="bbox 401 5578 3746 5655">
     <span class='ocr_line' id='line_1_117' title="bbox 401 5578 3746 5655; baseline 0.001 -17"><span class='ocrx_word' id='word_1_861' title='bbox 401 5583 451 5620; x_wconf 77' lang='lat'><strong>77</strong></span> <span class='ocrx_word' id='word_1_862' title='bbox 482 5582 776 5640; x_wconf 85' lang='lat' dir='ltr'><strong>Admonit.</strong></span> <span class='ocrx_word' id='word_1_863' title='bbox 806 5581 867 5636; x_wconf 91' lang='lat' dir='ltr'><strong>in</strong></span> <span class='ocrx_word' id='word_1_864' title='bbox 898 5579 1213 5655; x_wconf 56' lang='lat' dir='ltr'><strong>Expositjn</strong></span> <span class='ocrx_word' id='word_1_865' title='bbox 1243 5580 1371 5655; x_wconf 74' lang='lat' dir='ltr'><strong>Luc.</strong></span> <span class='ocrx_word' id='word_1_866' title='bbox 1404 5578 1711 5655; x_wconf 35' lang='lat' dir='ltr'><strong>“APrmfat.</strong></span> <span class='ocrx_word' id='word_1_867' title='bbox 1745 5579 1805 5655; x_wconf 85' lang='lat' dir='ltr'><strong>in</strong></span> <span class='ocrx_word' id='word_1_868' title='bbox 1838 5580 1952 5655; x_wconf 77' lang='lat' dir='ltr'><strong>has</strong></span> <span class='ocrx_word' id='word_1_869' title='bbox 2001 5582 2208 5638; x_wconf 91' lang='lat' dir='ltr'><strong>homil.</strong></span> <span class='ocrx_word' id='word_1_870' title='bbox 2240 5582 2290 5617; x_wconf 81' lang='lat'><strong>79</strong></span> <span class='ocrx_word' id='word_1_871' title='bbox 2321 5583 2378 5638; x_wconf 92' lang='lat' dir='ltr'><strong>in</strong></span> <span class='ocrx_word' id='word_1_872' title='bbox 2413 5582 2674 5655; x_wconf 68' lang='lat' dir='ltr'><strong>Invectiv.</strong></span> <span class='ocrx_word' id='word_1_873' title='bbox 2733 5581 2780 5618; x_wconf 81' lang='grc' dir='ltr'><strong>⁸ο</strong></span> <span class='ocrx_word' id='word_1_874' title='bbox 2811 5597 2934 5654; x_wconf 89' lang='lat' dir='ltr'><strong>cap.</strong></span> <span class='ocrx_word' id='word_1_875' title='bbox 2967 5582 3057 5652; x_wconf 85' lang='grc'><strong>34,</strong></span> <span class='ocrx_word' id='word_1_876' title='bbox 3086 5599 3144 5655; x_wconf 94' lang='lat' dir='ltr'><strong>p.</strong></span> <span class='ocrx_word' id='word_1_877' title='bbox 3177 5584 3300 5641; x_wconf 84' lang='grc'><strong>439.</strong></span> <span class='ocrx_word' id='word_1_878' title='bbox 3335 5585 3380 5621; x_wconf 81' lang='grc'>⁸¹</span> <span class='ocrx_word' id='word_1_879' title='bbox 3427 5585 3625 5643; x_wconf 92' lang='lat' dir='ltr'><strong>homil.</strong></span> <span class='ocrx_word' id='word_1_880' title='bbox 3660 5586 3746 5642; x_wconf 88' lang='grc'><strong>15.</strong></span> 
     </span>
    </p>
   </div>
   <div class='ocr_carea' id='block_1_118' title="bbox 324 5649 2693 5724">
    <p class='ocr_par' dir='ltr' id='par_1_118' title="bbox 324 5649 2693 5724">
     <span class='ocr_line' id='line_1_118' title="bbox 324 5649 2693 5724; baseline -0.001 -11"><span class='ocrx_word' id='word_1_881' title='bbox 324 5658 375 5694; x_wconf 79' lang='grc'><strong>⁸³</strong></span> <span class='ocrx_word' id='word_1_882' title='bbox 413 5661 560 5713; x_wconf 91' lang='lat' dir='ltr'><strong>tom.</strong></span> <span class='ocrx_word' id='word_1_883' title='bbox 586 5655 682 5723; x_wconf 87' lang='lat' dir='ltr'><strong>Vl,</strong></span> <span class='ocrx_word' id='word_1_884' title='bbox 723 5655 787 5710; x_wconf 76' lang='lat' dir='ltr'><strong>in</strong></span> <span class='ocrx_word' id='word_1_885' title='bbox 809 5649 1046 5711; x_wconf 51' lang='lat' dir='ltr'><strong>Jaan.”</strong></span> <span class='ocrx_word' id='word_1_886' title='bbox 1075 5651 1179 5708; x_wconf 90' lang='lat' dir='ltr'><strong>lib.</strong></span> <span class='ocrx_word' id='word_1_887' title='bbox 1210 5668 1243 5706; x_wconf 91' lang='lat' dir='ltr'><strong>v</strong></span> <span class='ocrx_word' id='word_1_888' title='bbox 1273 5651 1396 5707; x_wconf 87' lang='lat' dir='ltr'><strong>adv.</strong></span> <span class='ocrx_word' id='word_1_889' title='bbox 1432 5650 1577 5707; x_wconf 71' lang='lat' dir='ltr'><strong>Cels.</strong></span> <span class='ocrx_word' id='word_1_890' title='bbox 1610 5649 1656 5684; x_wconf 67' lang='grc'><strong>⁸4</strong></span> <span class='ocrx_word' id='word_1_891' title='bbox 1689 5651 1859 5723; x_wconf 88' lang='lat' dir='ltr'><strong>epist.</strong></span> <span class='ocrx_word' id='word_1_892' title='bbox 1893 5653 1984 5724; x_wconf 87' lang='lat'><strong>69,</strong></span> <span class='ocrx_word' id='word_1_893' title='bbox 2017 5655 2086 5710; x_wconf 87' lang='lat' dir='ltr'><strong>ad</strong></span> <span class='ocrx_word' id='word_1_894' title='bbox 2114 5655 2258 5712; x_wconf 75' lang='lat' dir='ltr'><strong>Avit.</strong></span> <span class='ocrx_word' id='word_1_895' title='bbox 2291 5655 2337 5690; x_wconf 77' lang='grc'><strong>⁸⁵</strong></span> <span class='ocrx_word' id='word_1_896' title='bbox 2370 5653 2573 5712; x_wconf 92' lang='lat' dir='ltr'><strong>homil.</strong></span> <span class='ocrx_word' id='word_1_897' title='bbox 2603 5654 2693 5711; x_wconf 88' lang='lat'><strong>29.</strong></span> 
     </span>
    </p>
   </div>
   <div class='ocr_carea' id='block_1_119' title="bbox 668 5773 1213 5836">
    <p class='ocr_par' dir='ltr' id='par_1_119' title="bbox 668 5773 1213 5836">
     <span class='ocr_line' id='line_1_119' title="bbox 668 5773 1213 5836; baseline -0.004 0"><span class='ocrx_word' id='word_1_898' title='bbox 668 5775 931 5836; x_wconf 71' lang='grc' dir='ltr'><strong>ΡΑ-ινιιοι..</strong></span> <span class='ocrx_word' id='word_1_899' title='bbox 979 5773 1088 5833; x_wconf 77' lang='lat' dir='ltr'><strong>Gn.</strong></span> <span class='ocrx_word' id='word_1_900' title='bbox 1135 5773 1213 5834; x_wconf 84' lang='lat' dir='ltr'><strong>V.</strong></span> 
     </span>
    </p>
   </div>
   <div class='ocr_carea' id='block_1_120' title="bbox 3345 5777 3418 5834">
    <p class='ocr_par' dir='ltr' id='par_1_120' title="bbox 3345 5777 3418 5834">
     <span class='ocr_line' id='line_1_120' title="bbox 3345 5777 3418 5834; baseline -0.014 0"><span class='ocrx_word' id='word_1_901' title='bbox 3345 5777 3418 5834; x_wconf 83' lang='lat' dir='ltr'><strong>l6</strong></span> 
     </span>
    </p>
   </div>
  </div>
