  <div class='ocr_page' id='page_1' title='image "/cluster/home/n/w/nwhite01/storage/ocr_20150623/5/mdp.39015015401063/259.png"; bbox 0 0 4112 6132; ppageno 0'>
   <div class='ocr_carea' id='block_1_1' title="bbox 337 317 447 377">
    <p class='ocr_par' dir='ltr' id='par_1_1' title="bbox 337 317 447 377">
     <span class='ocr_line' id='line_1_1' title="bbox 337 317 447 377; baseline -0.018 0"><span class='ocrx_word' id='word_1_1' title='bbox 337 317 447 377; x_wconf 71' lang='grc'><strong>491</strong></span> 
     </span>
    </p>
   </div>
   <div class='ocr_carea' id='block_1_2' title="bbox 1405 302 2676 368">
    <p class='ocr_par' dir='ltr' id='par_1_2' title="bbox 1405 302 2676 368">
     <span class='ocr_line' id='line_1_2' title="bbox 1405 302 2676 368; baseline 0 0"><span class='ocrx_word' id='word_1_2' title='bbox 1405 306 1470 368; x_wconf 92' lang='lat' dir='ltr'><strong>S.</strong></span> <span class='ocrx_word' id='word_1_3' title='bbox 1515 302 1902 368; x_wconf 86' lang='lat' dir='ltr'><strong>IGNATIUS.</strong></span> <span class='ocrx_word' id='word_1_4' title='bbox 1947 335 2026 350; x_wconf 89' lang='lat'><strong>—-</strong></span> <span class='ocrx_word' id='word_1_5' title='bbox 2067 303 2676 368; x_wconf 82' lang='lat' dir='ltr'><strong>PROLEGOMENA.</strong></span> 
     </span>
    </p>
   </div>
   <div class='ocr_carea' id='block_1_3' title="bbox 3631 311 3748 375">
    <p class='ocr_par' dir='ltr' id='par_1_3' title="bbox 3631 311 3748 375">
     <span class='ocr_line' id='line_1_3' title="bbox 3631 311 3748 375; baseline 0.017 -3"><span class='ocrx_word' id='word_1_6' title='bbox 3631 311 3748 375; x_wconf 67' lang='lat'><strong>492</strong></span> 
     </span>
    </p>
   </div>
   <div class='ocr_carea' id='block_1_4' title="bbox 335 438 3749 520">
    <p class='ocr_par' dir='ltr' id='par_1_4' title="bbox 335 438 3749 520">
     <span class='ocr_line' id='line_1_4' title="bbox 335 438 3749 520; baseline -0.001 -12"><span class='ocrx_word' id='word_1_7' title='bbox 335 451 475 508; x_wconf 83' lang='lat' dir='ltr'><strong>tuis.</strong></span> <span class='ocrx_word' id='word_1_8' title='bbox 505 449 668 505; x_wconf 81' lang='lat' dir='ltr'><strong>Alius</strong></span> <span class='ocrx_word' id='word_1_9' title='bbox 699 449 789 504; x_wconf 90' lang='lat' dir='ltr'><strong>est</strong></span> <span class='ocrx_word' id='word_1_10' title='bbox 818 444 982 516; x_wconf 85' lang='lat' dir='ltr'><strong>panis</strong></span> <span class='ocrx_word' id='word_1_11' title='bbox 1014 459 1203 500; x_wconf 83' lang='lat' dir='ltr'><strong>sermo</strong></span> <span class='ocrx_word' id='word_1_12' title='bbox 1225 443 1349 509; x_wconf 87' lang='lat' dir='ltr'><strong>Dei,</strong></span> <span class='ocrx_word' id='word_1_13' title='bbox 1383 443 1481 514; x_wconf 89' lang='lat' dir='ltr'><strong>qui</strong></span> <span class='ocrx_word' id='word_1_14' title='bbox 1511 441 1765 496; x_wconf 82' lang='lat' dir='ltr'><strong>viviﬁcat</strong></span> <span class='ocrx_word' id='word_1_15' title='bbox 1796 438 1979 496; x_wconf 77' lang='lat' dir='ltr'><strong>homi-</strong></span> <span class='ocrx_word' id='word_1_16' title='bbox 2013 444 2064 510; x_wconf 77' lang='grc' dir='ltr'><strong>Α</strong></span> <span class='ocrx_word' id='word_1_17' title='bbox 2171 441 2239 495; x_wconf 89' lang='lat' dir='ltr'><strong>Et</strong></span> <span class='ocrx_word' id='word_1_18' title='bbox 2277 458 2337 497; x_wconf 92' lang='lat' dir='ltr'><strong>re</strong></span> <span class='ocrx_word' id='word_1_19' title='bbox 2367 441 2602 513; x_wconf 89' lang='lat' dir='ltr'><strong>quidem</strong></span> <span class='ocrx_word' id='word_1_20' title='bbox 2635 459 2765 498; x_wconf 90' lang='lat' dir='ltr'><strong>vera</strong></span> <span class='ocrx_word' id='word_1_21' title='bbox 2812 443 3112 514; x_wconf 78' lang='lat' dir='ltr'><strong>Origenes,</strong></span> <span class='ocrx_word' id='word_1_22' title='bbox 3165 447 3311 499; x_wconf 90' lang='lat' dir='ltr'><strong>teste</strong></span> <span class='ocrx_word' id='word_1_23' title='bbox 3370 445 3749 520; x_wconf 85' lang='lat' dir='ltr'><strong>Hieronymo,</strong></span> 
     </span>
    </p>
   </div>
   <div class='ocr_carea' id='block_1_5' title="bbox 337 531 1984 602">
    <p class='ocr_par' dir='ltr' id='par_1_5' title="bbox 337 531 1984 602">
     <span class='ocr_line' id='line_1_5' title="bbox 337 531 1984 602; baseline -0.007 -6"><span class='ocrx_word' id='word_1_24' title='bbox 337 557 495 596; x_wconf 90' lang='lat' dir='ltr'><strong>nem.</strong></span> <span class='ocrx_word' id='word_1_25' title='bbox 530 561 559 589; x_wconf 82' lang='grc'><strong>››</strong></span> <span class='ocrx_word' id='word_1_26' title='bbox 615 537 916 593; x_wconf 84' lang='lat' dir='ltr'><strong>Secundus</strong></span> <span class='ocrx_word' id='word_1_27' title='bbox 949 550 1080 589; x_wconf 90' lang='lat' dir='ltr'><strong>vero</strong></span> <span class='ocrx_word' id='word_1_28' title='bbox 1106 531 1191 587; x_wconf 77' lang='grc' dir='ltr'><strong>⁸⁶ε</strong></span> <span class='ocrx_word' id='word_1_29' title='bbox 1257 554 1285 580; x_wconf 90' lang='grc'><em>‹‹</em></span> <span class='ocrx_word' id='word_1_30' title='bbox 1321 533 1387 586; x_wconf 89' lang='lat' dir='ltr'><strong>Et</strong></span> <span class='ocrx_word' id='word_1_31' title='bbox 1418 531 1828 602; x_wconf 87' lang='lat' dir='ltr'><strong>unusquisque</strong></span> <span class='ocrx_word' id='word_1_32' title='bbox 1882 547 1984 584; x_wconf 92' lang='lat' dir='ltr'><strong>no-</strong></span> 
     </span>
    </p>
   </div>
   <div class='ocr_carea' id='block_1_6' title="bbox 337 619 1988 689">
    <p class='ocr_par' dir='ltr' id='par_1_6' title="bbox 337 619 1988 689">
     <span class='ocr_line' id='line_1_6' title="bbox 337 619 1988 689; baseline -0.006 -5"><span class='ocrx_word' id='word_1_33' title='bbox 337 635 526 686; x_wconf 90' lang='lat' dir='ltr'><strong>strum</strong></span> <span class='ocrx_word' id='word_1_34' title='bbox 554 643 753 682; x_wconf 85' lang='lat' dir='ltr'><strong>secum</strong></span> <span class='ocrx_word' id='word_1_35' title='bbox 786 625 963 680; x_wconf 83' lang='lat' dir='ltr'><strong>habet</strong></span> <span class='ocrx_word' id='word_1_36' title='bbox 984 622 1376 677; x_wconf 81' lang='lat' dir='ltr'><strong>adversarium</strong></span> <span class='ocrx_word' id='word_1_37' title='bbox 1400 619 1988 689; x_wconf 78' lang='lat' dir='ltr'><strong>cohaerentem,cujns</strong></span> 
     </span>
    </p>
   </div>
   <div class='ocr_carea' id='block_1_7' title="bbox 335 706 1985 790">
    <p class='ocr_par' dir='ltr' id='par_1_7' title="bbox 335 706 1985 790">
     <span class='ocr_line' id='line_1_7' title="bbox 335 706 1985 790; baseline -0.007 -16"><span class='ocrx_word' id='word_1_38' title='bbox 335 735 482 790; x_wconf 84' lang='lat' dir='ltr'><strong>Opus</strong></span> <span class='ocrx_word' id='word_1_39' title='bbox 513 721 602 771; x_wconf 89' lang='lat' dir='ltr'><strong>est</strong></span> <span class='ocrx_word' id='word_1_40' title='bbox 651 717 865 770; x_wconf 87' lang='lat' dir='ltr'><strong>ducere</strong></span> <span class='ocrx_word' id='word_1_41' title='bbox 897 730 1003 768; x_wconf 90' lang='lat' dir='ltr'><strong>nos</strong></span> <span class='ocrx_word' id='word_1_42' title='bbox 1064 712 1133 767; x_wconf 88' lang='lat' dir='ltr'><strong>ad</strong></span> <span class='ocrx_word' id='word_1_43' title='bbox 1172 711 1521 781; x_wconf 80' lang='lat' dir='ltr'><strong>principem;</strong></span> <span class='ocrx_word' id='word_1_44' title='bbox 1575 719 1629 764; x_wconf 87' lang='lat' dir='ltr'><strong>et</strong></span> <span class='ocrx_word' id='word_1_45' title='bbox 1663 708 1889 762; x_wconf 83' lang='lat' dir='ltr'><strong>dicere:</strong></span> <span class='ocrx_word' id='word_1_46' title='bbox 1942 706 1985 762; x_wconf 93' lang='grc' dir='ltr'><strong>Ο</strong></span> 
     </span>
    </p>
   </div>
   <div class='ocr_carea' id='block_1_8' title="bbox 335 797 1984 879">
    <p class='ocr_par' dir='ltr' id='par_1_8' title="bbox 335 797 1984 879">
     <span class='ocr_line' id='line_1_8' title="bbox 335 797 1984 879; baseline -0.007 -18"><span class='ocrx_word' id='word_1_47' title='bbox 335 807 630 879; x_wconf 83' lang='lat' dir='ltr'><strong>princeps,</strong></span> <span class='ocrx_word' id='word_1_48' title='bbox 693 803 850 858; x_wconf 85' lang='lat' dir='ltr'><strong>verbi</strong></span> <span class='ocrx_word' id='word_1_49' title='bbox 884 803 1075 874; x_wconf 88' lang='lat' dir='ltr'><strong>gratia</strong></span> <span class='ocrx_word' id='word_1_50' title='bbox 1134 801 1294 872; x_wconf 85' lang='lat' dir='ltr'><strong>regni</strong></span> <span class='ocrx_word' id='word_1_51' title='bbox 1342 799 1672 858; x_wconf 75' lang='lat' dir='ltr'><strong>Persarum,</strong></span> <span class='ocrx_word' id='word_1_52' title='bbox 1733 798 1840 852; x_wconf 90' lang='lat' dir='ltr'><strong>iste</strong></span> <span class='ocrx_word' id='word_1_53' title='bbox 1885 797 1984 868; x_wconf 91' lang='lat' dir='ltr'><strong>qui</strong></span> 
     </span>
    </p>
   </div>
   <div class='ocr_carea' id='block_1_9' title="bbox 336 890 1984 961">
    <p class='ocr_par' dir='ltr' id='par_1_9' title="bbox 336 890 1984 961">
     <span class='ocr_line' id='line_1_9' title="bbox 336 890 1984 961; baseline -0.01 -8"><span class='ocrx_word' id='word_1_54' title='bbox 336 899 538 953; x_wconf 80' lang='lat' dir='ltr'><strong>subter</strong></span> <span class='ocrx_word' id='word_1_55' title='bbox 588 900 711 950; x_wconf 88' lang='lat' dir='ltr'><strong>erat</strong></span> <span class='ocrx_word' id='word_1_56' title='bbox 745 895 870 959; x_wconf 92' lang='lat' dir='ltr'><strong>tibi,</strong></span> <span class='ocrx_word' id='word_1_57' title='bbox 931 909 1088 959; x_wconf 88' lang='lat' dir='ltr'><strong>eum,</strong></span> <span class='ocrx_word' id='word_1_58' title='bbox 1125 898 1185 946; x_wconf 91' lang='lat' dir='ltr'><strong>ut</strong></span> <span class='ocrx_word' id='word_1_59' title='bbox 1243 907 1390 961; x_wconf 84' lang='lat' dir='ltr'><strong>opus</strong></span> <span class='ocrx_word' id='word_1_60' title='bbox 1421 895 1565 953; x_wconf 87' lang='lat' dir='ltr'><strong>erat,</strong></span> <span class='ocrx_word' id='word_1_61' title='bbox 1621 890 1924 944; x_wconf 88' lang='lat' dir='ltr'><strong>custodivi.</strong></span> <span class='ocrx_word' id='word_1_62' title='bbox 1956 910 1984 938; x_wconf 83' lang='grc'><strong>››</strong></span> 
     </span>
    </p>
   </div>
   <div class='ocr_carea' id='block_1_10' title="bbox 336 978 1986 1052">
    <p class='ocr_par' dir='ltr' id='par_1_10' title="bbox 336 978 1986 1052">
     <span class='ocr_line' id='line_1_10' title="bbox 336 978 1986 1052; baseline -0.004 -13"><span class='ocrx_word' id='word_1_63' title='bbox 336 988 481 1052; x_wconf 88' lang='lat' dir='ltr'><strong>Quid</strong></span> <span class='ocrx_word' id='word_1_64' title='bbox 520 985 609 1039; x_wconf 89' lang='lat' dir='ltr'><strong>his</strong></span> <span class='ocrx_word' id='word_1_65' title='bbox 641 983 1012 1039; x_wconf 86' lang='lat' dir='ltr'><strong>sermonibus</strong></span> <span class='ocrx_word' id='word_1_66' title='bbox 1044 982 1131 1036; x_wconf 91' lang='lat' dir='ltr'><strong>vel</strong></span> <span class='ocrx_word' id='word_1_67' title='bbox 1169 982 1364 1034; x_wconf 90' lang='lat' dir='ltr'><strong>minus</strong></span> <span class='ocrx_word' id='word_1_68' title='bbox 1402 980 1664 1050; x_wconf 86' lang='lat' dir='ltr'><strong>longum,</strong></span> <span class='ocrx_word' id='word_1_69' title='bbox 1690 978 1776 1033; x_wconf 94' lang='lat' dir='ltr'><strong>vel</strong></span> <span class='ocrx_word' id='word_1_70' title='bbox 1805 978 1986 1047; x_wconf 83' lang='lat' dir='ltr'><strong>magis</strong></span> 
     </span>
    </p>
   </div>
   <div class='ocr_carea' id='block_1_11' title="bbox 335 1070 1366 1146">
    <p class='ocr_par' dir='ltr' id='par_1_11' title="bbox 335 1070 1366 1146">
     <span class='ocr_line' id='line_1_11' title="bbox 335 1070 1366 1146; baseline -0.008 -14"><span class='ocrx_word' id='word_1_71' title='bbox 335 1076 747 1146; x_wconf 87' lang='lat' dir='ltr'><strong>Origenianum</strong></span> <span class='ocrx_word' id='word_1_72' title='bbox 780 1072 1100 1127; x_wconf 85' lang='lat' dir='ltr'><strong>desiderari</strong></span> <span class='ocrx_word' id='word_1_73' title='bbox 1138 1070 1366 1142; x_wconf 73' lang='lat' dir='ltr'><strong>potest?</strong></span> 
     </span>
    </p>
   </div>
   <div class='ocr_carea' id='block_1_12' title="bbox 406 1177 1986 1250">
    <p class='ocr_par' dir='ltr' id='par_1_12' title="bbox 406 1177 1986 1250">
     <span class='ocr_line' id='line_1_12' title="bbox 406 1177 1986 1250; baseline -0.004 -13"><span class='ocrx_word' id='word_1_74' title='bbox 406 1182 598 1237; x_wconf 90' lang='lat' dir='ltr'><strong>Tertia</strong></span> <span class='ocrx_word' id='word_1_75' title='bbox 652 1181 898 1250; x_wconf 76' lang='lat' dir='ltr'><strong>denique</strong></span> <span class='ocrx_word' id='word_1_76' title='bbox 933 1180 1119 1233; x_wconf 43' lang='lat' dir='ltr'><strong>uallat</strong></span> <span class='ocrx_word' id='word_1_77' title='bbox 1157 1179 1300 1232; x_wconf 91' lang='lat' dir='ltr'><strong>ratio</strong></span> <span class='ocrx_word' id='word_1_78' title='bbox 1352 1180 1436 1232; x_wconf 92' lang='lat' dir='ltr'><strong>sic</strong></span> <span class='ocrx_word' id='word_1_79' title='bbox 1468 1177 1832 1249; x_wconf 82' lang='lat' dir='ltr'><strong>proponitur.</strong></span> <span class='ocrx_word' id='word_1_80' title='bbox 1869 1178 1986 1231; x_wconf 87' lang='lat' dir='ltr'><strong>Au-</strong></span> 
     </span>
    </p>
   </div>
   <div class='ocr_carea' id='block_1_13' title="bbox 335 1269 1982 1339">
    <p class='ocr_par' dir='ltr' id='par_1_13' title="bbox 335 1269 1982 1339">
     <span class='ocr_line' id='line_1_13' title="bbox 335 1269 1982 1339; baseline -0.004 -10"><span class='ocrx_word' id='word_1_81' title='bbox 335 1280 459 1329; x_wconf 87' lang='lat' dir='ltr'><strong>ctor</strong></span> <span class='ocrx_word' id='word_1_82' title='bbox 518 1274 888 1326; x_wconf 85' lang='lat' dir='ltr'><strong>homiliarum</strong></span> <span class='ocrx_word' id='word_1_83' title='bbox 948 1271 1288 1325; x_wconf 69' lang='lat' dir='ltr'><strong>Sadducaaos</strong></span> <span class='ocrx_word' id='word_1_84' title='bbox 1347 1269 1480 1322; x_wconf 86' lang='lat' dir='ltr'><strong>inde</strong></span> <span class='ocrx_word' id='word_1_85' title='bbox 1537 1271 1772 1339; x_wconf 88' lang='lat' dir='ltr'><strong>arguit,</strong></span> <span class='ocrx_word' id='word_1_86' title='bbox 1831 1269 1982 1339; x_wconf 89' lang='lat' dir='ltr'><strong>quod</strong></span> 
     </span>
    </p>
   </div>
   <div class='ocr_carea' id='block_1_14' title="bbox 335 1359 1983 1434">
    <p class='ocr_par' dir='ltr' id='par_1_14' title="bbox 335 1359 1983 1434">
     <span class='ocr_line' id='line_1_14' title="bbox 335 1359 1983 1434; baseline -0.002 -18"><span class='ocrx_word' id='word_1_87' title='bbox 335 1365 601 1434; x_wconf 69' lang='lat' dir='ltr'><strong>quaedam</strong></span> <span class='ocrx_word' id='word_1_88' title='bbox 634 1363 795 1417; x_wconf 65' lang='lat' dir='ltr'><strong>Isaia:</strong></span> <span class='ocrx_word' id='word_1_89' title='bbox 828 1372 876 1415; x_wconf 89' lang='lat' dir='ltr'><strong>et</strong></span> <span class='ocrx_word' id='word_1_90' title='bbox 919 1361 1277 1415; x_wconf 77' lang='lat' dir='ltr'><strong>Psaliuorum</strong></span> <span class='ocrx_word' id='word_1_91' title='bbox 1315 1361 1485 1414; x_wconf 79' lang='lat' dir='ltr'><strong>verba</strong></span> <span class='ocrx_word' id='word_1_92' title='bbox 1513 1382 1539 1409; x_wconf 84' lang='lat'><strong>«</strong></span> <span class='ocrx_word' id='word_1_93' title='bbox 1565 1359 1983 1431; x_wconf 80' lang='lat' dir='ltr'><strong>curpOi-aliter»</strong></span> 
     </span>
    </p>
   </div>
   <div class='ocr_carea' id='block_1_15' title="bbox 333 1450 1982 1522">
    <p class='ocr_par' dir='ltr' id='par_1_15' title="bbox 333 1450 1982 1522">
     <span class='ocr_line' id='line_1_15' title="bbox 333 1450 1982 1522; baseline -0.002 -14"><span class='ocrx_word' id='word_1_94' title='bbox 333 1453 706 1522; x_wconf 82' lang='lat' dir='ltr'><strong>explicarent,</strong></span> <span class='ocrx_word' id='word_1_95' title='bbox 745 1469 871 1521; x_wconf 68' lang='lat' dir='ltr'><strong>qua:</strong></span> <span class='ocrx_word' id='word_1_96' title='bbox 907 1451 1029 1521; x_wconf 91' lang='lat' dir='ltr'><strong>ipse</strong></span> <span class='ocrx_word' id='word_1_97' title='bbox 1057 1450 1342 1518; x_wconf 72' lang='lat' dir='ltr'><strong>spirituali</strong></span> <span class='ocrx_word' id='word_1_98' title='bbox 1382 1466 1558 1502; x_wconf 74' lang='lat' dir='ltr'><strong>sensu</strong></span> <span class='ocrx_word' id='word_1_99' title='bbox 1595 1451 1982 1520; x_wconf 84' lang='lat' dir='ltr'><strong>interpretan-</strong></span> 
     </span>
    </p>
   </div>
   <div class='ocr_carea' id='block_1_16' title="bbox 333 1537 1986 1610">
    <p class='ocr_par' dir='ltr' id='par_1_16' title="bbox 333 1537 1986 1610">
     <span class='ocr_line' id='line_1_16' title="bbox 333 1537 1986 1610; baseline -0.002 -14"><span class='ocrx_word' id='word_1_100' title='bbox 333 1543 405 1596; x_wconf 85' lang='lat' dir='ltr'><strong>da</strong></span> <span class='ocrx_word' id='word_1_101' title='bbox 435 1557 564 1595; x_wconf 87' lang='lat' dir='ltr'><strong>esse</strong></span> <span class='ocrx_word' id='word_1_102' title='bbox 598 1542 956 1594; x_wconf 80' lang='lat' dir='ltr'><strong>arbitratur:</strong></span> <span class='ocrx_word' id='word_1_103' title='bbox 992 1561 1019 1588; x_wconf 81' lang='grc' dir='ltr'>α</span> <span class='ocrx_word' id='word_1_104' title='bbox 1055 1539 1190 1601; x_wconf 67' lang='lat' dir='ltr'><strong>Qum</strong></span> <span class='ocrx_word' id='word_1_105' title='bbox 1217 1540 1430 1592; x_wconf 76' lang='lat' dir='ltr'><strong>omnia.</strong></span> <span class='ocrx_word' id='word_1_106' title='bbox 1466 1538 1658 1607; x_wconf 89' lang='lat' dir='ltr'><strong>inquit</strong></span> <span class='ocrx_word' id='word_1_107' title='bbox 1687 1537 1753 1606; x_wconf 80' lang='grc'><strong>⁸⁷,</strong></span> <span class='ocrx_word' id='word_1_108' title='bbox 1789 1555 1986 1610; x_wconf 90' lang='lat' dir='ltr'><strong>corpo-</strong></span> 
     </span>
    </p>
   </div>
   <div class='ocr_carea' id='block_1_17' title="bbox 335 1627 1985 1696">
    <p class='ocr_par' dir='ltr' id='par_1_17' title="bbox 335 1627 1985 1696">
     <span class='ocr_line' id='line_1_17' title="bbox 335 1627 1985 1696; baseline -0.002 -12"><span class='ocrx_word' id='word_1_109' title='bbox 335 1630 534 1685; x_wconf 86' lang='lat' dir='ltr'><strong>raliter</strong></span> <span class='ocrx_word' id='word_1_110' title='bbox 575 1629 1039 1692; x_wconf 63' lang='lat' dir='ltr'><strong>intelligentibus</strong></span> <span class='ocrx_word' id='word_1_111' title='bbox 1083 1627 1439 1691; x_wconf 69' lang='lat' dir='ltr'><strong>Sadducaais,</strong></span> <span class='ocrx_word' id='word_1_112' title='bbox 1475 1645 1566 1695; x_wconf 80' lang='lat' dir='ltr'><strong>qui</strong></span> <span class='ocrx_word' id='word_1_113' title='bbox 1603 1633 1767 1681; x_wconf 88' lang='lat' dir='ltr'><strong>erant</strong></span> <span class='ocrx_word' id='word_1_114' title='bbox 1801 1627 1985 1696; x_wconf 89' lang='lat' dir='ltr'><strong>portio</strong></span> 
     </span>
    </p>
   </div>
   <div class='ocr_carea' id='block_1_18' title="bbox 332 1714 1984 1786">
    <p class='ocr_par' dir='ltr' id='par_1_18' title="bbox 332 1714 1984 1786">
     <span class='ocr_line' id='line_1_18' title="bbox 332 1714 1984 1786; baseline -0.001 -12"><span class='ocrx_word' id='word_1_115' title='bbox 332 1719 692 1781; x_wconf 83' lang='lat' dir='ltr'><strong>Judaeorum,</strong></span> <span class='ocrx_word' id='word_1_116' title='bbox 726 1721 866 1770; x_wconf 67' lang='lat' dir='ltr'><strong>dicit</strong></span> <span class='ocrx_word' id='word_1_117' title='bbox 897 1721 1159 1770; x_wconf 77' lang='lat' dir='ltr'><strong>Salvator</strong></span> <span class='ocrx_word' id='word_1_118' title='bbox 1189 1733 1200 1770; x_wconf 93' lang='lat'>:</span> <span class='ocrx_word' id='word_1_119' title='bbox 1237 1717 1466 1770; x_wconf 67' lang='lat' dir='ltr'><strong>Nescitis</strong></span> <span class='ocrx_word' id='word_1_120' title='bbox 1515 1715 1828 1786; x_wconf 64' lang='lat' dir='ltr'><strong>Scriptura:</strong></span> <span class='ocrx_word' id='word_1_121' title='bbox 1859 1714 1924 1772; x_wconf 80' lang='grc'><strong>⁸⁸.</strong></span> <span class='ocrx_word' id='word_1_122' title='bbox 1956 1736 1984 1764; x_wconf 84' lang='lat'><strong>»</strong></span> 
     </span>
    </p>
   </div>
   <div class='ocr_carea' id='block_1_19' title="bbox 2093 529 3755 610">
    <p class='ocr_par' dir='ltr' id='par_1_19' title="bbox 2093 529 3755 610">
     <span class='ocr_line' id='line_1_19' title="bbox 2093 529 3755 610; baseline 0.007 -27"><span class='ocrx_word' id='word_1_123' title='bbox 2093 529 2199 584; x_wconf 85' lang='lat' dir='ltr'><strong>has</strong></span> <span class='ocrx_word' id='word_1_124' title='bbox 2234 531 2504 586; x_wconf 85' lang='lat' dir='ltr'><strong>bomilias</strong></span> <span class='ocrx_word' id='word_1_125' title='bbox 2555 533 2760 602; x_wconf 89' lang='lat' dir='ltr'><strong>junior</strong></span> <span class='ocrx_word' id='word_1_126' title='bbox 2791 534 3139 604; x_wconf 83' lang='lat' dir='ltr'><strong>composuit.</strong></span> <span class='ocrx_word' id='word_1_127' title='bbox 3202 556 3230 585; x_wconf 88' lang='grc'><strong>‹‹</strong></span> <span class='ocrx_word' id='word_1_128' title='bbox 3266 535 3492 602; x_wconf 84' lang='lat' dir='ltr'><strong>Fateor,</strong></span> <span class='ocrx_word' id='word_1_129' title='bbox 3553 539 3755 610; x_wconf 91' lang='lat' dir='ltr'><strong>inquit</strong></span> 
     </span>
    </p>
   </div>
   <div class='ocr_carea' id='block_1_20' title="bbox 2093 617 3748 691">
    <p class='ocr_par' dir='ltr' id='par_1_20' title="bbox 2093 617 3748 691">
     <span class='ocr_line' id='line_1_20' title="bbox 2093 617 3748 691; baseline 0.008 -19"><span class='ocrx_word' id='word_1_130' title='bbox 2093 617 2188 673; x_wconf 91' lang='lat' dir='ltr'><strong>ille</strong></span> <span class='ocrx_word' id='word_1_131' title='bbox 2218 618 2283 686; x_wconf 73' lang='lat'><strong>&#39;9,</strong></span> <span class='ocrx_word' id='word_1_132' title='bbox 2318 619 2432 674; x_wconf 88' lang='lat' dir='ltr'><strong>alia</strong></span> <span class='ocrx_word' id='word_1_133' title='bbox 2462 631 2594 676; x_wconf 90' lang='lat' dir='ltr'><strong>sunt</strong></span> <span class='ocrx_word' id='word_1_134' title='bbox 2629 621 2818 678; x_wconf 82' lang='lat' dir='ltr'><strong>virilia</strong></span> <span class='ocrx_word' id='word_1_135' title='bbox 2848 625 2994 691; x_wconf 81' lang='lat' dir='ltr'><strong>ejus,</strong></span> <span class='ocrx_word' id='word_1_136' title='bbox 3026 628 3081 677; x_wconf 91' lang='lat' dir='ltr'><strong>et</strong></span> <span class='ocrx_word' id='word_1_137' title='bbox 3125 629 3441 680; x_wconf 81' lang='lat' dir='ltr'><strong>senectutis</strong></span> <span class='ocrx_word' id='word_1_138' title='bbox 3471 628 3748 686; x_wconf 90' lang='lat' dir='ltr'><strong>seria.....</strong></span> 
     </span>
    </p>
   </div>
   <div class='ocr_carea' id='block_1_21' title="bbox 2093 708 3750 787">
    <p class='ocr_par' dir='ltr' id='par_1_21' title="bbox 2093 708 3750 787">
     <span class='ocr_line' id='line_1_21' title="bbox 2093 708 3750 787; baseline 0.008 -28"><span class='ocrx_word' id='word_1_139' title='bbox 2093 712 2228 760; x_wconf 90' lang='lat' dir='ltr'><strong>tunc</strong></span> <span class='ocrx_word' id='word_1_140' title='bbox 2257 708 2453 764; x_wconf 87' lang='lat' dir='ltr'><strong>videre</strong></span> <span class='ocrx_word' id='word_1_141' title='bbox 2510 711 2739 781; x_wconf 90' lang='lat' dir='ltr'><strong>poterit,</strong></span> <span class='ocrx_word' id='word_1_142' title='bbox 2777 711 2891 765; x_wconf 90' lang='lat' dir='ltr'><strong>imo</strong></span> <span class='ocrx_word' id='word_1_143' title='bbox 2925 727 3026 781; x_wconf 90' lang='lat' dir='ltr'><strong>per</strong></span> <span class='ocrx_word' id='word_1_144' title='bbox 3077 727 3178 766; x_wconf 91' lang='lat' dir='ltr'><strong>vos</strong></span> <span class='ocrx_word' id='word_1_145' title='bbox 3235 713 3495 770; x_wconf 79' lang='lat' dir='ltr'><strong>Romana</strong></span> <span class='ocrx_word' id='word_1_146' title='bbox 3543 715 3750 787; x_wconf 80' lang='lat' dir='ltr'><strong>lingua</strong></span> 
     </span>
    </p>
   </div>
   <div class='ocr_carea' id='block_1_22' title="bbox 2093 801 3756 871">
    <p class='ocr_par' dir='ltr' id='par_1_22' title="bbox 2093 801 3756 871">
     <span class='ocr_line' id='line_1_22' title="bbox 2093 801 3756 871; baseline 0.007 -21"><span class='ocrx_word' id='word_1_147' title='bbox 2093 803 2423 867; x_wconf 87' lang='lat' dir='ltr'><strong>cognoscet,</strong></span> <span class='ocrx_word' id='word_1_148' title='bbox 2455 805 2742 871; x_wconf 86' lang='lat' dir='ltr'><strong>quantum</strong></span> <span class='ocrx_word' id='word_1_149' title='bbox 2772 801 2908 856; x_wconf 88' lang='lat' dir='ltr'><strong>boni</strong></span> <span class='ocrx_word' id='word_1_150' title='bbox 2940 807 2995 855; x_wconf 91' lang='lat' dir='ltr'><strong>et</strong></span> <span class='ocrx_word' id='word_1_151' title='bbox 3024 806 3160 856; x_wconf 90' lang='lat' dir='ltr'><strong>ante</strong></span> <span class='ocrx_word' id='word_1_152' title='bbox 3195 803 3487 869; x_wconf 86' lang='lat' dir='ltr'><strong>nescierit,</strong></span> <span class='ocrx_word' id='word_1_153' title='bbox 3515 814 3569 859; x_wconf 87' lang='lat' dir='ltr'><strong>et</strong></span> <span class='ocrx_word' id='word_1_154' title='bbox 3603 808 3756 862; x_wconf 80' lang='lat' dir='ltr'><strong>scire</strong></span> 
     </span>
    </p>
   </div>
   <div class='ocr_carea' id='block_1_23' title="bbox 2093 890 3754 957">
    <p class='ocr_par' dir='ltr' id='par_1_23' title="bbox 2093 890 3754 957">
     <span class='ocr_line' id='line_1_23' title="bbox 2093 890 3754 957; baseline 0.008 -19"><span class='ocrx_word' id='word_1_155' title='bbox 2093 901 2248 940; x_wconf 89' lang='lat' dir='ltr'><strong>nunc</strong></span> <span class='ocrx_word' id='word_1_156' title='bbox 2280 890 2536 957; x_wconf 64' lang='lat' dir='ltr'><strong>coeperit.</strong></span> <span class='ocrx_word' id='word_1_157' title='bbox 2572 911 2601 939; x_wconf 77' lang='grc' dir='ltr'><strong><em>υ</em></strong></span> <span class='ocrx_word' id='word_1_158' title='bbox 2633 892 2706 945; x_wconf 81' lang='lat' dir='ltr'><strong>At</strong></span> <span class='ocrx_word' id='word_1_159' title='bbox 2763 891 2956 946; x_wconf 71' lang='lat' dir='ltr'><strong>Dall&#39;ri</strong></span> <span class='ocrx_word' id='word_1_160' title='bbox 2992 892 3259 946; x_wconf 87' lang='lat' dir='ltr'><strong>defensor</strong></span> <span class='ocrx_word' id='word_1_161' title='bbox 3315 894 3597 949; x_wconf 90' lang='lat' dir='ltr'><strong>audacter</strong></span> <span class='ocrx_word' id='word_1_162' title='bbox 3662 912 3754 952; x_wconf 90' lang='lat' dir='ltr'><strong>re-</strong></span> 
     </span>
    </p>
   </div>
   <div class='ocr_carea' id='block_1_24' title="bbox 2092 976 3750 1052">
    <p class='ocr_par' dir='ltr' id='par_1_24' title="bbox 2092 976 3750 1052">
     <span class='ocr_line' id='line_1_24' title="bbox 2092 976 3750 1052; baseline 0.008 -24"><span class='ocrx_word' id='word_1_163' title='bbox 2092 976 2338 1045; x_wconf 84' lang='lat' dir='ltr'><strong>spondet</strong></span> <span class='ocrx_word' id='word_1_164' title='bbox 2373 993 2598 1034; x_wconf 83' lang='lat' dir='ltr'><strong>errasse</strong></span> <span class='ocrx_word' id='word_1_165' title='bbox 2629 981 3070 1052; x_wconf 70' lang='lat' dir='ltr'><strong>Hierunymum,</strong></span> <span class='ocrx_word' id='word_1_166' title='bbox 3105 983 3477 1052; x_wconf 87' lang='lat' dir='ltr'><strong>aflirmatque</strong></span> <span class='ocrx_word' id='word_1_167' title='bbox 3513 1005 3541 1033; x_wconf 85' lang='lat'>«</span> <span class='ocrx_word' id='word_1_168' title='bbox 3578 1002 3750 1040; x_wconf 89' lang='lat' dir='ltr'><strong>sexa—</strong></span> 
     </span>
    </p>
   </div>
   <div class='ocr_carea' id='block_1_25' title="bbox 2091 1069 3747 1141">
    <p class='ocr_par' dir='ltr' id='par_1_25' title="bbox 2091 1069 3747 1141">
     <span class='ocr_line' id='line_1_25' title="bbox 2091 1069 3747 1141; baseline 0.005 -22"><span class='ocrx_word' id='word_1_169' title='bbox 2091 1070 2331 1136; x_wconf 88' lang='lat' dir='ltr'><strong>genario</strong></span> <span class='ocrx_word' id='word_1_170' title='bbox 2359 1071 2637 1138; x_wconf 78' lang='lat' dir='ltr'><strong>majorem</strong></span> <span class='ocrx_word' id='word_1_171' title='bbox 2669 1085 2797 1124; x_wconf 89' lang='lat' dir='ltr'><strong>esse</strong></span> <span class='ocrx_word' id='word_1_172' title='bbox 2831 1069 3170 1141; x_wconf 90' lang='lat' dir='ltr'><strong>Origenem,</strong></span> <span class='ocrx_word' id='word_1_173' title='bbox 3202 1072 3341 1125; x_wconf 88' lang='lat' dir='ltr'><strong>dum</strong></span> <span class='ocrx_word' id='word_1_174' title='bbox 3385 1088 3524 1126; x_wconf 78' lang='lat' dir='ltr'><strong>suas</strong></span> <span class='ocrx_word' id='word_1_175' title='bbox 3559 1074 3747 1128; x_wconf 89' lang='lat' dir='ltr'><strong>bomi-</strong></span> 
     </span>
    </p>
   </div>
   <div class='ocr_carea' id='block_1_26' title="bbox 2090 1153 3752 1228">
    <p class='ocr_par' dir='ltr' id='par_1_26' title="bbox 2090 1153 3752 1228">
     <span class='ocr_line' id='line_1_26' title="bbox 2090 1153 3752 1228; baseline 0.006 -20"><span class='ocrx_word' id='word_1_176' title='bbox 2090 1153 2200 1209; x_wconf 89' lang='lat' dir='ltr'><strong>lias</strong></span> <span class='ocrx_word' id='word_1_177' title='bbox 2246 1155 2422 1211; x_wconf 90' lang='lat' dir='ltr'><strong>scribi</strong></span> <span class='ocrx_word' id='word_1_178' title='bbox 2455 1174 2666 1228; x_wconf 86' lang='lat' dir='ltr'><strong>passus</strong></span> <span class='ocrx_word' id='word_1_179' title='bbox 2699 1164 2806 1213; x_wconf 78' lang='lat' dir='ltr'><strong>est.</strong></span> <span class='ocrx_word' id='word_1_180' title='bbox 2862 1181 2886 1207; x_wconf 70' lang='grc' dir='ltr'><strong>ι)</strong></span> <span class='ocrx_word' id='word_1_181' title='bbox 2926 1161 2980 1213; x_wconf 90' lang='lat' dir='ltr'><strong>ld</strong></span> <span class='ocrx_word' id='word_1_182' title='bbox 3017 1165 3211 1213; x_wconf 82' lang='lat' dir='ltr'><strong>autem</strong></span> <span class='ocrx_word' id='word_1_183' title='bbox 3271 1177 3333 1214; x_wconf 91' lang='lat' dir='ltr'><strong>se</strong></span> <span class='ocrx_word' id='word_1_184' title='bbox 3365 1161 3600 1216; x_wconf 91' lang='lat' dir='ltr'><strong>solertia</strong></span> <span class='ocrx_word' id='word_1_185' title='bbox 3641 1180 3752 1218; x_wconf 86' lang='lat' dir='ltr'><strong>sua</strong></span> 
     </span>
    </p>
   </div>
   <div class='ocr_carea' id='block_1_27' title="bbox 2092 1246 3754 1317">
    <p class='ocr_par' dir='ltr' id='par_1_27' title="bbox 2092 1246 3754 1317">
     <span class='ocr_line' id='line_1_27' title="bbox 2092 1246 3754 1317; baseline 0.005 -20"><span class='ocrx_word' id='word_1_186' title='bbox 2092 1246 2401 1315; x_wconf 89' lang='lat' dir='ltr'><strong>agnovisse</strong></span> <span class='ocrx_word' id='word_1_187' title='bbox 2460 1246 2552 1300; x_wconf 82' lang='lat' dir='ltr'><strong>bis</strong></span> <span class='ocrx_word' id='word_1_188' title='bbox 2583 1246 2870 1317; x_wconf 85' lang='lat' dir='ltr'><strong>gloriatur</strong></span> <span class='ocrx_word' id='word_1_189' title='bbox 2921 1248 3113 1302; x_wconf 85' lang='lat' dir='ltr'><strong>verbis</strong></span> <span class='ocrx_word' id='word_1_190' title='bbox 3146 1247 3230 1303; x_wconf 81' lang='lat'><strong>9°:</strong></span> <span class='ocrx_word' id='word_1_191' title='bbox 3269 1270 3295 1300; x_wconf 75' lang='grc' dir='ltr'>ι</span> <span class='ocrx_word' id='word_1_192' title='bbox 3349 1251 3510 1316; x_wconf 87' lang='lat' dir='ltr'><strong>Quod</strong></span> <span class='ocrx_word' id='word_1_193' title='bbox 3546 1269 3576 1306; x_wconf 92' lang='lat' dir='ltr'><strong>a</strong></span> <span class='ocrx_word' id='word_1_194' title='bbox 3611 1253 3754 1306; x_wconf 75' lang='lat' dir='ltr'><strong>viris</strong></span> 
     </span>
    </p>
   </div>
   <div class='ocr_carea' id='block_1_28' title="bbox 2091 1334 3753 1408">
    <p class='ocr_par' dir='ltr' id='par_1_28' title="bbox 2091 1334 3753 1408">
     <span class='ocr_line' id='line_1_28' title="bbox 2091 1334 3753 1408; baseline 0.006 -21"><span class='ocrx_word' id='word_1_195' title='bbox 2091 1334 2274 1388; x_wconf 92' lang='lat' dir='ltr'><strong>doctis</strong></span> <span class='ocrx_word' id='word_1_196' title='bbox 2307 1335 2779 1391; x_wconf 88' lang='lat' dir='ltr'><strong>animadversum</strong></span> <span class='ocrx_word' id='word_1_197' title='bbox 2806 1338 3066 1408; x_wconf 86' lang='lat' dir='ltr'><strong>quidem,</strong></span> <span class='ocrx_word' id='word_1_198' title='bbox 3099 1355 3212 1393; x_wconf 89' lang='lat' dir='ltr'><strong>non</strong></span> <span class='ocrx_word' id='word_1_199' title='bbox 3247 1347 3441 1394; x_wconf 88' lang='lat' dir='ltr'><strong>autem</strong></span> <span class='ocrx_word' id='word_1_200' title='bbox 3473 1347 3753 1398; x_wconf 84' lang='lat' dir='ltr'><strong>accurate</strong></span> 
     </span>
    </p>
   </div>
   <div class='ocr_carea' id='block_1_29' title="bbox 2093 1429 3753 1498">
    <p class='ocr_par' dir='ltr' id='par_1_29' title="bbox 2093 1429 3753 1498">
     <span class='ocr_line' id='line_1_29' title="bbox 2093 1429 3753 1498; baseline 0.007 -22"><span class='ocrx_word' id='word_1_201' title='bbox 2093 1439 2468 1492; x_wconf 83' lang='lat' dir='ltr'><strong>perpensum,</strong></span> <span class='ocrx_word' id='word_1_202' title='bbox 2502 1441 2606 1480; x_wconf 90' lang='lat' dir='ltr'><strong>nec</strong></span> <span class='ocrx_word' id='word_1_203' title='bbox 2657 1433 2854 1480; x_wconf 83' lang='lat' dir='ltr'><strong>exacte</strong></span> <span class='ocrx_word' id='word_1_204' title='bbox 2916 1429 3302 1498; x_wconf 88' lang='lat' dir='ltr'><strong>ponderatum</strong></span> <span class='ocrx_word' id='word_1_205' title='bbox 3368 1430 3566 1483; x_wconf 89' lang='lat' dir='ltr'><strong>mirari</strong></span> <span class='ocrx_word' id='word_1_206' title='bbox 3601 1433 3753 1487; x_wconf 81' lang='lat' dir='ltr'><strong>satis</strong></span> 
     </span>
    </p>
   </div>
   <div class='ocr_carea' id='block_1_30' title="bbox 2093 1515 3747 1582">
    <p class='ocr_par' dir='ltr' id='par_1_30' title="bbox 2093 1515 3747 1582">
     <span class='ocr_line' id='line_1_30' title="bbox 2093 1515 3747 1582; baseline 0.003 -18"><span class='ocrx_word' id='word_1_207' title='bbox 2093 1526 2357 1582; x_wconf 82' lang='lat' dir='ltr'><strong>nequeo;</strong></span> <span class='ocrx_word' id='word_1_208' title='bbox 2394 1529 2522 1567; x_wconf 92' lang='lat' dir='ltr'><strong>cum</strong></span> <span class='ocrx_word' id='word_1_209' title='bbox 2560 1523 2748 1570; x_wconf 87' lang='lat' dir='ltr'><strong>tamen</strong></span> <span class='ocrx_word' id='word_1_210' title='bbox 2777 1515 2832 1568; x_wconf 89' lang='lat' dir='ltr'><strong>id</strong></span> <span class='ocrx_word' id='word_1_211' title='bbox 2861 1517 3075 1570; x_wconf 91' lang='lat' dir='ltr'><strong>diserte</strong></span> <span class='ocrx_word' id='word_1_212' title='bbox 3105 1523 3352 1570; x_wconf 80' lang='lat' dir='ltr'><strong>testatur</strong></span> <span class='ocrx_word' id='word_1_213' title='bbox 3382 1517 3687 1573; x_wconf 80' lang='lat' dir='ltr'><strong>Eusebius.</strong></span> <span class='ocrx_word' id='word_1_214' title='bbox 3718 1540 3747 1570; x_wconf 83' lang='grc'><strong>››</strong></span> 
     </span>
    </p>
   </div>
   <div class='ocr_carea' id='block_1_31' title="bbox 2093 1603 3752 1672">
    <p class='ocr_par' dir='ltr' id='par_1_31' title="bbox 2093 1603 3752 1672">
     <span class='ocr_line' id='line_1_31' title="bbox 2093 1603 3752 1672; baseline 0.005 -19"><span class='ocrx_word' id='word_1_215' title='bbox 2093 1603 2418 1656; x_wconf 81' lang='lat' dir='ltr'><strong>Audiamus</strong></span> <span class='ocrx_word' id='word_1_216' title='bbox 2451 1619 2587 1672; x_wconf 87' lang='lat' dir='ltr'><strong>ergo</strong></span> <span class='ocrx_word' id='word_1_217' title='bbox 2618 1605 2838 1660; x_wconf 87' lang='lat' dir='ltr'><strong>diserta</strong></span> <span class='ocrx_word' id='word_1_218' title='bbox 2882 1606 2980 1658; x_wconf 69' lang='lat' dir='ltr'><strong>illa</strong></span> <span class='ocrx_word' id='word_1_219' title='bbox 3016 1607 3245 1660; x_wconf 83' lang='lat' dir='ltr'><strong>Eusebii</strong></span> <span class='ocrx_word' id='word_1_220' title='bbox 3279 1609 3494 1662; x_wconf 78' lang='lat' dir='ltr'><strong>verba:</strong></span> <span class='ocrx_word' id='word_1_221' title='bbox 3560 1630 3581 1659; x_wconf 78' lang='grc' dir='ltr'>ι</span> <span class='ocrx_word' id='word_1_222' title='bbox 3617 1609 3752 1664; x_wconf 86' lang='lat' dir='ltr'><strong>Ori-</strong></span> 
     </span>
    </p>
   </div>
   <div class='ocr_carea' id='block_1_32' title="bbox 2096 1691 3751 1765">
    <p class='ocr_par' dir='ltr' id='par_1_32' title="bbox 2096 1691 3751 1765">
     <span class='ocr_line' id='line_1_32' title="bbox 2096 1691 3751 1765; baseline 0.004 -22"><span class='ocrx_word' id='word_1_223' title='bbox 2096 1707 2291 1761; x_wconf 64' lang='lat' dir='ltr'><strong>gvnes,</strong></span> <span class='ocrx_word' id='word_1_224' title='bbox 2327 1691 2517 1758; x_wconf 67' lang='lat' dir='ltr'><strong>inquit</strong></span> <span class='ocrx_word' id='word_1_225' title='bbox 2545 1692 2828 1748; x_wconf 76' lang='lat' dir='ltr'><strong>Eusebius</strong></span> <span class='ocrx_word' id='word_1_226' title='bbox 2854 1693 2919 1759; x_wconf 79' lang='lat'><strong>&quot;,</strong></span> <span class='ocrx_word' id='word_1_227' title='bbox 2950 1697 3071 1760; x_wconf 88' lang='lat' dir='ltr'><strong>jam</strong></span> <span class='ocrx_word' id='word_1_228' title='bbox 3107 1697 3482 1763; x_wconf 84' lang='lat' dir='ltr'><strong>sexagenario</strong></span> <span class='ocrx_word' id='word_1_229' title='bbox 3538 1701 3751 1765; x_wconf 80' lang='lat' dir='ltr'><strong>major,</strong></span> 
     </span>
    </p>
   </div>
   <div class='ocr_carea' id='block_1_33' title="bbox 336 1783 3758 1878">
    <p class='ocr_par' dir='ltr' id='par_1_33' title="bbox 336 1783 3758 1878">
     <span class='ocr_line' id='line_1_33' title="bbox 336 1783 3758 1878; baseline 0.002 -15"><span class='ocrx_word' id='word_1_230' title='bbox 336 1809 532 1878; x_wconf 78' lang='lat' dir='ltr'><strong>Atqui,</strong></span> <span class='ocrx_word' id='word_1_231' title='bbox 567 1809 648 1862; x_wconf 89' lang='lat' dir='ltr'><strong>ait</strong></span> <span class='ocrx_word' id='word_1_232' title='bbox 681 1807 929 1860; x_wconf 70' lang='lat' dir='ltr'><strong>Dullaaus</strong></span> <span class='ocrx_word' id='word_1_233' title='bbox 987 1806 1092 1858; x_wconf 68' lang='lat' dir='ltr'><strong>hoc</strong></span> <span class='ocrx_word' id='word_1_234' title='bbox 1120 1812 1337 1875; x_wconf 71' lang='lat' dir='ltr'><strong>puun-nt</strong></span> <span class='ocrx_word' id='word_1_235' title='bbox 1368 1823 1498 1858; x_wconf 66' lang='lat' dir='ltr'><strong>rum</strong></span> <span class='ocrx_word' id='word_1_236' title='bbox 1532 1783 1900 1875; x_wconf 69' lang='lat' dir='ltr'><strong>()rigene,qui</strong></span> <span class='ocrx_word' id='word_1_237' title='bbox 1925 1807 1980 1858; x_wconf 88' lang='lat' dir='ltr'><strong>in</strong></span> <span class='ocrx_word' id='word_1_238' title='bbox 2016 1813 2064 1877; x_wconf 83' lang='lat' dir='ltr'><strong>B</strong></span> <span class='ocrx_word' id='word_1_239' title='bbox 2097 1787 2300 1878; x_wconf 24' lang='lat' dir='ltr'><strong>“mite</strong></span> <span class='ocrx_word' id='word_1_240' title='bbox 2334 1783 2429 1850; x_wconf 68' lang='lat' dir='ltr'><strong>qni</strong></span> <span class='ocrx_word' id='word_1_241' title='bbox 2461 1784 2842 1878; x_wconf 64' lang='lat' dir='ltr'><strong>ex__d_iutur“a</strong></span> <span class='ocrx_word' id='word_1_242' title='bbox 2877 1785 3288 1839; x_wconf 45' lang='lat' dir='ltr'><strong>exercitatione</strong></span> <span class='ocrx_word' id='word_1_243' title='bbox 3314 1787 3758 1878; x_wconf 47' lang='lat' dir='ltr'><strong>maﬂmumdi&#39;</strong></span> 
     </span>
    </p>
   </div>
   <div class='ocr_carea' id='block_1_34' title="bbox 338 1893 1980 1969">
    <p class='ocr_par' dir='ltr' id='par_1_34' title="bbox 338 1893 1980 1969">
     <span class='ocr_line' id='line_1_34' title="bbox 338 1893 1980 1969; baseline -0.002 -17"><span class='ocrx_word' id='word_1_244' title='bbox 338 1895 610 1969; x_wconf 87' lang='lat' dir='ltr'><strong>genuinis</strong></span> <span class='ocrx_word' id='word_1_245' title='bbox 635 1896 920 1965; x_wconf 85' lang='lat' dir='ltr'><strong>Operibus</strong></span> <span class='ocrx_word' id='word_1_246' title='bbox 953 1896 1096 1949; x_wconf 73' lang='lat' dir='ltr'><strong>alios</strong></span> <span class='ocrx_word' id='word_1_247' title='bbox 1122 1893 1341 1948; x_wconf 78' lang='lat' dir='ltr'><strong>Veteris</strong></span> <span class='ocrx_word' id='word_1_248' title='bbox 1374 1894 1754 1952; x_wconf 86' lang='lat' dir='ltr'><strong>Testamenti.</strong></span> <span class='ocrx_word' id='word_1_249' title='bbox 1775 1900 1980 1964; x_wconf 64' lang='lat' dir='ltr'><strong>praeter</strong></span> 
     </span>
    </p>
   </div>
   <div class='ocr_carea' id='block_1_35' title="bbox 338 1984 1977 2057">
    <p class='ocr_par' dir='ltr' id='par_1_35' title="bbox 338 1984 1977 2057">
     <span class='ocr_line' id='line_1_35' title="bbox 338 1984 1977 2057; baseline -0.002 -17"><span class='ocrx_word' id='word_1_250' title='bbox 338 1985 552 2057; x_wconf 84' lang='lat' dir='ltr'><strong>Moysis</strong></span> <span class='ocrx_word' id='word_1_251' title='bbox 581 1984 760 2038; x_wconf 85' lang='lat' dir='ltr'><strong>libros</strong></span> <span class='ocrx_word' id='word_1_252' title='bbox 795 1986 849 2038; x_wconf 89' lang='lat' dir='ltr'><strong>in</strong></span> <span class='ocrx_word' id='word_1_253' title='bbox 884 2000 1162 2038; x_wconf 71' lang='lat' dir='ltr'><strong>canonem</strong></span> <span class='ocrx_word' id='word_1_254' title='bbox 1199 1991 1654 2054; x_wconf 67' lang='lat' dir='ltr'><strong>scripturarum,</strong></span> <span class='ocrx_word' id='word_1_255' title='bbox 1687 2000 1719 2038; x_wconf 90' lang='lat' dir='ltr'><strong>a</strong></span> <span class='ocrx_word' id='word_1_256' title='bbox 1759 1985 1977 2037; x_wconf 86' lang='lat' dir='ltr'><strong>Saddu-</strong></span> 
     </span>
    </p>
   </div>
   <div class='ocr_carea' id='block_1_36' title="bbox 337 2072 1977 2144">
    <p class='ocr_par' dir='ltr' id='par_1_36' title="bbox 337 2072 1977 2144">
     <span class='ocr_line' id='line_1_36' title="bbox 337 2072 1977 2144; baseline -0.001 -15"><span class='ocrx_word' id='word_1_257' title='bbox 337 2075 472 2129; x_wconf 68' lang='lat' dir='ltr'><strong>casis</strong></span> <span class='ocrx_word' id='word_1_258' title='bbox 505 2073 676 2144; x_wconf 80' lang='lat' dir='ltr'><strong>recipi</strong></span> <span class='ocrx_word' id='word_1_259' title='bbox 705 2073 1020 2128; x_wconf 77' lang='lat' dir='ltr'><strong>intimatur.</strong></span> <span class='ocrx_word' id='word_1_260' title='bbox 1045 2072 1154 2127; x_wconf 91' lang='lat' dir='ltr'><strong>Sed</strong></span> <span class='ocrx_word' id='word_1_261' title='bbox 1183 2073 1337 2126; x_wconf 88' lang='lat' dir='ltr'><strong>aliud</strong></span> <span class='ocrx_word' id='word_1_262' title='bbox 1372 2080 1459 2128; x_wconf 89' lang='lat' dir='ltr'><strong>est</strong></span> <span class='ocrx_word' id='word_1_263' title='bbox 1482 2072 1695 2126; x_wconf 90' lang='lat' dir='ltr'><strong>librum</strong></span> <span class='ocrx_word' id='word_1_264' title='bbox 1721 2073 1977 2144; x_wconf 88' lang='lat' dir='ltr'><strong>aliquem</strong></span> 
     </span>
    </p>
   </div>
   <div class='ocr_carea' id='block_1_37' title="bbox 330 2162 1979 2233">
    <p class='ocr_par' dir='ltr' id='par_1_37' title="bbox 330 2162 1979 2233">
     <span class='ocr_line' id='line_1_37' title="bbox 330 2162 1979 2233; baseline -0.001 -15"><span class='ocrx_word' id='word_1_265' title='bbox 330 2163 390 2218; x_wconf 88' lang='lat' dir='ltr'><strong>in</strong></span> <span class='ocrx_word' id='word_1_266' title='bbox 425 2164 854 2233; x_wconf 76' lang='lat' dir='ltr'><strong>Scripturarum</strong></span> <span class='ocrx_word' id='word_1_267' title='bbox 899 2162 1108 2217; x_wconf 85' lang='lat' dir='ltr'><strong>ascribi</strong></span> <span class='ocrx_word' id='word_1_268' title='bbox 1143 2179 1450 2228; x_wconf 89' lang='lat' dir='ltr'><strong>canonem,</strong></span> <span class='ocrx_word' id='word_1_269' title='bbox 1483 2164 1637 2216; x_wconf 77' lang='lat' dir='ltr'><strong>aliud</strong></span> <span class='ocrx_word' id='word_1_270' title='bbox 1670 2178 1806 2216; x_wconf 89' lang='lat' dir='ltr'><strong>vero</strong></span> <span class='ocrx_word' id='word_1_271' title='bbox 1851 2165 1979 2233; x_wconf 88' lang='lat' dir='ltr'><strong>ejus</strong></span> 
     </span>
    </p>
   </div>
   <div class='ocr_carea' id='block_1_38' title="bbox 329 2250 1980 2325">
    <p class='ocr_par' dir='ltr' id='par_1_38' title="bbox 329 2250 1980 2325">
     <span class='ocr_line' id='line_1_38' title="bbox 329 2250 1980 2325; baseline -0.001 -17"><span class='ocrx_word' id='word_1_272' title='bbox 329 2254 506 2309; x_wconf 86' lang='lat' dir='ltr'><strong>verba</strong></span> <span class='ocrx_word' id='word_1_273' title='bbox 565 2251 946 2325; x_wconf 87' lang='lat' dir='ltr'><strong>corporaliter</strong></span> <span class='ocrx_word' id='word_1_274' title='bbox 978 2250 1246 2323; x_wconf 90' lang='lat' dir='ltr'><strong>intelligi.</strong></span> <span class='ocrx_word' id='word_1_275' title='bbox 1305 2253 1485 2308; x_wconf 88' lang='lat' dir='ltr'><strong>Unum</strong></span> <span class='ocrx_word' id='word_1_276' title='bbox 1530 2253 1587 2306; x_wconf 91' lang='lat' dir='ltr'><strong>in</strong></span> <span class='ocrx_word' id='word_1_277' title='bbox 1649 2251 1980 2307; x_wconf 61' lang='lat' dir='ltr'><strong>Sadducaeis</strong></span> 
     </span>
    </p>
   </div>
   <div class='ocr_carea' id='block_1_39' title="bbox 332 2341 1978 2416">
    <p class='ocr_par' dir='ltr' id='par_1_39' title="bbox 332 2341 1978 2416">
     <span class='ocr_line' id='line_1_39' title="bbox 332 2341 1978 2416; baseline -0.002 -16"><span class='ocrx_word' id='word_1_278' title='bbox 332 2342 675 2416; x_wconf 88' lang='lat' dir='ltr'><strong>perstringit</strong></span> <span class='ocrx_word' id='word_1_279' title='bbox 703 2348 904 2398; x_wconf 89' lang='lat' dir='ltr'><strong>auctor</strong></span> <span class='ocrx_word' id='word_1_280' title='bbox 947 2347 1162 2409; x_wconf 90' lang='lat' dir='ltr'><strong>noster,</strong></span> <span class='ocrx_word' id='word_1_281' title='bbox 1197 2358 1311 2396; x_wconf 91' lang='lat' dir='ltr'><strong>non</strong></span> <span class='ocrx_word' id='word_1_282' title='bbox 1344 2357 1476 2397; x_wconf 90' lang='lat' dir='ltr'><strong>vero</strong></span> <span class='ocrx_word' id='word_1_283' title='bbox 1506 2341 1798 2410; x_wconf 84' lang='lat' dir='ltr'><strong>alterum;</strong></span> <span class='ocrx_word' id='word_1_284' title='bbox 1849 2358 1978 2412; x_wconf 86' lang='lat' dir='ltr'><strong>pro-</strong></span> 
     </span>
    </p>
   </div>
   <div class='ocr_carea' id='block_1_40' title="bbox 332 2430 1980 2504">
    <p class='ocr_par' dir='ltr' id='par_1_40' title="bbox 332 2430 1980 2504">
     <span class='ocr_line' id='line_1_40' title="bbox 332 2430 1980 2504; baseline -0.001 -16"><span class='ocrx_word' id='word_1_285' title='bbox 332 2433 576 2504; x_wconf 88' lang='lat' dir='ltr'><strong>indeque</strong></span> <span class='ocrx_word' id='word_1_286' title='bbox 635 2431 899 2504; x_wconf 90' lang='lat' dir='ltr'><strong>Origenis</strong></span> <span class='ocrx_word' id='word_1_287' title='bbox 933 2431 1234 2487; x_wconf 81' lang='lat' dir='ltr'><strong>sententiae</strong></span> <span class='ocrx_word' id='word_1_288' title='bbox 1283 2430 1443 2486; x_wconf 90' lang='lat' dir='ltr'><strong>nullo</strong></span> <span class='ocrx_word' id='word_1_289' title='bbox 1477 2431 1648 2486; x_wconf 91' lang='lat' dir='ltr'><strong>modo</strong></span> <span class='ocrx_word' id='word_1_290' title='bbox 1707 2431 1980 2487; x_wconf 88' lang='lat' dir='ltr'><strong>adversa-</strong></span> 
     </span>
    </p>
   </div>
   <div class='ocr_carea' id='block_1_41' title="bbox 332 2527 449 2578">
    <p class='ocr_par' dir='ltr' id='par_1_41' title="bbox 332 2527 449 2578">
     <span class='ocr_line' id='line_1_41' title="bbox 332 2527 449 2578; baseline -0.034 0"><span class='ocrx_word' id='word_1_291' title='bbox 332 2527 449 2578; x_wconf 90' lang='lat' dir='ltr'><strong>tur.</strong></span> 
     </span>
    </p>
   </div>
   <div class='ocr_carea' id='block_1_42' title="bbox 406 2627 1977 2700">
    <p class='ocr_par' dir='ltr' id='par_1_42' title="bbox 406 2627 1977 2700">
     <span class='ocr_line' id='line_1_42' title="bbox 406 2627 1977 2700; baseline 0 -16"><span class='ocrx_word' id='word_1_292' title='bbox 406 2630 506 2684; x_wconf 83' lang='lat' dir='ltr'><strong>Hic</strong></span> <span class='ocrx_word' id='word_1_293' title='bbox 559 2628 790 2700; x_wconf 83' lang='lat' dir='ltr'><strong>magnis</strong></span> <span class='ocrx_word' id='word_1_294' title='bbox 849 2627 1064 2683; x_wconf 87' lang='lat' dir='ltr'><strong>animis</strong></span> <span class='ocrx_word' id='word_1_295' title='bbox 1120 2628 1374 2699; x_wconf 87' lang='lat' dir='ltr'><strong>insurgit</strong></span> <span class='ocrx_word' id='word_1_296' title='bbox 1434 2627 1631 2684; x_wconf 72' lang='lat' dir='ltr'><strong>Dallsei</strong></span> <span class='ocrx_word' id='word_1_297' title='bbox 1689 2628 1977 2696; x_wconf 87' lang='lat' dir='ltr'><strong>defensor,</strong></span> 
     </span>
    </p>
   </div>
   <div class='ocr_carea' id='block_1_43' title="bbox 333 2718 1979 2790">
    <p class='ocr_par' dir='ltr' id='par_1_43' title="bbox 333 2718 1979 2790">
     <span class='ocr_line' id='line_1_43' title="bbox 333 2718 1979 2790; baseline -0.002 -13"><span class='ocrx_word' id='word_1_298' title='bbox 333 2719 750 2789; x_wconf 90' lang='lat' dir='ltr'><strong>contenditque</strong></span> <span class='ocrx_word' id='word_1_299' title='bbox 778 2719 1125 2774; x_wconf 74' lang='lat' dir='ltr'><strong>Sadducaaos</strong></span> <span class='ocrx_word' id='word_1_300' title='bbox 1146 2719 1300 2790; x_wconf 87' lang='lat' dir='ltr'><strong>quod</strong></span> <span class='ocrx_word' id='word_1_301' title='bbox 1336 2718 1699 2774; x_wconf 87' lang='lat' dir='ltr'><strong>Psalmorum</strong></span> <span class='ocrx_word' id='word_1_302' title='bbox 1730 2727 1787 2775; x_wconf 92' lang='lat' dir='ltr'><strong>et</strong></span> <span class='ocrx_word' id='word_1_303' title='bbox 1818 2719 1979 2775; x_wconf 73' lang='lat' dir='ltr'><strong>Isaiae</strong></span> 
     </span>
    </p>
   </div>
   <div class='ocr_carea' id='block_1_44' title="bbox 333 2806 1980 2879">
    <p class='ocr_par' dir='ltr' id='par_1_44' title="bbox 333 2806 1980 2879">
     <span class='ocr_line' id='line_1_44' title="bbox 333 2806 1980 2879; baseline -0.001 -15"><span class='ocrx_word' id='word_1_304' title='bbox 333 2809 504 2864; x_wconf 87' lang='lat' dir='ltr'><strong>verba</strong></span> <span class='ocrx_word' id='word_1_305' title='bbox 537 2806 918 2877; x_wconf 87' lang='lat' dir='ltr'><strong>corporaliter</strong></span> <span class='ocrx_word' id='word_1_306' title='bbox 946 2806 1369 2879; x_wconf 79' lang='lat' dir='ltr'><strong>intelligerent,</strong></span> <span class='ocrx_word' id='word_1_307' title='bbox 1395 2824 1510 2862; x_wconf 90' lang='lat' dir='ltr'><strong>non</strong></span> <span class='ocrx_word' id='word_1_308' title='bbox 1553 2807 1665 2862; x_wconf 89' lang='lat' dir='ltr'><strong>alio</strong></span> <span class='ocrx_word' id='word_1_309' title='bbox 1697 2825 1872 2863; x_wconf 91' lang='lat' dir='ltr'><strong>sensu</strong></span> <span class='ocrx_word' id='word_1_310' title='bbox 1906 2808 1980 2863; x_wconf 91' lang='lat' dir='ltr'><strong>ab</strong></span> 
     </span>
    </p>
   </div>
   <div class='ocr_carea' id='block_1_45' title="bbox 333 2897 1982 2969">
    <p class='ocr_par' dir='ltr' id='par_1_45' title="bbox 333 2897 1982 2969">
     <span class='ocr_line' id='line_1_45' title="bbox 333 2897 1982 2969; baseline -0.001 -13"><span class='ocrx_word' id='word_1_311' title='bbox 333 2899 532 2956; x_wconf 87' lang='lat' dir='ltr'><strong>eodem</strong></span> <span class='ocrx_word' id='word_1_312' title='bbox 565 2908 800 2954; x_wconf 90' lang='lat' dir='ltr'><strong>auctore</strong></span> <span class='ocrx_word' id='word_1_313' title='bbox 851 2897 1060 2964; x_wconf 89' lang='lat' dir='ltr'><strong>notari,</strong></span> <span class='ocrx_word' id='word_1_314' title='bbox 1096 2897 1209 2952; x_wconf 91' lang='lat' dir='ltr'><strong>nisi</strong></span> <span class='ocrx_word' id='word_1_315' title='bbox 1242 2898 1381 2969; x_wconf 88' lang='lat' dir='ltr'><strong>quia</strong></span> <span class='ocrx_word' id='word_1_316' title='bbox 1412 2898 1518 2954; x_wconf 90' lang='lat' dir='ltr'><strong>hos</strong></span> <span class='ocrx_word' id='word_1_317' title='bbox 1569 2897 1749 2954; x_wconf 88' lang='lat' dir='ltr'><strong>libros</strong></span> <span class='ocrx_word' id='word_1_318' title='bbox 1794 2900 1866 2954; x_wconf 85' lang='lat' dir='ltr'><strong>ab</strong></span> <span class='ocrx_word' id='word_1_319' title='bbox 1897 2901 1982 2954; x_wconf 90' lang='lat' dir='ltr'><strong>eis</strong></span> 
     </span>
    </p>
   </div>
   <div class='ocr_carea' id='block_1_46' title="bbox 335 2987 1979 3060">
    <p class='ocr_par' dir='ltr' id='par_1_46' title="bbox 335 2987 1979 3060">
     <span class='ocr_line' id='line_1_46' title="bbox 335 2987 1979 3060; baseline -0.001 -16"><span class='ocrx_word' id='word_1_320' title='bbox 335 2990 392 3044; x_wconf 90' lang='lat' dir='ltr'><strong>in</strong></span> <span class='ocrx_word' id='word_1_321' title='bbox 452 2990 882 3060; x_wconf 89' lang='lat' dir='ltr'><strong>Scripturarum</strong></span> <span class='ocrx_word' id='word_1_322' title='bbox 921 3003 1203 3042; x_wconf 86' lang='lat' dir='ltr'><strong>canonem</strong></span> <span class='ocrx_word' id='word_1_323' title='bbox 1235 2993 1496 3057; x_wconf 89' lang='lat' dir='ltr'><strong>receptos</strong></span> <span class='ocrx_word' id='word_1_324' title='bbox 1525 2987 1671 3043; x_wconf 89' lang='lat' dir='ltr'><strong>falso</strong></span> <span class='ocrx_word' id='word_1_325' title='bbox 1706 2989 1816 3044; x_wconf 89' lang='lat' dir='ltr'><strong>sibi</strong></span> <span class='ocrx_word' id='word_1_326' title='bbox 1849 3003 1979 3059; x_wconf 89' lang='lat' dir='ltr'><strong>per-</strong></span> 
     </span>
    </p>
   </div>
   <div class='ocr_carea' id='block_1_47' title="bbox 335 3075 1982 3142">
    <p class='ocr_par' dir='ltr' id='par_1_47' title="bbox 335 3075 1982 3142">
     <span class='ocr_line' id='line_1_47' title="bbox 335 3075 1982 3142; baseline 0 -8"><span class='ocrx_word' id='word_1_327' title='bbox 335 3087 620 3135; x_wconf 86' lang='lat' dir='ltr'><strong>suaserat.</strong></span> <span class='ocrx_word' id='word_1_328' title='bbox 674 3076 850 3142; x_wconf 88' lang='lat' dir='ltr'><strong>Quasi</strong></span> <span class='ocrx_word' id='word_1_329' title='bbox 881 3091 1010 3130; x_wconf 82' lang='lat' dir='ltr'><strong>vero</strong></span> <span class='ocrx_word' id='word_1_330' title='bbox 1065 3075 1263 3130; x_wconf 87' lang='lat' dir='ltr'><strong>nullus</strong></span> <span class='ocrx_word' id='word_1_331' title='bbox 1295 3091 1426 3130; x_wconf 90' lang='lat' dir='ltr'><strong>cum</strong></span> <span class='ocrx_word' id='word_1_332' title='bbox 1484 3075 1603 3130; x_wconf 93' lang='lat' dir='ltr'><strong>ullo</strong></span> <span class='ocrx_word' id='word_1_333' title='bbox 1643 3082 1881 3132; x_wconf 83' lang='lat' dir='ltr'><strong>auctore</strong></span> <span class='ocrx_word' id='word_1_334' title='bbox 1912 3080 1982 3134; x_wconf 88' lang='lat' dir='ltr'><strong>de</strong></span> 
     </span>
    </p>
   </div>
   <div class='ocr_carea' id='block_1_48' title="bbox 334 3163 2062 3238">
    <p class='ocr_par' dir='ltr' id='par_1_48' title="bbox 334 3163 2062 3238">
     <span class='ocr_line' id='line_1_48' title="bbox 334 3163 2062 3238; baseline -0.003 -13"><span class='ocrx_word' id='word_1_335' title='bbox 334 3168 569 3238; x_wconf 85' lang='lat' dir='ltr'><strong>scriptis</strong></span> <span class='ocrx_word' id='word_1_336' title='bbox 614 3164 990 3236; x_wconf 86' lang='lat' dir='ltr'><strong>corporaliter</strong></span> <span class='ocrx_word' id='word_1_337' title='bbox 1017 3163 1349 3228; x_wconf 88' lang='lat' dir='ltr'><strong>intellectis,</strong></span> <span class='ocrx_word' id='word_1_338' title='bbox 1411 3165 1523 3218; x_wconf 91' lang='lat' dir='ltr'><strong>nisi</strong></span> <span class='ocrx_word' id='word_1_339' title='bbox 1556 3165 1625 3220; x_wconf 92' lang='lat' dir='ltr'><strong>de</strong></span> <span class='ocrx_word' id='word_1_340' title='bbox 1658 3165 1796 3221; x_wconf 90' lang='lat' dir='ltr'><strong>solis</strong></span> <span class='ocrx_word' id='word_1_341' title='bbox 1827 3168 1977 3221; x_wconf 88' lang='lat' dir='ltr'><strong>Scri-</strong></span> <span class='ocrx_word' id='word_1_342' title='bbox 2019 3169 2062 3235; x_wconf 73' lang='grc' dir='ltr'>Ο</span> 
     </span>
    </p>
   </div>
   <div class='ocr_carea' id='block_1_49' title="bbox 334 3253 1982 3328">
    <p class='ocr_par' dir='ltr' id='par_1_49' title="bbox 334 3253 1982 3328">
     <span class='ocr_line' id='line_1_49' title="bbox 334 3253 1982 3328; baseline -0.001 -17"><span class='ocrx_word' id='word_1_343' title='bbox 334 3263 518 3328; x_wconf 67' lang='lat' dir='ltr'><strong>pturae</strong></span> <span class='ocrx_word' id='word_1_344' title='bbox 536 3271 713 3310; x_wconf 69' lang='lat' dir='ltr'><strong>sacras</strong></span> <span class='ocrx_word' id='word_1_345' title='bbox 736 3253 903 3306; x_wconf 86' lang='lat' dir='ltr'><strong>libris</strong></span> <span class='ocrx_word' id='word_1_346' title='bbox 925 3253 1292 3320; x_wconf 82' lang='lat' dir='ltr'><strong>expostulare</strong></span> <span class='ocrx_word' id='word_1_347' title='bbox 1341 3258 1517 3322; x_wconf 87' lang='lat' dir='ltr'><strong>queat</strong></span> <span class='ocrx_word' id='word_1_348' title='bbox 1539 3253 1564 3308; x_wconf 79' lang='lat' dir='ltr'><strong>‘t</strong></span> <span class='ocrx_word' id='word_1_349' title='bbox 1583 3253 1816 3316; x_wconf 87' lang='lat' dir='ltr'><strong>Quoties</strong></span> <span class='ocrx_word' id='word_1_350' title='bbox 1841 3256 1982 3310; x_wconf 87' lang='lat' dir='ltr'><strong>scri-</strong></span> 
     </span>
    </p>
   </div>
   <div class='ocr_carea' id='block_1_50' title="bbox 337 3341 1983 3418">
    <p class='ocr_par' dir='ltr' id='par_1_50' title="bbox 337 3341 1983 3418">
     <span class='ocr_line' id='line_1_50' title="bbox 337 3341 1983 3418; baseline 0.001 -18"><span class='ocrx_word' id='word_1_351' title='bbox 337 3345 485 3418; x_wconf 87' lang='lat' dir='ltr'><strong>ptori</strong></span> <span class='ocrx_word' id='word_1_352' title='bbox 521 3344 659 3399; x_wconf 90' lang='lat' dir='ltr'><strong>illud</strong></span> <span class='ocrx_word' id='word_1_353' title='bbox 695 3343 836 3396; x_wconf 89' lang='lat' dir='ltr'><strong>vitio</strong></span> <span class='ocrx_word' id='word_1_354' title='bbox 868 3342 1130 3404; x_wconf 89' lang='lat' dir='ltr'><strong>vertitur,</strong></span> <span class='ocrx_word' id='word_1_355' title='bbox 1165 3343 1320 3411; x_wconf 89' lang='lat' dir='ltr'><strong>quod</strong></span> <span class='ocrx_word' id='word_1_356' title='bbox 1374 3341 1691 3398; x_wconf 89' lang='lat' dir='ltr'><strong>illustrium</strong></span> <span class='ocrx_word' id='word_1_357' title='bbox 1727 3344 1983 3401; x_wconf 83' lang='lat' dir='ltr'><strong>virorum</strong></span> 
     </span>
    </p>
   </div>
   <div class='ocr_carea' id='block_1_51' title="bbox 339 3429 1986 3504">
    <p class='ocr_par' dir='ltr' id='par_1_51' title="bbox 339 3429 1986 3504">
     <span class='ocr_line' id='line_1_51' title="bbox 339 3429 1986 3504; baseline 0 -16"><span class='ocrx_word' id='word_1_358' title='bbox 339 3433 575 3504; x_wconf 89' lang='lat' dir='ltr'><strong>scripta,</strong></span> <span class='ocrx_word' id='word_1_359' title='bbox 611 3448 736 3503; x_wconf 69' lang='lat' dir='ltr'><strong>quae</strong></span> <span class='ocrx_word' id='word_1_360' title='bbox 769 3430 830 3485; x_wconf 89' lang='lat' dir='ltr'><strong>in</strong></span> <span class='ocrx_word' id='word_1_361' title='bbox 896 3429 1080 3501; x_wconf 90' lang='lat' dir='ltr'><strong>pretio</strong></span> <span class='ocrx_word' id='word_1_362' title='bbox 1112 3431 1386 3486; x_wconf 90' lang='lat' dir='ltr'><strong>omnibus</strong></span> <span class='ocrx_word' id='word_1_363' title='bbox 1416 3447 1545 3486; x_wconf 87' lang='lat' dir='ltr'><strong>esse</strong></span> <span class='ocrx_word' id='word_1_364' title='bbox 1575 3433 1807 3499; x_wconf 90' lang='lat' dir='ltr'><strong>debent,</strong></span> <span class='ocrx_word' id='word_1_365' title='bbox 1862 3450 1986 3489; x_wconf 90' lang='lat' dir='ltr'><strong>cor-</strong></span> 
     </span>
    </p>
   </div>
   <div class='ocr_carea' id='block_1_52' title="bbox 340 3518 1986 3595">
    <p class='ocr_par' dir='ltr' id='par_1_52' title="bbox 340 3518 1986 3595">
     <span class='ocr_line' id='line_1_52' title="bbox 340 3518 1986 3595; baseline 0 -17"><span class='ocrx_word' id='word_1_366' title='bbox 340 3522 632 3595; x_wconf 89' lang='lat' dir='ltr'><strong>poraliter,</strong></span> <span class='ocrx_word' id='word_1_367' title='bbox 651 3525 709 3576; x_wconf 87' lang='lat' dir='ltr'><strong>et</strong></span> <span class='ocrx_word' id='word_1_368' title='bbox 739 3520 809 3576; x_wconf 91' lang='lat' dir='ltr'><strong>ad</strong></span> <span class='ocrx_word' id='word_1_369' title='bbox 837 3519 1085 3574; x_wconf 88' lang='lat' dir='ltr'><strong>litteram</strong></span> <span class='ocrx_word' id='word_1_370' title='bbox 1111 3518 1514 3590; x_wconf 88' lang='lat' dir='ltr'><strong>scrupulosius</strong></span> <span class='ocrx_word' id='word_1_371' title='bbox 1540 3521 1986 3592; x_wconf 86' lang='lat' dir='ltr'><strong>interpretetur?</strong></span> 
     </span>
    </p>
   </div>
   <div class='ocr_carea' id='block_1_53' title="bbox 339 3608 1984 3683">
    <p class='ocr_par' dir='ltr' id='par_1_53' title="bbox 339 3608 1984 3683">
     <span class='ocr_line' id='line_1_53' title="bbox 339 3608 1984 3683; baseline -0.001 -15"><span class='ocrx_word' id='word_1_372' title='bbox 339 3612 535 3668; x_wconf 90' lang='lat' dir='ltr'><strong>Potuit</strong></span> <span class='ocrx_word' id='word_1_373' title='bbox 565 3627 702 3682; x_wconf 89' lang='lat' dir='ltr'><strong>ergo</strong></span> <span class='ocrx_word' id='word_1_374' title='bbox 734 3610 1014 3680; x_wconf 88' lang='lat' dir='ltr'><strong>Origenes</strong></span> <span class='ocrx_word' id='word_1_375' title='bbox 1043 3609 1398 3664; x_wconf 72' lang='lat' dir='ltr'><strong>Saddueaeos</strong></span> <span class='ocrx_word' id='word_1_376' title='bbox 1430 3609 1647 3665; x_wconf 90' lang='lat' dir='ltr'><strong>idcirco</strong></span> <span class='ocrx_word' id='word_1_377' title='bbox 1679 3608 1984 3683; x_wconf 60' lang='lat' dir='ltr'><strong>castigare:</strong></span> 
     </span>
    </p>
   </div>
   <div class='ocr_carea' id='block_1_54' title="bbox 343 3696 1980 3774">
    <p class='ocr_par' dir='ltr' id='par_1_54' title="bbox 343 3696 1980 3774">
     <span class='ocr_line' id='line_1_54' title="bbox 343 3696 1980 3774; baseline -0.001 -17"><span class='ocrx_word' id='word_1_378' title='bbox 343 3702 481 3774; x_wconf 88' lang='lat' dir='ltr'><strong>quia</strong></span> <span class='ocrx_word' id='word_1_379' title='bbox 513 3700 760 3756; x_wconf 68' lang='lat' dir='ltr'><strong>lenisset</strong></span> <span class='ocrx_word' id='word_1_380' title='bbox 813 3697 1137 3753; x_wconf 77' lang='lat' dir='ltr'><strong>Psalmistze</strong></span> <span class='ocrx_word' id='word_1_381' title='bbox 1169 3696 1374 3768; x_wconf 89' lang='lat' dir='ltr'><strong>libros,</strong></span> <span class='ocrx_word' id='word_1_382' title='bbox 1432 3715 1582 3769; x_wconf 89' lang='lat' dir='ltr'><strong>quos</strong></span> <span class='ocrx_word' id='word_1_383' title='bbox 1635 3704 1766 3771; x_wconf 89' lang='lat' dir='ltr'><strong>post</strong></span> <span class='ocrx_word' id='word_1_384' title='bbox 1815 3718 1980 3756; x_wconf 89' lang='lat' dir='ltr'><strong>suum</strong></span> 
     </span>
    </p>
   </div>
   <div class='ocr_carea' id='block_1_55' title="bbox 339 3785 1984 3862">
    <p class='ocr_par' dir='ltr' id='par_1_55' title="bbox 339 3785 1984 3862">
     <span class='ocr_line' id='line_1_55' title="bbox 339 3785 1984 3862; baseline -0.001 -16"><span class='ocrx_word' id='word_1_385' title='bbox 339 3790 647 3861; x_wconf 69' lang='lat' dir='ltr'><strong>Scriptura:</strong></span> <span class='ocrx_word' id='word_1_386' title='bbox 679 3803 963 3843; x_wconf 90' lang='lat' dir='ltr'><strong>canonem</strong></span> <span class='ocrx_word' id='word_1_387' title='bbox 1022 3785 1206 3857; x_wconf 90' lang='lat' dir='ltr'><strong>pluris</strong></span> <span class='ocrx_word' id='word_1_388' title='bbox 1237 3788 1424 3843; x_wconf 88' lang='lat' dir='ltr'><strong>facere</strong></span> <span class='ocrx_word' id='word_1_389' title='bbox 1463 3787 1752 3845; x_wconf 84' lang='lat' dir='ltr'><strong>debebant</strong></span> <span class='ocrx_word' id='word_1_390' title='bbox 1782 3806 1984 3862; x_wconf 83' lang='lat' dir='ltr'><strong>corpo-</strong></span> 
     </span>
    </p>
   </div>
   <div class='ocr_carea' id='block_1_56' title="bbox 340 3877 989 3950">
    <p class='ocr_par' dir='ltr' id='par_1_56' title="bbox 340 3877 989 3950">
     <span class='ocr_line' id='line_1_56' title="bbox 340 3877 989 3950; baseline -0.003 -14"><span class='ocrx_word' id='word_1_391' title='bbox 340 3881 540 3937; x_wconf 85' lang='lat' dir='ltr'><strong>raliter</strong></span> <span class='ocrx_word' id='word_1_392' title='bbox 571 3877 989 3950; x_wconf 88' lang='lat' dir='ltr'><strong>intelligerent.</strong></span> 
     </span>
    </p>
   </div>
   <div class='ocr_carea' id='block_1_57' title="bbox 409 3985 1984 4058">
    <p class='ocr_par' dir='ltr' id='par_1_57' title="bbox 409 3985 1984 4058">
     <span class='ocr_line' id='line_1_57' title="bbox 409 3985 1984 4058; baseline 0.002 -15"><span class='ocrx_word' id='word_1_393' title='bbox 409 3985 580 4043; x_wconf 86' lang='lat' dir='ltr'><strong>Nulla</strong></span> <span class='ocrx_word' id='word_1_394' title='bbox 612 3991 697 4042; x_wconf 89' lang='lat' dir='ltr'><strong>est</strong></span> <span class='ocrx_word' id='word_1_395' title='bbox 723 3987 898 4058; x_wconf 90' lang='lat' dir='ltr'><strong>igitur</strong></span> <span class='ocrx_word' id='word_1_396' title='bbox 928 3986 1134 4042; x_wconf 87' lang='lat' dir='ltr'><strong>harum</strong></span> <span class='ocrx_word' id='word_1_397' title='bbox 1165 3985 1539 4042; x_wconf 87' lang='lat' dir='ltr'><strong>homiliarum</strong></span> <span class='ocrx_word' id='word_1_398' title='bbox 1565 3989 1820 4045; x_wconf 88' lang='lat' dir='ltr'><strong>auctoris</strong></span> <span class='ocrx_word' id='word_1_399' title='bbox 1851 4007 1984 4046; x_wconf 90' lang='lat' dir='ltr'><strong>cum</strong></span> 
     </span>
    </p>
   </div>
   <div class='ocr_carea' id='block_1_58' title="bbox 338 4075 1986 4150">
    <p class='ocr_par' dir='ltr' id='par_1_58' title="bbox 338 4075 1986 4150">
     <span class='ocr_line' id='line_1_58' title="bbox 338 4075 1986 4150; baseline 0.002 -17"><span class='ocrx_word' id='word_1_400' title='bbox 338 4079 586 4150; x_wconf 86' lang='lat' dir='ltr'><strong>Origene</strong></span> <span class='ocrx_word' id='word_1_401' title='bbox 617 4094 834 4149; x_wconf 87' lang='lat' dir='ltr'><strong>pugna,</strong></span> <span class='ocrx_word' id='word_1_402' title='bbox 870 4075 1031 4131; x_wconf 86' lang='lat' dir='ltr'><strong>nulla</strong></span> <span class='ocrx_word' id='word_1_403' title='bbox 1078 4076 1246 4148; x_wconf 81' lang='lat' dir='ltr'><strong>plane</strong></span> <span class='ocrx_word' id='word_1_404' title='bbox 1276 4077 1585 4134; x_wconf 89' lang='lat' dir='ltr'><strong>dissensio.</strong></span> <span class='ocrx_word' id='word_1_405' title='bbox 1633 4077 1844 4134; x_wconf 89' lang='lat' dir='ltr'><strong>Verum</strong></span> <span class='ocrx_word' id='word_1_406' title='bbox 1878 4082 1986 4136; x_wconf 87' lang='lat' dir='ltr'><strong>etsi</strong></span> 
     </span>
    </p>
   </div>
   <div class='ocr_carea' id='block_1_59' title="bbox 337 4165 1987 4236">
    <p class='ocr_par' dir='ltr' id='par_1_59' title="bbox 337 4165 1987 4236">
     <span class='ocr_line' id='line_1_59' title="bbox 337 4165 1987 4236; baseline 0.001 -12"><span class='ocrx_word' id='word_1_407' title='bbox 337 4167 687 4224; x_wconf 88' lang='lat' dir='ltr'><strong>adversariis</strong></span> <span class='ocrx_word' id='word_1_408' title='bbox 735 4167 953 4222; x_wconf 88' lang='lat' dir='ltr'><strong>nostris</strong></span> <span class='ocrx_word' id='word_1_409' title='bbox 983 4168 1218 4222; x_wconf 88' lang='lat' dir='ltr'><strong>daretur</strong></span> <span class='ocrx_word' id='word_1_410' title='bbox 1248 4165 1508 4236; x_wconf 88' lang='lat' dir='ltr'><strong>aliquam</strong></span> <span class='ocrx_word' id='word_1_411' title='bbox 1570 4166 1720 4222; x_wconf 88' lang='lat' dir='ltr'><strong>inter</strong></span> <span class='ocrx_word' id='word_1_412' title='bbox 1748 4184 1848 4224; x_wconf 91' lang='lat' dir='ltr'><strong>eos</strong></span> <span class='ocrx_word' id='word_1_413' title='bbox 1879 4170 1987 4226; x_wconf 85' lang='lat' dir='ltr'><strong>hac</strong></span> 
     </span>
    </p>
   </div>
   <div class='ocr_carea' id='block_1_60' title="bbox 337 4255 1987 4326">
    <p class='ocr_par' dir='ltr' id='par_1_60' title="bbox 337 4255 1987 4326">
     <span class='ocr_line' id='line_1_60' title="bbox 337 4255 1987 4326; baseline 0.001 -15"><span class='ocrx_word' id='word_1_414' title='bbox 337 4256 408 4311; x_wconf 90' lang='lat' dir='ltr'><strong>de</strong></span> <span class='ocrx_word' id='word_1_415' title='bbox 436 4271 494 4310; x_wconf 90' lang='lat' dir='ltr'><strong>re</strong></span> <span class='ocrx_word' id='word_1_416' title='bbox 526 4256 709 4311; x_wconf 90' lang='lat' dir='ltr'><strong>fuisse</strong></span> <span class='ocrx_word' id='word_1_417' title='bbox 733 4255 1362 4326; x_wconf 88' lang='lat' dir='ltr'><strong>repugnantiam,num</strong></span> <span class='ocrx_word' id='word_1_418' title='bbox 1395 4256 1672 4312; x_wconf 87' lang='lat' dir='ltr'><strong>continuo</strong></span> <span class='ocrx_word' id='word_1_419' title='bbox 1697 4256 1779 4311; x_wconf 75' lang='lat' dir='ltr'><strong>his</strong></span> <span class='ocrx_word' id='word_1_420' title='bbox 1804 4258 1987 4313; x_wconf 86' lang='lat' dir='ltr'><strong>bomi-</strong></span> 
     </span>
    </p>
   </div>
   <div class='ocr_carea' id='block_1_61' title="bbox 335 4343 1986 4419">
    <p class='ocr_par' dir='ltr' id='par_1_61' title="bbox 335 4343 1986 4419">
     <span class='ocr_line' id='line_1_61' title="bbox 335 4343 1986 4419; baseline 0.002 -19"><span class='ocrx_word' id='word_1_421' title='bbox 335 4345 428 4400; x_wconf 69' lang='lat' dir='ltr'><strong>lize</strong></span> <span class='ocrx_word' id='word_1_422' title='bbox 457 4345 691 4414; x_wconf 88' lang='lat' dir='ltr'><strong>Origeni</strong></span> <span class='ocrx_word' id='word_1_423' title='bbox 724 4344 1126 4413; x_wconf 74' lang='lat' dir='ltr'><strong>abjudicandaa</strong></span> <span class='ocrx_word' id='word_1_424' title='bbox 1159 4343 1346 4398; x_wconf 83' lang='lat' dir='ltr'><strong>sunt?</strong></span> <span class='ocrx_word' id='word_1_425' title='bbox 1370 4343 1645 4414; x_wconf 89' lang='lat' dir='ltr'><strong>Nunquid</strong></span> <span class='ocrx_word' id='word_1_426' title='bbox 1677 4347 1986 4419; x_wconf 90' lang='lat' dir='ltr'><strong>scriptores</strong></span> 
     </span>
    </p>
   </div>
   <div class='ocr_carea' id='block_1_62' title="bbox 336 4431 1986 4504">
    <p class='ocr_par' dir='ltr' id='par_1_62' title="bbox 336 4431 1986 4504">
     <span class='ocr_line' id='line_1_62' title="bbox 336 4431 1986 4504; baseline 0.003 -16"><span class='ocrx_word' id='word_1_427' title='bbox 336 4434 512 4489; x_wconf 87' lang='lat' dir='ltr'><strong>etiam</strong></span> <span class='ocrx_word' id='word_1_428' title='bbox 544 4433 929 4488; x_wconf 86' lang='lat' dir='ltr'><strong>eruditissimi</strong></span> <span class='ocrx_word' id='word_1_429' title='bbox 953 4433 1033 4486; x_wconf 89' lang='lat' dir='ltr'><strong>ita</strong></span> <span class='ocrx_word' id='word_1_430' title='bbox 1064 4431 1177 4488; x_wconf 90' lang='lat' dir='ltr'><strong>sibi</strong></span> <span class='ocrx_word' id='word_1_431' title='bbox 1208 4449 1440 4503; x_wconf 89' lang='lat' dir='ltr'><strong>semper</strong></span> <span class='ocrx_word' id='word_1_432' title='bbox 1463 4437 1986 4504; x_wconf 90' lang='lat' dir='ltr'><strong>constant,omnia-</strong></span> 
     </span>
    </p>
   </div>
   <div class='ocr_carea' id='block_1_63' title="bbox 2093 1871 3750 1946">
    <p class='ocr_par' dir='ltr' id='par_1_63' title="bbox 2093 1871 3750 1946">
     <span class='ocr_line' id='line_1_63' title="bbox 2093 1871 3750 1946; baseline 0.004 -23"><span class='ocrx_word' id='word_1_433' title='bbox 2093 1871 2256 1923; x_wconf 88' lang='lat' dir='ltr'><strong>cendi</strong></span> <span class='ocrx_word' id='word_1_434' title='bbox 2295 1887 2465 1924; x_wconf 84' lang='lat' dir='ltr'><strong>usum</strong></span> <span class='ocrx_word' id='word_1_435' title='bbox 2501 1871 2613 1926; x_wconf 90' lang='lat' dir='ltr'><strong>sibi</strong></span> <span class='ocrx_word' id='word_1_436' title='bbox 2645 1879 3066 1944; x_wconf 87' lang='lat' dir='ltr'><strong>comparasset,</strong></span> <span class='ocrx_word' id='word_1_437' title='bbox 3101 1891 3414 1929; x_wconf 73' lang='lat' dir='ltr'><strong>cuneiones</strong></span> <span class='ocrx_word' id='word_1_438' title='bbox 3465 1892 3611 1946; x_wconf 90' lang='lat' dir='ltr'><strong>quas</strong></span> <span class='ocrx_word' id='word_1_439' title='bbox 3645 1877 3750 1930; x_wconf 88' lang='lat' dir='ltr'><strong>ha-</strong></span> 
     </span>
    </p>
   </div>
   <div class='ocr_carea' id='block_1_64' title="bbox 2093 1957 3747 2034">
    <p class='ocr_par' dir='ltr' id='par_1_64' title="bbox 2093 1957 3747 2034">
     <span class='ocr_line' id='line_1_64' title="bbox 2093 1957 3747 2034; baseline 0.006 -24"><span class='ocrx_word' id='word_1_440' title='bbox 2093 1957 2263 2012; x_wconf 84' lang='lat' dir='ltr'><strong>bebat</strong></span> <span class='ocrx_word' id='word_1_441' title='bbox 2295 1961 2361 2011; x_wconf 86' lang='lat' dir='ltr'><strong>ad</strong></span> <span class='ocrx_word' id='word_1_442' title='bbox 2402 1960 2703 2030; x_wconf 87' lang='lat' dir='ltr'><strong>populum,</strong></span> <span class='ocrx_word' id='word_1_443' title='bbox 2738 1978 2771 2015; x_wconf 91' lang='lat' dir='ltr'><strong>a</strong></span> <span class='ocrx_word' id='word_1_444' title='bbox 2802 1962 3044 2017; x_wconf 88' lang='lat' dir='ltr'><strong>notariis</strong></span> <span class='ocrx_word' id='word_1_445' title='bbox 3074 1964 3258 2034; x_wconf 76' lang='lat' dir='ltr'><strong>excipi</strong></span> <span class='ocrx_word' id='word_1_446' title='bbox 3291 1965 3576 2034; x_wconf 78' lang='lat' dir='ltr'><strong>permisit,</strong></span> <span class='ocrx_word' id='word_1_447' title='bbox 3613 1983 3747 2020; x_wconf 88' lang='lat' dir='ltr'><strong>cum</strong></span> 
     </span>
    </p>
   </div>
   <div class='ocr_carea' id='block_1_65' title="bbox 2091 2043 3750 2119">
    <p class='ocr_par' dir='ltr' id='par_1_65' title="bbox 2091 2043 3750 2119">
     <span class='ocr_line' id='line_1_65' title="bbox 2091 2043 3750 2119; baseline 0.007 -21"><span class='ocrx_word' id='word_1_448' title='bbox 2091 2043 2146 2100; x_wconf 90' lang='lat' dir='ltr'><strong>id</strong></span> <span class='ocrx_word' id='word_1_449' title='bbox 2180 2054 2313 2101; x_wconf 84' lang='lat' dir='ltr'><strong>ante</strong></span> <span class='ocrx_word' id='word_1_450' title='bbox 2347 2047 2465 2102; x_wconf 83' lang='lat' dir='ltr'><strong>fieri</strong></span> <span class='ocrx_word' id='word_1_451' title='bbox 2502 2064 2806 2119; x_wconf 88' lang='lat' dir='ltr'><strong>nunquam</strong></span> <span class='ocrx_word' id='word_1_452' title='bbox 2841 2051 3249 2107; x_wconf 70' lang='lat' dir='ltr'><strong>concessisset.</strong></span> <span class='ocrx_word' id='word_1_453' title='bbox 3278 2073 3307 2101; x_wconf 84' lang='lat'>»</span> <span class='ocrx_word' id='word_1_454' title='bbox 3330 2053 3438 2108; x_wconf 86' lang='lat' dir='ltr'><strong>Sed</strong></span> <span class='ocrx_word' id='word_1_455' title='bbox 3473 2055 3750 2110; x_wconf 85' lang='lat' dir='ltr'><strong>defensor</strong></span> 
     </span>
    </p>
   </div>
   <div class='ocr_carea' id='block_1_66' title="bbox 2093 2133 3746 2206">
    <p class='ocr_par' dir='ltr' id='par_1_66' title="bbox 2093 2133 3746 2206">
     <span class='ocr_line' id='line_1_66' title="bbox 2093 2133 3746 2206; baseline 0.007 -18"><span class='ocrx_word' id='word_1_456' title='bbox 2093 2133 2190 2190; x_wconf 90' lang='lat' dir='ltr'><strong>ille</strong></span> <span class='ocrx_word' id='word_1_457' title='bbox 2215 2137 2783 2206; x_wconf 85' lang='lat' dir='ltr'><strong>perspicacissimus,</strong></span> <span class='ocrx_word' id='word_1_458' title='bbox 2806 2141 2900 2205; x_wconf 77' lang='lat' dir='ltr'><strong>qui</strong></span> <span class='ocrx_word' id='word_1_459' title='bbox 2926 2142 3078 2195; x_wconf 89' lang='lat' dir='ltr'><strong>viros</strong></span> <span class='ocrx_word' id='word_1_460' title='bbox 3110 2141 3313 2196; x_wconf 90' lang='lat' dir='ltr'><strong>doctos</strong></span> <span class='ocrx_word' id='word_1_461' title='bbox 3340 2143 3574 2197; x_wconf 57' lang='lat' dir='ltr'><strong>incuriae</strong></span> <span class='ocrx_word' id='word_1_462' title='bbox 3603 2161 3746 2199; x_wconf 86' lang='lat' dir='ltr'><strong>con-</strong></span> 
     </span>
    </p>
   </div>
   <div class='ocr_carea' id='block_1_67' title="bbox 2092 2224 3746 2305">
    <p class='ocr_par' dir='ltr' id='par_1_67' title="bbox 2092 2224 3746 2305">
     <span class='ocr_line' id='line_1_67' title="bbox 2092 2224 3746 2305; baseline 0.007 -27"><span class='ocrx_word' id='word_1_463' title='bbox 2092 2224 2557 2290; x_wconf 77' lang='lat' dir='ltr'><strong>demnat,debuit</strong></span> <span class='ocrx_word' id='word_1_464' title='bbox 2579 2229 2910 2283; x_wconf 85' lang='lat' dir='ltr'><strong>accuratius</strong></span> <span class='ocrx_word' id='word_1_465' title='bbox 2938 2230 3262 2300; x_wconf 87' lang='lat' dir='ltr'><strong>ponderare</strong></span> <span class='ocrx_word' id='word_1_466' title='bbox 3293 2231 3434 2298; x_wconf 61' lang='lat' dir='ltr'><strong>hac,</strong></span> <span class='ocrx_word' id='word_1_467' title='bbox 3461 2250 3585 2302; x_wconf 65' lang='lat' dir='ltr'><strong>qua;</strong></span> <span class='ocrx_word' id='word_1_468' title='bbox 3617 2235 3746 2305; x_wconf 81' lang='lat' dir='ltr'><strong>ipse</strong></span> 
     </span>
    </p>
   </div>
   <div class='ocr_carea' id='block_1_68' title="bbox 2089 2313 3736 2384">
    <p class='ocr_par' dir='ltr' id='par_1_68' title="bbox 2089 2313 3736 2384">
     <span class='ocr_line' id='line_1_68' title="bbox 2089 2313 3736 2384; baseline 0.006 -16"><span class='ocrx_word' id='word_1_469' title='bbox 2089 2313 2250 2379; x_wconf 86' lang='lat' dir='ltr'><strong>citat,</strong></span> <span class='ocrx_word' id='word_1_470' title='bbox 2282 2314 2518 2371; x_wconf 86' lang='lat' dir='ltr'><strong>Eusebii</strong></span> <span class='ocrx_word' id='word_1_471' title='bbox 2550 2320 2754 2372; x_wconf 88' lang='lat' dir='ltr'><strong>verba:</strong></span> <span class='ocrx_word' id='word_1_472' title='bbox 2790 2340 2817 2367; x_wconf 84' lang='lat'><strong><em>«</em></strong></span> <span class='ocrx_word' id='word_1_473' title='bbox 2851 2318 3262 2384; x_wconf 81' lang='lat' dir='ltr'><strong>Conciones...,</strong></span> <span class='ocrx_word' id='word_1_474' title='bbox 3298 2337 3330 2374; x_wconf 87' lang='lat' dir='ltr'><strong>a</strong></span> <span class='ocrx_word' id='word_1_475' title='bbox 3363 2322 3605 2376; x_wconf 90' lang='lat' dir='ltr'><strong>notariis</strong></span> <span class='ocrx_word' id='word_1_476' title='bbox 3637 2339 3736 2378; x_wconf 78' lang='lat' dir='ltr'><strong>ex-</strong></span> 
     </span>
    </p>
   </div>
   <div class='ocr_carea' id='block_1_69' title="bbox 2091 2403 3747 2479">
    <p class='ocr_par' dir='ltr' id='par_1_69' title="bbox 2091 2403 3747 2479">
     <span class='ocr_line' id='line_1_69' title="bbox 2091 2403 3747 2479; baseline 0.006 -21"><span class='ocrx_word' id='word_1_477' title='bbox 2091 2403 2203 2475; x_wconf 91' lang='lat' dir='ltr'><strong>cipi</strong></span> <span class='ocrx_word' id='word_1_478' title='bbox 2237 2403 2518 2474; x_wconf 90' lang='lat' dir='ltr'><strong>permisit.</strong></span> <span class='ocrx_word' id='word_1_479' title='bbox 2552 2426 2580 2455; x_wconf 87' lang='lat'><strong>»</strong></span> <span class='ocrx_word' id='word_1_480' title='bbox 2614 2406 2838 2461; x_wconf 89' lang='lat' dir='ltr'><strong>Etenim</strong></span> <span class='ocrx_word' id='word_1_481' title='bbox 2875 2408 3017 2462; x_wconf 83' lang='lat' dir='ltr'><strong>dicit</strong></span> <span class='ocrx_word' id='word_1_482' title='bbox 3055 2409 3294 2479; x_wconf 90' lang='lat' dir='ltr'><strong>quidem</strong></span> <span class='ocrx_word' id='word_1_483' title='bbox 3341 2409 3418 2463; x_wconf 91' lang='lat' dir='ltr'><strong>ibi</strong></span> <span class='ocrx_word' id='word_1_484' title='bbox 3454 2411 3747 2468; x_wconf 88' lang='lat' dir='ltr'><strong>Eusebius</strong></span> 
     </span>
    </p>
   </div>
   <div class='ocr_carea' id='block_1_70' title="bbox 2091 2491 3749 2566">
    <p class='ocr_par' dir='ltr' id='par_1_70' title="bbox 2091 2491 3749 2566">
     <span class='ocr_line' id='line_1_70' title="bbox 2091 2491 3749 2566; baseline 0.006 -18"><span class='ocrx_word' id='word_1_485' title='bbox 2091 2491 2401 2565; x_wconf 89' lang='lat' dir='ltr'><strong>Origenem</strong></span> <span class='ocrx_word' id='word_1_486' title='bbox 2435 2511 2550 2550; x_wconf 91' lang='lat' dir='ltr'><strong>non</strong></span> <span class='ocrx_word' id='word_1_487' title='bbox 2574 2496 2914 2566; x_wconf 80' lang='lat' dir='ltr'><strong>permisisse</strong></span> <span class='ocrx_word' id='word_1_488' title='bbox 2947 2499 3258 2554; x_wconf 91' lang='lat' dir='ltr'><strong>conciones</strong></span> <span class='ocrx_word' id='word_1_489' title='bbox 3284 2515 3420 2554; x_wconf 90' lang='lat' dir='ltr'><strong>suas</strong></span> <span class='ocrx_word' id='word_1_490' title='bbox 3452 2517 3484 2554; x_wconf 89' lang='lat' dir='ltr'><strong>a</strong></span> <span class='ocrx_word' id='word_1_491' title='bbox 3503 2503 3749 2559; x_wconf 87' lang='lat' dir='ltr'><strong>notariis</strong></span> 
     </span>
    </p>
   </div>
   <div class='ocr_carea' id='block_1_71' title="bbox 2091 2583 3748 2660">
    <p class='ocr_par' dir='ltr' id='par_1_71' title="bbox 2091 2583 3748 2660">
     <span class='ocr_line' id='line_1_71' title="bbox 2091 2583 3748 2660; baseline 0.005 -22"><span class='ocrx_word' id='word_1_492' title='bbox 2091 2583 2276 2654; x_wconf 86' lang='lat' dir='ltr'><strong>excipi</strong></span> <span class='ocrx_word' id='word_1_493' title='bbox 2306 2603 2319 2651; x_wconf 92' lang='lat'><strong>;</strong></span> <span class='ocrx_word' id='word_1_494' title='bbox 2348 2585 2448 2639; x_wconf 89' lang='lat' dir='ltr'><strong>sed</strong></span> <span class='ocrx_word' id='word_1_495' title='bbox 2482 2583 2578 2640; x_wconf 88' lang='lat' dir='ltr'><strong>ille</strong></span> <span class='ocrx_word' id='word_1_496' title='bbox 2610 2584 2918 2658; x_wconf 90' lang='lat' dir='ltr'><strong>Origenem</strong></span> <span class='ocrx_word' id='word_1_497' title='bbox 2944 2588 3138 2659; x_wconf 92' lang='lat' dir='ltr'><strong>ipsum</strong></span> <span class='ocrx_word' id='word_1_498' title='bbox 3171 2605 3270 2643; x_wconf 88' lang='lat' dir='ltr'><strong>eas</strong></span> <span class='ocrx_word' id='word_1_499' title='bbox 3299 2595 3432 2644; x_wconf 87' lang='lat' dir='ltr'><strong>ante</strong></span> <span class='ocrx_word' id='word_1_500' title='bbox 3454 2592 3748 2660; x_wconf 84' lang='lat' dir='ltr'><strong>sexagesi-</strong></span> 
     </span>
    </p>
   </div>
   <div class='ocr_carea' id='block_1_72' title="bbox 2092 2673 3752 2750">
    <p class='ocr_par' dir='ltr' id='par_1_72' title="bbox 2092 2673 3752 2750">
     <span class='ocr_line' id='line_1_72' title="bbox 2092 2673 3752 2750; baseline 0.007 -23"><span class='ocrx_word' id='word_1_501' title='bbox 2092 2688 2255 2728; x_wconf 87' lang='lat' dir='ltr'><strong>mum</strong></span> <span class='ocrx_word' id='word_1_502' title='bbox 2305 2673 2490 2728; x_wconf 67' lang='lat' dir='ltr'><strong>aalatis</strong></span> <span class='ocrx_word' id='word_1_503' title='bbox 2524 2690 2644 2729; x_wconf 67' lang='lat' dir='ltr'><strong>suae</strong></span> <span class='ocrx_word' id='word_1_504' title='bbox 2689 2692 2910 2731; x_wconf 91' lang='lat' dir='ltr'><strong>annum</strong></span> <span class='ocrx_word' id='word_1_505' title='bbox 2962 2693 3138 2732; x_wconf 84' lang='lat' dir='ltr'><strong>manu</strong></span> <span class='ocrx_word' id='word_1_506' title='bbox 3175 2679 3408 2748; x_wconf 88' lang='lat' dir='ltr'><strong>propria</strong></span> <span class='ocrx_word' id='word_1_507' title='bbox 3437 2680 3752 2750; x_wconf 78' lang='lat' dir='ltr'><strong>scripsisse</strong></span> 
     </span>
    </p>
   </div>
   <div class='ocr_carea' id='block_1_73' title="bbox 2092 2763 3752 2840">
    <p class='ocr_par' dir='ltr' id='par_1_73' title="bbox 2092 2763 3752 2840">
     <span class='ocr_line' id='line_1_73' title="bbox 2092 2763 3752 2840; baseline 0.005 -22"><span class='ocrx_word' id='word_1_508' title='bbox 2092 2779 2209 2820; x_wconf 89' lang='lat' dir='ltr'><strong>non</strong></span> <span class='ocrx_word' id='word_1_509' title='bbox 2241 2763 2556 2822; x_wconf 84' lang='lat' dir='ltr'><strong>inficiatur.</strong></span> <span class='ocrx_word' id='word_1_510' title='bbox 2593 2765 2795 2838; x_wconf 87' lang='lat' dir='ltr'><strong>Neque</strong></span> <span class='ocrx_word' id='word_1_511' title='bbox 2824 2768 2999 2822; x_wconf 89' lang='lat' dir='ltr'><strong>etiam</strong></span> <span class='ocrx_word' id='word_1_512' title='bbox 3037 2778 3205 2839; x_wconf 89' lang='lat' dir='ltr'><strong>negat</strong></span> <span class='ocrx_word' id='word_1_513' title='bbox 3234 2769 3391 2837; x_wconf 88' lang='lat' dir='ltr'><strong>illas,</strong></span> <span class='ocrx_word' id='word_1_514' title='bbox 3421 2769 3546 2840; x_wconf 91' lang='lat' dir='ltr'><strong>ipso</strong></span> <span class='ocrx_word' id='word_1_515' title='bbox 3571 2771 3752 2828; x_wconf 91' lang='lat' dir='ltr'><strong>invito</strong></span> 
     </span>
    </p>
   </div>
   <div class='ocr_carea' id='block_1_74' title="bbox 2091 2853 3751 2928">
    <p class='ocr_par' dir='ltr' id='par_1_74' title="bbox 2091 2853 3751 2928">
     <span class='ocr_line' id='line_1_74' title="bbox 2091 2853 3751 2928; baseline 0.007 -21"><span class='ocrx_word' id='word_1_516' title='bbox 2091 2853 2360 2926; x_wconf 88' lang='lat' dir='ltr'><strong>Origene,</strong></span> <span class='ocrx_word' id='word_1_517' title='bbox 2389 2854 2460 2909; x_wconf 89' lang='lat' dir='ltr'><strong>ab</strong></span> <span class='ocrx_word' id='word_1_518' title='bbox 2493 2855 2624 2910; x_wconf 89' lang='lat' dir='ltr'><strong>aliis</strong></span> <span class='ocrx_word' id='word_1_519' title='bbox 2651 2856 3053 2928; x_wconf 87' lang='lat' dir='ltr'><strong>transcriptas.</strong></span> <span class='ocrx_word' id='word_1_520' title='bbox 3083 2858 3370 2913; x_wconf 80' lang='lat' dir='ltr'><strong>Praeterea</strong></span> <span class='ocrx_word' id='word_1_521' title='bbox 3401 2864 3624 2914; x_wconf 89' lang='lat' dir='ltr'><strong>certum</strong></span> <span class='ocrx_word' id='word_1_522' title='bbox 3659 2866 3751 2918; x_wconf 88' lang='lat' dir='ltr'><strong>est</strong></span> 
     </span>
    </p>
   </div>
   <div class='ocr_carea' id='block_1_75' title="bbox 2091 2941 3748 3024">
    <p class='ocr_par' dir='ltr' id='par_1_75' title="bbox 2091 2941 3748 3024">
     <span class='ocr_line' id='line_1_75' title="bbox 2091 2941 3748 3024; baseline 0.005 -29"><span class='ocrx_word' id='word_1_523' title='bbox 2091 2941 2424 3014; x_wconf 90' lang='lat' dir='ltr'><strong>Origenem,</strong></span> <span class='ocrx_word' id='word_1_524' title='bbox 2456 2959 2588 2999; x_wconf 88' lang='lat' dir='ltr'><strong>cum</strong></span> <span class='ocrx_word' id='word_1_525' title='bbox 2619 2945 2850 3014; x_wconf 91' lang='lat' dir='ltr'><strong>juvenis</strong></span> <span class='ocrx_word' id='word_1_526' title='bbox 2896 2950 3072 3009; x_wconf 89' lang='lat' dir='ltr'><strong>esset,</strong></span> <span class='ocrx_word' id='word_1_527' title='bbox 3103 2947 3412 3024; x_wconf 84' lang='lat' dir='ltr'><strong>conciones</strong></span> <span class='ocrx_word' id='word_1_528' title='bbox 3467 2947 3748 3004; x_wconf 79' lang='lat' dir='ltr'><strong>habuisse</strong></span> 
     </span>
    </p>
   </div>
   <div class='ocr_carea' id='block_1_76' title="bbox 2091 3029 3743 3101">
    <p class='ocr_par' dir='ltr' id='par_1_76' title="bbox 2091 3029 3743 3101">
     <span class='ocr_line' id='line_1_76' title="bbox 2091 3029 3743 3101; baseline 0.005 -19"><span class='ocrx_word' id='word_1_529' title='bbox 2091 3029 2164 3083; x_wconf 86' lang='lat' dir='ltr'><strong>ad</strong></span> <span class='ocrx_word' id='word_1_530' title='bbox 2216 3029 2538 3101; x_wconf 86' lang='lat' dir='ltr'><strong>populum;</strong></span> <span class='ocrx_word' id='word_1_531' title='bbox 2591 3030 2647 3085; x_wconf 90' lang='lat' dir='ltr'><strong>id</strong></span> <span class='ocrx_word' id='word_1_532' title='bbox 2707 3032 2862 3087; x_wconf 90' lang='lat' dir='ltr'><strong>enim</strong></span> <span class='ocrx_word' id='word_1_533' title='bbox 2899 3047 3008 3087; x_wconf 92' lang='lat' dir='ltr'><strong>non</strong></span> <span class='ocrx_word' id='word_1_534' title='bbox 3044 3031 3374 3085; x_wconf 87' lang='lat' dir='ltr'><strong>difﬁtentur</strong></span> <span class='ocrx_word' id='word_1_535' title='bbox 3427 3033 3743 3090; x_wconf 77' lang='lat' dir='ltr'><strong>adversarii</strong></span> 
     </span>
    </p>
   </div>
   <div class='ocr_carea' id='block_1_77' title="bbox 2093 3119 3744 3192">
    <p class='ocr_par' dir='ltr' id='par_1_77' title="bbox 2093 3119 3744 3192">
     <span class='ocr_line' id='line_1_77' title="bbox 2093 3119 3744 3192; baseline 0.004 -20"><span class='ocrx_word' id='word_1_536' title='bbox 2093 3119 2296 3187; x_wconf 83' lang='lat' dir='ltr'><strong>nostri,</strong></span> <span class='ocrx_word' id='word_1_537' title='bbox 2357 3121 2511 3192; x_wconf 93' lang='lat' dir='ltr'><strong>quod</strong></span> <span class='ocrx_word' id='word_1_538' title='bbox 2566 3136 2634 3176; x_wconf 83' lang='lat' dir='ltr'><strong>ex</strong></span> <span class='ocrx_word' id='word_1_539' title='bbox 2664 3120 2855 3177; x_wconf 89' lang='lat' dir='ltr'><strong>allatis</strong></span> <span class='ocrx_word' id='word_1_540' title='bbox 2907 3121 3140 3176; x_wconf 84' lang='lat' dir='ltr'><strong>Eusebii</strong></span> <span class='ocrx_word' id='word_1_541' title='bbox 3206 3122 3396 3176; x_wconf 89' lang='lat' dir='ltr'><strong>verbis</strong></span> <span class='ocrx_word' id='word_1_542' title='bbox 3448 3122 3744 3179; x_wconf 88' lang='lat' dir='ltr'><strong>evidenter</strong></span> 
     </span>
    </p>
   </div>
   <div class='ocr_carea' id='block_1_78' title="bbox 2091 3207 3740 3284">
    <p class='ocr_par' dir='ltr' id='par_1_78' title="bbox 2091 3207 3740 3284">
     <span class='ocr_line' id='line_1_78' title="bbox 2091 3207 3740 3284; baseline 0.004 -22"><span class='ocrx_word' id='word_1_543' title='bbox 2091 3207 2406 3279; x_wconf 87' lang='lat' dir='ltr'><strong>colligitur.</strong></span> <span class='ocrx_word' id='word_1_544' title='bbox 2435 3211 2604 3281; x_wconf 79' lang='lat' dir='ltr'><strong>Atqui</strong></span> <span class='ocrx_word' id='word_1_545' title='bbox 2633 3212 2736 3268; x_wconf 88' lang='lat' dir='ltr'><strong>has</strong></span> <span class='ocrx_word' id='word_1_546' title='bbox 2767 3211 2916 3267; x_wconf 91' lang='lat' dir='ltr'><strong>inter</strong></span> <span class='ocrx_word' id='word_1_547' title='bbox 2945 3211 3254 3268; x_wconf 87' lang='lat' dir='ltr'><strong>conciones</strong></span> <span class='ocrx_word' id='word_1_548' title='bbox 3283 3212 3504 3282; x_wconf 63' lang='lat' dir='ltr'><strong>illis,de</strong></span> <span class='ocrx_word' id='word_1_549' title='bbox 3521 3212 3740 3284; x_wconf 87' lang='lat' dir='ltr'><strong>quibus</strong></span> 
     </span>
    </p>
   </div>
   <div class='ocr_carea' id='block_1_79' title="bbox 2091 3297 3740 3373">
    <p class='ocr_par' dir='ltr' id='par_1_79' title="bbox 2091 3297 3740 3373">
     <span class='ocr_line' id='line_1_79' title="bbox 2091 3297 3740 3373; baseline 0.004 -22"><span class='ocrx_word' id='word_1_550' title='bbox 2091 3297 2307 3368; x_wconf 88' lang='lat' dir='ltr'><strong>agitur,</strong></span> <span class='ocrx_word' id='word_1_551' title='bbox 2359 3298 2611 3355; x_wconf 66' lang='lat' dir='ltr'><strong>bomilias</strong></span> <span class='ocrx_word' id='word_1_552' title='bbox 2669 3301 2880 3357; x_wconf 90' lang='lat' dir='ltr'><strong>debent</strong></span> <span class='ocrx_word' id='word_1_553' title='bbox 2933 3302 3132 3373; x_wconf 90' lang='lat' dir='ltr'><strong>procul</strong></span> <span class='ocrx_word' id='word_1_554' title='bbox 3164 3301 3341 3358; x_wconf 92' lang='lat' dir='ltr'><strong>dubio</strong></span> <span class='ocrx_word' id='word_1_555' title='bbox 3400 3303 3740 3365; x_wconf 81' lang='lat' dir='ltr'><strong>numerari;</strong></span> 
     </span>
    </p>
   </div>
   <div class='ocr_carea' id='block_1_80' title="bbox 2091 3386 3744 3462">
    <p class='ocr_par' dir='ltr' id='par_1_80' title="bbox 2091 3386 3744 3462">
     <span class='ocr_line' id='line_1_80' title="bbox 2091 3386 3744 3462; baseline 0.005 -23"><span class='ocrx_word' id='word_1_556' title='bbox 2091 3401 2222 3440; x_wconf 89' lang='lat' dir='ltr'><strong>cum</strong></span> <span class='ocrx_word' id='word_1_557' title='bbox 2258 3386 2388 3442; x_wconf 88' lang='lat' dir='ltr'><strong>illas</strong></span> <span class='ocrx_word' id='word_1_558' title='bbox 2403 3389 2473 3442; x_wconf 85' lang='lat' dir='ltr'><strong>ab</strong></span> <span class='ocrx_word' id='word_1_559' title='bbox 2505 3390 2984 3460; x_wconf 82' lang='lat' dir='ltr'><strong>Origenejuvene</strong></span> <span class='ocrx_word' id='word_1_560' title='bbox 3016 3393 3421 3462; x_wconf 87' lang='lat' dir='ltr'><strong>pronuntiatas</strong></span> <span class='ocrx_word' id='word_1_561' title='bbox 3443 3409 3553 3448; x_wconf 89' lang='lat' dir='ltr'><strong>non</strong></span> <span class='ocrx_word' id='word_1_562' title='bbox 3581 3391 3744 3447; x_wconf 91' lang='lat' dir='ltr'><strong>solus</strong></span> 
     </span>
    </p>
   </div>
   <div class='ocr_carea' id='block_1_81' title="bbox 2092 3473 3743 3553">
    <p class='ocr_par' dir='ltr' id='par_1_81' title="bbox 2092 3473 3743 3553">
     <span class='ocr_line' id='line_1_81' title="bbox 2092 3473 3743 3553; baseline 0.006 -26"><span class='ocrx_word' id='word_1_563' title='bbox 2092 3473 2609 3544; x_wconf 82' lang='lat' dir='ltr'><strong>Hieronymus,sed</strong></span> <span class='ocrx_word' id='word_1_564' title='bbox 2638 3483 2693 3531; x_wconf 92' lang='lat' dir='ltr'><strong>et</strong></span> <span class='ocrx_word' id='word_1_565' title='bbox 2714 3478 2903 3533; x_wconf 89' lang='lat' dir='ltr'><strong>eidem</strong></span> <span class='ocrx_word' id='word_1_566' title='bbox 2938 3480 3743 3553; x_wconf 85' lang='lat' dir='ltr'><strong>Hieronymoinfensissimus</strong></span> 
     </span>
    </p>
   </div>
   <div class='ocr_carea' id='block_1_82' title="bbox 2091 3561 3739 3632">
    <p class='ocr_par' dir='ltr' id='par_1_82' title="bbox 2091 3561 3739 3632">
     <span class='ocr_line' id='line_1_82' title="bbox 2091 3561 3739 3632; baseline 0.005 -16"><span class='ocrx_word' id='word_1_567' title='bbox 2091 3561 2336 3616; x_wconf 80' lang='lat' dir='ltr'><strong>Rufinus</strong></span> <span class='ocrx_word' id='word_1_568' title='bbox 2352 3567 2688 3618; x_wconf 87' lang='lat' dir='ltr'><strong>constanter</strong></span> <span class='ocrx_word' id='word_1_569' title='bbox 2715 3572 3212 3632; x_wconf 87' lang='lat' dir='ltr'><strong>asserverent,nec</strong></span> <span class='ocrx_word' id='word_1_570' title='bbox 3236 3567 3514 3624; x_wconf 89' lang='lat' dir='ltr'><strong>Eusebius</strong></span> <span class='ocrx_word' id='word_1_571' title='bbox 3537 3585 3739 3624; x_wconf 89' lang='lat' dir='ltr'><strong>eorum</strong></span> 
     </span>
    </p>
   </div>
   <div class='ocr_carea' id='block_1_83' title="bbox 2092 3649 3130 3722">
    <p class='ocr_par' dir='ltr' id='par_1_83' title="bbox 2092 3649 3130 3722">
     <span class='ocr_line' id='line_1_83' title="bbox 2092 3649 3130 3722; baseline 0.006 -17"><span class='ocrx_word' id='word_1_572' title='bbox 2092 3650 2393 3705; x_wconf 68' lang='lat' dir='ltr'><strong>sententiae</strong></span> <span class='ocrx_word' id='word_1_573' title='bbox 2428 3649 2546 3704; x_wconf 90' lang='lat' dir='ltr'><strong>ullo</strong></span> <span class='ocrx_word' id='word_1_574' title='bbox 2583 3651 2756 3705; x_wconf 87' lang='lat' dir='ltr'><strong>modo</strong></span> <span class='ocrx_word' id='word_1_575' title='bbox 2789 3652 3130 3722; x_wconf 83' lang='lat' dir='ltr'><strong>refragetur.</strong></span> 
     </span>
    </p>
   </div>
   <div class='ocr_carea' id='block_1_84' title="bbox 2165 3737 3747 3817">
    <p class='ocr_par' dir='ltr' id='par_1_84' title="bbox 2165 3737 3747 3817">
     <span class='ocr_line' id='line_1_84' title="bbox 2165 3737 3747 3817; baseline 0.006 -25"><span class='ocrx_word' id='word_1_576' title='bbox 2165 3737 2406 3794; x_wconf 89' lang='lat' dir='ltr'><strong>Constat</strong></span> <span class='ocrx_word' id='word_1_577' title='bbox 2456 3738 2638 3811; x_wconf 91' lang='lat' dir='ltr'><strong>igitur</strong></span> <span class='ocrx_word' id='word_1_578' title='bbox 2668 3738 2775 3795; x_wconf 90' lang='lat' dir='ltr'><strong>has</strong></span> <span class='ocrx_word' id='word_1_579' title='bbox 2807 3739 3080 3796; x_wconf 89' lang='lat' dir='ltr'><strong>bomilias</strong></span> <span class='ocrx_word' id='word_1_580' title='bbox 3123 3742 3443 3812; x_wconf 86' lang='lat' dir='ltr'><strong>genuinum</strong></span> <span class='ocrx_word' id='word_1_581' title='bbox 3477 3744 3747 3817; x_wconf 88' lang='lat' dir='ltr'><strong>Origenis</strong></span> 
     </span>
    </p>
   </div>
   <div class='ocr_carea' id='block_1_85' title="bbox 2091 3827 3745 3906">
    <p class='ocr_par' dir='ltr' id='par_1_85' title="bbox 2091 3827 3745 3906">
     <span class='ocr_line' id='line_1_85' title="bbox 2091 3827 3745 3906; baseline 0.004 -21"><span class='ocrx_word' id='word_1_582' title='bbox 2091 3844 2240 3900; x_wconf 90' lang='lat' dir='ltr'><strong>opus</strong></span> <span class='ocrx_word' id='word_1_583' title='bbox 2299 3843 2477 3896; x_wconf 89' lang='lat' dir='ltr'><strong>esse;</strong></span> <span class='ocrx_word' id='word_1_584' title='bbox 2540 3827 2898 3900; x_wconf 88' lang='lat' dir='ltr'><strong>proindeque</strong></span> <span class='ocrx_word' id='word_1_585' title='bbox 2957 3830 3239 3886; x_wconf 89' lang='lat' dir='ltr'><strong>invictum</strong></span> <span class='ocrx_word' id='word_1_586' title='bbox 3294 3837 3405 3888; x_wconf 89' lang='lat' dir='ltr'><strong>stat</strong></span> <span class='ocrx_word' id='word_1_587' title='bbox 3452 3834 3582 3904; x_wconf 88' lang='lat' dir='ltr'><strong>ejus</strong></span> <span class='ocrx_word' id='word_1_588' title='bbox 3641 3851 3745 3906; x_wconf 92' lang='lat' dir='ltr'><strong>pro</strong></span> 
     </span>
    </p>
   </div>
   <div class='ocr_carea' id='block_1_86' title="bbox 2093 3915 3745 3989">
    <p class='ocr_par' dir='ltr' id='par_1_86' title="bbox 2093 3915 3745 3989">
     <span class='ocr_line' id='line_1_86' title="bbox 2093 3915 3745 3989; baseline 0.005 -19"><span class='ocrx_word' id='word_1_589' title='bbox 2093 3915 2302 3988; x_wconf 84' lang='lat' dir='ltr'><strong>Ignatii</strong></span> <span class='ocrx_word' id='word_1_590' title='bbox 2333 3915 2598 3989; x_wconf 88' lang='lat' dir='ltr'><strong>epistolis</strong></span> <span class='ocrx_word' id='word_1_591' title='bbox 2623 3917 3357 3976; x_wconf 90' lang='lat' dir='ltr'><strong>testimonium.Ultimum</strong></span> <span class='ocrx_word' id='word_1_592' title='bbox 3383 3927 3581 3978; x_wconf 89' lang='lat' dir='ltr'><strong>tamen</strong></span> <span class='ocrx_word' id='word_1_593' title='bbox 3615 3925 3745 3980; x_wconf 89' lang='lat' dir='ltr'><strong>Dal-</strong></span> 
     </span>
    </p>
   </div>
   <div class='ocr_carea' id='block_1_87' title="bbox 2092 4005 3745 4080">
    <p class='ocr_par' dir='ltr' id='par_1_87' title="bbox 2092 4005 3745 4080">
     <span class='ocr_line' id='line_1_87' title="bbox 2092 4005 3745 4080; baseline 0.004 -19"><span class='ocrx_word' id='word_1_594' title='bbox 2092 4006 2233 4061; x_wconf 64' lang='lat' dir='ltr'><strong>laus</strong></span> <span class='ocrx_word' id='word_1_595' title='bbox 2263 4006 2466 4073; x_wconf 90' lang='lat' dir='ltr'><strong>telum,</strong></span> <span class='ocrx_word' id='word_1_596' title='bbox 2500 4006 2657 4076; x_wconf 82' lang='lat' dir='ltr'><strong>quod</strong></span> <span class='ocrx_word' id='word_1_597' title='bbox 2691 4005 2832 4061; x_wconf 90' lang='lat' dir='ltr'><strong>alibi</strong></span> <span class='ocrx_word' id='word_1_598' title='bbox 2863 4007 2920 4062; x_wconf 91' lang='lat' dir='ltr'><strong>in</strong></span> <span class='ocrx_word' id='word_1_599' title='bbox 2949 4008 3291 4079; x_wconf 89' lang='lat' dir='ltr'><strong>Eusebium,</strong></span> <span class='ocrx_word' id='word_1_600' title='bbox 3324 4009 3419 4064; x_wconf 91' lang='lat' dir='ltr'><strong>hic</strong></span> <span class='ocrx_word' id='word_1_601' title='bbox 3446 4010 3506 4066; x_wconf 90' lang='lat' dir='ltr'><strong>in</strong></span> <span class='ocrx_word' id='word_1_602' title='bbox 3537 4011 3745 4080; x_wconf 78' lang='lat' dir='ltr'><strong>Orige-</strong></span> 
     </span>
    </p>
   </div>
   <div class='ocr_carea' id='block_1_88' title="bbox 2093 4095 3742 4172">
    <p class='ocr_par' dir='ltr' id='par_1_88' title="bbox 2093 4095 3742 4172">
     <span class='ocr_line' id='line_1_88' title="bbox 2093 4095 3742 4172; baseline 0.003 -21"><span class='ocrx_word' id='word_1_603' title='bbox 2093 4097 2185 4152; x_wconf 86' lang='lat' dir='ltr'><strong>nis</strong></span> <span class='ocrx_word' id='word_1_604' title='bbox 2218 4095 2622 4150; x_wconf 88' lang='lat' dir='ltr'><strong>auctoritatem</strong></span> <span class='ocrx_word' id='word_1_605' title='bbox 2656 4095 2740 4150; x_wconf 90' lang='lat' dir='ltr'><strong>sic</strong></span> <span class='ocrx_word' id='word_1_606' title='bbox 2757 4101 3130 4168; x_wconf 86' lang='lat' dir='ltr'><strong>contorquet:</strong></span> <span class='ocrx_word' id='word_1_607' title='bbox 3159 4119 3188 4147; x_wconf 86' lang='lat'><strong><em>«</em></strong></span> <span class='ocrx_word' id='word_1_608' title='bbox 3212 4097 3427 4169; x_wconf 90' lang='lat' dir='ltr'><strong>Unum,</strong></span> <span class='ocrx_word' id='word_1_609' title='bbox 3462 4101 3653 4172; x_wconf 92' lang='lat' dir='ltr'><strong>inquit</strong></span> <span class='ocrx_word' id='word_1_610' title='bbox 3673 4101 3742 4172; x_wconf 60' lang='lat'><strong>92,</strong></span> 
     </span>
    </p>
   </div>
   <div class='ocr_carea' id='block_1_89' title="bbox 2094 4185 3746 4259">
    <p class='ocr_par' dir='ltr' id='par_1_89' title="bbox 2094 4185 3746 4259">
     <span class='ocr_line' id='line_1_89' title="bbox 2094 4185 3746 4259; baseline 0.004 -20"><span class='ocrx_word' id='word_1_611' title='bbox 2094 4185 2299 4240; x_wconf 81' lang='lat' dir='ltr'><strong>addam</strong></span> <span class='ocrx_word' id='word_1_612' title='bbox 2360 4187 2588 4252; x_wconf 88' lang='lat' dir='ltr'><strong>notatu,</strong></span> <span class='ocrx_word' id='word_1_613' title='bbox 2623 4188 2686 4239; x_wconf 90' lang='lat' dir='ltr'><strong>ut</strong></span> <span class='ocrx_word' id='word_1_614' title='bbox 2736 4185 2879 4240; x_wconf 84' lang='lat' dir='ltr'><strong>mihi</strong></span> <span class='ocrx_word' id='word_1_615' title='bbox 2913 4185 3150 4257; x_wconf 90' lang='lat' dir='ltr'><strong>quidem</strong></span> <span class='ocrx_word' id='word_1_616' title='bbox 3182 4187 3434 4255; x_wconf 90' lang='lat' dir='ltr'><strong>videtur,</strong></span> <span class='ocrx_word' id='word_1_617' title='bbox 3470 4190 3746 4259; x_wconf 88' lang='lat' dir='ltr'><strong>dignissi-</strong></span> 
     </span>
    </p>
   </div>
   <div class='ocr_carea' id='block_1_90' title="bbox 2096 4272 3746 4341">
    <p class='ocr_par' dir='ltr' id='par_1_90' title="bbox 2096 4272 3746 4341">
     <span class='ocr_line' id='line_1_90' title="bbox 2096 4272 3746 4341; baseline 0.004 -13"><span class='ocrx_word' id='word_1_618' title='bbox 2096 4290 2281 4341; x_wconf 89' lang='lat' dir='ltr'><strong>mum,</strong></span> <span class='ocrx_word' id='word_1_619' title='bbox 2343 4272 2658 4328; x_wconf 88' lang='lat' dir='ltr'><strong>Eusebium</strong></span> <span class='ocrx_word' id='word_1_620' title='bbox 2693 4274 2953 4330; x_wconf 86' lang='lat' dir='ltr'><strong>videlicet</strong></span> <span class='ocrx_word' id='word_1_621' title='bbox 2997 4292 3110 4331; x_wconf 91' lang='lat' dir='ltr'><strong>non</strong></span> <span class='ocrx_word' id='word_1_622' title='bbox 3169 4279 3529 4334; x_wconf 90' lang='lat' dir='ltr'><strong>omissurum</strong></span> <span class='ocrx_word' id='word_1_623' title='bbox 3563 4279 3746 4334; x_wconf 84' lang='lat' dir='ltr'><strong>fuisse</strong></span> 
     </span>
    </p>
   </div>
   <div class='ocr_carea' id='block_1_91' title="bbox 2093 4363 3745 4436">
    <p class='ocr_par' dir='ltr' id='par_1_91' title="bbox 2093 4363 3745 4436">
     <span class='ocr_line' id='line_1_91' title="bbox 2093 4363 3745 4436; baseline 0.002 -18"><span class='ocrx_word' id='word_1_624' title='bbox 2093 4363 2360 4436; x_wconf 88' lang='lat' dir='ltr'><strong>Origenis</strong></span> <span class='ocrx_word' id='word_1_625' title='bbox 2391 4379 2494 4434; x_wconf 93' lang='lat' dir='ltr'><strong>pro</strong></span> <span class='ocrx_word' id='word_1_626' title='bbox 2529 4363 2851 4433; x_wconf 87' lang='lat' dir='ltr'><strong>Ignatianis</strong></span> <span class='ocrx_word' id='word_1_627' title='bbox 2874 4364 3301 4435; x_wconf 87' lang='lat' dir='ltr'><strong>testimonium,</strong></span> <span class='ocrx_word' id='word_1_628' title='bbox 3333 4367 3382 4422; x_wconf 90' lang='lat' dir='ltr'><strong>si</strong></span> <span class='ocrx_word' id='word_1_629' title='bbox 3413 4383 3612 4423; x_wconf 88' lang='lat' dir='ltr'><strong>eorum</strong></span> <span class='ocrx_word' id='word_1_630' title='bbox 3641 4367 3745 4423; x_wconf 87' lang='lat' dir='ltr'><strong>ali-</strong></span> 
     </span>
    </p>
   </div>
   <div class='ocr_carea' id='block_1_92' title="bbox 2093 4454 3746 4531">
    <p class='ocr_par' dir='ltr' id='par_1_92' title="bbox 2093 4454 3746 4531">
     <span class='ocr_line' id='line_1_92' title="bbox 2093 4454 3746 4531; baseline 0.004 -21"><span class='ocrx_word' id='word_1_631' title='bbox 2093 4455 2229 4511; x_wconf 89' lang='lat' dir='ltr'><strong>cubi</strong></span> <span class='ocrx_word' id='word_1_632' title='bbox 2265 4455 2619 4510; x_wconf 86' lang='lat' dir='ltr'><strong>mentionem</strong></span> <span class='ocrx_word' id='word_1_633' title='bbox 2648 4454 2897 4510; x_wconf 83' lang='lat' dir='ltr'><strong>fecisset.</strong></span> <span class='ocrx_word' id='word_1_634' title='bbox 2925 4478 2952 4505; x_wconf 82' lang='lat'>»</span> <span class='ocrx_word' id='word_1_635' title='bbox 2976 4457 3086 4513; x_wconf 86' lang='lat' dir='ltr'><strong>Sed</strong></span> <span class='ocrx_word' id='word_1_636' title='bbox 3123 4457 3268 4513; x_wconf 90' lang='lat' dir='ltr'><strong>nihil</strong></span> <span class='ocrx_word' id='word_1_637' title='bbox 3301 4457 3424 4525; x_wconf 92' lang='lat' dir='ltr'><strong>illo,</strong></span> <span class='ocrx_word' id='word_1_638' title='bbox 3453 4461 3609 4531; x_wconf 87' lang='lat' dir='ltr'><strong>quod</strong></span> <span class='ocrx_word' id='word_1_639' title='bbox 3646 4476 3746 4530; x_wconf 85' lang='lat' dir='ltr'><strong>pu-</strong></span> 
     </span>
    </p>
   </div>
   <div class='ocr_carea' id='block_1_93' title="bbox 337 4520 1982 4620">
    <p class='ocr_par' dir='ltr' id='par_1_93' title="bbox 337 4520 1982 4595">
     <span class='ocr_line' id='line_1_93' title="bbox 337 4520 1982 4595; baseline 0.004 -19"><span class='ocrx_word' id='word_1_640' title='bbox 337 4537 450 4595; x_wconf 88' lang='lat' dir='ltr'><strong>que</strong></span> <span class='ocrx_word' id='word_1_641' title='bbox 481 4521 538 4574; x_wconf 91' lang='lat' dir='ltr'><strong>in</strong></span> <span class='ocrx_word' id='word_1_642' title='bbox 573 4520 749 4576; x_wconf 88' lang='lat' dir='ltr'><strong>variis</strong></span> <span class='ocrx_word' id='word_1_643' title='bbox 785 4536 988 4575; x_wconf 90' lang='lat' dir='ltr'><strong>eorum</strong></span> <span class='ocrx_word' id='word_1_644' title='bbox 1024 4521 1323 4591; x_wconf 91' lang='lat' dir='ltr'><strong>operibus,</strong></span> <span class='ocrx_word' id='word_1_645' title='bbox 1357 4537 1486 4592; x_wconf 69' lang='lat' dir='ltr'><strong>quae</strong></span> <span class='ocrx_word' id='word_1_646' title='bbox 1517 4522 1763 4580; x_wconf 89' lang='lat' dir='ltr'><strong>diversis</strong></span> <span class='ocrx_word' id='word_1_647' title='bbox 1793 4525 1864 4581; x_wconf 90' lang='lat' dir='ltr'><strong>de</strong></span> <span class='ocrx_word' id='word_1_648' title='bbox 1894 4543 1982 4581; x_wconf 88' lang='lat' dir='ltr'><strong>ar-</strong></span> 
     </span>
    </p>
   </div>
   <div class='ocr_carea' id='block_1_94' title="bbox 2093 4520 3748 4620">
    <p class='ocr_par' dir='ltr' id='par_1_94' title="bbox 2095 4520 3748 4620">
     <span class='ocr_line' id='line_1_94' title="bbox 2095 4520 3748 4620; baseline 0.004 -22"><span class='ocrx_word' id='word_1_649' title='bbox 2095 4548 2180 4599; x_wconf 89' lang='lat' dir='ltr'><strong>tat</strong></span> <span class='ocrx_word' id='word_1_650' title='bbox 2214 4547 2414 4599; x_wconf 89' lang='lat' dir='ltr'><strong>notatu</strong></span> <span class='ocrx_word' id='word_1_651' title='bbox 2473 4541 2915 4614; x_wconf 87' lang='lat' dir='ltr'><strong>dignissimum,</strong></span> <span class='ocrx_word' id='word_1_652' title='bbox 2947 4554 3294 4616; x_wconf 88' lang='lat' dir='ltr'><strong>argumento</strong></span> <span class='ocrx_word' id='word_1_653' title='bbox 3325 4520 3512 4605; x_wconf 68' lang='lat' dir='ltr'><strong>levius</strong></span> <span class='ocrx_word' id='word_1_654' title='bbox 3571 4520 3748 4620; x_wconf 78' lang='lat' dir='ltr'><strong>atque</strong></span> 
     </span>
    </p>
   </div>
   <div class='ocr_carea' id='block_1_95' title="bbox 334 4608 1984 4686">
    <p class='ocr_par' dir='ltr' id='par_1_95' title="bbox 334 4608 1984 4686">
     <span class='ocr_line' id='line_1_95' title="bbox 334 4608 1984 4686; baseline 0.004 -22"><span class='ocrx_word' id='word_1_655' title='bbox 334 4608 629 4684; x_wconf 91' lang='lat' dir='ltr'><strong>gumentis</strong></span> <span class='ocrx_word' id='word_1_656' title='bbox 677 4615 736 4663; x_wconf 91' lang='lat' dir='ltr'><strong>et</strong></span> <span class='ocrx_word' id='word_1_657' title='bbox 775 4609 1022 4663; x_wconf 87' lang='lat' dir='ltr'><strong>diversis</strong></span> <span class='ocrx_word' id='word_1_658' title='bbox 1073 4609 1438 4680; x_wconf 88' lang='lat' dir='ltr'><strong>temporibus</strong></span> <span class='ocrx_word' id='word_1_659' title='bbox 1477 4613 1798 4682; x_wconf 88' lang='lat' dir='ltr'><strong>composita</strong></span> <span class='ocrx_word' id='word_1_660' title='bbox 1827 4619 1984 4686; x_wconf 90' lang='lat' dir='ltr'><strong>sunt,</strong></span> 
     </span>
    </p>
   </div>
   <div class='ocr_carea' id='block_1_96' title="bbox 331 4696 1980 4772">
    <p class='ocr_par' dir='ltr' id='par_1_96' title="bbox 331 4696 1980 4772">
     <span class='ocr_line' id='line_1_96' title="bbox 331 4696 1980 4772; baseline 0.003 -17"><span class='ocrx_word' id='word_1_661' title='bbox 331 4701 414 4756; x_wconf 89' lang='lat' dir='ltr'><strong>ita</strong></span> <span class='ocrx_word' id='word_1_662' title='bbox 445 4699 556 4755; x_wconf 91' lang='lat' dir='ltr'><strong>sibi</strong></span> <span class='ocrx_word' id='word_1_663' title='bbox 588 4698 984 4764; x_wconf 64' lang='lat' dir='ltr'><strong>cohaerent,ut</strong></span> <span class='ocrx_word' id='word_1_664' title='bbox 1015 4696 1178 4752; x_wconf 90' lang='lat' dir='ltr'><strong>nulla</strong></span> <span class='ocrx_word' id='word_1_665' title='bbox 1209 4714 1408 4754; x_wconf 87' lang='lat' dir='ltr'><strong>secum</strong></span> <span class='ocrx_word' id='word_1_666' title='bbox 1440 4702 1763 4772; x_wconf 83' lang='lat' dir='ltr'><strong>pugnantia</strong></span> <span class='ocrx_word' id='word_1_667' title='bbox 1783 4709 1841 4759; x_wconf 90' lang='lat' dir='ltr'><strong>et</strong></span> <span class='ocrx_word' id='word_1_668' title='bbox 1867 4704 1980 4760; x_wconf 88' lang='lat' dir='ltr'><strong>sibi</strong></span> 
     </span>
    </p>
   </div>
   <div class='ocr_carea' id='block_1_97' title="bbox 331 4784 1982 4863">
    <p class='ocr_par' dir='ltr' id='par_1_97' title="bbox 331 4784 1982 4863">
     <span class='ocr_line' id='line_1_97' title="bbox 331 4784 1982 4863; baseline 0.004 -21"><span class='ocrx_word' id='word_1_669' title='bbox 331 4789 581 4844; x_wconf 86' lang='lat' dir='ltr'><strong>invicem</strong></span> <span class='ocrx_word' id='word_1_670' title='bbox 613 4785 900 4842; x_wconf 87' lang='lat' dir='ltr'><strong>contraria</strong></span> <span class='ocrx_word' id='word_1_671' title='bbox 932 4784 1325 4857; x_wconf 84' lang='lat' dir='ltr'><strong>scripserint?</strong></span> <span class='ocrx_word' id='word_1_672' title='bbox 1356 4787 1636 4861; x_wconf 90' lang='lat' dir='ltr'><strong>Nunquid</strong></span> <span class='ocrx_word' id='word_1_673' title='bbox 1666 4790 1982 4863; x_wconf 89' lang='lat' dir='ltr'><strong>aliquando</strong></span> 
     </span>
    </p>
   </div>
   <div class='ocr_carea' id='block_1_98' title="bbox 334 4875 1981 4950">
    <p class='ocr_par' dir='ltr' id='par_1_98' title="bbox 334 4875 1981 4950">
     <span class='ocr_line' id='line_1_98' title="bbox 334 4875 1981 4950; baseline 0.002 -15"><span class='ocrx_word' id='word_1_674' title='bbox 334 4880 593 4935; x_wconf 82' lang='lat' dir='ltr'><strong>seniores</strong></span> <span class='ocrx_word' id='word_1_675' title='bbox 625 4875 759 4933; x_wconf 86' lang='lat' dir='ltr'><strong>facti</strong></span> <span class='ocrx_word' id='word_1_676' title='bbox 807 4892 872 4930; x_wconf 88' lang='lat' dir='ltr'><strong>ac</strong></span> <span class='ocrx_word' id='word_1_677' title='bbox 929 4875 1239 4947; x_wconf 89' lang='lat' dir='ltr'><strong>doctiores,</strong></span> <span class='ocrx_word' id='word_1_678' title='bbox 1271 4892 1338 4932; x_wconf 90' lang='lat' dir='ltr'><strong>ea</strong></span> <span class='ocrx_word' id='word_1_679' title='bbox 1389 4894 1503 4933; x_wconf 90' lang='lat' dir='ltr'><strong>non</strong></span> <span class='ocrx_word' id='word_1_680' title='bbox 1568 4881 1981 4950; x_wconf 89' lang='lat' dir='ltr'><strong>amendarunt,</strong></span> 
     </span>
    </p>
   </div>
   <div class='ocr_carea' id='block_1_99' title="bbox 331 4975 1982 5050">
    <p class='ocr_par' dir='ltr' id='par_1_99' title="bbox 331 4975 1982 5050">
     <span class='ocr_line' id='line_1_99' title="bbox 331 4975 1982 5050; baseline -0.004 -17"><span class='ocrx_word' id='word_1_681' title='bbox 331 4995 459 5050; x_wconf 70' lang='lat' dir='ltr'><strong>quis</strong></span> <span class='ocrx_word' id='word_1_682' title='bbox 485 4977 751 5048; x_wconf 88' lang='lat' dir='ltr'><strong>juniores</strong></span> <span class='ocrx_word' id='word_1_683' title='bbox 807 4980 982 5047; x_wconf 87' lang='lat' dir='ltr'><strong>atque</strong></span> <span class='ocrx_word' id='word_1_684' title='bbox 1012 4975 1402 5046; x_wconf 88' lang='lat' dir='ltr'><strong>imperitiores</strong></span> <span class='ocrx_word' id='word_1_685' title='bbox 1431 4982 1653 5034; x_wconf 86' lang='lat' dir='ltr'><strong>certum</strong></span> <span class='ocrx_word' id='word_1_686' title='bbox 1697 4997 1827 5037; x_wconf 88' lang='lat' dir='ltr'><strong>esse</strong></span> <span class='ocrx_word' id='word_1_687' title='bbox 1857 4999 1982 5038; x_wconf 87' lang='lat' dir='ltr'><strong>cre.</strong></span> 
     </span>
    </p>
   </div>
   <div class='ocr_carea' id='block_1_100' title="bbox 328 5064 1984 5141">
    <p class='ocr_par' dir='ltr' id='par_1_100' title="bbox 328 5064 1984 5141">
     <span class='ocr_line' id='line_1_100' title="bbox 328 5064 1984 5141; baseline 0.002 -16"><span class='ocrx_word' id='word_1_688' title='bbox 328 5065 574 5125; x_wconf 86' lang='lat' dir='ltr'><strong>didere?</strong></span> <span class='ocrx_word' id='word_1_689' title='bbox 605 5065 765 5122; x_wconf 91' lang='lat' dir='ltr'><strong>Nihil</strong></span> <span class='ocrx_word' id='word_1_690' title='bbox 799 5081 934 5137; x_wconf 88' lang='lat' dir='ltr'><strong>ergo</strong></span> <span class='ocrx_word' id='word_1_691' title='bbox 970 5064 1208 5130; x_wconf 89' lang='lat' dir='ltr'><strong>mirum,</strong></span> <span class='ocrx_word' id='word_1_692' title='bbox 1241 5064 1289 5120; x_wconf 92' lang='lat' dir='ltr'><strong>si</strong></span> <span class='ocrx_word' id='word_1_693' title='bbox 1317 5066 1620 5136; x_wconf 86' lang='lat' dir='ltr'><strong>Origenes,</strong></span> <span class='ocrx_word' id='word_1_694' title='bbox 1654 5070 1754 5140; x_wconf 92' lang='lat' dir='ltr'><strong>qui</strong></span> <span class='ocrx_word' id='word_1_695' title='bbox 1779 5072 1984 5141; x_wconf 91' lang='lat' dir='ltr'><strong>junior</strong></span> 
     </span>
    </p>
   </div>
   <div class='ocr_carea' id='block_1_101' title="bbox 326 5155 1978 5234">
    <p class='ocr_par' dir='ltr' id='par_1_101' title="bbox 326 5155 1978 5234">
     <span class='ocr_line' id='line_1_101' title="bbox 326 5155 1978 5234; baseline 0.001 -18"><span class='ocrx_word' id='word_1_696' title='bbox 326 5161 433 5216; x_wconf 88' lang='lat' dir='ltr'><strong>has</strong></span> <span class='ocrx_word' id='word_1_697' title='bbox 462 5159 734 5216; x_wconf 88' lang='lat' dir='ltr'><strong>bomilias</strong></span> <span class='ocrx_word' id='word_1_698' title='bbox 767 5156 825 5212; x_wconf 91' lang='lat' dir='ltr'><strong>in</strong></span> <span class='ocrx_word' id='word_1_699' title='bbox 860 5155 1160 5226; x_wconf 88' lang='lat' dir='ltr'><strong>publicum</strong></span> <span class='ocrx_word' id='word_1_700' title='bbox 1211 5156 1508 5225; x_wconf 87' lang='lat' dir='ltr'><strong>emiserat,</strong></span> <span class='ocrx_word' id='word_1_701' title='bbox 1540 5159 1596 5213; x_wconf 92' lang='lat' dir='ltr'><strong>in</strong></span> <span class='ocrx_word' id='word_1_702' title='bbox 1638 5159 1710 5215; x_wconf 90' lang='lat' dir='ltr'><strong>iis</strong></span> <span class='ocrx_word' id='word_1_703' title='bbox 1759 5162 1978 5234; x_wconf 88' lang='lat' dir='ltr'><strong>aliquid</strong></span> 
     </span>
    </p>
   </div>
   <div class='ocr_carea' id='block_1_102' title="bbox 325 5244 1977 5322">
    <p class='ocr_par' dir='ltr' id='par_1_102' title="bbox 325 5244 1977 5322">
     <span class='ocr_line' id='line_1_102' title="bbox 325 5244 1977 5322; baseline -0.007 -16"><span class='ocrx_word' id='word_1_704' title='bbox 325 5251 396 5306; x_wconf 89' lang='lat' dir='ltr'><strong>de</strong></span> <span class='ocrx_word' id='word_1_705' title='bbox 425 5246 762 5306; x_wconf 65' lang='lat' dir='ltr'><strong>Sadduceis</strong></span> <span class='ocrx_word' id='word_1_706' title='bbox 804 5244 1032 5311; x_wconf 82' lang='lat' dir='ltr'><strong>dixerit,</strong></span> <span class='ocrx_word' id='word_1_707' title='bbox 1068 5246 1222 5317; x_wconf 89' lang='lat' dir='ltr'><strong>quod</strong></span> <span class='ocrx_word' id='word_1_708' title='bbox 1283 5251 1480 5316; x_wconf 88' lang='lat' dir='ltr'><strong>postea</strong></span> <span class='ocrx_word' id='word_1_709' title='bbox 1511 5248 1702 5304; x_wconf 88' lang='lat' dir='ltr'><strong>senior</strong></span> <span class='ocrx_word' id='word_1_710' title='bbox 1733 5254 1791 5306; x_wconf 85' lang='lat' dir='ltr'><strong>et</strong></span> <span class='ocrx_word' id='word_1_711' title='bbox 1824 5252 1977 5322; x_wconf 70' lang='lat' dir='ltr'><strong>peri-</strong></span> 
     </span>
    </p>
   </div>
   <div class='ocr_carea' id='block_1_103' title="bbox 323 5335 1978 5406">
    <p class='ocr_par' dir='ltr' id='par_1_103' title="bbox 323 5335 1978 5406">
     <span class='ocr_line' id='line_1_103' title="bbox 323 5335 1978 5406; baseline 0.002 -11"><span class='ocrx_word' id='word_1_712' title='bbox 323 5341 438 5395; x_wconf 93' lang='lat' dir='ltr'><strong>tior</strong></span> <span class='ocrx_word' id='word_1_713' title='bbox 485 5341 693 5406; x_wconf 88' lang='lat' dir='ltr'><strong>factus,</strong></span> <span class='ocrx_word' id='word_1_714' title='bbox 731 5342 1055 5395; x_wconf 89' lang='lat' dir='ltr'><strong>correctum</strong></span> <span class='ocrx_word' id='word_1_715' title='bbox 1119 5353 1247 5392; x_wconf 81' lang='lat' dir='ltr'><strong>esse</strong></span> <span class='ocrx_word' id='word_1_716' title='bbox 1280 5335 1526 5393; x_wconf 89' lang='lat' dir='ltr'><strong>voluerit</strong></span> <span class='ocrx_word' id='word_1_717' title='bbox 1585 5345 1643 5394; x_wconf 92' lang='lat' dir='ltr'><strong>et</strong></span> <span class='ocrx_word' id='word_1_718' title='bbox 1694 5343 1978 5398; x_wconf 86' lang='lat' dir='ltr'><strong>emenda-</strong></span> 
     </span>
    </p>
   </div>
   <div class='ocr_carea' id='block_1_104' title="bbox 322 5432 472 5482">
    <p class='ocr_par' dir='ltr' id='par_1_104' title="bbox 322 5432 472 5482">
     <span class='ocr_line' id='line_1_104' title="bbox 322 5432 472 5482; baseline 0 0"><span class='ocrx_word' id='word_1_719' title='bbox 322 5432 472 5482; x_wconf 88' lang='lat' dir='ltr'><strong>tum.</strong></span> 
     </span>
    </p>
   </div>
   <div class='ocr_carea' id='block_1_105' title="bbox 2098 4631 3750 4708">
    <p class='ocr_par' dir='ltr' id='par_1_105' title="bbox 2098 4631 3750 4708">
     <span class='ocr_line' id='line_1_105' title="bbox 2098 4631 3750 4708; baseline 0.002 -19"><span class='ocrx_word' id='word_1_720' title='bbox 2098 4632 2415 4689; x_wconf 82' lang='lat' dir='ltr'><strong>inﬁrmius.</strong></span> <span class='ocrx_word' id='word_1_721' title='bbox 2436 4631 2714 4704; x_wconf 89' lang='lat' dir='ltr'><strong>Nunquid</strong></span> <span class='ocrx_word' id='word_1_722' title='bbox 2748 4632 2903 4688; x_wconf 89' lang='lat' dir='ltr'><strong>enim</strong></span> <span class='ocrx_word' id='word_1_723' title='bbox 2933 4633 3223 4690; x_wconf 87' lang='lat' dir='ltr'><strong>Eusebius</strong></span> <span class='ocrx_word' id='word_1_724' title='bbox 3255 4636 3457 4691; x_wconf 88' lang='lat' dir='ltr'><strong>omnia</strong></span> <span class='ocrx_word' id='word_1_725' title='bbox 3481 4637 3750 4708; x_wconf 87' lang='lat' dir='ltr'><strong>Origenis</strong></span> 
     </span>
    </p>
   </div>
   <div class='ocr_carea' id='block_1_106' title="bbox 2091 4721 3748 4796">
    <p class='ocr_par' dir='ltr' id='par_1_106' title="bbox 2091 4721 3748 4796">
     <span class='ocr_line' id='line_1_106' title="bbox 2091 4721 3748 4796; baseline 0.002 -17"><span class='ocrx_word' id='word_1_726' title='bbox 2091 4729 2148 4780; x_wconf 89' lang='lat' dir='ltr'><strong>et</strong></span> <span class='ocrx_word' id='word_1_727' title='bbox 2176 4721 2628 4792; x_wconf 88' lang='lat' dir='ltr'><strong>apostolicorum</strong></span> <span class='ocrx_word' id='word_1_728' title='bbox 2657 4721 2938 4788; x_wconf 90' lang='lat' dir='ltr'><strong>virorum,</strong></span> <span class='ocrx_word' id='word_1_729' title='bbox 2992 4723 3365 4796; x_wconf 88' lang='lat' dir='ltr'><strong>aliorumque</strong></span> <span class='ocrx_word' id='word_1_730' title='bbox 3405 4730 3640 4780; x_wconf 86' lang='lat' dir='ltr'><strong>Patrum</strong></span> <span class='ocrx_word' id='word_1_731' title='bbox 3677 4729 3748 4782; x_wconf 89' lang='lat' dir='ltr'><strong>de</strong></span> 
     </span>
    </p>
   </div>
   <div class='ocr_carea' id='block_1_107' title="bbox 2093 4809 3747 4885">
    <p class='ocr_par' dir='ltr' id='par_1_107' title="bbox 2093 4809 3747 4885">
     <span class='ocr_line' id='line_1_107' title="bbox 2093 4809 3747 4885; baseline 0.002 -18"><span class='ocrx_word' id='word_1_732' title='bbox 2093 4811 2300 4885; x_wconf 87' lang='lat' dir='ltr'><strong>Ignatii</strong></span> <span class='ocrx_word' id='word_1_733' title='bbox 2325 4809 2590 4879; x_wconf 89' lang='lat' dir='ltr'><strong>epistolis</strong></span> <span class='ocrx_word' id='word_1_734' title='bbox 2623 4810 2956 4866; x_wconf 89' lang='lat' dir='ltr'><strong>testimonia</strong></span> <span class='ocrx_word' id='word_1_735' title='bbox 2980 4812 3040 4867; x_wconf 92' lang='lat' dir='ltr'><strong>in</strong></span> <span class='ocrx_word' id='word_1_736' title='bbox 3075 4813 3386 4870; x_wconf 86' lang='lat' dir='ltr'><strong>Historiam</strong></span> <span class='ocrx_word' id='word_1_737' title='bbox 3419 4831 3587 4870; x_wconf 89' lang='lat' dir='ltr'><strong>suam</strong></span> <span class='ocrx_word' id='word_1_738' title='bbox 3613 4831 3747 4870; x_wconf 91' lang='lat' dir='ltr'><strong>con-</strong></span> 
     </span>
    </p>
   </div>
   <div class='ocr_carea' id='block_1_108' title="bbox 2090 4897 3744 4973">
    <p class='ocr_par' dir='ltr' id='par_1_108' title="bbox 2090 4897 3744 4973">
     <span class='ocr_line' id='line_1_108' title="bbox 2090 4897 3744 4973; baseline 0.002 -19"><span class='ocrx_word' id='word_1_739' title='bbox 2090 4897 2310 4972; x_wconf 83' lang='lat' dir='ltr'><strong>gessit?</strong></span> <span class='ocrx_word' id='word_1_740' title='bbox 2331 4897 2542 4952; x_wconf 87' lang='lat' dir='ltr'><strong>Nullus</strong></span> <span class='ocrx_word' id='word_1_741' title='bbox 2566 4897 2826 4968; x_wconf 91' lang='lat' dir='ltr'><strong>profecto</strong></span> <span class='ocrx_word' id='word_1_742' title='bbox 2848 4898 2956 4954; x_wconf 90' lang='lat' dir='ltr'><strong>ibit</strong></span> <span class='ocrx_word' id='word_1_743' title='bbox 2987 4898 3212 4956; x_wconf 84' lang='lat' dir='ltr'><strong>inficias</strong></span> <span class='ocrx_word' id='word_1_744' title='bbox 3239 4901 3408 4973; x_wconf 87' lang='lat' dir='ltr'><strong>plura</strong></span> <span class='ocrx_word' id='word_1_745' title='bbox 3431 4902 3582 4957; x_wconf 87' lang='lat' dir='ltr'><strong>abeo</strong></span> <span class='ocrx_word' id='word_1_746' title='bbox 3609 4919 3744 4973; x_wconf 66' lang='lat' dir='ltr'><strong>pre-</strong></span> 
     </span>
    </p>
   </div>
   <div class='ocr_carea' id='block_1_109' title="bbox 2088 4985 3747 5061">
    <p class='ocr_par' dir='ltr' id='par_1_109' title="bbox 2088 4985 3747 5061">
     <span class='ocr_line' id='line_1_109' title="bbox 2088 4985 3747 5061; baseline 0.002 -18"><span class='ocrx_word' id='word_1_747' title='bbox 2088 4987 2363 5043; x_wconf 88' lang='lat' dir='ltr'><strong>termissa</strong></span> <span class='ocrx_word' id='word_1_748' title='bbox 2397 5005 2411 5052; x_wconf 84' lang='lat'><strong>;</strong></span> <span class='ocrx_word' id='word_1_749' title='bbox 2447 5001 2550 5040; x_wconf 91' lang='lat' dir='ltr'><strong>nec</strong></span> <span class='ocrx_word' id='word_1_750' title='bbox 2582 4985 2800 5042; x_wconf 76' lang='lat' dir='ltr'><strong>idcirco</strong></span> <span class='ocrx_word' id='word_1_751' title='bbox 2835 4993 3030 5043; x_wconf 89' lang='lat' dir='ltr'><strong>tamen</strong></span> <span class='ocrx_word' id='word_1_752' title='bbox 3062 4989 3262 5044; x_wconf 87' lang='lat' dir='ltr'><strong>eadem</strong></span> <span class='ocrx_word' id='word_1_753' title='bbox 3299 4989 3530 5045; x_wconf 86' lang='lat' dir='ltr'><strong>Patrum</strong></span> <span class='ocrx_word' id='word_1_754' title='bbox 3572 5007 3747 5061; x_wconf 85' lang='lat' dir='ltr'><strong>opera</strong></span> 
     </span>
    </p>
   </div>
   <div class='ocr_carea' id='block_1_110' title="bbox 2090 5073 3749 5148">
    <p class='ocr_par' dir='ltr' id='par_1_110' title="bbox 2090 5073 3749 5148">
     <span class='ocr_line' id='line_1_110' title="bbox 2090 5073 3749 5148; baseline 0.001 -18"><span class='ocrx_word' id='word_1_755' title='bbox 2090 5076 2184 5140; x_wconf 90' lang='lat' dir='ltr'><strong>iis,</strong></span> <span class='ocrx_word' id='word_1_756' title='bbox 2219 5092 2252 5130; x_wconf 89' lang='lat' dir='ltr'><strong>a</strong></span> <span class='ocrx_word' id='word_1_757' title='bbox 2284 5073 2498 5146; x_wconf 88' lang='lat' dir='ltr'><strong>quibus</strong></span> <span class='ocrx_word' id='word_1_758' title='bbox 2525 5073 2742 5145; x_wconf 74' lang='lat' dir='ltr'><strong>scripta</strong></span> <span class='ocrx_word' id='word_1_759' title='bbox 2773 5085 2933 5137; x_wconf 88' lang='lat' dir='ltr'><strong>sunt.</strong></span> <span class='ocrx_word' id='word_1_760' title='bbox 2967 5078 3227 5132; x_wconf 85' lang='lat' dir='ltr'><strong>censebit</strong></span> <span class='ocrx_word' id='word_1_761' title='bbox 3257 5092 3386 5134; x_wconf 89' lang='lat' dir='ltr'><strong>esse</strong></span> <span class='ocrx_word' id='word_1_762' title='bbox 3409 5077 3749 5148; x_wconf 84' lang='lat' dir='ltr'><strong>abjudican-</strong></span> 
     </span>
    </p>
   </div>
   <div class='ocr_carea' id='block_1_111' title="bbox 2089 5166 3745 5240">
    <p class='ocr_par' dir='ltr' id='par_1_111' title="bbox 2089 5166 3745 5240">
     <span class='ocr_line' id='line_1_111' title="bbox 2089 5166 3745 5240; baseline 0.002 -19"><span class='ocrx_word' id='word_1_763' title='bbox 2089 5168 2180 5222; x_wconf 83' lang='lat' dir='ltr'><strong>da.</strong></span> <span class='ocrx_word' id='word_1_764' title='bbox 2218 5166 2477 5237; x_wconf 91' lang='lat' dir='ltr'><strong>Denique</strong></span> <span class='ocrx_word' id='word_1_765' title='bbox 2510 5166 2798 5221; x_wconf 72' lang='lat' dir='ltr'><strong>Eusebius</strong></span> <span class='ocrx_word' id='word_1_766' title='bbox 2823 5183 2926 5237; x_wconf 92' lang='lat' dir='ltr'><strong>pro</strong></span> <span class='ocrx_word' id='word_1_767' title='bbox 2955 5169 3164 5239; x_wconf 90' lang='lat' dir='ltr'><strong>Ignatii</strong></span> <span class='ocrx_word' id='word_1_768' title='bbox 3195 5169 3460 5240; x_wconf 87' lang='lat' dir='ltr'><strong>epistolis</strong></span> <span class='ocrx_word' id='word_1_769' title='bbox 3490 5172 3745 5226; x_wconf 85' lang='lat' dir='ltr'><strong>auctori-</strong></span> 
     </span>
    </p>
   </div>
   <div class='ocr_carea' id='block_1_112' title="bbox 2089 5255 3745 5326">
    <p class='ocr_par' dir='ltr' id='par_1_112' title="bbox 2089 5255 3745 5326">
     <span class='ocr_line' id='line_1_112' title="bbox 2089 5255 3745 5326; baseline 0.002 -16"><span class='ocrx_word' id='word_1_770' title='bbox 2089 5260 2268 5312; x_wconf 88' lang='lat' dir='ltr'><strong>tatem</strong></span> <span class='ocrx_word' id='word_1_771' title='bbox 2310 5255 2606 5326; x_wconf 83' lang='lat' dir='ltr'><strong>Polycarpi</strong></span> <span class='ocrx_word' id='word_1_772' title='bbox 2639 5259 2697 5308; x_wconf 88' lang='lat' dir='ltr'><strong>et</strong></span> <span class='ocrx_word' id='word_1_773' title='bbox 2754 5255 2977 5323; x_wconf 72' lang='lat' dir='ltr'><strong>lrenzsi,</strong></span> <span class='ocrx_word' id='word_1_774' title='bbox 3009 5258 3221 5313; x_wconf 88' lang='lat' dir='ltr'><strong>citasse</strong></span> <span class='ocrx_word' id='word_1_775' title='bbox 3261 5262 3597 5322; x_wconf 89' lang='lat' dir='ltr'><strong>contentus,</strong></span> <span class='ocrx_word' id='word_1_776' title='bbox 3630 5274 3745 5314; x_wconf 91' lang='lat' dir='ltr'><strong>non</strong></span> 
     </span>
    </p>
   </div>
   <div class='ocr_carea' id='block_1_113' title="bbox 2089 5343 3752 5418">
    <p class='ocr_par' dir='ltr' id='par_1_113' title="bbox 2089 5343 3752 5418">
     <span class='ocr_line' id='line_1_113' title="bbox 2089 5343 3752 5418; baseline 0.002 -18"><span class='ocrx_word' id='word_1_777' title='bbox 2089 5346 2258 5418; x_wconf 89' lang='lat' dir='ltr'><strong>plura</strong></span> <span class='ocrx_word' id='word_1_778' title='bbox 2284 5343 2671 5418; x_wconf 86' lang='lat' dir='ltr'><strong>posteriorum</strong></span> <span class='ocrx_word' id='word_1_779' title='bbox 2699 5345 2938 5400; x_wconf 91' lang='lat' dir='ltr'><strong>Patrum</strong></span> <span class='ocrx_word' id='word_1_780' title='bbox 2971 5346 3300 5402; x_wconf 88' lang='lat' dir='ltr'><strong>testimonia</strong></span> <span class='ocrx_word' id='word_1_781' title='bbox 3319 5346 3752 5404; x_wconf 85' lang='lat' dir='ltr'><strong>accumulanda</strong></span> 
     </span>
    </p>
   </div>
   <div class='ocr_carea' id='block_1_114' title="bbox 2090 5433 2756 5505">
    <p class='ocr_par' dir='ltr' id='par_1_114' title="bbox 2090 5433 2756 5505">
     <span class='ocr_line' id='line_1_114' title="bbox 2090 5433 2756 5505; baseline -0.006 -15"><span class='ocrx_word' id='word_1_782' title='bbox 2090 5450 2220 5490; x_wconf 86' lang='lat' dir='ltr'><strong>esse</strong></span> <span class='ocrx_word' id='word_1_783' title='bbox 2249 5449 2479 5505; x_wconf 69' lang='lat' dir='ltr'><strong>aequum</strong></span> <span class='ocrx_word' id='word_1_784' title='bbox 2513 5433 2756 5504; x_wconf 85' lang='lat' dir='ltr'><strong>putavit.</strong></span> 
     </span>
    </p>
   </div>
   <div class='ocr_carea' id='block_1_115' title="bbox 393 5539 1982 5624">
    <p class='ocr_par' dir='ltr' id='par_1_115' title="bbox 393 5539 1957 5624">
     <span class='ocr_line' id='line_1_115' title="bbox 393 5539 1957 5624; baseline 0.004 -29"><span class='ocrx_word' id='word_1_785' title='bbox 393 5540 439 5576; x_wconf 77' lang='grc'><strong>⁸⁸</strong></span> <span class='ocrx_word' id='word_1_786' title='bbox 470 5541 672 5624; x_wconf 70' lang='lat' dir='ltr'><strong>bomil.</strong></span> <span class='ocrx_word' id='word_1_787' title='bbox 734 5543 822 5597; x_wconf 88' lang='lat'><strong>35.</strong></span> <span class='ocrx_word' id='word_1_788' title='bbox 899 5539 1176 5624; x_wconf 34' lang='lat' dir='ltr'><strong>fabonmil.</strong></span> <span class='ocrx_word' id='word_1_789' title='bbox 1211 5541 1422 5624; x_wconf 47' lang='lat' dir='ltr'><strong>392M&quot;</strong></span> <span class='ocrx_word' id='word_1_790' title='bbox 1454 5543 1641 5599; x_wconf 80' lang='lat' dir='ltr'><strong>Matth.</strong></span> <span class='ocrx_word' id='word_1_791' title='bbox 1698 5561 1836 5613; x_wconf 78' lang='lat' dir='ltr'><strong>xxii,</strong></span> <span class='ocrx_word' id='word_1_792' title='bbox 1869 5549 1957 5602; x_wconf 88' lang='lat'><strong>29.</strong></span> 
     </span>
    </p>
   </div>
   <div class='ocr_carea' id='block_1_116' title="bbox 2093 5539 3747 5624">
    <p class='ocr_par' dir='ltr' id='par_1_116' title="bbox 2138 5547 3747 5624">
     <span class='ocr_line' id='line_1_116' title="bbox 2138 5547 3747 5624; baseline 0.004 -20"><span class='ocrx_word' id='word_1_793' title='bbox 2138 5547 2464 5623; x_wconf 88' lang='lat' dir='ltr'><strong>Prolog.in</strong></span> <span class='ocrx_word' id='word_1_794' title='bbox 2526 5547 2630 5605; x_wconf 78' lang='lat' dir='ltr'><strong>has</strong></span> <span class='ocrx_word' id='word_1_795' title='bbox 2689 5548 2894 5606; x_wconf 87' lang='lat' dir='ltr'><strong>homil.</strong></span> <span class='ocrx_word' id='word_1_796' title='bbox 2971 5549 3185 5624; x_wconf 71' lang='lat' dir='ltr'><strong>90pag.</strong></span> <span class='ocrx_word' id='word_1_797' title='bbox 3250 5553 3373 5609; x_wconf 81' lang='grc'><strong>106.</strong></span> <span class='ocrx_word' id='word_1_798' title='bbox 3450 5553 3495 5590; x_wconf 80' lang='grc'><strong>⁹¹</strong></span> <span class='ocrx_word' id='word_1_799' title='bbox 3531 5554 3747 5610; x_wconf 85' lang='lat' dir='ltr'><strong>Euseb.</strong></span> 
     </span>
    </p>
   </div>
   <div class='ocr_carea' id='block_1_117' title="bbox 324 5611 1402 5684">
    <p class='ocr_par' dir='ltr' id='par_1_117' title="bbox 324 5611 1402 5684">
     <span class='ocr_line' id='line_1_117' title="bbox 324 5611 1402 5684; baseline 0.002 -16"><span class='ocrx_word' id='word_1_800' title='bbox 324 5613 427 5668; x_wconf 91' lang='lat' dir='ltr'><strong>lib.</strong></span> <span class='ocrx_word' id='word_1_801' title='bbox 461 5629 516 5668; x_wconf 75' lang='lat' dir='ltr'><strong>vr</strong></span> <span class='ocrx_word' id='word_1_802' title='bbox 552 5615 712 5681; x_wconf 60' lang='lat' dir='ltr'><strong>Hist,</strong></span> <span class='ocrx_word' id='word_1_803' title='bbox 745 5629 872 5683; x_wconf 89' lang='lat' dir='ltr'><strong>cap.</strong></span> <span class='ocrx_word' id='word_1_804' title='bbox 907 5612 996 5666; x_wconf 89' lang='lat'><strong>36.</strong></span> <span class='ocrx_word' id='word_1_805' title='bbox 1038 5611 1086 5647; x_wconf 70' lang='grc' dir='ltr'><strong>θ’</strong></span> <span class='ocrx_word' id='word_1_806' title='bbox 1115 5629 1242 5684; x_wconf 88' lang='lat' dir='ltr'><strong>pag.</strong></span> <span class='ocrx_word' id='word_1_807' title='bbox 1277 5613 1402 5670; x_wconf 86' lang='grc'><strong>108.</strong></span> 
     </span>
    </p>
   </div>
  </div>
