4112 6132
354 332 475 396 493

399 477 435 555 §
467 474 565 536 lal.
600 472 799 537 Aliud
828 472 1111 554 Origenis
1142 478 1541 534 testimonium
1574 471 1946 554 expenditur.

423 573 707 630 Nonnulli
730 572 884 628 aliud
915 589 1017 645 pro
1048 572 1252 628 iisdem
1285 570 1489 642 lgnatii
1513 570 1779 642 epistolis
1802 570 2008 625 afferre

346 662 538 719 solent
569 661 837 733 Origenis
879 660 1273 717 testimonium
1310 661 1463 732 quod
1508 659 1601 715 his
1633 658 1824 714 verbis
1857 658 2006 731 legi-

346 757 443 808 tur
472 750 521 786 ⁰³
550 766 562 806 :
585 774 611 801 ‹‹
632 751 746 807 Nec
764 756 904 822 puto
927 752 1080 822 quod
1107 750 1325 822 culpari
1362 748 1625 821 possit,si
1644 748 1775 820 quis
1794 747 2001 816 Deum,

345 841 502 897 sicut
536 840 794 896 Joannes
826 840 1193 905 cbaritatem,
1245 841 1324 894 ita
1356 840 1479 910 ipse
1523 853 1780 893 amorem
1813 837 2000 892 nomi-

344 936 461 986 net.
502 929 767 1002 Denique
800 929 1040 985 memini
1090 928 1345 1000 aliquem
1381 932 1717 984 sanctorum
1755 927 1997 996 dixisse,

343 1020 640 1091 lgnatium
704 1019 966 1087 nomine,
1000 1019 1071 1073 de
1120 1018 1383 1073 Christo:
1418 1017 1581 1073 Meus
1613 1032 1779 1071 amor
1807 1017 2001 1073 cruci-

348 1110 502 1164 fixus
532 1114 638 1164 est.
678 1130 706 1159 »
739 1108 849 1164 Sed
886 1112 1082 1163 utrum
1114 1123 1242 1162 vere
1270 1107 1538 1177 Origenis
1579 1105 1655 1162 sit
1686 1106 1793 1161 hoc
1826 1124 1997 1178 opus,

339 1197 535 1253 adhuc
565 1199 675 1253 sub
728 1196 925 1268 judice
985 1196 1056 1251 lis
1088 1201 1196 1252 est.
1251 1197 1497 1264 Quidam
1529 1195 1826 1251 enimvero
1858 1212 1993 1251 cum

338 1286 745 1342 Erasmoillud
773 1304 806 1342 a
832 1292 991 1342 tanto
1014 1286 1247 1341 doctore
1269 1286 1550 1357 scriptum
1576 1302 1704 1341 esse
1726 1285 1996 1342 infician-

338 1382 455 1442 tur,
493 1381 619 1431 tum
681 1377 835 1448 quod
871 1398 897 1426 ‹‹
956 1377 1012 1431 in
1074 1375 1311 1447 prologo
1344 1375 1482 1430 citat
1534 1378 1792 1443 Graacos,
1836 1376 1994 1431 velut

336 1465 566 1521 alienos
597 1483 609 1521 :
646 1488 674 1515 ››
708 1470 833 1521 tum
864 1487 893 1515 «
925 1481 993 1521 ex
1024 1464 1498 1536 interpretatione
1527 1465 1767 1531 amoris,
1800 1464 1991 1520 chari-

337 1556 499 1625 tatis,
532 1554 865 1611 dilectionis
895 1560 951 1609 et
973 1553 1288 1625 cupidinis.
1316 1576 1342 1602 ››
1369 1552 1480 1607 Alii
1506 1568 1636 1607 vero
1668 1552 1989 1623 genuinum

335 1643 502 1705 illius
537 1646 717 1699 fetum
752 1658 885 1699 esse
916 1644 1184 1715 probant,
1216 1659 1283 1697 ex
1302 1642 1557 1714 stylo,ex
1590 1641 1902 1714 allegoriis,
1936 1647 1993 1698 et

334 1734 717 1805 tropologicis
770 1732 1253 1805 expositionibus,
1304 1732 1361 1786 in
1395 1747 1543 1801 quas
1575 1731 1646 1785 ab
1690 1731 1989 1787 historicis

1305 336 1379 394 D.
1425 332 1752 395 NOURBlI
1793 331 2329 397 DISSERTATIO.
2379 372 2458 384 —
2499 340 2697 403 PARS
2740 345 2792 405 Ι.

3655 340 3772 408 491

2042 487 2089 553 Α
2125 475 2647 535 reverendissimus
2710 479 2980 536 Usserius
3051 480 3276 550 Latine,
3330 481 3775 541 eruditissimus

2122 560 2365 618 Vossius
2397 565 2613 637 Greece,
2646 584 2713 623 ex
2743 568 2909 625 libris
2938 568 3036 625 ille
3068 570 3430 642 Anglicanis,
3464 573 3556 629 hic
3589 576 3768 631 Medi-

2114 650 2251 705 czeis
2282 652 2611 712 ediderunt.
2647 678 2675 705 »
2708 657 2805 713 Sic
2844 656 2942 713 ille
2987 659 3226 715 tandem
3276 661 3563 730 concedit,
3608 666 3767 734 quod

2116 738 2278 794 nullo
2332 757 2595 815 unquam
2658 747 2830 801 modo
2876 762 3091 819 negare
3150 750 3393 818 poterat.
3454 749 3564 806 Sed
3597 754 3766 823 quid,

2111 830 2381 898 putas,de
2412 831 2774 890 celeberrimi
2793 835 3060 893 Historia
3074 836 3485 895 ecclesiasticae
3506 843 3761 912 parentis

2111 919 2403 975 sententia
2433 923 2823 993 pronuntiat?
2851 926 3056 982 Paucis
3088 943 3209 983 rem
3244 928 3757 997 absolvit,scilicet

2108 1004 2274 1062 illum
2313 1008 2590 1079 «judicio
2626 1012 2714 1067 his
2742 1013 2813 1068 de
2860 1013 3128 1085 epistolis
3160 1015 3370 1072 falsum
3403 1034 3551 1075 esse.
3579 1040 3607 1070 »
3638 1021 3754 1077 Nec

2108 1094 2322 1152 Dallsao
2354 1099 2499 1154 satis
2515 1108 2598 1155 est
2625 1101 2936 1158 Eusebium
2960 1104 3175 1161 erroris
3195 1107 3589 1166 condemnare
3612 1130 3626 1179 ;
3655 1113 3755 1167 sed

2105 1196 2241 1239 eum
2273 1184 2450 1241 etiam
2510 1204 2773 1247 errorum
2817 1191 3106 1263 omnium,
3138 1193 3196 1247 in
3232 1210 3379 1265 quos
3424 1196 3522 1251 alii
3555 1202 3757 1268 postea

2105 1273 2363 1347 prolapsi
2392 1283 2551 1347 sunt,
2586 1295 2750 1337 reum
2781 1282 2937 1339 facit.
2963 1305 2991 1333 ‹‹
3022 1285 3756 1358 Eusebius,inquit,omnis

2103 1366 2174 1420 de
2205 1366 2531 1437 Ignatianis
2563 1372 2776 1428 erroris
2803 1373 2954 1444 fons,
2979 1376 3079 1447 qui
3108 1375 3244 1431 hinc
3268 1377 3459 1449 primo
3490 1385 3751 1452 exortus,

2101 1452 2389 1511 latissime
2422 1463 2621 1530 postea
2638 1462 2883 1531 effusus,
2909 1480 3054 1535 pene
3076 1480 3276 1521 omnes
3307 1467 3623 1524 Christiani
3650 1487 3753 1526 no-

2101 1543 2279 1599 minis
2311 1548 2571 1603 eruditos
2631 1552 2909 1621 pervasit.
2946 1574 2974 1602 »
3008 1553 3124 1608 Cur
3168 1570 3305 1627 ergo
3336 1560 3454 1610 tam
3499 1558 3752 1630 turpiter

2100 1631 2498 1692 ballucinatus
2561 1643 2650 1694 est
2682 1640 3017 1696 Eusebius?
3072 1643 3350 1714 Nunquid
3403 1646 3501 1701 ille
3531 1647 3751 1719 ingenii

2099 1722 2663 1796 excellentissimi,et
2692 1744 2935 1784 summa:
2952 1732 3301 1788 eruditionis
3324 1734 3432 1796 vir.
3456 1737 3527 1790 ad
3560 1737 3749 1793 discu-

336 1820 852 1892 explanationibus
911 1821 1162 1876 excurrit
1185 1837 1198 1875 :
1225 1836 1293 1874 ex
1348 1819 1659 1874 sententiis
1691 1819 1785 1874 his
1818 1818 1988 1890 plane
2021 1861 2067 1924 Β
2096 1810 2333 1924 ίίθῐιάιιει
2383 1815 2590 1885 lgnatii
2640 1818 2917 1924 ερξεῐοιδε
2952 1821 3153 1924 segnis
3184 1822 3294 1923 fui}
3320 1824 3610 1924 .etilgers,
3643 1829 3746 1924 qui

337 1909 756 1965 consimilibus
783 1916 839 1965 et
865 1909 1182 1982 germanis,
1215 1924 1342 1979 qua:
1364 1924 1432 1964 ex
1449 1909 1677 1964 duabus
1702 1908 1983 1978 homiliis,

336 2000 405 2054 ab
443 2000 803 2070 Hieronymo
854 1998 1115 2054 Latinam
1167 1999 1224 2076 ip
1259 1998 1519 2069 linguam
1560 2000 1858 2054 conversis
1889 2015 1979 2054 oc~

336 2094 586 2145 currunt
611 2106 706 2156 ;ex
732 2089 987 2144 melioris
1021 2092 1172 2143 notae
1198 2087 1739 2159 manuscriptis,ubi
1768 2105 1982 2144 nomen

333 2178 605 2250 Origenis
633 2177 956 2250 praeﬁgitur
979 2194 991 2245 ;
1008 2194 1077 2233 ex
1099 2178 1172 2232 iis
1185 2177 1398 2248 quibus
1413 2178 1687 2248 Origenes
1708 2178 1981 2249 frequens

332 2272 516 2325 utitur
544 2269 964 2324 Hebraicorum
1024 2267 1322 2322 nominum
1378 2267 1977 2339 interpretationibus,

330 2364 384 2415 et
413 2360 667 2414 aliorum
718 2373 960 2430 operum
994 2372 1236 2413 suorum
1269 2356 1688 2425 citationibus;
1726 2357 1978 2428 denique

342 2448 469 2520 quia
502 2464 601 2503 eas
634 2447 881 2503 Ruﬁnus
913 2446 1112 2501 Latine
1141 2444 1415 2515 reddidit,
1455 2449 1631 2517 atque
1655 2447 1857 2501 eadem
1890 2450 1979 2501 to-

336 2553 557 2594 morum
588 2537 810 2602 decem,
835 2551 982 2606 quos
1002 2534 1062 2589 in
1082 2534 1386 2589 Canticum
1418 2534 1973 2606 scripsitOrigenes,

339 2632 553 2700 partem
587 2627 964 2683 constituant.
1002 2626 1081 2681 Ad
1135 2625 1359 2679 Erasmi
1392 2629 1586 2679 autem
1628 2631 1974 2695 argumenta

342 2718 685 2787 respondent
713 2715 784 2772 ab
807 2714 1042 2769 illarum
1076 2718 1317 2769 auctore
1349 2713 1516 2767 citari
1551 2713 1788 2783 quidem
1825 2714 1973 2770 Gree-

351 2822 465 2872 cos,
497 2806 591 2861 sed
627 2810 688 2859 ut.
716 2821 872 2870 suos,
898 2820 1013 2859 non
1047 2808 1110 2857 ut
1140 2802 1363 2858 alienos
1398 2801 1510 2857 nisi
1554 2801 1869 2873 religione;
1905 2820 1970 2859 ac

348 2895 632 2950 nominum
656 2894 990 2949 Latinorum
1021 2892 1534 2963 interpretationes
1557 2908 1590 2946 a
1611 2892 1821 2948 Rufino
1848 2897 1970 2949 tex-

342 2984 421 3038 tui
476 2983 734 3054 Origenis
768 2982 945 3037 fuisse
977 2980 1227 3036 additas.
1285 2980 1566 3046 Quamvis
1616 2985 1809 3035 autem
1849 2981 1969 3037 haec

329 3072 513 3143 opinio
540 3089 650 3127 non
686 3070 1035 3143 spernendis
1066 3070 1360 3125 rationum
1395 3070 1710 3125 momentis
1738 3070 1970 3128 ﬁrmata

318 3162 592 3229 videatur,
656 3162 1098 3218 observavimus
1131 3164 1328 3215 tamen
1364 3158 1505 3214 alibi
1529 3158 1576 3193 9‘
1626 3163 1813 3215 totum
1847 3160 1955 3216 hoc

2102 1915 2213 1955 non
2249 1901 2439 1957 solum
2472 1920 2673 1959 earum
2710 1910 2965 1978 tempus,
2988 1913 3159 1965 eteos
3184 1910 3281 1979 qui
3318 1911 3375 1967 in
3409 1912 3526 1969 illis
3559 1918 3743 1971 nomi-

2098 1994 2336 2057 nantur,
2390 1992 2597 2049 sedulo
2646 1995 2964 2063 observat;
3020 2014 3220 2054 verum
3279 2002 3453 2056 etiam
3508 2019 3570 2058 ea
3614 2021 3743 2075 quas

2095 2082 2296 2133 auctor
2319 2081 2619 2149 citaverat,
2645 2100 2706 2139 se
2724 2088 3165 2143 accuratissime
3185 2091 3547 2147 examinasse
3572 2094 3740 2148 testi-

2093 2166 2325 2224 ficatur.
2350 2170 2565 2227 Scribit
2594 2173 2746 2230 enim
2778 2175 2821 2209 9°
2849 2191 2861 2228 :
2894 2197 2922 2225 α
2958 2178 3020 2230 In
3045 2177 3289 2248 epistola
3315 2180 3384 2233 ad
3410 2180 3741 2253 Smyrnaeos

2095 2258 2166 2313 de
2196 2262 2495 2316 Servatore
2556 2268 2755 2319 nostro
2787 2263 3059 2335 loquens,
3112 2268 3378 2337 quaedam
3411 2271 3540 2337 ejus
3562 2273 3738 2329 verba

2091 2347 2316 2413 recitat,
2351 2365 2478 2419 qua:
2533 2352 2689 2406 unde
2716 2354 3024 2424 acceperit,
3050 2356 3268 2423 ignoro.
3306 2378 3332 2405 »
3358 2357 3607 2415 Dallazus
3634 2379 3737 2417 ne-

2088 2450 2201 2505 que
2232 2436 2561 2508 ingenium,
2588 2456 2775 2511 neque
2805 2442 3168 2513 diligentiam
3193 2445 3427 2501 Eusebii
3460 2464 3736 2520 asperna-

2085 2528 2219 2580 tur:
2254 2527 2355 2581 sed
2379 2549 2407 2577 «
2432 2527 2757 2594 hominem,
2787 2531 2977 2601 inquit
3000 2531 3066 2597 9",
3089 2534 3356 2601 geminus
3384 2538 3579 2594 animo
3603 2557 3732 2611 per-

2085 2619 2288 2682 ceptus
2320 2616 2392 2670 de
2423 2619 2639 2673 Irenaeo
2670 2635 2735 2673 ac
2787 2620 3094 2691 Polycarpo
3128 2639 3288 2677 error
3330 2631 3730 2685 transversum

2084 2703 2224 2775 egit,
2251 2708 2309 2759 et
2340 2722 2465 2776 quae
2498 2708 2680 2763 notha
2718 2716 2886 2764 erant
2920 2721 2973 2764 et
3027 2714 3353 2779 subditilia,
3385 2732 3447 2770 ea
3475 2734 3576 2785 pro
3600 2736 3730 2775 vere

2084 2794 2411 2863 Ignatianis
2469 2796 2781 2855 admittere
2826 2801 3132 2872 subegit.»
3192 2804 3372 2866 Quem
3434 2819 3623 2863 autem
3658 2811 3729 2865 de

2082 2882 2295 2938 Irenaeo
2323 2886 2641 2956 perceperit
2669 2903 2923 2944 errorem
2958 2890 3215 2946 sicidem
3250 2893 3499 2951 Dallaeus
3530 2897 3727 2954 decla-

2080 2977 2204 3027 rat:
2230 2994 2259 3024 «
2284 2974 2380 3030 Ille
2396 2975 2553 3046 quod
2568 2992 2693 3048 qua:
2713 2978 2997 3050 lgnatium
3014 2980 3228 3036 dixisse
3260 2984 3430 3039 refert
3456 2988 3726 3055 lrenaeus,

2078 3062 2282 3117 eadem
2316 3063 2375 3118 in
2407 3065 2669 3134 epistolis
2703 3083 2931 3139 quoque
2983 3071 3199 3142 scripta
3234 3073 3466 3142 legerat,
3501 3076 3645 3131 falsa
3676 3082 3733 3134 et

2080 3150 2242 3207 inani
2271 3154 2462 3222 specie
2513 3155 2776 3226 delusus,
2828 3159 3106 3229 epistolas
3159 3177 3393 3233 quoque
3448 3164 3726 3221 Irenaeum

319 3268 459 3323 opus
492 3252 639 3306 nihil
673 3251 834 3306 aliud
869 3249 1213 3305 Cassiodoro
1257 3249 1455 3315 videri,
1497 3266 1670 3319 quam
1701 3251 1951 3306 duarum
1988 3238 2032 3301 C
2064 3240 2365 3310 vidisse,et
2394 3243 2571 3299 etiam
2595 3247 2743 3315 quod
2769 3249 3025 3303 crassius
3063 3254 3153 3305 est
3182 3261 3231 3305 et
3269 3252 3726 3312 inexcusabilius

315 3340 579 3413 Origenis
611 3343 671 3395 in
704 3340 935 3395 Cantica
969 3337 1446 3405 homiliarum,ab
1479 3337 1831 3411 Hieronymo
1859 3340 1963 3395 La-

317 3431 428 3486 line
457 3430 824 3486 redditarum
850 3426 1383 3498 amplificationem.
1410 3427 1771 3499 Quapropter
1800 3445 1963 3500 sequo

310 3521 631 3593 cujuslibet
652 3519 865 3576 sinceri
892 3518 1163 3589 etlntegri
1189 3516 1446 3573 hominis
1470 3518 1697 3589 judicio
1721 3520 1961 3589 permit-

309 3614 482 3670 timus
509 3613 571 3667 in
606 3627 756 3677 eam,
791 3626 964 3681 quam
998 3610 1275 3663 veriorem
1318 3607 1647 3674 crediderit,
1683 3610 1764 3665 ire
1822 3627 1960 3667 sen-

312 3704 561 3759 tentiam
589 3727 603 3767 ;
637 3716 742 3755 nec
776 3699 1173 3754 testimonium
1208 3713 1277 3752 ex
1310 3697 1399 3752 his
1441 3697 1699 3753 homiliis
1730 3698 1960 3756 desum-

311 3797 503 3864 ptum,
542 3789 694 3845 ultra
725 3805 901 3860 quam
936 3804 1041 3859 par
1070 3792 1182 3852 est,
1239 3787 1564 3857 urgendum
1596 3803 1726 3843 esse
1755 3805 1958 3846 cense-

312 3898 465 3937 mus.

951 3964 1183 4021 CAPUT
1216 3966 1336 4021 VII.

303 4074 698 4117 ARGUMENTUH
728 4072 952 4113 SEXTUM
999 4073 1070 4111 EX
1099 4072 1243 4111 ALIIS
1275 4071 1575 4111 INNUIERlS
1626 4073 1959 4114 ECEIP’I‘ORI-

373 4148 508 4195 Bos,
543 4147 688 4193 ooos
735 4144 1064 4184 ADVERSARH
1122 4144 1419 4183 EPISTOLAS
1467 4145 1691 4185 lGNATlO
1721 4147 1955 4186 anwm-

372 4219 553 4260 CASSE
582 4218 897 4269 FATENTUR,
930 4216 1291 4255 DESUMP’I‘UM.

308 4295 335 4369 §
377 4294 423 4355 Ι.
466 4295 916 4373 Argumentum
955 4308 1031 4351 ex
1061 4288 1317 4351 Eusebii
1345 4291 1697 4352 auctoritate
1722 4291 1955 4353 desum-

1041 4380 1235 4452 ptum.

381 4469 826 4542 Disputavimus
859 4468 1143 4524 hactenus
1174 4469 1245 4523 de
1285 4468 1639 4524 testimoniis
1671 4469 1957 4541 antiquis-

308 4560 599 4617 simorum
634 4560 893 4623 Patrum,
919 4557 1130 4629 quibus
1154 4556 1430 4628 epistolas
1452 4557 1662 4629 lgnatii
1694 4558 1956 4631 incogni-

304 4653 391 4705 tas
416 4650 604 4705 fuisse
655 4648 905 4704 Dallasus
937 4648 1185 4718 ejusque
1226 4646 1498 4702 defensor
1528 4647 1675 4703 mira
1705 4649 1960 4721 singula-

306 4745 474 4810 rlque
516 4736 909 4793 obstinatione
958 4735 1335 4792 contendunt.
1389 4735 1553 4792 Nunc
1592 4737 1663 4792 de
1702 4737 1773 4793 iis
1802 4739 1955 4795 scri-

306 4828 576 4899 ptoribus
606 4826 925 4899 agendum,
959 4843 991 4881 a
1043 4824 1259 4896 quibus
1287 4824 1521 4880 easdem
1554 4829 1609 4880 et
1639 4829 1872 4898 agnitae
1901 4833 1959 4884 et

305 4916 535 4989 lgnatio
553 4917 867 4972 attributas
894 4915 1007 4988 ipsi
1040 4932 1147 4970 sua
1174 4919 1379 4984 sponte
1402 4915 1959 4975 confitetur.Horum

310 5006 739 5078 antesignanus
768 5010 855 5060 est
880 5002 1163 5060 Eusebius
1195 5002 1590 5075 Caesariensis,
1624 5005 1695 5061 de
1725 5022 1842 5077 quo
1874 5009 1958 5064 sic

310 5094 567 5150 Dallasus
598 5094 685 5147 ’5:
713 5116 741 5145 κ
766 5094 1041 5150 Fatemur
1070 5093 1391 5150 Eusebium
1424 5093 1554 5149 illas
1582 5095 1701 5152 sive
1724 5113 1817 5153 sex
1841 5100 1961 5154 sive

310 5192 555 5258 septem,
590 5203 739 5258 quas
771 5190 1055 5251 recenset,
1087 5184 1364 5254 epistolas
1389 5201 1723 5257 agnoscere,
1759 5204 1824 5244 ac
1855 5206 1959 5261 pro

312 5290 445 5331 vere
480 5274 1045 5345 Ignatianishahere.
1080 5272 1279 5342 Neque
1303 5273 1750 5333 dissimulamus
1766 5293 1865 5333 eas
1890 5279 1962 5335 de

316 5363 537 5432 quibus
567 5361 664 5418 ille
697 5362 873 5416 verba
907 5360 1192 5429 facit,has
1223 5359 1382 5431 ipsas
1407 5360 1588 5417 fuisse
1618 5364 1960 5438 videri,quaa

310 5449 402 5507 his
434 5451 609 5507 hodie
670 5450 1010 5507 nominibus
1042 5449 1558 5521 circumferuntur,
1594 5454 1798 5523 quales
1838 5473 1956 5514 eas.

2082 3346 2443 3388 memorasse
2471 3332 2831 3406 imaginatus
2853 3343 2997 3392 est.»
3038 3340 3112 3392 De
3137 3343 3451 3412 Polycarpo
3486 3350 3681 3401 autem
3708 3364 3721 3403 :

2074 3441 2103 3468 «
2136 3419 2359 3476 Similis
2389 3423 2520 3492 ejus
2551 3426 2842 3491 est,verba
2874 3426 3070 3482 Dallaai
3096 3437 3254 3495 sunt,
3293 3435 3517 3488 tametsi
3554 3438 3722 3493 venia

2073 3508 2302 3581 dignior
2333 3510 2393 3565 in
2445 3512 2753 3584 Polycarpo
2808 3516 3135 3583 oscitantis,
3200 3536 3315 3575 non
3362 3524 3715 3581 attendentis

2070 3596 2186 3653 duo
2215 3597 2315 3653 illa
2341 3616 2471 3671 quae
2502 3603 2764 3658 recitavit
2794 3603 2940 3671 locs,
2975 3611 3173 3677 aperte
3216 3608 3362 3665 inter
3393 3627 3453 3665 se
3488 3630 3715 3684 pugna-

2072 3701 2150 3741 re.
2190 3709 2211 3736 ι
2247 3690 2475 3745 Atsane
2504 3694 2689 3758 tanta,
2725 3696 2787 3746 ut
2819 3699 3120 3763 putamus,
3150 3697 3438 3753 evidentia
3467 3701 3710 3757 demon-

2069 3776 2384 3832 stravimus
2408 3782 2560 3849 apud
2584 3783 2864 3836 Irenaeum
2889 3783 3127 3839 verbum
3150 3785 3296 3841 dixit
3325 3787 3479 3842 idem
3504 3807 3714 3849 sonare

2069 3880 2135 3919 ao
2167 3867 2410 3936 scripsit,
2468 3867 2807 3940 nullamque
2838 3870 2896 3926 in
2948 3872 3137 3928 verbis
3187 3874 3390 3945 lgnatii
3439 3893 3568 3934 esse
3606 3897 3715 3950 puo

2067 3969 2285 4025 gnam;
2319 3959 2378 4009 ut
2435 3954 2717 4013 Dallasum
2779 3960 3029 4033 ejusque
3061 3962 3426 4019 defensorem
3459 3966 3718 4039 duplicis

2068 4042 2388 4098 Eusebium
2422 4061 2731 4103 accusasse
2783 4050 2996 4105 erroris
3031 4050 3222 4121 pigere
3274 4053 3482 4110 debeat
3521 4060 3578 4111 et
3606 4074 3715 4128 pu-

2069 4132 2225 4187 dere.
2258 4134 2581 4201 Addamus,
2609 4136 2654 4190 si
2679 4135 2862 4205 lubet,
2886 4138 2997 4193 duo
3032 4138 3130 4193 illa
3152 4140 3300 4208 loca,
3321 4158 3445 4211 quas
3471 4143 3721 4202 Dallaaus

2069 4220 2221 4275 inter
2250 4238 2313 4277 se
2344 4238 2606 4293 pugnare
2667 4224 2944 4293 afﬁrmat,
2978 4228 3050 4282 ab
3100 4228 3354 4286 Eusebio
3399 4232 3573 4288 citata
3603 4250 3719 4290 non

2069 4309 2273 4366 fuisse.
2306 4311 2418 4365 Sed
2480 4314 2748 4381 quamvis
2805 4330 2989 4370 unum
3032 4317 3118 4373 vel
3181 4324 3494 4394 utrumque
3539 4324 3611 4379 ab
3650 4340 3719 4381 eo

2069 4397 2489 4470 transcriptum
2520 4399 2721 4469 fuerit,
2775 4403 3073 4474 probabile
3120 4410 3317 4463 tamen
3364 4425 3480 4465 non
3512 4415 3603 4468 est
3630 4413 3718 4468 vi-

2068 4504 2198 4543 rum
2222 4491 2825 4563 perspicacissimum,
2851 4493 2952 4564 qui
2984 4499 3147 4551 tanta
3177 4497 3480 4569 diligentia
3507 4503 3719 4573 episto-

2068 4576 2152 4632 las
2203 4577 2411 4647 Ignatii
2469 4581 2923 4649 examinaverat,
2987 4583 3135 4639 hanc
3199 4588 3244 4641 si
3288 4604 3415 4658 que
3472 4592 3715 4647 essetin

2069 4666 2333 4737 ejusdem
2367 4668 2574 4739 Ignalii
2605 4670 2819 4739 verbis,
2878 4689 2910 4727 a
2940 4689 3023 4739 se,
3056 4674 3141 4729 uti
3172 4675 3401 4745 dicitur,
3441 4683 3719 4736 transcri-

2069 4755 2203 4825 ptis,
2256 4763 2517 4828 apertam
2552 4776 2666 4814 non
2722 4761 3209 4821 animadvertisse
3237 4770 3718 4839 'repugnantiam.

2069 4842 2190 4898 lmo
2222 4845 2500 4901 omnibus
2532 4851 2755 4904 certum
2789 4850 2968 4906 videri
2993 4852 3165 4908 debet
3186 4852 3284 4909 illa
3305 4855 3513 4926 lgnatii
3546 4857 3723 4913 verba

2068 4947 2268 4987 secum
2317 4934 2535 5005 optime
2594 4936 2906 5004 oohmrere,
2950 4956 3077 5010 quis
3124 4942 3414 4999 Eusebius
3466 4945 3617 5001 inter
3657 4962 3719 5001 se

2071 5036 2333 5093 pugnare
2364 5039 2479 5077 non
2514 5027 2830 5097 perspexit.

2139 5113 2379 5166 Constat
2438 5120 2713 5182 praeterea
2769 5116 3085 5171 Eusebium
3156 5134 3224 5175 ex
3278 5119 3494 5191 aliquo,
3542 5138 3719 5195 quem

2070 5214 2250 5269 penes
2282 5215 2344 5254 se
2393 5199 2699 5270 habuerat,
2748 5219 2922 5259 manu
2973 5210 3207 5262 exarata
3251 5208 3447 5265 codice
3476 5210 3723 5282 prolixa,

2070 5304 2194 5358 quae
2219 5304 2288 5343 ex
2316 5288 2582 5360 epistolis
2612 5290 2936 5359 Ignatianis
2970 5294 3279 5365 exscripsit
3308 5295 3518 5366 loca,in
3550 5315 3719 5355 suam

2070 5391 2245 5447 quam
2281 5394 2436 5433 anno
2467 5377 2592 5442 326,
2628 5384 2728 5433 aut
2751 5380 2922 5449 juxta
2952 5380 3233 5439 Dalleum
3263 5385 3388 5453 330,
3416 5386 3600 5443 edidit
3631 5387 3721 5443 hi-

2070 5466 2315 5522 storiam
2380 5466 2774 5523 transtulisse.
2833 5470 3011 5540 Atqui
3041 5488 3109 5526 ex
3147 5474 3353 5529 eodem
3388 5474 3602 5532 Dallaeo
3640 5477 3730 5534 ha

379 5576 428 5613 ’³
488 5578 740 5672 Ηοωὶιᾶρ
767 5579 849 5672 iv;
882 5576 1039 5672 Catil.
1063 5576 1470 5672 ondmonit.
1525 5578 1582 5634 in
1616 5579 1718 5637 lib.
1781 5584 2045 5647 Ambros.
2083 5593 2156 5649 De
2210 5596 2365 5650 Isaac
2384 5598 2440 5651 et
2495 5596 2671 5651 anim.
2703 5595 2751 5631 "
2780 5612 2907 5668 cap.
2943 5597 3033 5666 35,
3086 5616 3143 5672 p.
3185 5600 3310 5660 442.
3335 5600 3506 5661 9“lib.
3546 5621 3608 5662 ιιι
3640 5606 3735 5661 Ηί-

312 5660 472 5717 εεονη
508 5666 631 5724 cap.
673 5650 762 5705 36.
805 5648 849 5685 '7
892 5665 1023 5721 pag.
1056 5649 1180 5705 443.
