4112 6132
331 349 448 417 £95

1357 350 1423 410 S.
1470 345 1866 409 lGNA'l‘lUS.
1913 377 1990 391 -—
2041 341 2668 403 PROLEGOMENA.

3630 341 3753 401 496

333 486 542 560 Ignatii
570 485 830 559 epistolas
882 486 1037 543 circa
1069 486 1245 541 tinem
1277 483 1472 540 seculi
1521 482 1700 550 tertii,
1747 480 1833 538 vel
1866 479 1981 535 ini-
2012 484 2066 548 Α
2098 477 2496 533 testimonium
2531 475 2764 548 Ignatii,
2819 475 2892 532 ab
2923 475 3250 533 Athanasio
3306 475 3758 548 transcriptum,

333 578 483 632 tium
507 577 722 647 quarti,
784 576 837 630 id
872 579 962 631 est
992 575 1147 630 circa
1203 590 1424 630 annum
1457 573 1582 639 300,
1626 573 1894 627 exierunt
1923 571 1982 624 in

333 665 548 721 lucem.
583 666 768 720 Codex
837 665 1017 735 igitur
1047 661 1166 728 ille,
1217 679 1332 733 quo
1377 679 1520 717 usus
1551 665 1644 716 est
1677 659 1986 727 Eusebius,

335 754 431 808 vix
487 756 624 806 ante
683 750 925 821 triginta
973 766 1160 804 annos
1185 753 1357 819 Juxta
1399 747 1598 804 Dalliei
1649 747 1981 816 opinionem

336 847 608 898 exaratus
647 842 853 896 fuerat.
916 839 1220 906 Quomodo
1248 855 1385 910 ergo
1418 839 1506 892 vir
1558 837 1655 892 ille
1677 835 1988 909 sagacissi-

339 947 489 993 mus,
525 930 627 1001 qui
679 935 768 985 tot
829 929 1260 999 manuscriptos
1299 928 1529 984 codices
1557 926 1868 993 evolveret,
1903 929 1989 981 tot

337 1018 688 1074 lustraverat
744 1017 1146 1085 bibliothecas,
1201 1017 1375 1072 fidem
1429 1009 1986 1088 manuscriptiltam

339 1109 596 1164 recentis
654 1111 988 1178 suspectam
1027 1124 1140 1162 non
1198 1107 1452 1162 habuit?
1480 1110 1594 1161 Cur
1643 1105 1788 1161 alios
1818 1107 1986 1159 vetu-

344 1199 554 1253 stiores
577 1213 716 1252 cura
747 1195 917 1251 solita
966 1213 1078 1251 non
1108 1196 1420 1268 quaesivit?
1466 1200 1586 1252 Cur
1614 1193 1866 1266 denique
1923 1208 1992 1248 ea

346 1286 546 1343 omnia
607 1285 929 1341 recentiora
969 1286 1260 1356 dogmata,
1319 1301 1442 1354 quas
1491 1283 1737 1340 Dallaaus
1798 1285 1856 1338 in
1897 1281 1991 1336 his

346 1375 612 1446 epistolis
663 1375 1069 1447 deprehendit,
1120 1375 1368 1430 hereses
1425 1373 1708 1429 nimirum
1766 1370 1991 1443 Ignatio

351 1465 727 1536 posteriores,
785 1463 1018 1535 aliaque
1072 1462 1422 1534 quamplura
1479 1470 1609 1534 post
1646 1475 1780 1517 eum
1830 1465 1990 1528 nata,

351 1553 570 1609 nullam
603 1551 717 1624 ipsi
749 1569 820 1608 ne
849 1553 935 1608 vel
961 1553 1539 1623 minimam.quidem
1570 1551 1642 1606 de
1662 1549 1990 1606 earumdem

347 1642 730 1714 epistolarum
762 1642 1164 1712 suppositione
1191 1642 1516 1708 injecerunt
1544 1638 1942 1710 suspicionem
1965 1635 1994 1690 ?

348 1730 559 1786 Nullus
593 1735 750 1786 certe
778 1729 1040 1785 sincerus
1061 1731 1325 1786 veritatis
1366 1734 1614 1795 amator,
1648 1730 1766 1784 haec
1795 1725 1994 1784 omnia

350 1817 650 1876 credibilia
683 1835 811 1874 esse
840 1818 951 1873 sibi
988 1834 1250 1888 unquam
1276 1818 1652 1890 persuadebit
1680 1833 1693 1872 :
1733 1817 1835 1872 sed
1866 1813 1994 1870 nul-

347 1909 471 1963 lum
505 1908 576 1962 ab
610 1906 858 1962 Eusebio
890 1913 1227 1979 perceptum
1250 1908 1320 1962 de
1345 1908 1557 1962 Ireneo
1587 1912 1644 1962 et
1673 1905 1990 1978 Polycarpo

347 2013 602 2054 errorem
633 2001 930 2068 agnoscet,
982 1995 1207 2067 hasque
1237 1995 1508 2066 epistolas
1556 2011 1756 2051 verum
1799 2011 1864 2050 ac
1897 2010 1988 2064 ge-

350 2087 603 2141 nuinum
637 2084 847 2157 Ignatii
885 2100 1034 2156 Opus
1065 2101 1194 2140 esse
1215 2084 1368 2140 ultro
1403 2084 1700 2140 fatebitur.

347 2179 377 2251 §
400 2173 819 2236 ll.Secundum
841 2184 1258 2254 argumentum
1279 2193 1354 2235 ex
1375 2173 1707 2237 Athanasii
1725 2173 1992 2235 Alexan-

730 2254 896 2315 drini
923 2257 1248 2315 testimonio
1277 2255 1615 2315 deductum.

420 2357 561 2407 Cum
588 2351 865 2408 Dallaaani
917 2358 1080 2408 tanta
1128 2352 1447 2423 pertinacia
1495 2352 1854 2408 contendant
1885 2353 1994 2407 Eu-

345 2443 575 2498 sebium
605 2457 734 2497 esse
757 2443 974 2496 fontem
1013 2465 1032 2488 ι
1070 2441 1262 2498 omnis
1293 2443 1366 2497 de
1407 2441 1728 2512 lgnatianis
1758 2440 1991 2507 erroris,

347 2532 448 2602 qui
483 2546 628 2602 pene
653 2546 856 2586 omnes
879 2530 1197 2586 Christiani
1229 2531 1488 2586 nominis
1509 2531 1767 2586 eruditos
1793 2547 1989 2602 perva-

345 2622 460 2688 sit;
496 2640 524 2668 ››
559 2618 705 2674 nihil
755 2625 910 2674 certe
943 2619 1147 2674 mirum
1181 2619 1231 2674 si
1276 2634 1478 2676 omnes
1508 2619 1625 2675 fere
1656 2623 1786 2688 post
1805 2620 1988 2675 Euse-

344 2708 504 2764 bium
535 2709 869 2780 scriptores,
903 2724 972 2762 ex
1004 2707 1134 2775 hoc,
1183 2724 1357 2779 quem
1391 2712 1732 2780 corruptum
1765 2708 1988 2776 dicunt,

345 2802 505 2856 fonte
527 2816 691 2856 suam
725 2800 796 2855 de
819 2799 1026 2870 Ignatii
1058 2799 1320 2871 epistolis
1353 2800 1698 2856 sententiam
1726 2800 1993 2856 hausisse

344 2906 648 2962 perperam
706 2895 1060 2944 asseverent.
1095 2889 1211 2944 Hos
1239 2889 1432 2960 tigitur
1461 2889 1750 2960 Opinionis
1781 2895 1991 2944 nostra;

345 2978 870 3050 praestantissimos
901 2982 1246 3043 assertores,
1297 2984 1470 3048 atque
1503 2979 1696 3033 omnis
1719 2979 1902 3032 astatis
1934 2985 1991 3033 et

345 3067 692 3123 eruditionis
723 3067 875 3121 viros
906 3066 1174 3122 deserere
1229 3069 1434 3136 coacti,
1479 3067 1568 3121 vix
1609 3067 1860 3121 duorum
1889 3072 1992 3122 aut

342 3157 520 3210 trium
554 3157 844 3226 quaadam,
881 3155 961 3209 uti
995 3155 1180 3221 aiunt,
1227 3161 1416 3210 errata
1447 3155 1732 3222 minuere,
1775 3155 1986 3211 velau-

2095 567 2154 622 in
2186 565 2288 620 illa
2309 565 2550 620 Eusebii
2605 564 2857 620 llistoria
2890 581 3006 620 non
3057 567 3363 635 reperitur.
3394 564 3759 622 Athanasius

2094 654 2280 726 igitur
2309 653 2453 710 illud
2485 671 2555 710 ex
2583 653 2698 710 alio
2728 654 3033 726 scriptore,
3070 655 3156 709 vel
3189 671 3257 709 ex
3305 654 3504 726 aliquo
3535 656 3762 728 episto-

2095 743 2284 799 larum
2320 743 2532 813 Ignatii
2566 744 2960 814 manuscripto
2995 743 3191 799 codice
3213 749 3518 800 mutuatus
3545 750 3655 800 est.
3684 750 3764 800 At

2096 849 2165 888 ex
2193 838 2398 906 quovis
2419 833 2802 890 doctissimus
2832 831 2929 888 ille
2955 833 3166 902 praesul
3191 833 3336 888 illud
3359 833 3565 905 Ignatii
3588 836 3758 890 testi-

2098 923 2360 978 monium
2392 923 2701 992 acceperit,
2735 923 2860 992 ipse
2907 921 3257 978 utrumlibet
3287 929 3459 978 tantae
3492 923 3758 994 antiqui-

2098 1011 2236 1067 tatis
2265 1017 2324 1067 et
2348 1011 2710 1068 auctoritatis
2739 1012 3116 1080 existimavit,
3143 1017 3206 1066 ut
3234 1012 3372 1067 inde
3399 1011 3754 1068 catholicam

2099 1102 2275 1158 fidem
2309 1103 2589 1159 adversus
2640 1102 2989 1158 Arianorum
3023 1101 3282 1172 argutias
3309 1107 3366 1157 et
3397 1102 3755 1158 subtilitates

2098 1196 2226 1247 tuto
2260 1191 2474 1246 muniri
2507 1197 2565 1247 et
2606 1192 2841 1247 defendi
2874 1207 3043 1263 posse
3085 1208 3428 1262 persuasum
3458 1192 3754 1247 habuerit.

2102 1281 2306 1352 Liquet
2331 1281 2508 1353 igitur
2531 1285 2589 1337 et
2617 1286 2842 1336 constat
2874 1281 3260 1336 Athanasium
3283 1297 3396 1336 non
3429 1297 3496 1336 ex
3521 1279 3757 1336 Eusebii

2101 1369 2374 1438 Historia,
2407 1371 2509 1426 sed
2541 1386 2610 1424 ex
2640 1368 2839 1441 aliquo
2863 1370 3201 1426 venerandis
3234 1369 3610 1440 antiquitatis
3635 1386 3758 1425 mo-

2103 1458 2768 1531 nimento,epistolarum
2798 1458 3058 1524 illarum,
3084 1475 3231 1529 quas
3261 1458 3488 1530 lgnatio
3521 1458 3753 1526 tribuit,

2103 1549 2315 1604 citasse
2347 1547 2769 1604 testimonium.
2794 1547 3055 1618 Denique
3077 1547 3390 1603 Eusebium
3415 1547 3473 1602 in
3498 1546 3756 1604 citandis

2104 1637 2316 1709 Ignatii
2346 1637 2610 1709 epistolis
2673 1635 2834 1692 nullo
2867 1637 3040 1692 modo
3099 1652 3327 1692 errasse
3357 1637 3754 1692 ostendimus.

2105 1727 2344 1782 Frustra
2375 1725 2556 1799 igitur
2611 1726 2973 1782 Athanasius
3019 1727 3090 1782 ab
3122 1724 3221 1781 illo
3275 1724 3516 1780 delusus
3569 1725 3753 1782 fuisse

2103 1814 2337 1873 dicitur.

2100 1954 2130 2027 §
2162 1951 2266 2010 ΙΙΙ.
2311 1949 2571 2012 Tertium
2631 1959 3036 2031 argumentum
3071 1969 3144 2010 ea:
3171 1949 3427 2011 Joannis
3461 1948 3748 2031 C/zrysos-

2509 2031 2658 2092 tomt'
2672 2031 3036 2092 auctoritate
3056 2033 3340 2092 elicitum.

2171 2173 2558 2229 Athanasium
2594 2173 2854 2244 proxime
2886 2176 3125 2229 secutus
3156 2177 3245 2229 est
3276 2173 3753 2246 Chrysostomus,

2101 2263 2201 2334 qui
2222 2264 2280 2319 in
2299 2264 2769 2334 oratione,quam
2795 2263 3115 2318 Antiochiae
3139 2265 3209 2319 de
3234 2263 3445 2336 Ignatii
3470 2266 3749 2338 martyrio

2102 2355 2328 2422 habuit,
2359 2356 2440 2411 sic
2464 2353 2729 2426 loquitur
2749 2354 2795 2388 ’ν
2820 2370 2833 2408 :
2855 2375 2883 2405 «
2910 2353 3072 2410 Unde
3097 2355 3202 2410 hoc
3232 2354 3297 2408 fit
3328 2355 3705 2426 perspicuum
3726 2356 3755 2410 ?

2100 2445 2182 2500 Ex
2209 2444 2402 2500 verbis
2428 2461 2554 2515 quis
2579 2445 2902 2499 moriturus
2933 2443 3299 2516 loquebatur.
3345 2449 3487 2500 Cum
3510 2445 3667 2501 enim
3690 2446 3749 2502 id

2100 2552 2284 2607 genus
2317 2534 2592 2607 supplicii
2625 2534 2737 2590 sibi
2766 2535 3140 2590 subeundum
3172 2550 3301 2591 esse
3334 2535 3748 2593 intellexisset:

2101 2626 2228 2694 Ego,
2263 2624 2651 2695 inquit,feras
2698 2623 2829 2678 iilas
2881 2625 3240 2693 adiuvarem:
3276 2644 3307 2677 (ι
3335 2625 3529 2680 Graece
3561 2642 3694 2682 vero
3729 2641 3745 2683 :

2102 2713 2247 2787 Ἐγὼ
2278 2716 2383 2766 τῶν
2417 2710 2628 2766 ἐκείνων
2655 2710 2903 2784 ὀναίμην,
2937 2705 3254 2786 ἔλεγεὨυω
3287 2714 3523 2784 quidem
3549 2714 3749 2772 Graca

2098 2806 2272 2860 verba
2292 2821 2361 2860 ex
2379 2804 2588 2875 Ignatii
2611 2804 2856 2874 epistola
2880 2807 2948 2860 ad
2977 2805 3270 2860 Romanos
3284 2805 3595 2876 desumpta
3615 2821 3746 2862 esse

2100 2911 2272 2950 nemo
2303 2911 2419 2950 non
2451 2892 2628 2950 videt.
2696 2897 2969 2948 Attamen
3002 2893 3249 2948 Dallaeus
3300 2893 3594 2948 contendit
3626 2895 3696 2930 ¹⁰⁰
3726 2899 3742 2932 ί

2101 2984 2583 3054 Chrysostomum
2625 3004 2652 3032 ‹‹
2715 2981 2858 3037 nihil
2921 2982 3130 3052 Ignatii
3189 2981 3482 3051 proprium
3537 2990 3745 3051 praeter

2100 3074 2434 3145 passionem
2494 3073 2709 3141 dicere,
2743 3087 2812 3127 ex
2868 3087 2985 3141 qua
3033 3069 3132 3124 illa
3180 3071 3307 3138 ejus
3363 3069 3537 3124 verba
3566 3071 3744 3124 refert

2101 3172 2268 3232 atque
2298 3162 2650 3232 ampliﬁcat:
2687 3184 2714 3211 »ι
2740 3163 2794 3216 id
2826 3166 2935 3226 est,
2958 3160 3128 3229 juxta
3159 3157 3354 3214 Dallazi
3382 3158 3742 3229 Opinionem,

341 3244 668 3298 ctoritatem
702 3242 929 3299 elevare
963 3251 1270 3298 conantur.
1307 3244 1537 3300 Primus
1580 3245 1726 3299 inter
1754 3262 1853 3300 eos
1885 3246 1982 3301 do-
2019 3227 2062 3293 (ἶ
2094 3227 2580 3321 ϐᾑὶῃωώωυω
2612 3252 2732 3307 haec
2763 3249 2942 3304 verba
2962 3227 3083 3303 non
3117 3264 3185 3303 ex
3215 3227 3480 3318 epistolis
3515 3247 3742 3317 Ignatii,

342 3333 529 3388 ctrina
580 3340 636 3386 et
687 3332 893 3387 merito
954 3333 1168 3388 eminet
1209 3332 1582 3398 Athanasius,
1628 3335 1982 3390 Alexandriae

341 3421 676 3492 episcopus,
699 3423 799 3492 qui
831 3420 1364 3493 epistolamlgnatii
1408 3423 1481 3478 ad
1515 3425 1796 3496 Ephesios
1827 3426 1985 3482 hunc

340 3508 543 3564 laudat
576 3509 630 3562 in
667 3509 904 3563 modum
937 3509 1018 3562 9°:
1054 3530 1081 3558 «
1114 3508 1372 3582 lgnatius
1396 3512 1838 3584 postapostolos
1862 3520 1982 3568 An-

343 3597 566 3652 tiochia.-
599 3598 834 3669 praesul,
867 3603 923 3652 et
951 3605 1171 3669 martyr
1192 3600 1427 3667 Christi,
1475 3601 1532 3656 in
1557 3601 1829 3672 epistolis
1863 3604 1984 3659 suis

343 3687 412 3742 de
432 3687 679 3743 Domino
707 3689 784 3742 ita
836 3687 1066 3744 loculus
1089 3695 1216 3744 est:
1253 3689 1416 3745 Unus
1447 3696 1537 3746 est
1569 3693 1830 3748 medicus
1860 3709 1982 3748 car-

343 3777 492 3832 nalis
523 3782 579 3830 et
608 3775 910 3848 spiritalis,
963 3779 1198 3849 genitus
1221 3785 1276 3833 et
1307 3781 1624 3850 ingenitus,
1659 3783 1714 3836 in
1750 3781 1985 3836 homine

341 3867 516 3932 Deus,
544 3867 600 3921 in
626 3873 807 3923 morte
838 3869 955 3922 vita
971 3884 1124 3935 vera,
1149 3884 1217 3923 ex
1232 3870 1412 3925 Maria
1438 3876 1496 3925 et
1517 3877 1651 3927 Deo.
1687 3894 1712 3922 η
1739 3872 1985 3928 ΠιιΗωυε

341 3955 440 4009 ubi
469 3955 578 4010 hoc
634 3956 938 4011 Athanasii
986 3957 1390 4013 testimonium
1444 3961 1735 4031 expendit,
1776 3962 1986 4014 fatetur

341 4045 591 4099 illumin
636 4061 703 4100 eo
759 4063 870 4100 non
929 4061 1220 4115 peccasse,
1255 4048 1412 4118 quod
1443 4049 1743 4120 egregium
1769 4048 1982 4115 locum,

341 4149 530 4189 causae
567 4151 684 4189 suae
720 4134 1130 4200 utilissimum,
1171 4151 1344 4205 quem
1377 4154 1446 4191 ex
1477 4137 1684 4208 Ignatii
1719 4134 1984 4206 epistolis

340 4229 548 4278 nactus
578 4225 741 4288 ferat,
777 4224 906 4292 ejus
932 4224 1166 4279 nomine
1197 4225 1542 4280 laudaverit.
1567 4225 1809 4294 Magnas
1831 4230 1984 4280 certe

339 4312 699 4367 Athanasius
759 4311 1008 4379 Daellaso,
1041 4316 1194 4384 quod
1243 4332 1374 4369 eum
1427 4332 1460 4368 a
1513 4319 1766 4383 peccato,
1828 4315 1984 4385 quod

341 4402 570 4456 nullum
601 4417 729 4456 esse
762 4410 1004 4472 poterat,
1049 4407 1376 4459 urbanitate
1409 4409 1526 4458 tam
1563 4405 1847 4476 singulari
1889 4423 1985 4461 ex.-

341 4507 448 4547 eus
480 4496 538 4546 et
566 4491 801 4547 haberet
827 4494 1070 4564 gratias,
1101 4495 1148 4549 si
1183 4494 1374 4564 ipsum
1397 4495 1670 4548 continuo
1687 4500 1986 4564 propterea

2095 3340 2195 3395 sed
2225 3357 2290 3395 ex
2327 3339 2589 3411 martyrii
2624 3339 2812 3410 ipsius
2843 3337 2994 3393 Actis
3024 3341 3260 3408 accepta
3293 3335 3744 3390 referre.Verum

2097 3430 2150 3484 id
2179 3429 2419 3485 omnino
2463 3429 2676 3485 falsum
2718 3445 2848 3484 esse
2881 3429 3016 3482 inde
3040 3429 3160 3498 jam
3191 3425 3742 3491 demonstravimus,

2094 3522 2249 3591 quod
2285 3519 2458 3574 verba
2510 3518 2612 3573 illa
2643 3534 2758 3572 non
2810 3517 2868 3571 in
2904 3517 3055 3572 veris
3109 3521 3167 3570 et
3197 3513 3442 3570 sinceris
3473 3513 3734 3584 martyrii

2098 3608 2383 3679 lgnatiani
2418 3609 2598 3673 Actis,
2633 3606 2733 3661 sed
2767 3606 3173 3660 tantummodo
3207 3605 3264 3656 in
3301 3601 3667 3672 interpolatis
3686 3605 3745 3657 et

2093 3697 2402 3767 corruptis,
2435 3700 2494 3749 et
2525 3693 2933 3762 Chrysostomo
2963 3691 3195 3761 penitus
3229 3689 3742 3760 incognitis,repe—

2092 3785 2339 3839 riantur.

2165 3875 2351 3926 Instat
2375 3875 2568 3924 tamen
2603 3867 2850 3923 Dallaaus
2872 3868 2931 3921 ’ξ
2963 3896 2986 3919 ‹‹
3019 3869 3133 3922 Cur
3164 3883 3276 3920 non
3311 3864 3544 3936 aliquas
3577 3883 3643 3922 ex
3667 3867 3740 3924 iis

2093 3960 2380 4030 epistolis,
2433 3957 2669 4012 maxime
2700 3956 3027 4012 laudabiles
3085 3955 3430 4025 sententias,
3479 3971 3644 4026 aeque
3676 3974 3742 4013 ac

2091 4048 2252 4103 illam
2287 4047 2554 4118 martyris
2585 4062 2681 4101 ore
2712 4044 2990 4117 prolatam
3027 4044 3644 4112 rccitat,suavissimis
3677 4062 3744 4101 ac

2095 4136 2509 4209 pulcherrimis
2533 4137 2738 4191 divina
2780 4153 2898 4190 suae
2933 4135 3276 4206 eloquentiae
3307 4134 3552 4190 floribus
3572 4151 3747 4190 orna-

2090 4229 2228 4281 tas?
2253 4246 2277 4277 η
2309 4227 2418 4282 Sed
2442 4227 2561 4281 haec
2581 4243 2613 4280 a
2643 4225 2877 4284 Dallzeo.
2905 4229 3075 4279 tantis
3097 4223 3448 4280 eruditionis
3478 4224 3743 4291 viro,tam

2097 4317 2306 4389 frigide
2357 4316 2685 4386 objicienda
2735 4331 2850 4370 non
2881 4319 3058 4381 erant,
3120 4313 3336 4386 quippe
3368 4313 3467 4384 qui
3519 4313 3744 4368 nescire

2097 4423 2210 4461 non
2240 4406 2635 4478 poteratapud
2671 4405 2942 4475 antiquos
2978 4405 3196 4469 Patres,
3233 4402 3331 4473 qui
3365 4403 3743 4474 panegyricas

2097 4497 2169 4551 de
2209 4495 2586 4568 martyribus,
2611 4495 2860 4566 aliisque
2882 4494 3020 4549 viris
3041 4492 3434 4548 sanctissimis
3450 4492 3743 4547 orationes

341 4596 454 4634 non
487 4588 809 4646 accusaret,
834 4584 984 4653 quod
1019 4585 1367 4653 gravissima
1389 4583 1788 4653 disputatione
1812 4600 1984 4639 occu-
2016 4583 2062 4648 D
2093 4587 2448 4652 habuerunt,
2481 4585 2539 4638 in
2572 4601 2732 4639 more
2785 4601 2898 4638 non
2930 4583 3112 4637 fuisse
3143 4599 3210 4637 ex
3241 4597 3442 4636 eorum
3477 4580 3743 4652 epistolis

338 4674 532 4740 patus,
583 4677 874 4726 ostentata
912 4673 1022 4726 sibi
1085 4675 1155 4725 ab
1191 4671 1436 4726 Eusebio
1470 4672 1615 4726 falsa
1650 4671 1856 4744 Ignatii
1891 4689 1989 4728 au-

337 4761 606 4815 ctoritate
650 4760 892 4815 delusus
927 4761 1025 4815 sit.
1086 4759 1302 4814 Verum
1338 4777 1451 4830 quo
1506 4760 1601 4816 ille
1641 4768 1987 4828 argumento

335 4849 767 4906 demonstrabit
802 4849 1183 4904 Athanasium
1217 4851 1287 4904 ab
1321 4851 1570 4905 Eusebio
1607 4851 1789 4906 fuisse
1819 4851 1986 4906 delu-

336 4940 515 4994 sum?
547 4940 861 5010 Postquam
897 4939 1189 4994 enimvero
1222 4939 1466 4995 historia
1497 4941 1728 4996 Eusebii
1750 4941 1989 5013 vulgata

335 5033 444 5095 est,
477 5029 671 5084 statim
711 5027 1300 5089 Athanasius,relicta
1328 5028 1692 5097 Alexandria,
1714 5028 1884 5102 longe
1915 5031 1986 5087 ab

336 5117 582 5173 Eusebio
614 5118 729 5172 fere
773 5133 1007 5188 semper
1049 5116 1257 5186 abfuit,
1291 5124 1465 5189 atque
1497 5119 1807 5174 Historiam
1837 5121 1988 5191 ejus-

332 5207 464 5262 dem
499 5208 736 5263 Eusebii
769 5207 826 5262 in
863 5223 1076 5264 manus
1106 5207 1235 5278 ejus
1269 5223 1567 5279 nunquam
1593 5209 1820 5264 venisse
1849 5226 1984 5266 vero

330 5302 421 5352 est
452 5297 844 5354 simillimum.
911 5300 1176 5352 Attamen
1209 5303 1335 5353 esto
1379 5297 1478 5353 illa
1511 5298 1567 5352 in
1612 5315 1825 5355 manus
1856 5301 1983 5370 ejus

331 5387 573 5442 venerit.
608 5386 764 5442 Nihil
825 5403 964 5442 sane
1013 5386 1150 5443 inde
1209 5387 1475 5444 conficiet
1526 5387 1796 5445 Dallieus.
1831 5389 1980 5448 Nam

2099 4674 2185 4729 vel
2215 4674 2451 4744 scriptis
2485 4673 2730 4728 recitare
2760 4695 2787 4721 ‹‹
2853 4671 3179 4726 laudabiles
3230 4670 3572 4738 sententias,
3607 4686 3746 4724 sua-

2100 4762 2359 4817 vissimis
2391 4778 2456 4816 ac
2513 4760 2929 4833 pulcherrimis
2979 4759 3184 4814 divina:
3245 4775 3363 4813 suae
3395 4757 3744 4830 eloquentia:

2101 4853 2340 4907 floribus
2364 4857 2671 4907 ornatas.»
2707 4855 2954 4922 Legatur
2977 4849 3325 4920 panegyrica
3359 4847 3660 4918 Augustini
3688 4848 3745 4901 in

2097 4941 2442 5015 Cyprianum
2486 4941 2690 5009 oratio,
2726 4939 2999 5012 legantur
3049 4939 3174 4994 alia:
3207 4939 3279 4992 ab
3312 4937 3444 4992 aliis
3478 4937 3748 4992 Patribus

2095 5035 2400 5104 perorata,
2452 5047 2518 5085 ac
2549 5030 2605 5084 in
2649 5030 2731 5084 eis
2785 5027 3113 5084 laudabiles
3143 5043 3346 5084 eorum
3402 5025 3746 5090 sententias,

2095 5139 2244 5194 quas
2276 5123 2334 5176 in
2392 5120 2808 5194 Chrysostomo
2862 5121 2934 5175 de
2969 5119 3197 5191 lgnatio
3246 5122 3445 5173 nostro
3489 5114 3740 5170 Dalla-zus

2097 5211 2412 5275 desiderat,
2460 5211 2731 5266 recitatae
2775 5209 2974 5265 nullus
3008 5209 3272 5280 reperiet.
3313 5206 3527 5260 Deinde
3558 5204 3740 5276 Chry-

2094 5305 2393 5356 sostomus
2426 5299 2576 5356 hanc
2607 5298 2790 5355 solam
2837 5315 2903 5353 ex
2935 5298 3144 5371 Ignatii
3177 5294 3439 5366 epistolis
3470 5292 3743 5366 pulcher-

2095 5391 2303 5445 rimam
2335 5389 2688 5445 sententiam
2748 5387 3147 5444 deﬂorandam
3181 5401 3306 5441 esse
3337 5381 3589 5449 censuit,
3622 5398 3742 5439 non

401 5554 448 5590 θ’
478 5556 976 5632 De_:_y_no_d._Ar_im.
1025 5563 1076 5614 et
1134 5559 1373 5627 Selene,
1405 5576 1462 5631 p.
1521 5559 1648 5631 992,
1680 5559 1818 5617 edit.
1873 5561 2055 5618 Paris.
2085 5560 2136 5597 '9
2193 5560 2399 5619 homil.
2431 5561 2520 5616 42.
2580 5564 2622 5617 t.
2653 5562 2697 5629 ι,
2730 5561 2872 5620 edit.
2917 5560 3103 5628 Paris,
3176 5576 3234 5632 p.
3289 5557 3418 5625 506,
3475 5552 3742 5626 '°°,‘capo

328 5627 421 5695 35,
457 5643 515 5698 p.
552 5629 676 5682 446.
709 5629 730 5661 ι
761 5627 906 5683 Ibid.
