4112 6132
352 324 474 382 497

1305 329 1376 386 D.
1424 323 1757 388 NOURRII
1802 320 2337 383 DISSERTATIO.
2383 356 2461 367 —
2504 323 2704 386 PARS
2750 324 2798 385 Ι.

3652 329 3772 390 498

349 459 484 515 ideo
516 463 746 513 tantum
779 459 917 529 quia
948 475 1244 514 summum
1298 460 1427 530 ejus
1459 476 1562 530 pro
1604 458 1833 515 Christo
1889 475 1999 528 pa-
2035 461 2085 525 Α
2118 459 2239 524 Quo
2270 459 2425 513 enim
2480 462 2643 528 pacto
2677 458 2865 513 sancti
2924 457 3086 514 illius
3117 460 3373 515 doctoris
3413 460 3471 516 in
3506 467 3764 517 mentem

352 548 536 602 tiendi
570 549 836 603 ardorem
897 548 1262 618 apertissime
1304 547 1672 615 ostendebat,
1732 548 1830 602 sed
1867 548 2007 619 quia
2115 548 2311 601 venire
2343 548 2550 617 potuit,
2612 556 2672 601 ut
2730 548 2964 616 scripta,
2998 566 3128 619 quae
3178 551 3250 603 ab
3312 550 3557 619 lgnatio,
3602 557 3763 606 tanto

352 655 482 693 eam
517 654 753 709 quoque
785 640 853 693 ad
889 639 1271 694 celebrandas
1306 640 1454 694 tanti
1489 639 1761 710 martyris
1801 639 2006 694 laudes
2117 643 2387 707 martyre,
2448 653 2622 707 quem
2685 637 2902 691 honore
2970 639 3222 692 maximo
3275 641 3759 710 prosequebatur,

354 728 545 797 magis
576 730 900 784 conducere
951 730 1271 785 arbitratus
1299 735 1406 785 est.
1455 731 1710 799 Denique
1739 729 1827 784 vel
1859 728 2001 797 sola,

351 832 531 886 quam
566 834 745 888 supra
785 818 1180 887 exhibuimus,
1204 819 1584 889 epistolarum
1620 818 1825 889 Ignatii
1860 836 2001 872 ana-

348 904 462 975 lysi
482 922 593 960 non
610 908 857 961 obscure
874 907 1167 979 colligitur
1196 909 1675 978 Chrysostomum
1695 924 1763 961 ex
1792 908 2000 962 iisdem

348 1010 412 1049 ea
446 995 876 1065 desumpsisse,
931 1014 1055 1066 quae
1092 996 1306 1051 ibidem
1341 996 1499 1063 dicit,
1540 996 1715 1051 urbes
1745 997 1815 1051 ad
1852 1013 2000 1067 quas

344 1084 611 1153 lgnatius
644 1102 749 1140 suo
778 1086 835 1139 in
862 1085 1067 1140 itinere
1095 1087 1418 1141 diversatus
1450 1090 1558 1149 est,
1591 1086 1997 1141 illumuCum

341 1191 558 1243 magno
592 1183 921 1231 commeatu
977 1177 1293 1243 dimisisse,
1352 1178 1620 1247 precibus
1653 1181 1710 1231 et
1758 1176 1998 1248 legatio-

346 1263 534 1318 nibus
562 1264 757 1334 ipsum
793 1266 1155 1335 adjuvantes.
1181 1287 1211 1315 ››

409 1354 782 1423 Subjungere
823 1354 914 1409 his
967 1371 1284 1424 possumus
1317 1356 1588 1411 eumdem
1648 1356 1995 1427 Chrysosto-

338 1457 509 1497 mum
544 1441 659 1497 alia
707 1444 766 1497 in
824 1446 1084 1498 oratione
1115 1446 1289 1499 verba
1344 1444 1576 1514 Ignatii,
1609 1461 1737 1515 quae
1770 1460 1835 1498 ex
1867 1445 2023 1515 ejus

337 1532 408 1586 ad
451 1530 842 1603 Polycarpum
902 1532 1152 1602 epistola
1213 1538 1512 1588 mutuatus
1573 1534 1777 1601 fuerat,
1840 1532 1998 1589 hunc

337 1621 688 1677 hausissein
714 1622 953 1677 modum
975 1621 1033 1676 3:
1064 1645 1091 1671 ‹‹
1152 1626 1461 1693 Propterea
1493 1622 1707 1678 nobilis
1750 1623 1833 1677 vir
1863 1623 1992 1693 qui-

337 1713 471 1764 dam
509 1726 575 1765 ex
610 1711 927 1777 veteribus,
964 1710 1056 1766 cui
1092 1728 1304 1766 nomen
1338 1712 1622 1782 Ignatius,
1655 1714 1875 1783 quique
1907 1729 1994 1767 sa-

2117 727 2371 795 profecta
2401 742 2529 780 esse
2561 726 3060 795 sciebat,ipsemet
3092 734 3524 796 aspernaretur.
3561 729 3763 785 Restat

2114 814 2294 883 igitur
2325 820 2387 867 ut
2417 816 2675 881 epistolas
2710 814 2935 879 Ignatii,
2969 816 3017 868 si
3048 816 3367 886 aliquando
3414 833 3513 872 eas
3559 817 3759 873 Hiero—

2115 922 2325 975 nymus
2385 922 2497 959 non
2530 906 2834 973 spreverit,
2869 904 2977 975 ipsi
3037 906 3253 960 iuerint
3297 906 3625 978 incognitis.
3687 915 3762 964 At

2111 997 2404 1065 quomodo
2433 994 2547 1048 illae
2579 995 3014 1066 epistolm,quas
3036 995 3238 1049 tandiu
3266 997 3337 1049 ab
3372 996 3595 1067 Ignatio
3619 999 3758 1053 scri-

2112 1088 2240 1152 ptas
2274 1083 2455 1138 fuisse
2478 1100 2575 1152 pro
2602 1090 2756 1138 certo
2791 1083 3014 1149 habuit,
3060 1090 3371 1155 potuerunt
3403 1086 3508 1154 ipsi
3551 1093 3757 1156 postea

2109 1172 2571 1244 ﬁeri'incognitaa
2592 1172 2620 1226 ?

2179 1279 2457 1334 Dallaaum
2521 1288 2710 1334 tamen
2772 1280 2893 1334 haec
2945 1282 3233 1350 paradoxa
3294 1291 3751 1352 pr0pugnantem

2108 1384 2446 1439 sequamur.
2510 1368 2791 1437 Ignatius,
2828 1370 3018 1439 inquit
3052 1370 3167 1437 ille,
3204 1370 3295 1425 his
3332 1371 3595 1440 epistolis
3628 1372 3754 1442 epi-

2107 1473 2418 1527 scoporum
2448 1473 2582 1511 cum
2646 1458 2998 1528 presbyteris
3051 1458 3292 1513 damnat
3340 1458 3754 1530 aequalitatem,

2109 1562 2283 1617 quam
2318 1546 2707 1616 Hieronymus
2744 1569 2763 1593 σι
2820 1546 3115 1600 mordicus
3149 1546 3368 1617 passim
3416 1548 3693 1605 defendit.
3720 1571 3748 1599 »

2107 1635 2183 1689 Ex
2220 1653 2332 1701 qua
2388 1634 2688 1703 utriusque
2738 1635 3130 1705 discrepantia
3186 1635 3283 1690 ille
3330 1638 3527 1692 statim
3578 1638 3753 1693 infert

2108 1726 2528 1798 Hieronymum
2587 1724 2693 1778 has
2753 1723 3032 1793 epistolas
3093 1740 3205 1779 non
3241 1724 3533 1792 habuisse,
3572 1747 3601 1774 ‹‹
3648 1744 3750 1796 pro

335 1799 601 1854 cerdotio
622 1800 800 1854 simul
834 1806 890 1855 et
910 1801 1181 1872 martyrio
1203 1802 1661 1866 decoratusfuit,
1697 1803 1766 1856 ad
1796 1819 1989 1857 8808!”
2024 1820 2072 1885 Β
2103 1830 2234 1867 vero
2260 1814 2368 1868 viri
2401 1812 2699 1884 apostolici
2733 1814 2873 1880 fetu,
2910 1813 2995 1868 vel
3030 1813 3283 1867 nondum
3309 1813 3367 1867 in
3390 1814 3462 1868 iis
3494 1815 3607 1869 ista
3629 1819 3745 1869 tam

335 1890 535 1945 dotem
560 1891 875 1960 quemdam
916 1890 1203 1957 scribens,
1233 1891 1462 1946 dicebat
1487 1908 1499 1946 :
1522 1914 1549 1940 ‹‹
1567 1891 1721 1946 Nihil
1744 1892 1870 1947 sine
1891 1896 1994 1948 tua

2106 1901 2293 1957 multa
2323 1902 2664 1972 fuisse,quas
2692 1902 2865 1956 hodie
2887 1902 2958 1956 de
2978 1901 3349 1972 episcopatus
3378 1903 3746 1971 necessitate,

330 1978 636 2033 νοιῠηὶδίθ
684 1984 940 2049 geratur,
976 1995 1166 2050 neque
1223 1979 1360 2035 item
1394 1980 1719 2051 quidquam
1765 1981 1999 2052 absque
2102 2000 2155 2047 el
2182 2009 2300 2063 prae
2350 1992 2756 2063 presbyteratu
2790 1990 3132 2046 excellentia
3155 1989 3425 2061 legimus.
3459 2012 3486 2041 ι»
3530 1990 3745 2045 Verum

331 2067 432 2123 Dei
497 2068 678 2123 facias
734 2067 1053 2124 voluntate.
1098 2090 1127 2119 ››
1186 2069 1311 2124 Non
1364 2071 1688 2125 difﬁtemur
1746 2086 1991 2138 negasse

333 2157 655 2214 nonnullos
714 2157 865 2213 hanc
923 2159 1244 2213 orationem
1304 2158 1544 2214 fuissea
1582 2159 1994 2230 Chrysostomo

335 2250 673 2317 profectam.
734 2247 950 2303 Verum
1014 2247 1135 2303 haec
1189 2248 1275 2304 illi
1333 2248 1617 2303 tribuitur
1672 2266 1705 2303 a
1766 2249 1994 2316 Photio,

335 2338 591 2393 Adriano
622 2337 809 2408 primo
839 2353 1067 2391 summo
1095 2337 1387 2407 pontifice,
1423 2338 1742 2409 Epiphanio
1793 2340 1989 2393 diaco-

341 2442 434 2493 no,
457 2431 516 2481 et
557 2426 813 2481 secundo
846 2425 1091 2481 concilio
1124 2425 1392 2493 Nicaeno;
1429 2442 1495 2481 ac
1526 2431 1800 2498 presteres
1840 2428 1988 2499 Chy-

342 2514 585 2570 sostomi
620 2514 808 2585 stylus
840 2514 895 2568 in
932 2529 999 2568 ea
1032 2515 1209 2569 micat
1254 2520 1312 2569 et
1333 2516 1693 2585 agnoscitur.
1728 2516 1989 2586 Denique

344 2604 396 2658 id
428 2604 643 2659 certius
676 2604 855 2657 asseri
889 2609 1095 2673 potest,
1137 2618 1205 2657 ex
1236 2619 1348 2673 quo
1394 2603 1512 2658 hac
1542 2604 1727 2659 oratio
1760 2605 1986 2676 absque

348 2692 566 2746 lacunis
587 2697 641 2745 et
661 2690 922 2746 hiatibus
949 2692 1006 2746 in
1044 2691 1241 2746 Savilii
1288 2690 1543 2747 editione
1564 2690 1789 2762 integra
1818 2694 1987 2762 prod-

355 2779 420 2833 iit
436 2780 494 2834 in
522 2780 725 2836 lucem.

350 2905 377 2972 §
414 2904 494 2961 IV.
528 2910 794 2976 Quartum
838 2915 1220 2980 argumentum
1250 2923 1321 2963 ex
1368 2908 1693 2980 Hieronymi
1739 2908 1980 2966 testimo-

960 2979 1055 3034 nio
1092 2981 1345 3051 petitum.

398 3103 477 3159 De
508 3103 835 3177 Hieronymi
852 3105 1252 3162 circaeasdem
1288 3107 1497 3178 Ignatii
1535 3107 1719 3163 nostri
1751 3108 1970 3181 episto-

338 3192 419 3249 las
440 3194 730 3250 sententia
752 3212 858 3251 cur
886 3194 1046 3249 litem
1074 3194 1585 3262 moveatDallaaus,
1607 3197 1747 3253 satis
1776 3200 1975 3257 mirari
2005 3190 2049 3253 C

334 3300 444 3339 non
479 3300 823 3355 possumus.
846 3283 991 3348 Quid
1026 3282 1180 3339 enim
1215 3283 1379 3339 deiis
1412 3284 1497 3340 vir
1524 3284 1619 3341 ille
1648 3287 1983 3344 eruditissi-

326 3389 458 3428 mus
490 3373 763 3440 senserit,
797 3378 914 3427 tam
947 3377 1144 3443 aperte
1167 3371 1439 3441 declarat,
1477 3378 1541 3429 ut
1574 3374 1720 3430 nihil
1759 3377 1978 3435 clarius

326 3461 648 3517 desiderari
672 3478 843 3534 posse
874 3460 1123 3516 Dallaeus
1156 3464 1279 3533 ipse
1312 3462 1599 3519 fateatur:
1635 3486 1663 3515 «
1697 3464 1978 3540 Hierony-

334 3567 481 3616 mus,
508 3551 701 3622 inquit
729 3552 771 3618 ‘,
804 3551 903 3622 qui
935 3557 1224 3607 errantem
1275 3551 1585 3608 Eusebium
1638 3571 1752 3611 non
1801 3559 1981 3615 semel

330 3645 572 3696 secutus
602 3644 711 3710 est,
740 3639 942 3696 eadem
993 3656 1222 3711 quoque
1269 3640 1341 3695 de
1373 3640 1597 3713 Ignatio
1627 3648 1684 3699 et
1714 3646 1981 3717 epistolis

324 3731 453 3801 ejus
488 3729 657 3785 dixit.
696 3751 716 3780 ι
762 3734 828 3785 Et
862 3729 1036 3801 paulo
1069 3733 1232 3801 post:
1269 3752 1296 3779 ‹‹
1333 3730 1562 3787 Eusebii
1591 3736 1979 3806 omnesjudi-

322 3821 507 3891 cium,
546 3820 928 3891 Hieronymus
951 3821 1123 3874 etiam
1160 3821 1333 3874 verba
1364 3825 1604 3877 secutus
1631 3832 1737 3877 est.
1773 3847 1801 3875 ››
1830 3829 1981 3884 Loca

322 3916 518 3966 autem
545 3909 897 3980 scriptorum
921 3908 1279 3980 Hieronymi,
1315 3909 1411 3963 ubi
1436 3910 1977 3984 Eusebiijudicium

319 4008 371 4055 et
401 4000 603 4065 verba,
655 4004 805 4053 teste
836 3997 1071 4065 Dallaeo,
1118 4002 1356 4053 secutus
1388 4003 1495 4068 est,
1520 3998 1616 4056 hic
1648 4002 1980 4061 describere

318 4105 432 4143 non
466 4094 561 4145 est
620 4103 878 4154 necesse,
914 4091 1037 4142 tum
1081 4087 1222 4158 quia
1281 4086 1595 4158 prolixiora
1647 4096 1806 4161 sunt,
1854 4098 1977 4151 tum

320 4178 460 4250 quia
492 4178 568 4232 de
615 4176 707 4232 his
741 4176 1016 4232 fatentem
1067 4175 1345 4232 Dallaeum
1376 4175 1682 4235 habemus.
1716 4181 1979 4239 Sufﬁciet

318 4265 521 4338 itaque
572 4265 887 4319 adnotasse
918 4280 985 4319 ea
1016 4263 1252 4336 reperiri
1290 4264 1543 4336 primum
1573 4266 1633 4323 in
1664 4268 1816 4325 libro
1846 4272 1971 4340 ejus

318 4354 607 4408 adversus
656 4349 1014 4417 Helvidium,
1046 4366 1214 4422 quem
1250 4369 1403 4407 anno
1461 4353 1567 4408 383
1615 4360 1715 4411 aut
1743 4356 1847 4411 384
1880 4358 1976 4415 ille

318 4440 655 4514 composuit
688 4439 934 4495 :deinde
982 4440 1040 4494 in
1094 4439 1367 4512 Catalogo
1400 4442 1750 4514 scriptorum
1792 4446 1973 4502 eccle-

2102 2082 2288 2136 ambaz
2322 2081 2567 2151 hujusce
2608 2080 3134 2151 argumentationis
3174 2085 3368 2149 partes
3393 2078 3550 2133 falsas
3583 2084 3742 2146 sunt,

2100 2176 2156 2225 et
2187 2172 2256 2225 ad
2318 2170 2619 2239 probanda
2677 2170 2873 2225 Dallazi
2908 2169 3199 2238 paradoxa
3230 2168 3468 2221 omnino
3510 2168 3739 2237 ineptae.

2097 2262 2174 2314 Ac
2206 2259 2463 2330 primum
2516 2260 2752 2329 quidem
2810 2256 3240 2328 consequentiae
3277 2255 3500 2310 falsitas
3547 2272 3612 2311 eo
3640 2256 3743 2311 de-

2100 2352 2420 2403 monstratu
2432 2349 2636 2418 r,quod
2671 2348 2873 2403 eodem
2905 2350 3249 2417 argumento
3264 2344 3494 2416 probari
3521 2350 3741 2415 posset,

2096 2452 2160 2491 ea
2193 2438 2388 2492 omnia
2409 2438 2791 2507 antiquorum
2824 2440 3059 2491 Patrum
3088 2436 3306 2505 scripta
3334 2435 3521 2490 eidem
3543 2434 3741 2490 Hiero-

2096 2550 2270 2605 nymo
2329 2536 2525 2604 ignota
2557 2539 2657 2589 aut
2713 2541 2907 2605 spreta
2939 2533 3139 2599 fuisse,
3173 2534 3231 2588 in
3292 2534 3509 2604 quibus
3542 2536 3741 2607 aliqua

2092 2621 2301 2693 opinio,
2356 2638 2532 2693 quam
2587 2621 2682 2676 ille
2733 2643 2761 2671 «
2796 2621 3096 2677 mordicus
3126 2621 3348 2691 passim
3395 2623 3676 2691 defendit,
3707 2640 3735 2673 ι

2092 2712 2370 2766 damnata
2390 2710 2790 2782 legitur.Quod
2816 2726 2958 2765 sane
2988 2709 3371 2765 falsissimum
3397 2726 3525 2767 esse
3548 2728 3742 2781 nemo,

2091 2815 2163 2854 ne
2196 2799 2317 2871 ipse
2342 2800 2580 2872 quidem
2612 2799 2888 2865 Dallaaus,
2922 2799 3235 2870 negaverit.
3263 2801 3407 2864 Quot
3432 2801 3588 2855 enim
3618 2817 3743 2856 ver-

2088 2885 2147 2941 bi
2177 2890 2359 2958 gralia
2417 2886 2697 2957 Origenes
2731 2887 2788 2941 in
2848 2886 3121 2956 operibus
3180 2886 3305 2941 suis
3350 2888 3591 2943 damnat
3622 2888 3743 2960 opi-

2086 2975 2313 3043 niones,
2345 2992 2492 3047 quas
2519 2975 2907 3047 Hieronymus
2928 2996 2957 3025 «
2984 2975 3280 3029 mordicus
3302 2975 3518 3046 passim
3537 2977 3740 3032 defen-

2087 3069 2175 3124 dit
2208 3068 2236 3123 ‘I
2286 3090 2315 3118 »
2364 3068 2640 3139 Nunquid
2674 3066 2927 3122 Dallaeus
2957 3070 3110 3122 recte
3141 3066 3278 3122 inde
3322 3066 3630 3123 concludet
3670 3083 3738 3124 ea

2092 3157 2361 3230 Origenis
2378 3172 2552 3228 opera
2566 3156 2915 3224 Hieronymo
2938 3156 3187 3227 «ignota
3209 3164 3305 3210 aut
3320 3160 3515 3225 spreta
3533 3157 3735 3224 fuisse,

2097 3246 2188 3303 vel
2201 3247 2457 3303 nondum
2472 3245 2532 3300 in
2550 3245 2624 3301 iis
2636 3245 2753 3300 ista
2764 3249 2884 3301 tam
2901 3244 3081 3300 multa
3095 3260 3221 3316 qum
3236 3244 3406 3300 hodie
3420 3244 3735 3318 legimus?»

2170 3359 2265 3422 At,
2298 3354 2550 3426 inquies,
2573 3368 2672 3409 eas
2704 3352 2907 3408 saltem
2938 3352 3243 3423 opiniones
3274 3352 3344 3407 de
3365 3352 3738 3425 episcOpatus

2098 3444 2461 3512 necessitate,
2520 3446 2575 3498 et
2634 3458 2748 3513 pra
2811 3441 3213 3513 presbyteratu
3269 3439 3611 3498 excellentia
3677 3443 3736 3498 in

2096 3532 2310 3607 Ignatii
2340 3529 2607 3603 epistolis
2649 3531 3032 3601 Hieronymus
3063 3529 3300 3600 sprevit,
3322 3529 3409 3584 vel
3436 3530 3549 3585 illis
3580 3546 3736 3585 non-

2095 3624 2235 3678 dum
2269 3621 2348 3676 ibi
2393 3619 2749 3692 legebantur.
2815 3618 2973 3687 Esto,
3030 3617 3334 3687 spreverit.
3392 3616 3539 3680 Quid
3602 3618 3740 3672 inde

2094 3711 2363 3771 conﬁciet
2422 3710 2665 3765 Dallaaus
2695 3708 2724 3763 τ
2762 3706 2914 3763 Num
2974 3708 3190 3762 idcirco
3248 3707 3362 3762 alia
3388 3707 3577 3763 omnia
3610 3723 3737 3777 quae

2094 3802 2481 3874 Hieronymus
2520 3800 2579 3854 in
2614 3798 2824 3870 Ignatii
2856 3796 3141 3869 epistolis,
3175 3798 3328 3853 sicut
3356 3803 3415 3853 et
3444 3797 3501 3852 in
3534 3797 3739 3868 Orige-

2094 3892 2186 3949 nis
2217 3891 2493 3964 operibus
2526 3903 2825 3958 nunquam
2867 3886 3079 3959 arguit,
3112 3886 3323 3941 ibidem
3358 3903 3588 3957 semper
3620 3903 3736 3941 non

2094 3981 2406 4045 exstitisse,
2438 3978 2525 4034 vel
2558 3993 2621 4034 ea
2655 3975 2972 4048 aliquando
3004 3992 3106 4047 pro
3138 3976 3383 4031 minime
3417 3976 3737 4047 lgnatianis

2090 4076 2147 4128 et
2172 4069 2541 4143 Origenianis
2589 4068 2660 4123 ab
2687 4066 3040 4138 Hieronymo
3074 4065 3291 4135 rejeeta
3322 4066 3503 4121 fuisse
3534 4066 3737 4121 dicen-

2091 4163 2227 4218 dum
2244 4161 2372 4219 est?
2392 4158 2605 4216 Nullus
2629 4173 2769 4214 sane
2799 4155 3352 4230 praeterDallaaanos
3374 4156 3453 4212 ita
3475 4173 3732 4228 unquam

2090 4248 2609 4323 argumentabitur.

2160 4358 2376 4415 Deinde
2408 4354 2619 4412 falsum
2647 4362 2732 4410 est
2762 4352 2925 4409 illam
2955 4353 3291 4425 opinionem
3326 4352 3395 4409 de
3434 4353 3731 4426 episcopa-

2085 4451 2182 4505 tus
2246 4446 2611 4513 necessitate,
2672 4448 2729 4500 et
2778 4460 2890 4516 prae
2946 4444 3345 4516 presbyteratu
3393 4442 3730 4500 excellentia

316 4530 708 4599 siasticorum,
744 4546 915 4601 quem
932 4546 1085 4585 anno
1106 4530 1386 4601 392juris
1408 4531 1542 4587 fecit
1574 4549 1703 4589 esse
1730 4535 1976 4606 publici,
2006 4552 2054 4618 ι)
2085 4554 2212 4610 quze
2249 4538 2439 4609 prima
2494 4533 2795 4591 Dallzeanaz
2852 4533 3379 4605 argumentationis
3430 4550 3565 4606 pars
3621 4539 3729 4605 est,

317 4620 572 4691 denique
630 4620 688 4673 in
748 4618 1047 4675 Comment.
1079 4620 1135 4674 in
1169 4619 1367 4675 Matth.
1415 4619 1459 4687 ⁵,
1494 4638 1642 4691 quos
1691 4640 1802 4679 non
1838 4630 1971 4681 ante

317 4726 540 4765 annum
590 4708 695 4763 398
718 4708 841 4781 ipse
869 4724 1100 4779 quoque
1125 4708 1180 4762 in
1206 4707 1392 4763 lucem
1427 4709 1729 4767 emisit.Ex
1759 4713 1972 4784 quibus

318 4805 519 4868 aperte
548 4803 605 4852 et
662 4796 967 4868 perspicue
1023 4796 1406 4866 intelligimus
1434 4800 1617 4869 quam
1637 4808 1975 4859 constanter

318 4885 707 4957 Hieronymus
766 4883 825 4939 in
859 4900 963 4940 sua
995 4883 1065 4939 de
1115 4885 1446 4942 tribuendis
1495 4885 1721 4958 Ignatio
1770 4895 1969 4947 nostro

317 4977 579 5050 epistolis
603 4977 895 5033 sententia
926 4977 1396 5048 perseveraverit.

2085 4626 2250 4684 aliter
2279 4629 2352 4682 ab
2386 4626 2755 4697 Hieronymo,
2788 4638 2966 4695 quam
2998 4624 3069 4678 ab
3119 4623 3341 4695 Ignatio
3373 4628 3572 4680 nostro
3615 4628 3730 4681 tra-

2080 4714 2249 4771 ctari.
2280 4716 2342 4770 Id
2377 4730 2517 4770 sane
2591 4713 2903 4785 scriptores
2934 4712 3255 4768 doctissimi
3281 4729 3410 4768 cum
3462 4712 3733 4769 catholici

2078 4812 2199 4860 tum
2225 4808 2617 4875 protestantes
2664 4801 2840 4857 variis
2872 4801 3413 4871 dissertationibus,
3450 4801 3729 4857 adversus

2078 4893 2446 4948 Blondellum
2494 4891 2873 4947 Calvinistam
2934 4890 3128 4958 editis,
3192 4889 3573 4945 invictissime
3630 4889 3727 4943 de-

2077 4986 2496 5036 monstrarunt.
2538 4979 2765 5044 Quibus
2822 4995 2956 5033 vero
2986 4994 3086 5050 per
3142 4978 3324 5033 otium
3382 4995 3499 5032 non
3531 4976 3731 5032 licebit

385 5070 460 5123 At
510 5067 761 5123 Dallaaus
794 5066 893 5137 qui
944 5066 1067 5122 haec
1098 5082 1233 5122 vera
1288 5082 1412 5124 esse
1442 5069 1731 5141 concedit,
1762 5071 1966 5127 eodem
2073 5069 2512 5127 lucubrationes
2544 5069 2677 5125 illas
2708 5067 3209 5133 evolvere,adeant
3232 5068 3421 5137 ipsum
3455 5066 3732 5138 Hierony-

316 5156 593 5212 tamenin
630 5156 779 5212 libro
812 5156 1108 5212 afﬁrmare
1140 5173 1255 5212 non
1288 5158 1517 5213 dubitat
1543 5159 1566 5194 ⁵
1599 5177 1612 5215 :
1648 5178 1672 5203 σι
1703 5159 1821 5231 Ipsi
1845 5160 1970 5217 Ηίθο

315 5261 558 5318 ronymo
613 5254 710 5301 aut
746 5245 945 5317 ignota
1004 5251 1110 5301 aut
1141 5250 1332 5315 spreta
1390 5247 1571 5304 fuisse
1609 5248 1791 5305 videri
1826 5250 1964 5317 haec,

315 5350 440 5405 qua
470 5335 645 5390 hodie
703 5339 933 5391 exstant
960 5335 1283 5405 Ignatiana.
1326 5356 1353 5385 ιο
1409 5336 1815 5394 Verumtamen
1843 5355 1966 5395 cer-

2076 5176 2240 5215 mum
2271 5158 2445 5230 epist.
2501 5161 2550 5224 1,
2584 5156 2653 5211 ad
2692 5155 3087 5224 Heliodorum;
3113 5155 3283 5227 epist.
3314 5155 3348 5208 3
3374 5154 3444 5210 ad
3472 5156 3725 5226 Nepotia-

2073 5265 2243 5317 num;
2272 5248 2443 5319 epist.
2494 5247 2586 5311 27,
2619 5245 2689 5300 ad
2720 5243 3070 5300 Eustochium
3106 5243 3279 5315 epist.
3313 5244 3405 5314 62,
3452 5245 3526 5300 ad
3560 5245 3725 5302 Theo-

2070 5338 2308 5411 philum,
2371 5338 2736 5393 Commentar.
2761 5334 2822 5389 in
2849 5350 2967 5405 cap.
3018 5351 3096 5387 vn
3130 5334 3382 5403 Mitt/ceae,
3413 5339 3471 5390 et
3500 5351 3619 5406 cap.
3658 5352 3727 5390 ιι

315 5421 613 5479 tissimum
646 5428 737 5480 est
784 5424 995 5496 Ignatii
1034 5424 1317 5496 epistolas
1375 5426 1445 5481 ab
1490 5426 1861 5501 Hieronymo,
1915 5429 1965 5485 si
2072 5429 2254 5497 Isaia,
2306 5428 2514 5499 Dialog.
2547 5425 2802 5481 adversus
2858 5423 3107 5493 Luci/er.
3160 5429 3217 5478 et
3257 5422 3359 5479 lib.
3391 5443 3410 5480 ι
3468 5425 3726 5482 adversus

316 5529 446 5570 vere
476 5530 572 5570 eas
603 5514 810 5586 Ignatii
843 5530 972 5569 esse
1024 5514 1312 5585 cognovit,
1346 5519 1570 5587 spretas
1609 5533 1722 5573 non
1756 5518 1962 5574 fuisse.

2067 5518 2378 5583 Jovinian.,
2411 5514 2750 5589 atqueiisin
2777 5512 2919 5569 locis
2949 5512 3394 5569 sanctissimum
3426 5514 3724 5573 doctorem

381 5628 405 5665 ⁸
434 5628 633 5688 homil.
660 5629 736 5687 De
764 5643 873 5686 uno
901 5628 1260 5701 Legislalore.
1294 5626 1318 5661 ⁴
1346 5642 1473 5701 cap.
1501 5629 1590 5701 35,
1622 5645 1681 5703 p.
1712 5629 1838 5688 446.
1869 5631 1893 5667 ⁵
1922 5647 2050 5705 cap.
2082 5632 2118 5685 7
2161 5635 2219 5688 et
2250 5632 2299 5687 9.
2335 5629 2359 5666 ο
2394 5646 2522 5703 cap.
2554 5630 2588 5685 8
2614 5634 2671 5687 et
2692 5630 2748 5685 9.
