4112 6132
304 347 422 411 499

1363 345 1430 407 S.
1476 341 1877 407 IGNATIUS.
1923 373 2003 391 -
2046 339 2651 405 PROLEGOMENA.

3609 339 3727 402 500

309 484 380 539 de
412 481 786 554 episcopatus
815 478 1246 544 necessitate,et
1277 493 1392 549 pra
1441 479 1848 550 presbyteratu
1871 494 1964 533 ex-
1994 481 2050 548 Α
2079 478 2352 534 Patribus
2383 478 2648 543 deducta,
2699 489 2982 546 pugnare,
3015 488 3232 544 easque
3271 471 3540 528 funditus
3571 487 3730 528 ever-

305 571 578 627 cellentia
617 569 816 625 eadem
851 567 1024 640 plane
1055 584 1122 622 ac
1157 567 1447 639 Ignatium
1508 575 1775 623 nostrum
1809 567 1958 624 scri-

304 659 493 731 psisse
519 657 844 714 clarissime
879 657 1253 730 perspicient.

381 750 747 820 Quapropter
769 764 886 802 non
919 745 1176 818 amplius
1204 746 1535 802 audiendus
1567 751 1655 802 est
1684 745 1957 815 Dallaus,

301 833 404 906 qui
438 853 645 891 rursus
698 835 875 891 hasce
902 835 1111 907 lgnatii
1154 833 1434 906 epistolas
1484 833 1834 906 Hieronymo
1863 833 1958 888 in-

301 926 572 994 cognitas
629 924 812 981 fuisse
843 926 977 980 inde
1011 925 1255 996 probare
1285 929 1552 991 conatur,
1587 925 1959 995 quodlgna—

302 1013 428 1069 tius
459 1015 617 1070 dicat
649 1012 672 1046 ⁷
720 1013 1018 1071 Christum
1043 1032 1077 1070 a
1111 1014 1359 1070 mortuis
1392 1014 1776 1070 resurrexisse
1807 1011 1958 1068 dilu-

306 1103 458 1174 culo,
510 1104 904 1174 Hieronymus
934 1104 1153 1160 vero”:
1218 1125 1246 1153 ‹‹
1304 1101 1582 1158 Dominus
1641 1101 1960 1157 resurrexit

305 1197 471 1260 hora,
505 1210 622 1265 qua
667 1192 792 1265 ipse
825 1193 1027 1258 voluit,
1061 1199 1117 1249 et
1150 1209 1273 1264 qua
1307 1191 1452 1248 nulli
1487 1191 1822 1247 mortalium
1861 1207 1956 1246 co-

303 1286 466 1356 gnita
493 1292 599 1340 est.
633 1307 661 1335 »
718 1290 810 1350 At,
865 1284 1060 1355 inquit
1115 1283 1384 1353 Dallaus,
1438 1283 1716 1338 doctrina
1752 1279 1958 1352 lgnatii

305 1375 448 1430 adeo
471 1375 860 1445 repugnantia
881 1374 1300 1446 Hieronymum
1322 1372 1627 1441 scripsisse
1645 1371 1960 1427 verisimile

306 1480 422 1518 non
447 1469 555 1518 est.
579 1464 688 1519 Sed
720 1463 830 1520 hoc
862 1470 1276 1534 argumentum
1303 1463 1504 1517 eodem
1535 1477 1600 1516 ac
1631 1460 1960 1533 praecedens

308 1552 548 1608 ruinoso
583 1569 650 1608 ac
710 1553 1029 1608 falsissimo
1062 1552 1695 1607 nititurl'undamento.
1739 1550 1958 1606 Deinde

304 1641 404 1696 illa
437 1643 632 1710 verba,
667 1659 794 1713 qua
814 1641 1017 1710 objicit
1047 1641 1319 1708 Dallaus,
1353 1658 1468 1696 non
1501 1641 1559 1695 in
1591 1641 1742 1696 veris
1764 1657 1830 1696 ac
1859 1655 1956 1711 ge-

308 1731 508 1787 nuinis
549 1732 754 1800 lgnatii
785 1731 1068 1802 epistolis,
1113 1732 1213 1786 sed
1245 1730 1302 1786 in
1336 1747 1533 1786 earum
1565 1729 1961 1803 interpolatio-

312 1822 489 1876 nibus
513 1822 907 1892 reperiuntur.

2073 572 2214 623 tere.
2250 570 2367 622 Hac
2424 565 2621 636 itaque
2645 580 2822 620 sensu
2881 564 2954 618 ab
2989 563 3234 634 Ignatio,
3267 566 3326 618 et
3387 560 3724 634 Polycarpo,

2070 662 2170 714 aut
2196 657 2326 714 aliis
2350 658 2630 713 adversus
2661 654 3026 711 Theodotum
3058 652 3232 725 plena
3262 651 3561 725 sapientia
3586 669 3726 708 con-

2071 751 2286 823 scripta
2314 751 2496 807 fuisse
2524 747 2825 806 volumina
2854 746 3241 819 Hieronymus
3277 745 3436 801 haud
3464 743 3723 800 immeri-

2073 845 2132 896 to
2171 856 2452 907 asserere,
2483 838 2815 910 litterisque
2845 836 3127 893 mandare
3160 838 3364 908 potuit.

2146 983 2265 1053 §V.
2304 983 2580 1041 Ultimum
2626 988 3024 1107 argumentum
3073 995 3143 1034 ex
3185 978 3318 1034 alii:
3367 977 3728 1048 scriptoribus

2761 1068 2790 1107 ε
2819 1062 3034 1107 mlum.

2761 1062 3034 1108 elwttum.

2147 1198 2309 1262 Quod
2345 1198 2414 1252 ad
2475 1200 2713 1252 cateros
2765 1211 2971 1250 omnes
3013 1196 3144 1266 post
3176 1192 3591 1264 Hieronymum
3649 1192 3725 1247 ad

2073 1293 2274 1344 nostra
2329 1304 2517 1359 usque
2563 1297 2822 1356 tempora
2852 1285 3168 1356 scriptores
3200 1288 3445 1353 spectat,
3474 1281 3579 1337 hos
3611 1298 3726 1338 uno

2073 1381 2304 1432 tantum
2339 1382 2393 1432 et
2427 1377 2605 1431 altero
2637 1391 2709 1430 ne
2744 1373 3071 1445 quidquam
3096 1372 3380 1444 exceptis,
3409 1375 3621 1427 nostra
3652 1369 3726 1426 de

2070 1467 2280 1539 lgnatii
2334 1465 2596 1537 epistolis
2655 1465 2958 1520 sententia
3009 1463 3434 1534 subscripsisse
3473 1460 3726 1518 Dallaus

2068 1558 2311 1628 ejusque
2341 1557 2608 1612 defensor
2668 1557 2960 1610 fatentur:
2994 1577 3022 1604 «
3081 1551 3489 1618 Athanasium,
3516 1551 3726 1623 ‘inquit

2068 1645 2321 1701 Dallaus
2357 1644 2422 1710 ⁸ο,
2456 1643 2874 1716 Hieronymum
2931 1648 2990 1698 et
3023 1641 3473 1708 Theodoretum,
3533 1639 3723 1696 multo

2073 1749 2211 1789 vero
2267 1733 2443 1790 etiam
2499 1735 2698 1788 minus
2747 1731 2893 1788 alios
2923 1731 3054 1787 istis
3087 1729 3436 1786 recentiores
3480 1729 3722 1785 Eusebii

2076 1825 2229 1880 falsa
2260 1825 2332 1880 de
2391 1824 2712 1896 Ignatianis
2763 1824 3083 1894 suspicioni
3117 1837 3185 1876 ex
3234 1820 3490 1892 quadam
3537 1819 3723 1876 animi

391 1915 512 1966 Hac
542 1912 746 1965 eadem
809 1911 1186 1982 responsione
1219 1910 1549 1983 exploditur
1578 1909 1738 1966 aliud
1771 1908 1969 1965 Dallai
1998 1908 2044 1926 ³¹
2081 1913 2471 1984 simplicitate,
2505 1913 2728 1984 absque
2775 1911 2907 1968 dolo
2937 1911 3112 1979 malo,
3171 1911 3269 1966 sed
3303 1910 3526 1982 absque
3565 1914 3726 1966 certa

321 2005 709 2060 momentum.
797 2017 908 2070 quo
967 2017 1139 2054 rursu
1219 1999 1634 2072 Hieronymum
1719 1999 1791 2053 de
1877 1998 1966 2054 his

319 2089 530 2161 lgnatii
562 2090 824 2162 epistolis
849 2090 1074 2160 judicio
1107 2091 1315 2145 falsum
1346 2105 1474 2146 esse
1508 2093 1694 2160 urget.
1716 2087 1966 2161 Opponit

319 2197 572 2250 namque
619 2181 716 2237 illa
764 2182 950 2237 sancti
1012 2179 1269 2236 doctoris
1299 2180 1476 2236 verba
1505 2180 1525 2214 ’
1558 2196 1571 2234 :
1606 2201 1634 2229 κ
1685 2177 1965 2248 Nunquid

315 2285 429 2324 non
463 2287 777 2341 possumus
812 2271 915 2326 tibi
974 2275 1156 2325 totam
1208 2274 1464 2325 veterum
1491 2268 1842 2339 scriptorum
1879 2280 1966 2322 se-

315 2361 457 2417 riem
517 2379 1000 2425 commemorare.
1053 2362 1369 2433 Ignatium,
1403 2361 1808 2433 Polycarpum,
1843 2359 1961 2414 Ire-

313 2465 526 2520 naum,
552 2451 852 2507 Justinum
887 2462 1221 2523 martyrem,
1282 2449 1614 2520 multosque
1645 2448 1790 2504 alios
1812 2465 1960 2520 apo-

313 2539 549 2596 stolicos
579 2545 636 2596 et
687 2541 1023 2612 eloquentes
1082 2543 1257 2609 viros,
1313 2539 1409 2610 qui
1451 2540 1734 2594 adversus
1790 2537 1959 2594 Ebio-

309 2635 530 2695 nem,et
559 2629 917 2686 Theodotum
949 2631 1314 2702 Byzantium,
1345 2635 1402 2684 et
1433 2626 1804 2686 Valentinum
1838 2627 1960 2682 hac

309 2719 510 2773 eadem
543 2721 886 2788 sentientes,
924 2720 1092 2790 plena
1150 2719 1449 2789 sapientia
1503 2717 1801 2774 volumina
1830 2733 1962 2772 con-

309 2808 690 2878 scripserunt.
725 2829 754 2858 n
789 2811 964 2879 Atqui
993 2809 1272 2863 Theodoti
1309 2823 1546 2875 nomen,
1573 2809 1652 2862 ait
1683 2805 1958 2874 Dallaus,

311 2913 428 2952 non
451 2897 509 2951 in
555 2898 688 2953 aliis
719 2901 1072 2969 scriptorum
1107 2902 1548 2968 omnium,quos
1581 2895 1831 2952 eximius
1862 2896 1959 2952 ille

311 2986 514 3041 doctor
562 2993 1000 3054 commemorat,
1028 2987 1324 3058 operibus,
1359 2987 1470 3043 nisi
1496 2986 1554 3041 in
1587 2985 1728 3041 solis
1750 2985 1957 3056 lgnatii

310 3075 572 3146 epistolis
621 3076 874 3147 reperire
913 3086 1017 3132 est.
1069 3076 1458 3148 Hieronymus
1515 3091 1649 3145 ergo
1699 3075 1959 3146 loquitur

310 3165 380 3220 de
410 3164 662 3236 Ignatio;
701 3165 802 3235 qui
835 3181 969 3220 cum
1001 3171 1134 3220 ante
1163 3166 1527 3221 Theodotum
1555 3165 1784 3230 obierit,
1819 3165 1957 3219 inde

2079 2005 2228 2061 ratio
2279 2004 2664 2068 adhaerentes,
2732 2025 2760 2053 »
2804 2007 2911 2059 etc.
2947 2002 3071 2058 Non
3126 2001 3424 2072 estigitur
3484 2015 3726 2056 necesse

2076 2095 2170 2150 hic
2193 2093 2558 2166 singulorum
2593 2093 2805 2148 referre
2847 2091 3184 2147 testimonia
3217 2106 3229 2144 :
3263 2089 3364 2145 sed
3396 2105 3581 2161 Opera
3600 2105 3728 2161 pre-

2074 2184 2223 2238 tium
2257 2186 2347 2238 est
2377 2185 2606 2238 brevem
2640 2197 2841 2236 eorum
2875 2179 3206 2252 catalogum
3239 2182 3466 2246 texere;
3502 2182 3566 2232 ut
3594 2194 3723 2233 om-

2075 2289 2178 2328 nes
2211 2271 2409 2327 audito
2441 2271 2908 2343 uniuscujusque
2932 2271 3188 2335 nomine,
3221 2269 3340 2340 qui,
3371 2270 3725 2340 quantaque

2072 2361 2435 2417 auctoritatis
2491 2360 2729 2421 fuerint.
2769 2365 2826 2415 et
2898 2375 3076 2431 quam
3131 2357 3411 2412 invictum
3466 2373 3535 2412 ex
3592 2373 3722 2429 per-

2074 2458 2250 2522 petua
2280 2467 2478 2506 eorum
2513 2449 2828 2506 traditione
2855 2451 2926 2506 ad
2962 2449 3308 2506 asserendas
3340 2447 3552 2520 lgnatii
3581 2464 3723 2504 nos-

2069 2541 2141 2596 tri
2174 2541 2473 2612 epistolas,
2521 2544 2929 2612 argumentum
2981 2541 3244 2607 ducatur,
3307 2539 3535 2609 possint
3564 2541 3721 2594 certo

2071 2632 2428 2700 dignoscere.

2141 2719 2351 2784 Quinto
2383 2721 2564 2792 igitur
2593 2719 2858 2776 Ecclesia
2889 2719 3101 2776 saculo
3132 2719 3508 2790 proferuntur
3530 2717 3718 2774 Theo-

2069 2811 2305 2866 doretus
2335 2812 2496 2880 epist.
2546 2809 2620 2865 ad
2649 2810 2891 2866 Monach.
2955 2808 3325 2879 Constantin.,
3356 2809 3566 2878 Dtalog.
3621 2809 3720 2862 In—

2069 2898 2792 2970 conl‘us.,Dialog.Impat.,
2819 2898 3026 2970 Dialog.
3052 2897 3388 2964 Immutab.,
3413 2896 3511 2951 ubi
3546 2898 3720 2966 plura

2068 3003 2136 3042 ex
2167 2987 2258 3043 his
2291 2987 2556 3059 epistolis
2604 2987 2939 3044 testimonia
2969 2988 3244 3042 adversus
3293 2985 3384 3039 sui
3440 2983 3716 3053 temporis

2071 3077 2372 3133 haereticos
2403 3077 2777 3149 transcripsit
2835 3077 2976 3132 Item
3037 3073 3301 3130 Gelasius
3360 3071 3419 3126 in
3445 3072 3558 3125 ﬁne
3604 3069 3709 3124 lib.

2070 3169 2141 3223 De
2171 3168 2382 3222 duabus
2411 3169 2631 3222 naturis
2661 3169 2716 3222 in
2751 3165 2979 3221 Christo.

304 3231 557 3310 Dallaus
613 3231 882 3309 eumdem
917 3255 1334 3326 Hieronymum
1375 3271 1602 3310 errasse
1633 3253 1952 3310 concludit.
1986 3231 2029 3298 (εἶ
2138 3257 2303 3312 Sexto
2362 3256 2572 3312 saculo
2605 3256 2670 3312 B.
2699 3255 2945 3328 Ephrem
2971 3251 3297 3326 patriarcha
3315 3248 3708 3306 Antiochenus

305 3347 378 3396 At
399 3343 681 3398 Theodoti
715 3359 923 3398 nomen
948 3342 1006 3397 in
1038 3343 1360 3398 litterarum
1393 3342 1601 3415 lgnatii
1634 3341 1948 3414 interpola-

305 3431 566 3488 tionibus
596 3431 880 3488 duntaxat
911 3433 1239 3488 adhibitum
1263 3437 1370 3489 est.
1404 3433 1793 3501 Hieronymus
1816 3448 1950 3504 ergo

303 3521 384 3576 ibi
419 3538 530 3577 non
560 3523 628 3577 ad
655 3523 948 3594 Ignatium
981 3522 1393 3587 collineat,sed
1429 3521 1502 3577 ad
1532 3521 1713 3577 alium
1744 3539 1953 3593 quem-

302 3611 486 3682 piam,
509 3617 648 3683 puta
681 3613 961 3666 lrenaum
995 3611 1081 3667 vel
1103 3612 1357 3684 aliquem
1388 3628 1457 3667 ex
1484 3611 1577 3677 iis,
1619 3628 1764 3682 quos
1811 3628 1952 3684 apo-

303 3701 541 3757 stolicos
571 3701 726 3758 viros
767 3701 932 3768 dicit,
967 3717 1232 3774 quosque
1262 3703 1334 3758 ad
1367 3702 1652 3758 Theodoti
1685 3706 1951 3774 tempora

304 3792 640 3861 pervenisse
671 3790 872 3848 nullus
896 3795 1141 3864 ignorat.

378 3881 565 3936 Instat
630 3889 820 3938 tamen
877 3881 1071 3937 Dallai
1108 3882 1397 3946 defensor,
1441 3881 1627 3938 donec
1674 3881 1724 3937 is
1774 3897 1948 3954 quem

307 3970 696 4044 Hieronymus
748 3972 991 4041 notavit,
1039 3972 1400 4044 designetur,
1433 3971 1631 4028 eodem
1655 3973 1792 4044 jure
1823 3971 1949 4027 Dal-

305 4060 446 4117 laus
477 4075 602 4116 eum
658 4061 949 4134 Ignatium
1001 4061 1182 4118 fuisse
1211 4062 1506 4118 afﬁrmare
1554 4062 1786 4134 poterit,
1832 4077 1949 4133 quo

303 4149 402 4205 alii
451 4149 631 4206 alium
666 4151 987 4208 indicatum
1043 4169 1169 4209 esse
1200 4153 1422 4211 volunt.
1469 4153 1775 4225 Egregiam
1808 4168 1950 4208 sane

301 4238 497 4295 Dallai
555 4239 998 4297 defensionem!
1060 4259 1187 4314 qua
1219 4243 1492 4298 eumdem
1540 4241 1822 4298 Dallaum
1881 4257 1948 4298 eo

303 4335 648 4402 argumento
675 4331 744 4387 ad
778 4331 1071 4404 opinionis
1087 4349 1205 4389 sua
1236 4333 1746 4389 conﬁrmationem
1775 4350 1949 4390 usum

303 4435 432 4475 esse
465 4421 784 4487 contendit,
825 4422 978 4492 quod
1039 4439 1152 4478 non
1206 4423 1392 4494 magis
1425 4421 1497 4479 ad
1541 4439 1733 4491 suam,
1771 4439 1948 4494 quam

304 4509 374 4566 ad
406 4509 872 4566 adversariorum
905 4511 1260 4567 sententiam
1291 4513 1702 4569 stabiliendum
1745 4519 1949 4585 aptum

2057 3346 2204 3402 libro
2239 3347 2309 3402 De
2337 3347 2514 3402 sacris
2543 3345 2842 3402 Antiochia
2873 3344 3078 3417 legibus
3111 3342 3179 3410 ¹¹,
3238 3341 3338 3397 ubi
3386 3338 3712 3395 Severianis

2061 3437 2278 3509 lgnatii
2331 3437 2514 3494 nostri
2573 3435 2977 3492 auctoritatem
3012 3432 3273 3506 opponit.
3307 3430 3505 3486 Gildas
3538 3430 3711 3501 epist.

2057 3530 2132 3584 De
2159 3527 2376 3584 excidio
2415 3527 2747 3582 Britanniae.
2779 3524 2984 3581 Johius
3042 3526 3367 3579 monachus
3423 3521 3495 3576 De
3518 3522 3714 3577 Incar-

2056 3626 2173 3675 nat.
2200 3617 2262 3673 ¹².
2319 3615 2591 3672 Leontius
2647 3613 2989 3668 Bizantinus
3037 3611 3118 3667 lib
3177 3617 3254 3667 De
3285 3615 3410 3666 sect.
3453 3611 3565 3666 Act.
3624 3627 3711 3683 ιιι,

2059 3707 2158 3764 ubi
2191 3705 2495 3761 haereticos
2543 3701 2946 3759 auctoritatem
3009 3701 3238 3771 lgnatii,
3300 3716 3412 3755 non
3447 3715 3616 3755 secus
3648 3715 3714 3756 ao

2058 3798 2284 3865 Ireuai,
2329 3794 2550 3852 Justini
2601 3793 2964 3863 aliorumque
3016 3794 3250 3846 Patrum
3303 3791 3596 3862 recepisse
3637 3794 3718 3846 te-

2057 3892 2264 3944 statur.

2129 3982 2388 4054 Septimo
2466 3981 2676 4037 saculo
2752 3979 3099 4036 Anastasius
3176 3976 3507 4034 monachus
3561 3976 3712 4032 libro

2056 4066 2329 4145 Ὁδηγῶν,
2389 4070 2487 4126 ubi
2547 4070 2819 4126 eumdem
2884 4069 3282 4125 hareticorum
3357 4083 3711 4123 consensum

2057 4160 2692 4217 memorat.Antiochus
2718 4157 3291 4216 monach.Palastin.
3325 4155 3528 4211 homil.
3585 4156 3709 4209 124.

2059 4252 2203 4306 Item
2250 4251 2539 4307 Maximus
2581 4251 2782 4315 abbas,
2832 4258 2888 4305 et
2927 4249 3258 4305 Theodotus
3318 4247 3612 4317 presbyter
3643 4244 3710 4312 ‘3,

2061 4341 2161 4397 ubi
2211 4341 2284 4397 de
2341 4340 2604 4412 Dionysii
2653 4339 3016 4412 Areopagitae
3061 4336 3337 4409 operibus
3385 4334 3706 4405 disputant,

2059 4429 2469 4488 testimonium
2520 4428 2733 4501 lgnatii
2781 4428 2988 4491 nostri,
3020 4427 3128 4482 etsi
3175 4440 3374 4480 eorum
3410 4421 3708 4478 sententia

2061 4536 2421 4592 repugnans,
2447 4536 2548 4589 pro
2571 4525 2725 4574 certo
2753 4534 2817 4572 ac
2868 4516 3101 4573 minime
3159 4515 3338 4569 dubio
3369 4515 3707 4569 admittunt.

307 4613 436 4654 esse
487 4597 812 4670 proﬁtetur.
863 4603 1149 4655 Praeterea
1178 4616 1310 4656 cum
1337 4600 1616 4657 Theodoti
1649 4617 1859 4658 nomen
1891 4601 1950 4657 in
1981 4587 2029 4653 D
2129 4587 2342 4667 ὸοῖανο
2373 4587 2584 4664 sabulo
2615 4608 2873 4664 Joannes
2906 4606 3306 4661 Damascenus
3351 4604 3408 4658 in
3440 4602 3543 4660 lib.
3599 4604 3706 4658 Pa-

306 4688 602 4764 genuinis,
639 4692 704 4745 ut
746 4687 1024 4759 diximus,
1065 4691 1274 4762 lgnatii
1307 4691 1591 4763 epistolis,
1625 4709 1740 4748 non
1799 4691 1955 4750 inve-

310 4782 526 4850 niatur,
555 4781 732 4838 alium
773 4781 1011 4838 omnino
1061 4783 1134 4839 ab
1185 4783 1534 4857 Hieronymo
1581 4787 1952 4856 designatum

303 4872 485 4930 fuisse
514 4888 754 4930 necesse
783 4877 891 4928 est.

378 4963 576 5036 Neque
606 4963 822 5019 dixeris
857 4979 870 5017 :
905 4961 1124 5019 Saltem
1183 4966 1385 5019 auctor
1414 4970 1614 5022 noster
1649 4965 1948 5034 Theodoti,

304 5054 530 5126 Ignatio
562 5053 922 5123 recentioris,
968 5067 1223 5108 errorem
1275 5055 1465 5125 arguit
1502 5059 1561 5110 et
1617 5054 1947 5127 impugnat.

303 5141 448 5200 Nam
481 5147 619 5214 quot
654 5143 1055 5200 bareticorum
1101 5157 1347 5212 errores,
1407 5151 1721 5216 antequam
1770 5143 1948 5200 iidem

298 5231 554 5290 haretioi
621 5235 676 5290 in
738 5233 928 5290 lucem
973 5232 1113 5290 editi
1173 5232 1442 5304 fuissent,
1494 5235 1555 5290 in
1613 5239 1947 5291 sanctorum

297 5323 535 5379 Patrum
585 5323 771 5394 libris,
830 5323 1004 5380 tacito
1037 5339 1237 5379 eorum
1273 5325 1510 5381 nomine
1553 5323 1949 5380 refelluntur?

297 5413 418 5468 Mos
451 5416 645 5468 autem
679 5413 814 5469 inde
838 5412 1088 5469 invaluit
1119 5418 1323 5470 contra
1357 5413 1608 5470 hareses
1656 5413 1943 5485 posterio-

295 5501 462 5558 ribus
493 5503 722 5558 saeculis
771 5507 932 5559 ortas
963 5503 1291 5570 traditione,
1343 5521 1377 5559 a
1409 5503 1615 5575 primis
1676 5503 1944 5561 Ecclesia

2062 4700 2332 4767 rallel.,et
2353 4698 2642 4755 Antonius
2663 4698 2923 4768 ejusdem
2945 4695 3314 4765 Damasceni,
3341 4701 3402 4750 ut
3429 4694 3709 4764 creditur,

2061 4788 2388 4861 discipulus
2417 4788 2475 4844 in
2508 4787 2763 4843 Melissa.

2132 4878 2294 4934 Nono
2325 4876 2538 4934 saculo
2570 4876 2831 4932 Andreas
2860 4873 3445 4947 Hierosolymitanus,
3479 4873 3709 4930 Creten-

2062 4969 2216 5024 sium
2250 4966 2746 5038 archiepiscopus,
2780 4965 2986 5021 homil.
3033 4965 3067 5021 2
3113 4967 3171 5019 in
3205 4968 3501 5022 Nativilate
3541 4967 3710 5021 beata

2059 5055 2638 5129 MariaF'reculphus
2680 5055 3052 5111 Lexoviensis
3111 5057 3170 5110 in
3198 5055 3430 5126 [ὕειον-η
3463 5053 3708 5111 Michael

2059 5147 2345 5220 Syngelus
2378 5147 2434 5202 in
2466 5147 2720 5203 Encomio
2751 5147 2974 5217 Dionys.
3017 5145 3209 5215 Areop.

2129 5237 2362 5292 Decimo
2395 5235 2608 5294 saculo
2638 5236 3063 5308 Metaphrastes
3096 5235 3152 5289 in
3205 5233 3466 5306 marlyrii
3497 5233 3708 5303 lgnatii

2057 5328 2244 5384 nostri
2275 5327 2453 5384 Actis.

2128 5416 2444 5474 Undecimo
2476 5416 2690 5473 saculo
2711 5420 2916 5474 auctor
2933 5415 3190 5471 locorum
3215 5413 3622 5470 communium
3646 5415 3706 5472 in

2055 5505 2413 5563 Bibliotheca
2449 5506 2784 5563 Oxoniensi.

367 5617 386 5653 ’⁸
419 5617 599 5686 Epist.
633 5618 703 5672 ad
735 5619 900 5673 Trau.
929 5617 954 5652 ⁸
1011 5619 1192 5690 Epist.
1226 5619 1304 5676 ad
1333 5619 1522 5676 Hebzd.
1555 5621 1578 5656 ⁹
1607 5621 1748 5693 Adv,
1778 5621 1986 5680 Helvid.
2024 5623 2067 5657 '°
2095 5639 2225 5695 cap,
2259 5623 2354 5694 36,
2386 5639 2444 5695 p.
2477 5623 2601 5680 448.
2637 5625 2677 5660 ¹¹
2713 5622 2886 5696 Apud
2920 5619 3084 5678 Phot.
3118 5619 3180 5678 in
3223 5620 3370 5679 Bibl.
3399 5639 3564 5682 num.
3598 5623 3707 5679 328

296 5709 342 5750 ﬂ
378 5706 529 5770 Ibid.
553 5722 720 5764 num.
742 5707 867 5764 332.
899 5707 946 5746 “
965 5707 1106 5768 Ibid.
