4112 6132
348 324 474 385 501

1316 335 1392 395 D.
1437 335 1774 398 NOURRII
1815 328 2358 395 DISSERTATIO.
2403 363 2482 376 —
2525 331 2728 392 PARS
2774 332 2822 390 Ι.

3669 335 3788 397 502

431 457 799 514 Duodecimo
851 459 1060 516 saculo
1105 464 1397 521 Honorius
1448 464 2020 538 Augustodunensls.
2052 466 2106 532 Α
2137 465 2368 529 est,non
2403 460 2643 516 alterius
2675 460 2983 531 cujusdam
3016 460 3544 534 recentioris,quod
3575 479 3785 537 sugge-

433 546 680 602 Decimo
709 549 885 605 tertio
917 549 1129 606 saculo
1169 551 1401 611 Nicetas
1429 555 1743 612 Choniates
1774 557 1833 611 in
1863 555 2021 610 The-

353 651 564 704 sauro,
600 639 882 711 Georgius
930 641 1334 715 Pachymeres,
1377 651 1432 702 et
1464 646 1752 704 Robertus
1801 645 2023 702 Lincol-

352 725 594 782 niensis
625 729 1210 804 episcopus,uterque
1241 735 1366 790 suis
1397 735 1456 791 in
1487 735 2018 807 Dionya.Areopag.

346 814 841 875 Commentariis.
1143 835 1150 840 '

424 905 681 962 Decimo
714 915 924 979 quarto
984 912 1196 970 saculo
1251 913 1614 987 Nicephorus
1658 915 1919 973 Calixtus
1961 914 2019 969 in

345 997 566 1054 Histor.
600 995 705 1051 lib.
741 1015 823 1068 ιιι,
885 1015 1014 1072 cap.
1069 1003 1156 1071 19,
1213 1007 1390 1076 atque
1451 1004 1552 1061 alii
1595 1003 2016 1079 quamplurimi

341 1101 486 1140 eum
524 1085 636 1141 hoc
667 1085 877 1143 saculo
919 1101 1042 1144 tum
1096 1093 1542 1164 posterioribus,
1587 1094 1687 1166 qui
1740 1093 2016 1166 quoniam

340 1174 601 1230 cuilibet
633 1181 776 1232 sunt
803 1177 981 1244 obvii,
1015 1177 1088 1236 iis
1119 1179 1468 1254 singillatim
1518 1183 1884 1256 appellandis
1916 1198 2018 1238 su-

342 1265 766 1335 persedemus.

416 1354 557 1408 Jam
590 1371 725 1409 vero
755 1371 823 1411 ex
853 1356 1259 1416 eruditissima
1290 1365 1372 1417 tot
1399 1362 1638 1418 testium
1662 1362 1856 1419 omnis
1887 1366 2018 1419 ata-

338 1441 420 1498 tis
453 1448 516 1499 et
549 1444 908 1502 conditionis
941 1447 1314 1505 multitudine
1345 1451 1479 1522 quis
1510 1469 1625 1508 non
1648 1451 1805 1508 videt
1828 1469 2014 1524 pauca

339 1547 477 1588 esse
511 1534 892 1605 antiquorum
940 1535 1172 1593 Patrum
1224 1555 1418 1611 opera,
1471 1558 1594 1612 qua
1631 1559 1738 1597 suo
1767 1557 2012 1612 quaque

340 1622 577 1677 auctori
614 1621 906 1691 pluribus,
931 1642 1101 1695 quam
1133 1626 1259 1682 ista
1293 1629 1500 1699 lgnatii
1532 1630 1814 1701 epistola,
1839 1630 2009 1686 testi-

339 1710 454 1766 bus
486 1709 906 1767 vindicentur?
949 1713 1169 1770 Deinde
1220 1732 1390 1772 nemo
1422 1735 1708 1790 unquam,
1732 1719 1843 1774 nisi
1877 1718 2008 1774 Dal-

2132 567 2257 606 rere
2286 551 2634 606 videbantur
2685 551 2953 621 quadam
2985 567 3017 604 a
3064 566 3300 606 summo
3355 553 3478 609 viro
3535 554 3785 613 Gerardo

2131 641 2338 696 Vossio
2372 640 2428 695 in
2462 655 2566 695 suo
2597 641 2667 695 de
2695 639 2910 694 Gracis
2938 639 3326 710 scriptoribus
3353 658 3528 713 opere
3565 643 3782 701 allata:

2129 729 2303 801 idque
2336 728 2521 785 solide
2539 736 2592 784 et
2616 729 3125 801 fuseﬁemonstrat
3143 729 3584 787 eruditissimus
3604 737 3781 801 Goar,

2130 835 2301 889 quem
2337 817 2584 886 adeat,si
2617 817 2751 890 quis
2782 817 2971 874 adhuc
2997 816 3247 873 dubitet.
3275 840 3304 868 »
3341 819 3642 876 Adivimus
3674 839 3783 878 nos

2129 906 2590 962 eruditissimum
2620 910 2772 962 Goar
2802 905 2867 974 ‘7,
2921 911 3097 978 atque
3131 907 3248 962 hac
3306 907 3608 978 ipsissima
3653 911 3780 980 ejus

2126 996 2322 1064 verba,
2364 1013 2491 1067 qua
2522 995 2877 1051 contrarium
2912 995 3083 1066 plane
3114 995 3728 1068 signiﬁcant,legimus
3759 1015 3772 1054 :

2130 1107 2158 1135 «
2215 1085 2538 1141 Canonicus
2596 1101 2896 1141 sacrorum
2973 1085 3258 1140 librorum
3318 1084 3638 1142 laterculus
3705 1089 3778 1143 ad

2126 1173 2668 1247 Chronographiam
2719 1174 2864 1231 nihil
2919 1179 3213 1245 spectans,
3244 1174 3470 1231 librarii
3500 1175 3772 1250 πάρεργον

2121 1262 2436 1334 judicatur.
2473 1285 2500 1313 ››
2532 1263 2657 1319 Non
2698 1262 2884 1319 solide
2931 1264 3110 1334 igitur
3138 1269 3196 1319 et
3245 1264 3374 1320 fuse
3402 1265 3500 1321 ille
3529 1265 3774 1322 demon-

2126 1357 2294 1420 strat,
2328 1353 2430 1408 sed
2465 1352 2634 1423 plane
2674 1353 3022 1426 penitusque
3072 1358 3242 1424 negat
3289 1353 3442 1410 hanc
3469 1353 3774 1411 Stichome-

2123 1443 2291 1498 triam
2321 1441 2632 1513 Nicephori
2666 1459 2814 1514 opus
2841 1457 2970 1498 esse
2993 1458 3006 1508 ;
3041 1446 3098 1496 et
3115 1441 3264 1498 hanc
3287 1442 3506 1498 claram
3531 1449 3774 1500 certam-

2122 1547 2237 1602 que
2266 1531 2567 1587 sententia
2598 1547 2716 1586 sua
2775 1530 2993 1602 profert
3044 1530 3351 1598 rationem,
3405 1533 3558 1603 quod
3591 1533 3769 1588 nimi-

2122 1636 2249 1675 rum
2275 1619 2376 1675 illa
2390 1621 2458 1674 ad
2479 1618 2787 1690 Nicephori
2810 1618 3348 1690 Chronographiam
3364 1619 3507 1674 nihil
3523 1626 3768 1693 spectet.

2121 1709 2184 1765 Id
2206 1726 2347 1766 sane
2373 1725 2506 1766 cum
2538 1709 2714 1780 probe
2735 1708 3085 1780 intelligeret
3107 1708 3301 1764 Dallai
3324 1709 3594 1766 defensor
3625 1729 3770 1768 nova

339 1798 512 1854 laani
548 1816 763 1856 sensus
797 1800 994 1868 homo,
1026 1819 1159 1859 vero
1190 1808 1382 1861 credet
1415 1823 1544 1862 esse
1573 1808 1765 1864 simile
1797 1824 2005 1865 omnes

2121 1800 2365 1868 ratione,
2397 1804 2454 1854 et
2498 1799 2732 1870 quidem
2785 1798 3002 1854 mirum
3058 1796 3119 1852 in
3175 1797 3414 1852 modum
3457 1799 3766 1870 singulari,

2119 1888 2374 1907 ____-_I-___
2422 1887 2850 1907 01:_L____-.___‘_--_
2876 1885 3196 1907 ‘1:-__L__-
3231 1887 3602 1907 ___1-__11_____
3644 1903 3762 1907 __-_

341 1889 598 1944 omnino
633 1889 738 1945 hos
771 1891 1085 1962 scriptores
1116 1909 1181 1948 eo
1214 1895 1490 1951 cacitatis
1521 1895 1612 1952 vel
1644 1896 2007 1968 negligentia

337 1978 682 2046 devenisse,
709 1978 776 2046 Η,
797 2001 823 2029 ‹‹
849 1985 912 2034 ut
932 1981 1172 2039 Eusebii
1205 1983 1362 2039 falsa
1384 1985 1454 2040 de
1485 1985 1802 2058 lgnatianis
1818 1987 2009 2058 suspi-

339 2066 495 2128 cioni
533 2083 606 2122 ex
637 2069 887 2139 quadam
941 2070 1123 2126 animi
1169 2071 1547 2145 simplicitate
1605 2075 1829 2146 absque
1873 2075 2007 2131 dolo

342 2155 527 2225 malo,
551 2158 655 2212 sed
690 2159 908 2229 absque
939 2164 1100 2216 certa
1130 2161 1352 2218 ratione
1385 2183 1413 2212 ››
1445 2162 1818 2218 adhaserint.
1853 2164 2006 2219 Pra-

344 2248 506 2301 terea
535 2263 645 2301 cur
675 2247 1174 2320 baretici,quibus
1205 2251 1542 2307 testimonia
1572 2253 1781 2324 lgnatii
1815 2269 1884 2308 ex
1913 2253 2006 2309 his

344 2333 610 2403 epistolis
641 2335 1054 2408 desumpta,ad
1087 2337 1435 2395 refellendas
1465 2356 1668 2396 eorum
1700 2341 2007 2413 Opiniones

347 2422 802 2494 objiciebanlur,
855 2424 935 2480 nil
988 2428 1058 2482 de
1115 2443 1320 2484 earum
1382 2428 1634 2486 falsitate
1688 2429 2005 2500 aliquando

352 2513 636 2584 suspicati
671 2518 830 2582 sunt,
865 2515 1127 2587 nihilque
1161 2534 1421 2590 unquam
1468 2520 1537 2574 ad
1572 2535 1770 2574 eorum
1805 2523 2007 2574 aucto-

356 2601 582 2658 ritatem
643 2601 1008 2673 elevandam,
1071 2608 1470 2673 minuendam,
1523 2613 1628 2663 aut
1666 2609 1724 2662 in
1756 2608 2002 2664 dubium

365 2694 738 2747 revocandam
774 2694 1114 2750 adinvenire
1145 2695 1232 2751 vel
1266 2697 1948 2769 excogitarmpotuerunt
1979 2697 2007 2753 *ἲ

365 2778 475 2833 Cur
516 2780 758 2851 denique
811 2782 872 2838 hi
921 2801 1125 2840 omnes
1182 2785 1498 2857 scriptores
1545 2791 1603 2842 et
1647 2786 1916 2843 catholici
1951 2791 2009 2843 et

367 2867 631 2936 haretici,
665 2877 834 2942 atque
883 2873 920 2926 ii
981 2890 1230 2945 quorum
1293 2874 1534 2947 plurimi
1596 2876 1865 2944 intereat,
1899 2875 2006 2933 has

361 2957 627 3027 epistolas
682 2962 1010 3030 repudiare,
1075 2965 1145 3018 ad
1195 2980 1293 3019 eas
1346 2964 1568 3036 lgnatio
1625 2966 2007 3022 vindicandas

352 3051 505 3102 tanto
535 3064 828 3104 consensu
867 3052 1320 3122 conspirarunt;
1359 3055 1469 3108 nisi
1503 3055 1638 3126 quia
1676 3053 1778 3110 illa
1799 3070 2001 3111 verum

350 3139 400 3190 et
422 3138 746 3208 genuinum
777 3140 983 3212 lgnatii
1005 3158 1152 3212 opus
1167 3159 1296 3198 esse
1309 3144 1654 3199 certissimis
1677 3144 2002 3201 rationibus

348 3241 695 3296 persuasum
726 3230 967 3286 omnino
1000 3232 1254 3287 habuere
1276 3233 1304 3287 ?

967 3355 1198 3412 CAPUT
1235 3356 1388 3414 VllI.

345 3475 743 3518 RESPONDETUR
778 3478 1102 3518 OBJECTIONI
1156 3481 1224 3519 EX
1258 3482 1565 3521 NICEPHOR!
1613 3483 1683 3522 ET
1711 3484 2001 3524 ANASTASII

866 3551 1212 3591 TBSTIMONIO
1242 3554 1472 3598 PETITJ'J.

344 3658 444 3723 §i.
480 3659 852 3730 Nicephorum
907 3676 1019 3714 non
1066 3677 1180 3715 esse
1236 3671 1512 3718 auctorem
1554 3663 2000 3722 S'ichometria.

412 3751 493 3802 Ex
522 3748 596 3803 iis
631 3749 798 3817 ipsis,
833 3767 982 3820 quos
1031 3751 1348 3806 adversarii
1383 3752 1552 3806 nobis
1605 3752 1818 3808 deinde
1849 3754 2002 3825 obji-

343 3837 533 3896 ciunt.
563 3836 952 3906 scriptoribus
983 3855 1194 3892 novum
1249 3846 1594 3911 argumento
1627 3847 1825 3897 nostro
1858 3859 2001 3913 pon-

343 3925 450 3982 dus
486 3933 547 3982 et
580 3928 758 3982 robur
788 3929 1031 3983 accedit.
1077 3932 1232 3993 Qucs
1261 3934 1440 3999 enim,
1475 3948 1690 4001 quaso,
1724 3933 2002 3988 eruditis-

343 4014 529 4081 sima,
566 4033 745 4086 quam
778 4017 1185 4087 produximus,
1231 4024 1317 4074 tot
1347 4021 1599 4076 virorum
1636 4021 2000 4077 multitudini

341 4105 700 4176 Opponunt?
728 4105 886 4161 Duos
939 4107 1025 4160 vel
1085 4108 1279 4178 potius
1340 4125 1523 4164 unum
1588 4112 1998 4166 tantummodo

346 4203 668 4260 auctorem,
731 4198 1042 4266 quemdam
1106 4195 1331 4251 scilicet
1382 4215 1768 4270 anonymum,
1828 4216 1998 4271 quem

351 4282 600 4338 Dallaus
622 4283 769 4339 falso
801 4290 969 4356 putat
992 4284 1174 4340 fuisse
1198 4285 1582 4358 Nicephorum
1611 4289 2000 4359 patriarcham

345 4374 1079 4444 Constantinopolitanum,
1105 4384 1157 4429 et
1186 4375 1575 4446 Anastasium,
1611 4379 1708 4448 qui
1734 4377 1998 4434 Gracum

345 4457 654 4532 Nicephori
678 4461 760 4516 vel
797 4464 989 4532 potius
1009 4463 1284 4534 anonymi
1324 4481 1472 4536 opus
1501 4465 1695 4522 Latine
1727 4468 1997 4536 reddidit,

2114 1888 2380 1944 eamdem
2415 1887 2856 1943 Stichometriam
2876 1885 3202 1958 Nicephoro
3231 1887 3612 1943 vetustioaem
3637 1903 3767 1944 esse

2112 1977 2468 2049 suspicatur.
2505 1998 2531 2031 ι
2566 1976 3134 2047 Vehemenli,inquit
3164 1977 3229 2045 η,
3249 1976 3535 2032 sollicitor
3565 1977 3764 2050 suspi-

2111 2067 2297 2136 cione,
2331 2072 2396 2123 ut
2450 2067 2682 2123 credam
2735 2067 2932 2132 istam,
2984 2083 3101 2138 qua
3131 2067 3200 2121 de
3258 2068 3510 2139 agimus,
3553 2067 3763 2124 Sticho-

2109 2159 2368 2214 mem'am
2401 2155 2725 2228 Nicephoro
2760 2156 2888 2227 ipso
2939 2154 3317 2210 vetustiorem
3345 2171 3490 2212 esse.
3523 2155 3758 2219 Nemini

2109 2247 2264 2304 enim
2295 2262 2496 2302 eorum
2531 2246 2631 2317 qui
2665 2245 2784 2300 hac
2818 2244 3014 2299 studia
3043 2243 3134 2299 vel
3161 2247 3412 2300 summis
3443 2243 3624 2300 labris
3656 2246 3757 2300 de-

2109 2339 2446 2408 gustarunt,
2477 2333 2658 2390 latere
2717 2337 2856 2403 puto
2885 2331 3094 2388 horum
3137 2331 3531 2389 indiculorum
3583 2349 3758 2389 usum

2109 2426 2207 2480 diu
2239 2429 2374 2480 ante
2404 2423 2797 2496 Nicephorum
2817 2421 3163 2478 obtinuisse.
3200 2425 3242 2478 A
3275 2439 3410 2478 vero
3441 2422 3622 2495 igitur
3642 2439 3758 2479 non

2109 2513 2384 2569 abhorret
2415 2512 2804 2582 Nicephorum
2852 2510 3303 2568 Stichometriam
3340 2513 3511 2568 istam
3547 2530 3580 2568 a
3609 2513 3756 2568 scri-

2109 2611 2270 2673 ptore
2300 2618 2362 2658 se
2392 2602 2714 2657 admodum
2765 2604 3078 2656 vetustiore
3112 2600 3388 2657 habuisse
3437 2601 3525 2656 vel
3559 2601 3754 2674 potius

2110 2708 2238 2748 eam
2270 2692 2328 2747 in
2361 2691 2516 2747 calce
2537 2689 2933 2762 antiquissimi
2963 2706 3264 2746 sacrorum
3297 2690 3578 2747 librorum
3599 2691 3757 2747 codi-

2107 2780 2191 2837 cis
2222 2786 2454 2836 nactam
2487 2778 2598 2835 sibi
2629 2779 2962 2850 adoptasse,
2997 2795 3236 2850 suaque
3265 2780 3755 2851 Chronographia

2107 2869 2498 2926 subtexuisse.
2526 2891 2554 2919 »
2575 2871 2792 2924 Verum
2817 2868 3206 2925 utvehemens
3225 2869 3547 2925 defensoris
3568 2870 3759 2940 suspi-

2106 2959 2195 3014 cio
2227 2958 2446 3030 aliquid
2479 2957 2791 3014 soliditatis
2823 2957 3085 3023 haberet,
3130 2957 3240 3030 ipsi
3273 2957 3460 3027 primo
3493 2959 3756 3030 proban-

2107 3047 2246 3104 dum
2279 3053 2406 3104 erat
2437 3047 2660 3104 nullam
2693 3047 3162 3103 Stichometriam
3202 3047 3525 3118 Nicephoro
3560 3064 3754 3104 recen-

2105 3137 2311 3193 tiorem
2346 3153 2494 3202 esse,
2529 3137 2626 3192 sed
2661 3153 2866 3192 omnes
2904 3153 3015 3192 non
3047 3136 3234 3192 solum
3277 3136 3378 3192 illo
3405 3137 3750 3192 vetustiores

2106 3243 2254 3295 esse,
2289 3228 2388 3282 sed
2415 3249 2442 3276 α
2479 3227 2796 3281 admodum
2831 3225 3197 3282 vetustiores.
3226 3248 3252 3274 ››
3280 3227 3493 3282 Deinde
3523 3227 3635 3296 ipsi
3653 3227 3750 3281 ad-

2105 3315 2220 3372 huc
2251 3317 2776 3372 demonstrandum
2811 3323 2935 3370 erat
2965 3316 3234 3371 eumdem
3272 3314 3594 3371 indiculum
3632 3333 3745 3372 non

2106 3423 2138 3461 a
2171 3405 2427 3468 librario,
2463 3406 2563 3460 sed
2621 3422 2654 3460 a
2711 3405 3035 3475 Nicephoro
3081 3406 3204 3471 ipso
3262 3406 3748 3478 chronograpbia

2106 3513 2226 3552 sua
2258 3495 2722 3567 superadditum.
2779 3495 2876 3549 Ille
2929 3503 3121 3550 autem
3166 3502 3433 3549 neutrum
3491 3495 3610 3550 ulla
3641 3513 3752 3551 un-

2105 3603 2282 3658 quam
2317 3588 2541 3642 ratione
2573 3585 2858 3656 probabit.
2884 3585 3092 3638 Contra
3115 3588 3383 3654 vero,qui
3421 3585 3749 3639 manuscri-

2107 3682 2236 3747 ptos
2265 3675 2492 3730 codices
2525 3675 2607 3728 vel
2645 3679 2884 3728 minimo
2916 3676 3109 3729 studio
3153 3674 3511 3743 pervolutare
3538 3673 3746 3741 solent,

2105 3765 2144 3820 ii
2177 3771 2331 3820 certo
2363 3765 2579 3820 certius
2630 3770 2912 3820 noverunt
2967 3764 3331 3818 librariorum
3368 3781 3586 3820 morem
3621 3781 3750 3821 esse

2105 3854 2210 3910 hos
2243 3853 2792 3926 indiculos.aliaque
2821 3853 3109 3923 ejusmodi
3144 3854 3361 3924 scripta
3391 3855 3512 3910 sive
3544 3871 3745 3910 recen-

2109 3943 2255 3999 tiora
2285 3944 2404 3999 sive
2436 3944 2750 3998 vetustiora
2782 3944 2840 3996 in
2875 3942 3179 4004 librorum,
3201 3959 3346 4012 quos
3379 3943 3744 4011 describunt,

2107 4034 2220 4089 ﬁne
2261 4050 2412 4105 sape
2470 4035 2683 4103 sapius
2741 4033 3008 4102 adjicere.
3050 4033 3224 4087 Porro
3282 4038 3474 4087 autem
3537 4035 3747 4090 demus

2107 4121 2339 4188 Dallao,
2364 4123 2512 4193 quod
2541 4128 2732 4176 tamen
2770 4121 2976 4174 talsum
3006 4127 3114 4184 est,
3141 4121 3289 4176 hanc
3309 4121 3748 4176 Stichometrwm

2106 4229 2138 4266 a
2170 4211 2494 4282 Nicephoro
2514 4210 2845 4283 patriarcha
2871 4210 3049 4264 fuisse
3073 4210 3286 4264 editam
3314 4211 3556 4277 ;demus
3571 4212 3746 4265 etiam

2106 4300 2235 4369 ejus
2266 4299 2742 4369 defensori,quud
2779 4301 2900 4368 ipse
2935 4315 3233 4370 nunquam
3271 4301 3557 4370 probabit,
3586 4299 3747 4354 illam

2106 4406 2254 4461 opus
2287 4405 2414 4446 esse
2446 4387 2700 4443 auctoris
2732 4387 3055 4460 Nicephoro
3081 4387 3211 4460 ipso
3242 4390 3558 4445 admodum
3595 4394 3759 4450 vetu-

2111 4479 2640 4549 stioris;nunquid
2678 4478 2851 4534 unius
2909 4477 3241 4551 Nicephori,
3301 4477 3386 4534 vel
3445 4483 3750 4551 cujusdam

347 4550 449 4619 vel,
486 4551 536 4605 si
571 4550 737 4616 velis,
771 4557 836 4605 ut
871 4551 1134 4622 loquitur
1164 4552 1362 4607 Dallai
1403 4554 1693 4624 defensor,
1730 4556 1827 4627 qui
1858 4556 2001 4612 illud
2034 4554 2080 4618 D
2111 4569 2385 4641 anonymi
2419 4573 2475 4624 et
2508 4568 2790 4640 incogniti
2846 4550 3151 4638 :criptoris
3175 4569 3466 4640 judicium
3503 4550 3667 4626 Clarae
3699 4574 3758 4626 et

353 4658 373 4686 ι
407 4641 726 4710 adoptavit.
754 4661 782 4689 »
815 4641 1215 4696 Examinanda
1237 4646 1326 4697 est
1347 4641 1531 4713 igitur
1548 4643 1727 4714 hujus
1753 4645 2002 4717 scripto-

350 4726 427 4784 ris
457 4731 786 4784 auctoritas
817 4735 875 4784 et
907 4730 1532 4788 testimonium.Primo
1556 4732 1805 4790 Dallaus
1835 4735 1999 4791 Nice-

348 4816 596 4886 phorum
657 4817 1086 4874 liberalissimis
1143 4826 1313 4874 ornat
1367 4820 1666 4885 laudibus.
1726 4827 1784 4879 et
1842 4824 2000 4880 hunc

349 4903 962 4963 Dallaanusdefensor
979 4930 1000 4956 ι
1020 4907 1201 4963 ictum
1219 4930 1246 4957 ››
1264 4908 1476 4966 nobisu
1496 4909 1768 4966 lethalem
1784 4933 1814 4962 ››
1830 4912 2000 4970 infer-

351 5009 405 5048 re
436 5004 726 5052 asseverat
758 4995 820 5050 1'.
855 4997 966 5052 Sed
993 4997 1450 5067 ubi,amabo,vir
1471 4999 1568 5055 ille
1589 5000 1840 5057 summis
1871 5001 1998 5059 lau-

353 5083 520 5140 dibus
553 5087 877 5151 ornandus,
911 5086 1092 5141 ictum
1149 5085 1416 5144 lethalem
1448 5089 1618 5146 nobis
1649 5090 1903 5147 intulit?
1933 5094 1996 5149 In

351 5171 761 5242 Stirhometria,
821 5174 1118 5247 inquiunt,
1161 5193 1284 5247 qua
1342 5177 1578 5248 quidem
1641 5179 1789 5234 nihil
1839 5181 1993 5237 aliud

353 5278 520 5332 quam
557 5265 946 5334 fragmentum
1005 5269 1113 5328 est,
1150 5266 1219 5320 ad
1255 5265 1472 5322 calcem
1503 5267 1997 5341 Chroncgrapbia

353 5351 654 5424 Nicephori
688 5369 721 5407 a
751 5352 989 5408 librario
1047 5353 1244 5425 aliquo
1274 5355 1588 5426 adjectum.
1629 5356 1874 5414 Dallaus
1900 5376 2000 5414 au-

353 5443 465 5497 tem
495 5441 886 5513 Nicephorum
908 5441 1069 5498 illius
1099 5448 1398 5499 auctorem
1417 5461 1545 5500 esse
1577 5445 1724 5501 miro
1747 5447 1996 5517 quodam

355 5537 694 5603 argumento
724 5537 1052 5604 prepugnat
1076 5534 1120 5568 ¹⁰
1144 5549 1157 5587 :
1185 5555 1212 5582 «
1248 5532 1434 5604 Hujus
1468 5536 1655 5606 ipsius
1686 5536 1995 5609 Nicephori

2116 4658 2366 4714 evidenti
2398 4658 2662 4713 omnium
2713 4659 2907 4713 omnis
2957 4659 3143 4712 atatis
3193 4657 3670 4714 doctissimorum
3700 4663 3758 4714 et

2109 4752 2552 4807 notissimorum
2629 4751 2886 4807 virorum
2959 4750 3257 4806 sententia
3335 4752 3760 4821 praferendum

2110 4842 2247 4897 est?

2178 4931 2309 4998 §II.
2345 4930 2497 4985 Hanc
2551 4929 3026 5055 Stichometria‘m‘
3068 4928 3216 4983 nihil
3265 4929 3482 4999 ofﬁcere
3509 4927 3759 4996 epistolis

2845 5016 2950 5055 ana
2980 5017 3001 5054 ι
3031 5040 3042 5052 .

2844 5016 3042 5071 gnam.

2180 5089 2290 5144 Sed
2317 5104 2446 5160 age,
2477 5089 2884 5146 auctoritatem
2917 5093 2973 5143 et
2993 5087 3382 5143 testimonium
3408 5087 3582 5158 hujus
3605 5088 3755 5143 suri-

2109 5178 2314 5247 ptoris,
2346 5178 2684 5249 quicunque
2705 5177 2940 5232 tandem
2977 5176 3071 5232 ille
3104 5175 3298 5247 fuerit,
3330 5177 3751 5234 examinemus.

2109 5268 2164 5324 Is
2193 5269 2387 5324 varios
2418 5267 2700 5323 librorum
2731 5281 2908 5320 sacra
2931 5265 3243 5336 Scriptura
3295 5268 3622 5338 composuit
3653 5283 3750 5322 ca-

2107 5355 2579 5428 talogos,quibus
2611 5361 2993 5410 recensentur
3013 5373 3032 5408 :
3064 5358 3120 5408 1ο
3134 5354 3360 5410 Veteris
3389 5355 3750 5412 Testamenti

2105 5446 2241 5501 libri
2265 5465 2280 5515 ;
2303 5447 2363 5500 2°
2384 5445 2527 5501 Novi
2549 5445 2907 5500 Testamenti
2933 5461 2945 5510 ;
2970 5445 3028 5498 3°
3043 5467 3070 5494 «
3085 5446 3217 5508 Qua
3233 5460 3346 5498 non
3362 5444 3758 5502 admittuntur

2108 5536 2333 5592 Veteris
2362 5533 2716 5591 Testamenti
2749 5533 3058 5605 Scriptura
3088 5534 3185 5603 ;4ο
3214 5535 3348 5599 Qua
3401 5535 3620 5592 Veteris
3651 5537 3758 5593 Te-

420 5662 465 5702 “
490 5665 637 5725 Dall.
671 5681 801 5745 cap.
833 5666 928 5742 36,
948 5683 1007 5743 p.
1038 5668 1167 5725 448.
1241 5665 1290 5704 ⁸⁸
1314 5681 1452 5744 pag.
1495 5669 1582 5726 14.
1659 5667 1704 5706 ίσ
1733 5683 1860 5744 cap.
1892 5671 1948 5744 4,
1979 5685 2005 5746 ι

2115 5669 2202 5730 43.
2277 5668 2326 5707 ⁸⁷
2360 5670 2427 5730 In
2455 5669 2731 5729 Adnotat.
2763 5684 2824 5741 p.
2852 5667 2944 5729 88.
3019 5666 3064 5706 ¹⁶
3092 5683 3230 5745 pag.
3261 5669 3350 5730 14.
