4112 6132
326 335 446 398 503

1395 337 1462 400 S.
1511 333 1907 400 IGNATIUS.
1955 366 2034 381 -—
2075 335 2700 398 PROLEGOMENA.

3639 339 3760 406 504

325 469 604 526 stamenti
636 469 964 540 apocrypha
997 441 1306 525 censemus
1332 490 1346 536 ;
1369 472 1430 525 5°
1457 473 1591 534 Quae
1623 471 1762 526 Novi
1781 471 1981 526 Testa-
2011 472 2064 536 Α
2097 467 2463 540 confugiunt,
2497 471 2561 522 ut
2589 467 2795 524 saltem
2829 473 2995 525 muta
3027 487 3093 526 ac
3125 471 3316 530 silenti
3352 477 3749 546 quorumdam

332 561 513 614 menti
559 563 697 612 sunt
736 559 1091 630 apocrypha.
1127 582 1154 609 »
1207 562 1391 631 Atque
1423 559 1478 614 in
1532 561 1639 615 hoc
1672 559 1977 630 posteriori

335 649 542 704 ordine
567 648 777 719 Ignatii
809 647 1219 718 epistolas,aut
1247 649 1536 721 potius,ut
1566 650 1686 722 ipse
1709 649 1980 719 loquitur,

331 738 658 793 doctrinam
686 737 1010 793 collocavit.
1047 737 1263 793 Verum
1325 739 1448 794 haec
1478 739 1734 796 auctoris
1766 739 1979 795 Sticho-

327 829 550 884 φοινίαν
577 828 753 883 verba
784 832 842 884 et
899 828 1312 900 inscriptiones
1344 829 1490 884 nihil
1522 829 1780 884 innuunt
1823 829 1982 884 aliud

333 933 507 989 quam
541 917 750 988 Ignatii
785 918 1235 988 epistolasinter
1255 919 1584 991 apocrypha
1612 919 1751 975 Novi
1777 920 1984 974 Testa—

337 1007 519 1063 menti
578 1022 705 1062 esse
755 1006 1123 1076 rejiciendas,
1157 1007 1265 1063 hoc
1317 1013 1426 1078 est,
1459 1008 1557 1064 éas
1607 1010 1759 1065 inter
1789 1024 1983 1064 sacros

335 1098 478 1154 Novi
512 1098 866 1153 Testamenti
898 1097 1076 1154 libros
1108 1115 1221 1154 non
1256 1115 1385 1154 esse
1412 1100 1828 1155 numerandas.
1848 1103 1982 1153 Eam

334 1185 534 1258 procul
567 1187 747 1242 dubio
779 1187 851 1241 ob
884 1203 1122 1243 causam
1183 1187 1530 1243 mentione-ti
1593 1189 1731 1244 facit
1782 1203 1983 1243 eorum

336 1279 750 1332 tantummodo
781 1275 1088 1342 librorum,
1119 1277 1219 1348 qui
1265 1277 1658 1348 apostolorum
1689 1282 1791 1333 aut
1811 1277 1988 1349 quin-

337 1381 450 1436 que
479 1368 818 1422 eorumdem
881 1365 1305 1438 discipulorum
1349 1382 1560 1423 nomen
1595 1367 1987 1439 proferebant,

337 1471 602 1528 quosque
633 1472 699 1512 eo
730 1455 969 1511 nomine
1001 1455 1342 1526 imprudens
1375 1457 1769 1528 quorumdam
1802 1456 1989 1528 pietas

340 1561 516 1600 sacra:
569 1545 712 1602 Novi
769 1545 1132 1601 Testamenti
1183 1545 1497 1617 Scriptura;
1543 1545 1757 1602 ascribi
1803 1545 1992 1603 volue-

339 1641 446 1690 rat.

416 1724 796 1797 At,inquiunt
826 1724 1125 1792 Dallsesni,
1159 1729 1368 1781 auctor
1395 1724 1494 1780 ille
1517 1725 1797 1796 epistolas
1830 1726 1994 1798 Igna-

2091 557 2439 614 auctoritate
2469 558 2636 613 vanis
2666 558 2790 614 suis
2828 558 3220 616 velationibus
3266 561 3457 620 locum
3489 563 3745 636 aliquem

2092 648 2326 702 dedisse
2356 647 2685 705 videantur.
2711 647 2956 704 Dallaeus
2975 652 3171 721 itaque
3201 668 3413 724 magna
3431 655 3746 712 verborum

2094 754 2307 808 pompa
2359 743 2769 809 argumentum
2829 756 3002 794 suum
3055 742 3393 813 negativum
3446 747 3748 818 proponit,

2093 827 2247 898 quod
2279 827 2429 882 hanc
2462 827 2520 882 in
2557 829 2800 884 formam
2835 835 3021 884 totum
3055 833 3353 889 reducitur
3381 851 3393 888 :
3422 857 3450 884 ‹‹
3481 835 3746 903 Constat,

2093 916 2290 988 inquit
2319 915 2499 980 ille",
2531 917 2658 987 bas,
2691 933 2838 988 quas
2869 918 3041 975 hodie
3072 919 3323 991 legimus
3360 925 3662 995 epistolas,
3699 928 3750 982 si

2093 1022 2228 1062 vere
2263 1005 2472 1077 lgnatii
2501 1013 2662 1072 sunt,
2696 1023 2808 1062 non
2867 1008 3126 1078 potuisse
3157 1027 3269 1064 non
3312 1028 3442 1069 esse
3470 1016 3750 1072 omnibus

2095 1095 2254 1150 illius
2285 1099 2341 1150 et
2372 1096 2651 1166 proximae
2698 1097 2974 1168 deinceps
3030 1101 3326 1156 memoria
3371 1102 3750 1175 Christianis,

2097 1184 2418 1254 praesertim
2446 1199 2578 1239 vero
2619 1184 2891 1241 litteratis
2921 1191 2978 1240 et
3007 1189 3276 1255 eruditis,
3312 1191 3359 1245 si
3394 1194 3492 1262 qui
3525 1201 3750 1261 essent,

2097 1274 2458 1329 notissimas.
2489 1276 2561 1328 At
2591 1274 2683 1329 his
2718 1275 2886 1346 plane
2919 1277 3268 1350 penitusque
3300 1280 3532 1351 ignotas
3565 1285 3752 1342 fuisse

2098 1363 2204 1418 bas
2226 1378 2452 1426 omnes,
2492 1379 2639 1433 quas
2684 1380 2840 1419 nunc
2889 1364 3197 1432 habemus,
3257 1371 3465 1439 lgnatii
3511 1373 3752 1430 nomine

2099 1451 2413 1523 inscriptas
2443 1451 2744 1523 epistolas,
2774 1453 3032 1523 ipsorum
3068 1473 3196 1526 qua
3228 1466 3544 1528 snpersunt
3573 1478 3751 1532 opera

2101 1541 2264 1606 satis,
2293 1545 2355 1594 ut
2388 1541 2526 1596 mihi
2561 1541 2797 1611 quidem
2834 1543 3083 1610 videtur,
3119 1553 3376 1616 arguunt
3406 1565 3472 1604 ac
3503 1551 3746 1608 demon~

2102 1635 2310 1686 strant.
2345 1631 2490 1702 Ergo
2525 1631 2851 1686 necessario
2874 1632 3013 1687 illud
3049 1650 3278 1706 quoque
3298 1639 3452 1708 quod
3473 1656 3580 1696 nos
3607 1657 3747 1696 con-

2100 1719 2824 1783 tendimus,conlitendum
2859 1721 3407 1793 est,epistolasillas
3441 1743 3746 1799 nunquam

345 1814 408 1868 tii
442 1815 644 1870 eodem
682 1829 923 1869 numero
954 1813 1253 1869 habendas
1275 1830 1403 1870 esse
1434 1823 1647 1884 censet,
1673 1837 1702 1865 ι(
1725 1831 1791 1871 ac
1825 1814 1992 1870 Itine—
2027 1837 2069 1900 Β
2104 1808 2284 1862 fuisse
2316 1809 2388 1900 ab
2420 1808 2945 1900 lgnatioAscriptas.
2968 1831 2996 1858 ››
3035 1811 3237 1867 Verum
3291 1829 3467 1884 quam
3515 1817 3750 1874 infirma

347 1903 500 1958 raris
537 1903 706 1970 Petri,
738 1902 983 1959 Joannis
1015 1909 1072 1960 et
1102 1903 1362 1970 Thomas,
1416 1921 1547 1976 quae
1583 1920 1649 1960 ex
1680 1904 1991 1960 deterrimo

344 2007 555 2064 genere
613 1993 1071 2065 apocryphorum
1118 2016 1145 2043 ››
1198 2009 1324 2049 esse
1381 1993 1594 2065 saepius
1654 1994 1989 2050 decantant.

344 2081 510 2137 Unde
539 2081 714 2136 iidem
739 2084 1014 2138 audacter
1035 2084 1430 2138 concludunt:
1456 2105 1484 2133 ‹‹
1518 2083 1730 2138 Eadem
1763 2087 1993 2138 senten-

340 2171 420 2226 tia
451 2171 726 2226 damnata
759 2175 1070 2242 notataque
1115 2171 1297 2228 fuisse
1341 2173 1658 2244 Ignatiana,
1695 2172 1768 2227 ad
1799 2171 1986 2226 labem

339 2263 513 2332 atque
532 2259 912 2331 ignominiam
939 2261 1376 2332 sempiternam.
1397 2284 1424 2312 ››
1449 2262 1557 2318 Sed
1581 2278 1679 2317 eos
1710 2261 1986 2331 objectio-

336 2350 428 2405 nis
460 2351 634 2406 toties
666 2351 923 2423 repetitis
948 2352 1166 2422 pudere
1191 2351 1508 2422 aliquando
1531 2350 1989 2420 debuisset.Epi-

334 2438 495 2494 stolae
526 2439 816 2510 siquidem
865 2440 1070 2512 Ignatii
1107 2443 1345 2496 sincera:
1394 2457 1459 2496 ac
1507 2442 1634 2496 sine
1664 2439 1986 2512 interpola-

337 2528 786 2599 tionibus,quas
815 2530 972 2586 solas
996 2530 1388 2599 defendimus,
1424 2531 1569 2586 nihil
1603 2531 1716 2586 nisi
1749 2547 1982 2600 sanum,

337 2619 723 2675 orthodoxum
758 2624 812 2675 et
862 2619 1210 2676 Christianis
1243 2621 1462 2691 totique
1488 2620 1758 2677 Ecclesia
1792 2620 1983 2675 utilis-

338 2709 640 2774 simum,et
666 2709 916 2765 maxime
949 2710 1314 2766 fructuosum
1349 2709 1984 2783 complectuntur.Non

339 2801 658 2870 potuerunt
687 2815 824 2871 ergo
855 2816 988 2854 cum
1021 2799 1092 2854 iis
1112 2800 1498 2872 scriptis,qum
1518 2822 1545 2851 ‹‹
1574 2817 1640 2856 ex
1672 2801 1984 2856 deterrimo

337 2903 548 2960 genere
578 2889 1038 2962 apocryphorum
1078 2911 1106 2938 »
1138 2890 1397 2958 somniis,
1423 2889 1858 2962 mendaciisque
1891 2907 1982 2946 re-

339 2978 505 3046 ferta,
526 2984 583 3034 et
613 2980 784 3035 certis
815 2979 1054 3034 venenis
1081 2980 1350 3051 inspersa
1379 2983 1537 3046 sunt,
1559 3003 1587 3031 «
1615 2981 1816 3036 eadem
1851 2997 1986 3036 sen-

334 3068 516 3123 tentia
547 3068 620 3122 ad
650 3067 837 3124 labem
873 3074 1050 3139 atque
1081 3069 1471 3140 ignominiam
1506 3070 1922 3140 sempiternam
1951 3091 1982 3120 ››

332 3157 621 3212 damnari.
657 3157 857 3226 Itaque
888 3163 1090 3212 auctor
1119 3157 1537 3224 Slichometriae,
1580 3159 1627 3214 si
1661 3158 1794 3229 quis
1825 3175 1979 3214 sanas

2103 1897 2524 1968 nugatoriaque
2556 1897 2629 1953 sit
2649 1897 2768 1952 haec
2799 1901 3252 1969 argumentatio,
3281 1918 3346 1958 eo
3380 1905 3592 1962 invicte
3610 1924 3753 1962 con-

2101 1985 2318 2052 ﬁcitur,
2353 1987 2531 2056 quod,
2565 1986 2611 2041 si
2645 1987 2868 2041 roboris
2899 1987 3116 2059 aliquid
3145 1990 3376 2058 habeat,
3411 1995 3482 2049 ab
3513 2011 3580 2050 ea
3617 1997 3750 2052 Dal-

2102 2079 2242 2130 laaus
2301 2076 2547 2145 ejusque
2591 2075 2848 2130 fautores
2899 2081 3306 2136 tantummodo
3369 2082 3652 2140 feriantur
3693 2091 3754 2142 et

2099 2167 2446 2220 obruantur.
2483 2164 2542 2219 ln
2587 2164 2720 2219 illos
2764 2165 3052 2236 siquidem
3094 2168 3277 2238 ipsos,
3325 2172 3420 2241 qui
3456 2175 3749 2243 Ignatium

2099 2253 2423 2325 aliquasgut
2453 2253 2730 2318 diximus,
2763 2253 3041 2325 epistolas
3073 2258 3384 2328 scripsisse
3406 2262 3753 2322 firmissima

2097 2342 2528 2399 asseveratione
2558 2342 2996 2410 afﬁrmant,hoc
3019 2345 3173 2401 idem
3195 2356 3605 2419 argumentum
3626 2358 3749 2411 tota

2097 2448 2202 2487 sua
2231 2430 2306 2496 vi,
2336 2431 2612 2501 omnique
2643 2431 2864 2502 impetu
2925 2433 3008 2488 sic
3069 2437 3295 2492 recidit.
3343 2443 3585 2498 Constat
3624 2445 3750 2514 epi-

2096 2523 2272 2578 stolas
2304 2523 2376 2576 ει.
2409 2521 2630 2593 lgnatio
2681 2523 2925 2594 scriptas
2987 2542 3100 2581 non
3154 2529 3414 2599 potuisse
3469 2549 3583 2588 non
3619 2551 3749 2591 esse

2095 2611 2372 2667 omnibus
2394 2617 2450 2666 et
2472 2613 2741 2682 proximas
2766 2613 3036 2686 deinceps
3055 2621 3349 2675 memoriae
3373 2621 3748 2691 Christianis,

2099 2701 2420 2772 praesertim
2465 2717 2594 2766 vero
2652 2700 2924 2758 litteratis
2979 2713 3034 2760 et
3091 2708 3340 2765 eruditis
3388 2713 3749 2770 notissimas.

2096 2791 2274 2864 Atqui
2307 2789 2609 2860 epistolas,
2633 2807 2780 2862 quas
2811 2792 3090 2849 Dallteani
3132 2797 3204 2851 ab
3240 2798 3463 2869 lgnatio
3495 2804 3752 2874 scriptas

2094 2901 2225 2940 esse
2257 2884 2640 2950 contendunt,
2675 2901 2788 2940 non
2820 2885 2914 2941 his
2946 2887 3162 2954 solum,
3185 2892 3282 2945 sed
3319 2893 3596 2950 omnibus
3618 2902 3755 2953 ante

2094 2977 2308 3044 etpost
2354 2973 2693 3039 Eusebium,
2727 2973 2897 3044 plane
2943 2978 3283 3047 penitusque
3315 2981 3540 3050 ignotas
3573 2984 3752 3040 fuisse

2094 3071 2313 3118 certum
2341 3062 2692 3118 est.Nullum
2723 3065 2874 3120 enim
2900 3064 2999 3136 qui
3028 3080 3128 3121 eas
3158 3067 3419 3122 citaverit
3449 3073 3550 3123 aut
3572 3087 3749 3138 agno-

2093 3151 2239 3207 verit
2269 3156 2567 3207 auctorem
2615 3169 2873 3224 unquam
2928 3159 3242 3226 potuerunt
3279 3156 3556 3214 indicare.
3591 3159 3741 3230 Ergo

333 3209 872 3309 mentishabuerit,
1125 3209 1979 3318 ultim—am‘e—j-uws
2019 3209 2061 3274 Ο
2091 3245 2419 3298 necessario
2452 3241 2592 3298 illud
2626 3209 2860 3314 quoque
2889 3209 3293 3300 conﬁtendum
3324 3252 3414 3301 est
3449 3248 3573 3315 bas,
3593 3209 3741 3318 quis

327 3332 575 3387 classem
608 3334 991 3400 constituunt,
1029 3335 1184 3388 inter
1243 3334 1571 3406 apocrypha
1603 3335 1744 3390 Novi
1775 3336 1980 3390 Testa-

327 3422 505 3476 menti
541 3421 943 3488 amandando,
979 3438 1046 3477 ea
1077 3439 1110 3477 a
1139 3439 1305 3479 sacro
1356 3423 1686 3479 divinarum
1719 3425 1979 3494 Scriptu-

325 3527 520 3566 rarum
545 3510 805 3583 catalogo
827 3511 1235 3567 tantummodo
1257 3511 1538 3579 exclusit;
1572 3513 1670 3567 sed
1693 3514 1764 3568 de
1779 3529 1978 3568 eorum

330 3599 605 3667 utilitate,
628 3604 729 3655 aut
759 3601 830 3656 de
861 3618 976 3672 quo
1008 3616 1221 3672 genere
1254 3601 1719 3672 apocryphorum
1744 3601 1982 3674 singula

329 3690 623 3746 censenda
654 3689 1045 3760 sint,liberam
1073 3690 1350 3746 omnibus
1382 3690 1688 3762 judicandi
1719 3690 1850 3747 fecit
1878 3707 1984 3763 po-

329 3784 621 3838 testatem.

469 3889 498 3955 §
528 3888 626 3944 IlI.
657 3889 838 3962 Neque
867 3889 1224 3946 Anastasium
1271 3889 1462 3946 iisdem
1504 3905 1835 3962 repugnare.

398 3994 479 4050 De
526 3995 836 4052 Anastasio
897 4002 1117 4065 autem,
1172 3998 1271 4069 qui
1323 3997 1764 4054 Stichometriam
1817 3997 1978 4054 illam

326 4085 524 4141 Latine
558 4086 825 4154 reddidit,
862 4087 1016 4144 idem
1050 4088 1290 4142 omnino
1353 4104 1420 4143 ac
1453 4087 1523 4143 de
1553 4086 1715 4144 illius
1743 4093 1980 4144 auctore

323 4176 697 4232 sentiendum
731 4196 744 4244 ;
769 4176 854 4232 vel
877 4177 1069 4250 potius
1092 4177 1404 4234 dicendum
1425 4188 1508 4234 est
1530 4177 1979 4246 eumdemlAna—

323 4264 569 4320 stusium
608 4282 740 4321 cum
773 4265 1108 4337 interpretis
1141 4284 1254 4322 non
1299 4266 1485 4322 critici
1519 4267 1710 4323 officio
1743 4267 1978 4322 functus

323 4353 420 4422 sit,
452 4371 519 4410 ea
549 4373 678 4426 quis
708 4355 764 4409 in
799 4357 1203 4426 manuscripto
1237 4373 1344 4412 suo
1375 4357 1574 4412 codice
1605 4356 1799 4412 Graece
1829 4355 1976 4412 scri-

325 4447 422 4514 pta
453 4441 774 4512 invenerat,
833 4444 1037 4498 Latina
1069 4443 1274 4500 fecisse
1308 4461 1322 4500 :
1357 4445 1456 4499 sed
1508 4447 1577 4500 de
1623 4444 1730 4499 hac
1761 4442 1976 4499 Sticho—

326 4529 676 4601 metria,qum
711 4532 966 4588 auctoris
999 4531 1240 4588 alterius
1263 4533 1540 4604 Operibus
1571 4533 1796 4604 adjecta
1825 4536 1949 4588 erat

323 4617 551 4676 nullum
583 4618 789 4676 tulisse
813 4621 1120 4690 judicium.

964 4725 1188 4783 CAPUT
1231 4727 1330 4782 IX.

322 4852 670 4894 assuurua
717 4847 1119 4889 ARGUMENTUM
1181 4850 1524 4903 NEGATIVUI,
1565 4852 1632 4890 ΒΤ
1691 4852 1968 4898 QUARUM-

455 4925 568 4964 DA!
604 4922 981 4963 ECCLESIARUM
1011 4922 1539 4963 CONSUBTUDINIBUS
1570 4924 1833 4964 PETITUI.

386 5019 413 5085 §
447 5018 485 5071 Ι.
521 5021 636 5071 Hoc
663 5023 1048 5085 argumentum
1075 5018 1268 5068 contra
1289 5015 1635 5070 adversarios
1667 5015 1892 5071 militat.

384 5126 526 5177 Cum
582 5121 895 5177 adversarii
929 5120 1112 5175 nostri
1173 5120 1516 5192 scriptorem
1578 5121 1827 5188 nullum,
1863 5139 1967 5194 pro

2089 3331 2287 3386 dicunt
2315 3331 2920 3402 Dallaeani,nunquam
2947 3335 3019 3389 ab
3041 3335 3266 3405 lgnatio
3289 3336 3537 3407 scriptas
3559 3337 3743 3392 fuisse

2088 3419 2390 3491 epistolas.
2429 3421 2542 3475 Hoc
2575 3426 2768 3476 autem
2819 3423 2972 3492 quod
3009 3423 3121 3493 ipsi
3181 3425 3353 3479 nobis
3404 3425 3744 3481 ministrant

2090 3514 2600 3579 argumentum,eo
2625 3509 2878 3564 validius
2907 3513 3190 3581 est,quod
3226 3513 3500 3570 lethalem
3534 3515 3738 3584 ictum,

2087 3613 2260 3668 quem
2293 3597 2418 3652 suis
2451 3599 2564 3668 ipsi
2593 3598 2867 3652 manibus
2901 3599 3010 3652 sibi
3046 3599 3395 3670 intulerunt,
3431 3621 3738 3676 nunquam

2084 3691 2236 3742 certe
2267 3685 2560 3741 declinare
2591 3687 2837 3756 possint.

2158 3781 2438 3836 Prmterea
2467 3783 2721 3836 fatentur
2773 3783 3111 3853 adversarii,
3141 3787 3292 3856 quod
3349 3803 3523 3844 nemo
3555 3791 3738 3848 etiam

2084 3887 2297 3943 negare
2325 3876 2521 3944 queat,
2556 3877 2970 3943 argumentum
3015 3875 3434 3933 affirmativum
3471 3881 3739 3952 negativo

2084 3977 2318 4033 semper
2347 3978 2476 4017 esse
2507 3962 3160 4036 prmferendumﬁeque
3190 3966 3346 4022 enim
3381 3969 3737 4041 scriptorum

2081 4049 2477 4121 quorumlibet
2509 4051 2957 4119 silentium,imo
2992 4069 3181 4126 neque
3203 4055 3488 4126 ignoratio
3508 4060 3738 4116 efﬁcere

2082 4145 2292 4212 potest,
2326 4145 2482 4197 utea
2512 4157 2684 4213 opera
2715 4158 2846 4212 quae
2877 4143 2948 4198 ab
2995 4143 3126 4199 aliis
3159 4145 3278 4200 visa
3311 4150 3367 4201 et
3395 4145 3546 4203 lecta
3573 4153 3732 4216 sunt,

2083 4245 2211 4286 vere
2245 4247 2357 4286 non
2391 4231 2801 4298 exstiterint,et
2829 4249 2963 4289 vere
2994 4251 3106 4289 non
3137 4235 3255 4290 sint
3286 4237 3357 4292 ab
3388 4239 3729 4296 auctoribus

2081 4320 2204 4375 suis
2237 4321 2514 4392 profecta.
2563 4321 2737 4393 Atqui
2792 4327 3136 4394 argumento
3196 4325 3547 4382 affirmatich
3602 4327 3731 4395 has,

2083 4425 2228 4480 quas
2260 4409 2386 4465 sine
2408 4409 2959 4482 interpolationibus
2991 4412 3274 4468 habemus
3296 4414 3733 4483 epistolas,vere

2082 4499 2154 4554 ab
2187 4499 2412 4570 lgnatio
2433 4505 2632 4555 nostro
2655 4506 2918 4556 exaratas
2951 4501 3130 4557 fuisse
3162 4519 3196 4556 a
3226 4504 3394 4559 nobis
3417 4505 3736 4563 evidentis-

1954 4576 1969 4604 ’
2003 4564 2051 4630 D
2084 4564 2242 4644 sime
2258 4590 2726 4644 demonstratum
2747 4590 3141 4658 est,nimirum
3169 4593 3490 4668 Polycarpi,
3513 4596 3735 4668 lrenzei,

2085 4677 2376 4749 Origenis,
2415 4679 2712 4734 Athanasii
2765 4678 3134 4752 aliorumque
3179 4683 3525 4740 auctoritate
3562 4689 3618 4740 et
3649 4691 3734 4741 te-

2083 4767 2399 4833 stimoniis,
2436 4785 2555 4838 qua:
2586 4769 2658 4824 ab
2689 4769 2962 4825 omnibus
2995 4769 3190 4826 Dallaai
3241 4773 3732 4846 defensorumque

2081 4857 2210 4925 ejus
2241 4856 2704 4927 exceptionibus,
2753 4858 3020 4930 argutiis,
3054 4864 3111 4915 et
3154 4860 3618 4919 cavillationibus
3650 4865 3734 4919 in-

2081 4945 2403 5002 victissime
2431 4947 2880 5004 vindicavimus.

2150 5039 2281 5090 Haec
2308 5035 2485 5106 igitur
2515 5038 2661 5092 satis
2709 5053 3001 5110 superque
3051 5056 3181 5097 esse
3213 5041 3488 5098 deberent
3519 5045 3585 5098 ad
3638 5061 3733 5101 va-

2078 5143 2214 5182 nam
2246 5141 2445 5181 eorum
2473 5125 2801 5198 negativam
2827 5131 3412 5200 argumentationem,
3437 5149 3565 5204 quae
3598 5134 3734 5189 nul-

314 5229 422 5267 sua
451 5212 725 5284 opinione
780 5211 1132 5281 loquentem,
1185 5225 1359 5280 quem
1429 5209 1827 5265 invictissimm
1888 5218 1968 5266 tot
2077 5216 2191 5272 lam
2225 5234 2512 5289 unquam,
2547 5217 2658 5273 nisi
2698 5223 2897 5274 contra
2928 5236 3050 5286 eos,
3080 5222 3194 5276 vim
3230 5222 3528 5294 roburque
3561 5222 3728 5277 habi-

315 5306 735 5373 tantorumque
763 5300 1150 5370 virorum.pro
1172 5303 1371 5353 nostra
1393 5299 1683 5354 sententia
1705 5316 1967 5371 pugnan-
2075 5310 2207 5362 tura
2237 5312 2344 5372 est,
2382 5308 2620 5378 penitus
2653 5306 3100 5378 explodendam.
3137 5309 3216 5366 Ne
3263 5312 3457 5365 tamen
3509 5310 3728 5380 aliquid

314 5391 463 5444 tium
497 5397 735 5445 catervae
759 5389 1323 5460 opponant,possint
1355 5389 1706 5458 producere;
1733 5391 1800 5444 ad
1819 5389 1962 5445 alio-
2076 5396 2485 5464 probationum
2517 5413 2759 5452 suarum
2802 5414 2836 5452 a
2889 5397 3054 5453 nobis
3107 5398 3568 5468 praetermissum
3598 5417 3729 5458 esse

320 5493 451 5532 rum
485 5478 804 5545 silentium,
838 5485 1120 5548 tanquam
1152 5478 1222 5533 ad
1271 5493 1497 5533 sacram
1535 5479 1851 5534 anchoram
1884 5481 1967 5538 ita
2073 5491 2528 5558 conquerantur,
2571 5492 2745 5559 atque
2776 5490 2840 5542 ut
2886 5486 3163 5542 omnibus
3213 5504 3392 5560 quam
3425 5488 3728 5552 infirmum

389 5618 438 5654 ιθ
465 5634 591 5692 cap.
623 5621 678 5692 5,
709 5637 768 5692 p.
796 5620 923 5678 256.
