4112 6132
349 303 470 367 505

1326 307 1401 368 D.
1445 303 1795 369 NOURRII
1835 291 2377 363 DISSERTATIO.
2424 327 2499 339 —
2543 291 2742 353 PARS
2783 291 2832 354 Ι.

3648 293 3768 354 506

354 440 435 495 sit
478 439 842 510 pracipuum
876 453 1076 494 eorum
1136 444 1552 512 argumentum
1613 441 1824 509 pateat,
1845 435 2016 505 juvat
2043 432 2095 498 Α
2130 427 2514 496 Hieronymus
2547 425 2673 494 has,
2697 426 2768 480 de
2797 424 3012 496 quibus
3045 423 3526 496 agimus,optime
3553 441 3767 496 cogno-

356 527 562 583 omnia
595 528 877 599 negativa
905 527 1067 583 illius
1097 527 1454 585 defensionis
1485 532 1783 584 momenta
1812 527 2003 580 atten-

356 617 595 672 tissime
629 619 977 689 ponderare.

354 724 490 792 §Ii.
535 724 802 796 Epistolas
857 725 1059 794 Ignatii
1086 740 1195 780 non
1241 725 1417 795 fuisse
1467 725 1779 794 incognitas
1832 721 2014 776 Eccle-

897 798 1000 853 sia
1055 797 1476 854 Alexandrina.

428 902 746 958 Contendit
777 902 957 972 igitur
986 901 1236 958 Dallaus
1268 901 1548 976 epistolas
1607 901 1816 973 Ignatii
1850 900 2012 955 inco-

355 993 556 1064 gnitas
576 993 760 1049 fuisse
790 992 1066 1049 Ecclesiis
1114 993 1476 1049 Alexandria
1530 992 1897 1062 aliarumque
1931 1005 2014 1044 re-

353 1083 626 1154 gionum,
691 1099 796 1138 nec
850 1099 964 1138 non
1026 1083 1197 1139 etiam
1255 1082 1640 1148 Ter-tulliano,
1673 1078 2012 1147 Caio,Ju1io

351 1172 655 1241 Africano,
688 1172 973 1229 Clementi
1001 1173 1408 1241 Alexandrino,
1444 1172 1722 1242 aliisque;
1749 1170 2012 1243 quando-

358 1262 605 1334 quidem
641 1262 678 1316 ii
711 1278 915 1318 omnes
947 1263 1167 1318 nullam
1203 1279 1399 1318 earum
1433 1264 1693 1318 fecerunt
1752 1274 2012 1332 unquam

357 1353 854 1408 mentionem.Sic
885 1359 1078 1409 autem
1115 1352 1213 1410 ille
1239 1354 1310 1408 de
1341 1352 1594 1408 Ecclesia
1624 1349 2013 1406 Alexandrina

357 1445 645 1516 disputat.
688 1444 980 1514 Doctrina,
1013 1444 1209 1516 inquit
1237 1445 1301 1508 ’0,
1337 1461 1466 1515 qua
1498 1445 1556 1498 in
1617 1443 1688 1498 iis
1750 1440 2012 1512 epistolis

357 1534 576 1606 sapius
610 1533 958 1602 inculcetur,
993 1550 1061 1589 ea
1091 1539 1212 1590 est:
1265 1556 1294 1583 «
1355 1538 1473 1588 Non
1508 1534 1674 1589 aliter
1704 1548 1880 1603 quam
1942 1530 2013 1585 ab

359 1640 475 1680 uno
526 1623 825 1695 episcopo,
870 1624 1223 1697 presbyteris
1269 1624 1638 1694 prasidente,
1681 1621 1799 1693 regi
1843 1635 2016 1692 posse

357 1730 422 1769 ac
453 1713 670 1768 debere
703 1712 970 1785 singulas
1004 1713 1218 1769 Christi
1249 1711 1553 1767 Ecclesias.
1594 1733 1620 1761 »
1658 1711 1829 1782 Atqui
1864 1709 2015 1765 alius

2121 516 2517 588 vitepistolas.
2553 515 2670 570 imo
2701 516 2935 570 easdem
2998 513 3214 584 lgnatio
3247 519 3583 569 constanter
3613 514 3766 569 assi-

2121 607 2342 678 gnavit.
2356 606 2532 675 Atqui
2555 605 2728 676 juxta
2749 604 3215 658 adversariorum
3248 619 3481 659 commu
3494 619 3622 657 nem
3635 603 3767 669 ,etsi

2121 711 2424 751 erroneam
2439 694 2800 765 opinionem.
2813 693 3623 764 Hieronymusepiscoporum
3639 709 3705 747 cu
3719 711 3774 748 ω

2124 785 2477 857 presbyteris
2495 784 3039 854 aqualitatem,qua
3063 783 3121 837 in
3149 782 3236 838 his
3261 782 3464 853 lgnatii
3497 782 3760 852 epistolis

2124 876 2341 945 ubique
2391 875 2722 940 damnatur,
2761 873 3054 927 mordicus
3088 873 3366 926 defendit.
3397 870 3594 926 Potuit
3624 887 3760 943 ergo

2125 968 2378 1024 Ecclesia
2408 966 2802 1023 Alexandrina
2832 981 2946 1020 non
2975 966 3161 1022 solum
3219 964 3438 1035 aliquid
3494 965 3627 1020 usui
3661 966 3760 1019 ha-

2123 1059 2280 1128 bere,
2315 1057 2472 1129 quod
2502 1058 2559 1111 in
2591 1056 2856 1127 epistolis
2923 1055 3132 1126 lgnatii
3195 1056 3527 1120 damnatur,
3563 1070 3763 1109 verum

2123 1150 2296 1205 etiam
2329 1148 2473 1204 illud
2504 1165 2639 1204 cum
2698 1148 3048 1218 Hieronymo
3109 1146 3326 1218 passim
3361 1151 3417 1201 et
3465 1146 3766 1201 mordicus

2124 1242 2468 1307 defendere;
2513 1247 2686 1310 atque
2716 1241 2952 1295 easdem
3011 1238 3397 1310 nihilominus
3451 1253 3769 1308 agnoscere

2124 1333 2240 1386 imo
2271 1337 2327 1386 et
2355 1331 2574 1400 Ignatio
2604 1330 2902 1384 vindicare
2931 1328 3229 1399 epistolas.

2195 1420 2409 1476 Verum
2439 1435 2552 1474 non
2587 1435 2656 1474 ex
2687 1418 2812 1474 sola
2837 1433 3037 1473 eorum
3069 1432 3268 1473 secum
3290 1418 3369 1472 ita
3389 1416 3769 1488 pugnantium

2126 1513 2418 1568 discordia
2456 1512 2688 1568 elicitur
2720 1509 3138 1582 propositionis
3169 1509 3334 1564 illius
3369 1510 3594 1565 falsitas
3625 1527 3637 1575 ;
3671 1509 3771 1563 sed

2124 1602 2260 1658 inde
2291 1602 2462 1657 etiam
2497 1607 2694 1673 aperte
2745 1601 3053 1667 evincitur,
3087 1601 3241 1670 quod
3291 1599 3432 1654 varii
3493 1600 3610 1653 sint
3663 1615 3764 1654 va-

2125 1695 2342 1749 riarum
2379 1692 2772 1748 Ecclesiarum
2807 1707 2971 1755 usus,
2996 1697 3054 1744 et
3083 1707 3150 1745 ea
3181 1707 3310 1762 qua
3364 1691 3433 1745 ad
3494 1689 3762 1760 discipli-

355 1801 625 1869 omnino,
657 1779 830 1858 teste"
853 1802 1201 1875 Hieronymo
1259 1807 1316 1856 et
1363 1800 1642 1873 Eutychio
1684 1779 2012 1872 patriarcha
2044 1801 2090 1866 B
2125 1800 2258 1875 Pam
2292 1787 2557 1855 ερθοίαηῖ
2587 1782 2642 1836 in
2673 1782 2918 1875 ἀξνθῗξίε
2946 1779 3220 1875 Είξοίθείξε
3251 1780 3477 1875 ἀίῨθτεξ)
3510 1780 3682 1875 ηιξ)άο
3704 1795 3766 1875 3_°

355 1891 782 1958 Alexandrino,
817 1895 941 1947 erat
970 1892 1236 1946 Ecclesia
1273 1890 1674 1946 Alexandrina
1706 1887 2010 1945 usus.Hie-

357 1998 647 2051 ronymus
679 1981 894 2052 quippe
918 1981 1038 2035 hac
1070 1982 1137 2036 de
1164 1980 1264 2035 illo
1297 1979 1538 2035 tradidit
1568 1979 1654 2034 in:
1707 2002 1735 2029 «
1773 1978 2012 2033 Alexan-

355 2071 492 2126 dria
521 2087 556 2125 a
616 2072 804 2126 Marco
848 2070 1202 2140 evangelista
1265 2086 1451 2140 usque
1500 2070 1569 2124 ad
1625 2068 1923 2124 Heraclam
1958 2070 2014 2120 et

366 2160 713 2232 Dionysium
744 2159 1068 2229 episcopos,
1105 2158 1428 2229 presbyteri
1468 2174 1701 2230 semper
1731 2173 1912 2212 unum
1945 2172 2014 2210 ex

359 2266 420 2304 se
442 2249 690 2305 electum
733 2249 790 2302 in
819 2249 1118 2304 excelsiori
1151 2251 1336 2320 gradu
1397 2249 1746 2303 collocatum
1783 2246 2010 2318 episco-

363 2356 501 2410 pum
540 2337 968 2392 nominabant:
995 2339 1285 2408 quomodo
1317 2338 1364 2392 si
1385 2337 1672 2392 exercitus
1705 2338 2014 2406 imperato-

364 2445 482 2482 rem
511 2427 708 2490 faciat,
745 2433 842 2481 aut
872 2425 1102 2481 diaconi
1144 2426 1360 2498 eligant
1391 2428 1462 2481 de
1494 2443 1577 2495 se,
1611 2441 1784 2497 quem
1841 2424 2012 2478 indu-

367 2515 573 2570 strium
599 2516 887 2582 noverint,
921 2521 980 2570 et
1011 2515 1482 2571 archidiaconum
1505 2519 1734 2570 vocent.
1771 2535 1798 2563 »
1831 2513 2014 2582 Euty-

369 2605 528 2660 chius
551 2609 742 2660 autem
762 2605 831 2659 de
853 2606 1056 2660 eodem
1081 2621 1191 2660 usu
1222 2604 1341 2661 hac
1365 2605 1568 2660 scribit
1590 2605 1638 2639 ²²
1663 2620 1676 2659 :
1703 2602 2015 2658 Constituit

375 2695 607 2750 Marcus
661 2694 1019 2766 evangelista
1090 2697 1389 2751 duodecim
1453 2696 1819 2767 presbyteros
1875 2708 2010 2747 cum

384 2784 619 2851 Anania,
642 2785 734 2856 qui
770 2801 979 2855 nempe
1011 2791 1317 2841 manerent
1343 2802 1474 2840 cum
1513 2782 2010 2856 patriarcha,adeo

385 2878 445 2927 ut
491 2889 618 2929 cum
662 2878 890 2929 vacaret
941 2876 1394 2943 patriarchatus,
1419 2874 1704 2945 eligerent
1736 2888 1919 2927 unum
1979 2885 2010 2925 e

375 2962 745 3034 presbyteris,
776 2963 945 3034 cujus
973 2963 1144 3034 capiti
1175 2964 1440 3019 undecim
1503 2979 1713 3018 manus
1743 2962 2008 3032 impone-

361 3055 506 3119 rent,
541 3067 798 3123 eumque
861 3053 1299 3121 benedicerent,
1331 3059 1388 3107 et
1443 3051 1834 3124 patriarcham
1867 3066 2006 3105 eum

2124 1874 2396 1941 habeant,
2429 1888 2494 1927 ac
2519 1871 2946 1927 mutationibus
2976 1871 3095 1926 sint
3124 1869 3393 1925 obnoxia.
3426 1869 3586 1932 Quod
3635 1868 3765 1936 qui-

2121 1963 2252 2017 dem
2286 1977 2418 2016 cum
2445 1961 2772 2016 innumeris
2804 1960 2968 2015 facile
2989 1960 3218 2030 probari
3245 1962 3440 2031 posset
3459 1958 3766 2028 exemplis,

2121 2067 2190 2106 ex
2220 2051 2369 2122 ipso,
2404 2051 2506 2121 qui
2538 2051 2832 2119 objicitur,
2891 2049 3294 2104 Alexandrina
3355 2047 3620 2102 Ecclesia
3653 2064 3764 2102 usu

2122 2140 2558 2194 demonstrasse
2589 2137 2866 2194 sufficiat.
2902 2137 3008 2190 Hic
3059 2135 3354 2190 enimvero
3386 2133 3642 2204 eligendi
3708 2137 3764 2188 et

2120 2226 2354 2281 creandi
2389 2226 2644 2296 episcopi
2680 2242 2826 2280 usus
2844 2223 3243 2279 Alexandrinis
3274 2221 3584 2293 peculiaris
3615 2226 3759 2278 erat.

2121 2315 2267 2370 Nam
2302 2313 2430 2370 siin
2464 2313 2593 2368 aliis
2627 2313 2899 2368 Ecclesiis
2930 2312 3236 2381 viguisset,
3271 2327 3456 2382 neque
3488 2312 3763 2383 Hierony-

2124 2421 2278 2468 mus,
2312 2419 2499 2474 neque
2551 2403 2868 2474 Eutycbius
2899 2401 3058 2456 illius
3090 2406 3369 2471 tanquam
3402 2401 3481 2456 rei
3514 2402 3762 2472 alicujus

2122 2492 2442 2564 singularis
2474 2493 2751 2548 fecissent
2780 2493 3159 2547 mentionem.
3189 2494 3255 2547 At
3278 2491 3475 2546 nullus
3506 2491 3633 2547 sani
3667 2507 3762 2547 ca-

2125 2583 2258 2653 pitis
2289 2582 2463 2638 homo
2498 2581 2780 2652 epistolas
2819 2587 2876 2636 et
2933 2597 3106 2651 opera
3165 2581 3423 2646 illorum,
3456 2581 3554 2654 qui
3596 2581 3767 2651 juxta

2121 2671 2388 2727 Ecclesia
2420 2687 2535 2726 sua
2570 2686 2786 2724 morem
2821 2669 3162 2738 scribentes,
3195 2669 3415 2740 aliquid
3467 2671 3600 2726 usui
3633 2671 3764 2724 Ale-

2119 2759 2418 2816 xandrina
2452 2759 2716 2814 Ecclesia
2748 2759 3111 2815 contrarium
3143 2759 3531 2828 tradiderunt,
3593 2758 3762 2830 plane

2121 2850 2471 2921 penitusque
2500 2849 2688 2905 eidem
2720 2848 2992 2904 Ecclesia
3024 2847 3203 2904 fuisse
3251 2847 3548 2919 incognita
3600 2847 3761 2903 afﬁr-

2122 2942 2388 2996 maverit.

2186 3035 2312 3085 Jam
2338 3045 2472 3086 vero
2506 3034 2570 3085 ut
2599 3031 2668 3085 ad
2699 3030 2987 3085 minorem
3045 3027 3501 3101 propositionem
3558 3029 3758 3084 venia-

361 3145 715 3208 crearent,et
737 3141 866 3195 dein
897 3141 1086 3196 virum
1121 3140 1376 3212 aliquem
1411 3141 1703 3212 insignem
1727 3139 2008 3211 eligerent
2040 3158 2088 3225 ο
2119 3138 2272 3224 mils:
2307 3121 2468 3176 illius
2501 3121 2723 3176 ἶθῙθίῖαθ
2755 3120 3098 3225 ηοξοπιίηυε
3128 3136 3304 3190 quam
3339 3119 3577 3225 majori?
3593 3136 3758 3225 “Pe”

361 3246 619 3303 eumque
650 3247 850 3286 secum
884 3231 1312 3286 constituerent
1342 3231 1469 3287 loco
1499 3231 1649 3301 ejus,
1683 3229 1783 3302 qui
1813 3229 1898 3284 sic
1930 3229 2009 3284 fa-

359 3325 490 3376 ctus
514 3325 606 3376 est
630 3320 957 3391 patriarcha
983 3337 997 3386 ;
1030 3325 1094 3375 ut
1125 3323 1203 3376 ita
1233 3338 1466 3393 semper
1495 3325 1792 3376 exstarent
1823 3319 2010 3376 unde-

360 3409 496 3466 cim.
551 3408 754 3479 Neque
786 3409 960 3463 desiit
993 3408 1339 3464 Alexandria
1403 3409 1742 3464 institutum
1801 3406 1908 3462 hoc
1940 3407 2011 3461 de

358 3497 744 3569 presbyteris,
804 3502 869 3551 ut
924 3496 1145 3552 scilicet
1198 3497 1557 3568 patriarchas
1629 3501 1893 3553 crearent
1941 3513 2010 3552 ex

357 3586 716 3658 presbyteris
749 3585 1273 3658 duodecim,usque
1304 3588 1373 3642 ad
1401 3592 1664 3658 tempora
1695 3585 2008 3641 Alexandri

355 3674 703 3745 patriarcha
732 3673 1135 3742 Alexandrini,
1166 3675 1265 3746 qui
1299 3674 1408 3729 fuit
1437 3691 1508 3729 ex
1544 3689 1790 3729 numero
1821 3673 1948 3740 318,
1974 3693 2003 3723 ››

350 3762 407 3819 id
429 3769 526 3819 est
557 3767 798 3818 Patrum
819 3763 1055 3817 Nicana
1086 3762 1712 3835 synodi.Alexandrina
1741 3778 1878 3834 ergo
1902 3761 2006 3818 Ec-

352 3852 537 3908 clesia
567 3852 813 3908 nescivit
834 3852 1192 3907 contrarium
1227 3869 1398 3908 usum
1431 3869 1558 3907 esse
1572 3867 1703 3907 vere
1725 3850 2004 3923 apostoli-

351 3957 512 3997 cum.
551 3939 758 4012 lgnatii
790 3940 987 4011 itaque
1016 3941 1121 3996 viri
1174 3940 1476 4014 apostolici
1508 3940 1789 4013 epistolas
1841 3948 2004 3997 notas

352 4047 465 4086 non
502 4030 735 4086 habuit.
1681 4043 1694 4057 '

418 4119 609 4183 Quam
643 4119 880 4175 inﬁrma
909 4119 986 4174 sit
1017 4121 1136 4176 hac
1167 4118 1551 4187 ratiocinatio,
1588 4123 1650 4175 ut
1679 4119 2004 4175 evidentius

347 4212 644 4280 appareat,
677 4224 744 4262 ea
789 4207 849 4262 in
882 4206 1209 4280 syllogismi
1261 4209 1509 4264 formam
1541 4209 1622 4264 ita
1669 4209 2004 4265 reducenda

346 4300 455 4354 est.
494 4294 763 4350 Ecclesia
793 4297 854 4349 in
885 4296 1104 4366 quibus
1164 4312 1304 4352 usus
1351 4297 1556 4366 viguit,
1591 4297 1868 4353 doctrina
1927 4299 2002 4354 ab

354 4383 582 4456 lgnatio
631 4383 690 4439 in
723 4385 987 4455 epistolis
1037 4386 1158 4440 suis
1217 4384 1429 4455 sapius
1489 4386 2001 4452 tradita,omnino

351 4473 706 4539 contrarius,
739 4488 819 4527 ea
849 4471 1126 4543 epistolas
1171 4471 1303 4529 illas
1336 4473 1496 4530 nullo
1557 4490 1794 4546 prorsus
1827 4476 2000 4531 modo

2121 3211 2324 3282 spicua
2360 3217 2448 3266 est
2477 3215 2533 3266 et
2564 3215 2785 3281 aperta.
2829 3209 3219 3282 Hieronymus
3251 3225 3458 3279 nempe
3504 3211 3562 3264 et
3593 3207 3763 3279 Euty-

2119 3301 2291 3356 cbius
2311 3300 2383 3355 de
2412 3299 2713 3365 electione,
2735 3298 3149 3355 constitutione
3179 3302 3236 3353 et
3263 3296 3552 3354 creatione
3585 3298 3761 3352 unius

2120 3389 2386 3445 Ecclesia
2419 3388 2821 3446 Alexandrina
2853 3388 3105 3459 episcopi
3142 3387 3500 3459 loquuntur:
3557 3389 3615 3442 in
3646 3387 3762 3459 epi-

2119 3479 2285 3536 stolis
2307 3484 2504 3535 autem
2543 3478 2741 3548 [gnalii
2767 3480 2962 3551 agitur
2991 3483 3222 3533 tantum
3268 3478 3339 3533 de
3374 3476 3626 3532 Ecclesia
3686 3479 3759 3532 ab

2119 3568 2240 3637 illo,
2283 3570 2381 3640 qui
2406 3569 2527 3639 jam
2559 3568 2608 3623 ei
2645 3572 2872 3640 praest,
2905 3568 3175 3640 episcopo
3231 3567 3633 3638 gubernanda.
3692 3569 3758 3622 At

2119 3659 2280 3715 nulla
2312 3659 2566 3728 profecto
2595 3662 2684 3713 est
2715 3657 3200 3729 repugnantia,ut
3226 3656 3536 3727 episcopus
3567 3671 3600 3710 a
3633 3670 3758 3725 pre-

2117 3748 2368 3820 sbyteris
2388 3748 2608 3804 electus
2627 3753 2682 3802 et
2713 3752 2963 3814 creatus,
2997 3749 3215 3802 eisdem
3254 3751 3468 3814 postea,
3501 3749 3557 3801 et
3588 3751 3753 3800 cate-

2116 3840 2198 3892 ris
2215 3835 2486 3892 omnibus
2505 3835 3049 3906 ministris,totique
3078 3832 3346 3890 Ecclesia
3381 3833 3751 3905 praficiatur.

2117 3926 2258 3990 Quis
2298 3925 2453 3980 enim
2496 3924 2721 3981 nesciat
2777 3922 3104 3979 cardinales
3163 3921 3432 3978 Ecclesia
3486 3923 3756 3978 Romana

2117 4032 2302 4071 unum
2341 4031 2410 4070 ex
2441 4032 2503 4071 se
2523 4014 2800 4078 electum,
2832 4014 2892 4068 in
2937 4011 3233 4068 excelsiori
3266 4012 3450 4083 gradu
3509 4011 3758 4067 colloca-

2115 4105 2620 4178 tum,episcopum
2654 4112 2708 4160 et
2739 4119 3040 4159 summum
3065 4102 3396 4173 pontiﬁcem
3432 4103 3753 4170 nominare,

2114 4195 2325 4265 eligere
2356 4201 2414 4251 et
2444 4211 2639 4251 creare
2664 4210 2678 4249 :
2702 4193 2866 4248 illum
2891 4196 3084 4247 tamen
3119 4191 3554 4263 postejusmodi
3588 4190 3754 4246 insti-

2111 4285 2398 4341 tutionem
2432 4283 2747 4340 universali
2787 4281 3077 4350 Ecclesia,
3126 4281 3388 4354 ipsisque
3447 4299 3482 4336 a
3538 4281 3752 4352 quibus

2113 4392 2262 4447 papa
2293 4379 2520 4430 creatus
2571 4378 2682 4441 est,
2714 4373 3069 4445 superiorem
3123 4371 3399 4444 praponi.
3433 4375 3622 4443 Atque
3689 4376 3753 4428 ut

2111 4466 2444 4537 Hieronymi
2477 4464 2742 4536 exemplo
2775 4469 3027 4533 utamur,
3055 4462 3467 4519 etsiexercitus
3497 4464 3749 4534 impera-

351 4570 524 4618 notas
560 4533 914 4616 habuerunt.
956 4563 1125 4631 Atqui
1159 4562 1214 4616 in
1252 4562 1507 4619 Ecclesia
1540 4533 2002 4632 Alexandrina,a
2032 4533 2079 4596 Β
2115 4560 2295 4612 torem
2328 4533 2548 4619 iecerit.
2585 4533 2711 4626 ipse
2740 4558 2940 4610 tamen
2973 4554 3290 4626 imperator
3348 4555 3557 4620 factus,
3586 4533 3752 4608 omni

355 4656 548 4707 Marco
561 4649 922 4721 evangelista
944 4667 1127 4719 usque
1142 4653 1211 4706 ad
1227 4651 1534 4707 Heraclam
1550 4657 1605 4706 et
1626 4653 1862 4725 Dionysi
1875 4671 1907 4708 u
1919 4671 1996 4722 m,

351 4740 437 4796 vel
472 4739 890 4809 Alexandrum,
924 4739 1003 4794 uti
1032 4739 1420 4811 Hieronymus
1455 4741 1892 4814 Eulycbiusque
1915 4751 1996 4799 te-

349 4827 796 4898 stantur,viguit
827 4844 970 4884 usus
993 4827 1370 4899 doctrinm,ab
1398 4830 1623 4902 Ignatio
1647 4831 1704 4886 in
1727 4832 1995 4903 epistolis

349 4918 473 4972 suis
507 4917 740 4988 sapius:
770 4916 1013 4986 tradita,
1045 4917 1284 4974 omnino
1315 4919 1788 4991 contrarius.lpsi
1821 4921 1997 4990 igitur

348 5007 518 5076 plane
534 5007 887 5078 penitusque
910 5005 1216 5077 incognita
1233 5008 1467 5063 fuerunt
1488 5009 1993 5080 lgnatiiepistola.

351 5093 535 5165 Hujus
567 5100 761 5150 autem
813 5093 1140 5166 syllogismi
1183 5100 1420 5166 utraque
1473 5097 1796 5169 pramissa,
1857 5115 1993 5156 cum

349 5188 538 5254 major
571 5194 691 5240 tum
726 5186 917 5240 minor
949 5186 1286 5256 prapositio,
1320 5186 1559 5244 omnino
1591 5187 1738 5244 falsa
1785 5194 1895 5245 est.
1928 5189 1996 5244 Et

343 5272 587 5342 quidem
622 5272 1082 5343 praposititionis
1106 5274 1341 5344 majoris
1372 5274 1598 5332 falsitas
1618 5292 1686 5331 ex
1713 5277 1858 5348 ipsis
1889 5278 1992 5332 ad-

353 5361 742 5416 versariorum
778 5360 1082 5433 principiis
1115 5362 1327 5418 invicte
1358 5364 1812 5421 demonstratur.
1847 5366 1996 5423 Nam

348 5450 671 5506 secundum
695 5448 931 5506 illorum
965 5455 1022 5507 et
1041 5451 1291 5507 aliorum
1325 5451 1583 5508 omnium
1620 5455 1993 5526 sententiam,

2112 4649 2316 4718 praest
2357 4643 2655 4701 exercitui.
2689 4643 2839 4699 Hinc
2889 4644 3141 4716 profecto
3196 4642 3583 4715 Hieronymus
3623 4643 3750 4714 epi-

2108 4751 2350 4807 scopum
2381 4733 2630 4790 electum
2654 4733 2713 4789 in
2745 4731 3043 4788 excelsiori
3061 4732 3245 4804 gradu
3267 4731 3534 4788 collocari
3568 4731 3751 4800 dixit;

2109 4827 2172 4878 ut
2197 4840 2328 4879 cum
2362 4822 2714 4896 presbyteris
2744 4826 2800 4878 et
2830 4819 3116 4893 Ecclesia,
3151 4821 3307 4876 sicut
3335 4820 3748 4891 imperatorem

2107 4911 2385 4970 exercitui
2418 4913 2741 4984 praefectum
2789 4914 2848 4967 et
2877 4911 3240 4982 superiorem
3293 4924 3421 4966 esse
3462 4909 3750 4983 signiﬁca-

2107 5006 2353 5163 rellrget
2381 5089 2579 5148 Dallai
2613 5090 2882 5146 defensor
2900 5089 2981 5144 πε
3019 5088 3114 5144 «Si
3133 5087 3484 5159 presbyteris
3501 5087 3744 5144 Alexan-

2105 5182 2290 5238 drinis
2351 5181 2571 5237 licitum
2617 5181 2723 5235 fuit
2763 5180 3068 5251 episcopos
3116 5177 3493 5248 constituere,
3545 5177 3750 5248 quidni

2105 5273 2279 5329 etiam
2306 5271 2450 5328 alias
2470 5273 2691 5343 absque
2708 5269 2981 5341 episcopo
3014 5269 3344 5323 functiones
3368 5267 3527 5323 obire
3544 5266 3572 5322 7
3595 5289 3623 5318 »
3638 5268 3752 5326 Sed

2105 5367 2309 5423 eodem
2345 5362 2563 5436 pariter
2591 5361 2764 5417 modo
2811 5360 3110 5416 dicemus:
3139 5357 3199 5414 Si
3229 5355 3648 5425 cardinalibus,
3701 5359 3753 5415 si

2104 5455 2383 5512 exercitui
2413 5453 2637 5510 licitum
2670 5451 2780 5508 fuit
2803 5466 3015 5525 papam
3048 5449 3135 5506 vel
3167 5448 3578 5520 imperatorem
3609 5466 3748 5510 eon-

408 5583 456 5619 ³ο
485 5599 610 5658 cap.
639 5583 698 5652 7,
731 5584 939 5659 p.272.
1017 5584 1065 5620 ²¹
1093 5583 1279 5658 epist.
1310 5585 1382 5642 85
1409 5587 1480 5643 ad
1502 5589 1714 5662 Evagr.
1790 5589 1838 5627 ³³
1869 5591 1928 5650 in
1956 5591 2006 5650 A:

2123 5591 2274 5650 libus
2303 5590 2499 5650 Romae
2529 5589 2702 5648 editis
2723 5606 2863 5650 ann.
2893 5588 3055 5650 4659.
3084 5589 3157 5646 23
3182 5605 3313 5666 pag.
3341 5591 3462 5650 121.
