4112 6132
342 307 460 368 507

1407 306 1473 367 S.
1519 306 1910 371 IGNATlUS.
1956 340 2035 357 --
2075 311 2703 378 PROLEGOMENA.

3633 329 3769 389 508

343 438 607 504 stituere,
642 438 846 509 quidni
873 439 1048 494 etiam
1083 438 1228 493 alias
1260 438 1483 509 absque
1510 456 1659 511 papa
1690 440 1777 495 vel
1812 440 1993 512 impe-
2026 446 2078 511 Α
2183 445 2462 503 Praeterea
2491 448 2613 505 leve
2637 449 2879 506 omnino
2909 458 2963 507 et
2994 452 3272 511 sublesta
3300 455 3437 512 ﬁdei
3469 462 3560 513 est
3588 459 3769 516 testi-

342 531 530 582 ratore
560 527 723 583 obire
756 527 1129 583 functiones?
1179 527 1316 591 Quae
1349 529 1589 599 quidem
1634 545 1808 601 quam
1845 530 1991 586 falsa

342 616 461 672 sint
490 620 548 672 et
574 633 603 670 a
635 633 770 672 vero
802 618 1014 680 aliena,
1048 634 1242 682 nemo,
1274 617 1501 689 opinor,
1536 634 1649 674 non
1684 619 1855 675 videt.

343 735 370 802 §
416 732 506 788 IlI.
556 734 697 806 Num
753 734 997 805 epistolae
1034 734 1242 803 lgnatii
1300 734 1545 790 ecclesiis
1607 737 1849 806 Egi/pii,
1908 738 1994 792 vel

411 805 751 873 [Ειιιίυμήἱκ
772 806 853 860 vel
884 806 1199 862 Germaniae
1218 808 1386 875 Baioa
1397 805 1737 875 riorum,aal
1751 805 1988 876 86011.3,

409 884 508 931 aut
537 877 641 931 alii
667 879 879 947 fuerint
909 876 1226 947 incognitae.

412 992 599 1046 instat
621 997 815 1048 tamen
846 992 1113 1062 Dallaaus,
1148 1010 1253 1049 nec
1283 994 1390 1050 soli
1426 993 1849 1061 Alexandrinas,
1887 996 1989 1051 sed

343 1080 619 1135 omnibus
650 1081 1129 1151 £gypti,necnon
1153 1082 1454 1155 [EthiOpia
1488 1082 1760 1140 Ecclesiis
1776 1084 1991 1156 episto-

342 1169 430 1224 las
464 1169 669 1241 lgnatii
730 1170 1057 1241 incognitas
1110 1172 1288 1228 fuisse
1325 1188 1394 1227 ex
1425 1175 1627 1228 eodem
1685 1174 1992 1245 Eutychio,

343 1260 685 1333 eodemque,
710 1263 862 1332 quod
898 1262 1042 1319 satis
1075 1280 1367 1335 superque
1397 1266 1757 1320 confutatam
1783 1271 1989 1331 cst,ar-

340 1357 621 1421 gumento
653 1352 937 1408 conﬁcere
968 1370 1029 1407 se
1058 1370 1227 1423 posse
1259 1354 1596 1410 arbitratur.
1633 1376 1660 1405 ‹‹
1693 1355 1815 1422 Hic,
1851 1377 1879 1405 »
1913 1356 1991 1411 ait

344 1440 589 1496 Dallaeus
610 1442 681 1496 de
713 1440 992 1513 Eutychio
1024 1442 1270 1513 loquens
1293 1443 1360 1509 9‘,
1380 1465 1408 1492 ‹‹
1443 1445 1616 1499 etiam
1642 1442 1989 1515 aliudquid-

340 1530 474 1585 dam
510 1547 625 1586 non
688 1531 886 1586 minus
919 1532 1181 1587 mirabile
1215 1549 1319 1587 nos
1375 1534 1583 1588 docet:
1626 1534 1711 1588 Ab
1742 1534 1991 1600 Anania,

339 1620 734 1691 inquit,quem
769 1620 1074 1676 constituit
1101 1620 1329 1677 Marcus
1352 1622 1709 1693 evangelista
1741 1625 1989 1693 patriar-

343 1711 514 1766 cham
541 1710 898 1766 Alexandria:
959 1729 1144 1782 usque
1175 1713 1234 1766 in
1267 1717 1530 1784 tempora
1561 1712 1837 1768 Demetrii
1900 1730 1993 1785 pa-

344 1800 628 1866 triarchas,
664 1800 862 1857 nullus
894 1808 1017 1856 erat
1048 1803 1107 1856 in
1160 1802 1468 1871 provinciis
1508 1802 1735 1874 Egypti
1767 1802 1991 1873 episco-
2024 1816 2071 1882 Β

346 1906 457 1961 pus
484 1906 497 1945 :
523 1907 627 1946 nec
658 1891 1001 1962 patriarcha
1031 1898 1166 1946 ante
1201 1907 1333 1947 eum
1367 1901 1634 1946 crearunt
1662 1891 1988 1963 episcopos.

342 1982 412 2037 Et
445 1982 668 2052 primus
711 1981 803 2037 hic
864 1982 974 2037 fuit
1006 1983 1338 2053 patriarcha
1391 1983 1832 2050 Alexandrinus,
1893 1983 1990 2052 qui

341 2070 647 2142 episcopos
680 2071 832 2126 fecit.
867 2093 895 2121 ››
930 2076 1007 2125 Ex
1038 2071 1277 2143 Egypto
1309 2076 1503 2127 autem
1537 2072 1595 2126 in
1638 2071 1990 2143 Ethiopiam

342 2160 749 2216 transvolans:
784 2182 812 2210 «
848 2160 910 2215 In
946 2162 1128 2229 omni,
1158 2183 1186 2209 ››
1220 2160 1427 2232 inquit,
1464 2185 1491 2211 (ί
1551 2161 1853 2232 Ethiopiaa
1885 2161 1989 2215 Ec-

342 2248 519 2304 clesia
546 2266 697 2304 unus
730 2253 820 2304 est
841 2250 963 2318 jam
983 2249 1054 2303 ab
1081 2250 1341 2321 antiquis
1374 2250 1737 2321 temporibus
1773 2249 1992 2320 episco-

344 2354 454 2408 pus
487 2338 709 2407 Abuna,
744 2348 808 2393 ut
836 2343 1065 2405 vocant,
1086 2338 1142 2392 id
1171 2344 1261 2393 est
1293 2338 1647 2409 patriarcha,
1683 2340 1783 2410 qui
1814 2339 1987 2394 etiam

349 2424 521 2481 hodie
568 2426 639 2480 ab
697 2424 1086 2481 Alexandrino
1136 2426 1469 2496 patriarcha
1512 2432 1890 2482 consecratur
1935 2431 1993 2482 et

348 2515 623 2571 mittitur.
657 2515 822 2572 Unus
862 2516 955 2570 hic
1012 2516 1069 2569 in
1120 2521 1241 2571 tota
1270 2516 1554 2587 Ethiopia
1592 2516 1827 2572 ordines
1858 2533 1988 2572 con-

341 2604 475 2671 fert,
509 2622 698 2676 neque
728 2605 872 2660 alios
902 2605 1129 2661 confert
1161 2622 1337 2676 quam
1367 2606 1734 2661 diaconatum
1770 2616 1823 2660 et
1855 2623 1986 2677 pre-

343 2693 726 2764 sbyteratum.
765 2717 787 2745 ι
823 2696 1017 2749 Testes
1048 2699 1242 2750 autem
1267 2693 1514 2763 hujusce
1546 2710 1623 2749 rei
1657 2695 1797 2750 citat
1827 2694 1989 2750 Nico-

342 2780 496 2836 laum
542 2783 856 2838 Godinium
891 2799 922 2838 e
977 2786 1264 2839 Societate
1300 2784 1468 2851 Jesu,
1502 2789 1558 2839 et
1615 2783 1988 2855 Alphonsum

345 2871 699 2929 Mindesium
741 2890 809 2928 ex
838 2874 1042 2928 eadem
1103 2874 1411 2941 Societate,
1445 2890 1510 2929 ac
1539 2879 1739 2945 postea
1770 2873 1988 2929 [Ethio-

343 2963 483 3031 picae
517 2964 708 3033 gentis
740 2961 1157 3034 patriarcham,
1189 2967 1245 3017 et
1296 2962 1581 3018 Joannem
1642 2980 1675 3018 a
1736 2963 1987 3032 Sanctis,

347 3047 794 3105 Dominicanum
848 3065 881 3103 a
941 3047 1187 3103 Godinio
1240 3048 1568 3116 laudatum,
1628 3066 1694 3103 ac
1752 3050 1987 3103 tandem

2103 535 2364 591 monium
2393 536 2675 609 Eutychii,
2700 555 2873 611 quem
2907 546 2966 596 et
2995 542 3210 599 saeculo
3261 549 3487 601 tantum
3518 547 3764 604 decimo

2100 624 2423 695 scripsisse,
2449 644 2515 683 ac
2542 628 2710 699 plura
2732 629 2827 685 hic
2860 646 3130 701 peccasse
3160 650 3332 689 nemo
3364 637 3760 693 inﬁciahitur.

2100 712 2181 767 Ex
2213 713 2480 784 pluribus
2500 722 2694 773 autem
2717 717 2879 775 illius
2908 724 3120 776 erratis
3150 721 3298 778 illud
3332 724 3521 780 solum
3554 728 3765 782 obser-

2099 802 2391 869 vabimus,
2426 806 2580 875 quod
2613 806 2842 861 nullum
2875 807 2932 861 in
2967 805 3280 879 provinciis
3302 812 3526 884 Egypti
3564 814 3761 871 luisse

2101 889 2440 963 episcopum
2475 902 2839 959 narrat,vero
2873 914 2987 952 non
3015 898 3194 954 videri
3225 901 3553 970 simile,sed
3589 904 3770 959 falsi-

2099 980 2236 1033 tatis
2268 997 2508 1051 prorsus
2538 990 2899 1055 suspectum.
2935 986 2997 1041 In
3029 988 3249 1059 synodo
3280 992 3496 1046 etenim
3520 995 3592 1047 ab
3616 993 3766 1050 Ale-

2099 1069 2318 1124 xandro
2340 1071 2613 1144 episcopo
2632 1073 2997 1130 Alexandriae
3011 1078 3288 1134 adversus
3304 1082 3502 1135 Arium
3531 1092 3767 1153 coacta,

2101 1155 2219 1213 fere
2248 1165 2485 1216 centum
2508 1162 2767 1236 episcopi
2803 1166 3146 1225 interfuere:
3184 1191 3213 1219 ‹‹
3238 1170 3355 1228 Nos
3386 1189 3521 1227 cum
3549 1172 3754 1239 aliis,-

2102 1245 2309 1318 inquit,
2344 1271 2373 1301 ι(
2396 1252 2513 1306 fere
2542 1259 2776 1309 centum
2807 1256 3032 1328 [Egypti
3065 1264 3122 1312 et
3152 1259 3342 1332 Libyas
3374 1260 3667 1334 episcopis
3693 1262 3761 1318 in

2102 1351 2285 1393 unum
2318 1340 2777 1409 convenientes,»
2809 1350 2916 1400 etc.
2942 1349 3007 1400 At
3036 1362 3167 1403 vero
3188 1366 3219 1403 a
3253 1349 3528 1405 Demetrii
3562 1358 3763 1409 morte

2104 1444 2290 1499 usque
2322 1432 2390 1485 ad
2422 1449 2639 1487 annum
2664 1434 2791 1500 318,
2815 1452 2930 1506 quo
2955 1438 3270 1493 concilium
3303 1440 3451 1495 illud
3485 1443 3759 1498 celebra-

2100 1521 2227 1572 tum
2260 1524 2467 1587 est,tot
2495 1523 2867 1595 episcopatus
2900 1541 3100 1581 recens
3122 1534 3346 1584 erectos
3379 1531 3580 1597 fuisse,
3615 1532 3761 1603 quis

2103 1608 2461 1665 crediderit?
2489 1611 2809 1681 Quidquod
2841 1616 3446 1673 Eusebiustestatur“
3468 1620 3762 1691 Nepotem

2104 1698 2329 1769 /Egypti
2354 1699 2821 1773 episcopum,qui
2846 1720 3072 1761 errores
3102 1707 3513 1764 Chiliastarum
3536 1712 3765 1766 docue-

2106 1792 2213 1856 rat,
2246 1792 2300 1842 et
2333 1794 2457 1857 jam
2510 1790 2730 1860 pridem
2782 1800 3029 1848 mortem
3079 1796 3317 1862 obierat,
3379 1816 3413 1853 a
3468 1799 3753 1871 Dionysio

2102 1875 2493 1933 Alexandrino
2520 1881 2700 1937 fuisse
2736 1881 3125 1941 confutatam.
3154 1888 3316 1941 Unde
3345 1904 3458 1943 non
3489 1889 3753 1946 absurde

2103 1964 2399 2036 colligitur
2427 1969 2700 2024 eumdem
2721 1970 3001 2041 Nepotem
3026 1980 3160 2027 ante
3183 1974 3461 2031 Demetrii
3482 1983 3595 2031 tem
3608 1996 3753 2048 pora

2102 2053 2359 2124 aliquam
2409 2056 2467 2110 in
2506 2061 2750 2129 Egypto
2781 2064 2977 2116 sedem
3011 2063 3271 2119 tenuisse
3326 2066 3751 2138 episcopalem.

2101 2142 2361 2213 Denique
2393 2144 2836 2216 Metaphrastes,
2878 2149 2977 2219 qui
3012 2168 3125 2206 non
3160 2151 3401 2208 minoris
3430 2160 3519 2210 est
3568 2172 3749 2227 quam

2100 2230 2421 2302 Eutycbius
2452 2236 2817 2291 auctoritatis
2843 2241 2899 2291 et
2930 2239 3225 2309 ponderis,
3260 2243 3440 2298 tradit
3486 2246 3751 2301 Marcum

2106 2340 2127 2367 ι
2162 2318 2295 2374 aliis
2326 2337 2560 2393 quoque
2608 2324 2881 2381 Ecclesiis
2933 2325 3105 2400 longe
3139 2329 3368 2403 lateque
3417 2333 3747 2404 episcopos,

2099 2412 2467 2481 presbyteros
2498 2418 2555 2468 et
2584 2414 2861 2470 diaconos
2892 2416 3145 2473 dedisse.
3181 2441 3210 2468 ››

2172 2503 2463 2565 Quantum
2514 2503 2583 2557 ad
2616 2504 2913 2576 [Ethiopiaa
2959 2507 3301 2579 Ecclesiam,
3328 2510 3455 2580 quis
3489 2529 3603 2567 non
3638 2513 3747 2567 mi-

2100 2592 2260 2643 retur
2278 2590 2607 2647 inauditum
2624 2592 2818 2649 Dallaai
2833 2595 3080 2667 ejusque
3093 2598 3418 2656 defensoris
3440 2610 3747 2673 argumen-

2097 2679 2460 2750 tandigenus
2480 2681 2508 2735 ?
2531 2680 2781 2755 Uterque
2797 2685 3038 2740 enimex
3065 2689 3470 2745 recentissimo
3493 2697 3745 2762 quatuor

2097 2768 2273 2839 hujus
2329 2775 2387 2825 et
2415 2773 2733 2842 superioris
2757 2774 2955 2830 saeculi
2988 2783 3315 2845 auctorum,
3348 2781 3418 2834 de
3447 2780 3616 2835 rebus
3649 2780 3742 2835 sui

2097 2861 2379 2931 temporis
2415 2862 2819 2933 scribentium,
2852 2866 3188 2922 testimonio
3222 2885 3403 2923 unum
3453 2869 3741 2924 duntaxat

2095 2950 2434 3022 episcopum
2481 2954 2552 3008 ab
2586 2953 2748 3009 initio
2782 2954 3123 3011 Christianae
3162 2958 3457 3028 religionis
3488 2960 3565 3012 ibi
3598 2977 3739 3013 con-

2096 3040 2368 3097 stitutum
2428 3043 2610 3099 fuisse
2667 3046 3036 3101 concludunt.
3071 3046 3243 3109 Quasi
3300 3064 3429 3101 vero
3460 3064 3559 3119 per
3619 3055 3735 3102 tam

346 3136 719 3193 Franciscum
751 3136 1012 3203 Alvarez,
1051 3154 1255 3192 omnes
1283 3138 1529 3208 hujusce
1583 3136 1667 3192 vel
1715 3138 1988 3209 praeteriti
2019 3133 2065 3198 C
2096 3128 2270 3200 longa
2299 3132 2641 3188 saeculorum
2667 3135 2857 3207 spatia
2881 3135 3123 3191 mutatio
3173 3134 3330 3191 nulla
3362 3136 3443 3191 ibi
3476 3135 3595 3190 fieri
3632 3154 3732 3207 po-

345 3226 540 3280 saaculi
577 3226 911 3296 scriptores.
945 3225 1120 3297 Atqui
1152 3226 1287 3281 huic
1320 3225 1713 3282 Ecclesiarum
1758 3227 1988 3299 [Egypti

342 3320 400 3369 et
428 3313 733 3383 EthiOpiaa
767 3314 919 3381 usui,
956 3314 1149 3384 inquit
1179 3314 1714 3385 Dallaaus,doctrina
1746 3316 1800 3370 in
1829 3318 1989 3387 lgna-

340 3404 405 3460 tii
439 3402 705 3476 epistolis
736 3404 968 3474 tradita,
993 3421 1109 3476 qua
1140 3404 1286 3459 nihil
1319 3406 1445 3460 sine
1475 3404 1747 3478 episcopo
1773 3407 1984 3462 facien-

342 3494 483 3548 dum
507 3510 634 3549 esse
666 3493 1143 3566 definitur,plane
1174 3496 1523 3568 penitusque
1553 3498 1845 3552 contraria
1876 3503 1987 3555 est.

344 3584 504 3640 Hanc
536 3602 671 3656 ergo
704 3584 1079 3657 apostolicam
1114 3586 1437 3641 doctrinam
1469 3603 1617 3648 esse.
1642 3595 1819 3660 atque
1846 3591 1988 3646 adeo

342 3674 620 3746 epistolas
652 3674 859 3745 lgnatii
885 3672 1055 3744 plane
1097 3679 1343 3747 utraque
1374 3676 1633 3732 Ecclesia
1651 3678 1913 3733 nescivit.

419 3765 627 3819 Verum
660 3764 709 3819 si
737 3764 1060 3836 Eutychius
1093 3764 1369 3836 quiddam
1399 3766 1469 3821 de
1518 3768 1847 3839 Egyptiaca
1879 3770 1987 3824 Ec-

344 3853 523 3907 clesia
557 3852 822 3908 mirabile
856 3870 959 3908 nos
998 3853 1219 3919 docuit,
1257 3855 1581 3911 mirabilior
1612 3857 1869 3926 profecto
1901 3863 1989 3914 est

344 3941 490 3996 falsa
552 3941 745 3997 Dallazi
807 3960 876 3998 ex
936 3943 1218 4015 Eutychio
1277 3944 1519 4015 repetita
1541 3948 1983 4017 argumentatio.

347 4030 479 4085 Esto
511 4032 663 4087 enim
690 4050 843 4087 unus
875 4032 932 4086 in
967 4038 1084 4087 toto
1115 4033 1352 4105 zEgyplo
1415 4034 1589 4090 fuerit
1651 4036 1985 4106 episcopus,

348 4136 501 4174 unus
535 4121 588 4174 in
626 4120 935 4190 Ethiopia,
969 4138 1124 4177 unus
1149 4127 1323 4177 etiam
1357 4122 1414 4177 in
1444 4123 1705 4194 Scythia,
1738 4123 1987 4194 aliisque

347 4226 380 4264 a
415 4208 606 4263 Dallaai
628 4211 930 4265 defensore
961 4228 1073 4265 non
1104 4211 1230 4266 sine
1264 4213 1415 4267 fastu
1452 4213 1693 4281 obiectis
1745 4213 1991 4284 regioni-

346 4299 477 4353 bus.
511 4299 665 4353 Nihil
697 4316 837 4355 sane
868 4300 944 4355 ibi
976 4302 1182 4373 lgnatii
1212 4302 1476 4372 epistolis
1534 4318 1865 4373 repugnans
1895 4304 1989 4358 de-

345 4386 750 4457 prehenditur.
777 4389 997 4443 Etenim
1033 4392 1299 4461 quamvis
1333 4407 1486 4445 unus
1513 4390 1570 4445 in
1606 4391 1697 4459 iis,
1716 4398 1777 4446 ut
1799 4393 1984 4456 aiunt,

2098 3220 2315 3275 tuerit?
2344 3222 2546 3278 Plures
2568 3241 2708 3281 sane
2730 3225 2787 3280 in
2823 3226 3117 3295 EthiOpia
3146 3226 3283 3281 olim
3317 3226 3491 3281 fuisse
3515 3227 3737 3296 episco-

2098 3310 2200 3378 poi
2236 3326 2305 3365 ex
2336 3310 2479 3383 ipsis
2535 3314 3000 3370 adversariorum
3036 3315 3337 3386 principiis
3386 3314 3605 3385 liquido
3637 3314 3737 3370 de-

2099 3408 2483 3458 monstratur.
2520 3404 2769 3460 Dallaaus
2804 3423 3055 3477 namque
3111 3406 3491 3477 Ethiopicam
3543 3404 3739 3459 Eccle-

2098 3488 2245 3544 siam
2281 3492 2538 3561 appellat
2569 3494 3047 3564 antiquissimam
3075 3500 3132 3549 et
3178 3496 3603 3550 nobilissimam
3640 3493 3745 3547 Ec-

2098 3580 2286 3636 clesia:
2316 3581 2661 3654 Egyptiaca
2704 3584 3024 3637 traducem.
3063 3584 3237 3652 Atqui
3272 3600 3341 3638 ex
3367 3585 3569 3638 eodem
3602 3582 3740 3638 Delo

2097 3670 2201 3726 lato
2251 3670 2508 3726 Ecclesia
2553 3670 2939 3725 Alexandrina
2988 3671 3195 3725 saltem
3265 3678 3395 3742 post
3470 3673 3743 3728 Demetrii

2096 3766 2321 3816 aetatem
2350 3760 2544 3831 plures
2576 3760 2782 3814 habuit
2817 3761 3141 3831 episcopos.
3169 3760 3342 3815 Recte
3374 3762 3555 3831 igitur
3586 3763 3743 3818 hunc

2094 3851 2292 3921 plures
2324 3849 2555 3904 creandi
2588 3848 2892 3920 episcopos
2912 3866 3083 3905 usum
3117 3850 3188 3904 ab
3212 3850 3602 3906 Alexandrina
3635 3855 3740 3907 Ec-

2094 3937 2272 3992 clesia
2302 3937 2372 3992 ad
2403 3936 2809 4007 Ethiopicam,
2848 3954 2976 4008 quae
3003 3938 3086 3994 illi
3120 3939 3510 4005 suber-atquo;
3546 3942 3618 3995 ab
3652 3942 3741 3996 his

2095 4026 2887 4097 temporibustransmissum
2922 4028 3104 4084 fuisse
3137 4029 3271 4083 inde
3294 4029 3742 4099 culligas.Porro

2095 4123 2289 4173 autem
2316 4118 2631 4174 adversarii
2664 4127 2799 4175 ante
2815 4120 3091 4177 Demetrii
3123 4127 3388 4192 tempora
3423 4123 3738 4178 Ecclesium

2092 4207 2391 4278 Ethiopian
2422 4210 2494 4264 ab
2522 4208 2914 4265 Alexandrina
2952 4211 3235 4281 originem
3270 4228 3437 4265 suam
3468 4211 3737 4265 hausnsse

2093 4297 2379 4353 incertum
2404 4314 2532 4355 esse
2563 4299 2904 4364 concedunt,
2942 4317 3117 4371 quam
3154 4300 3251 4355 alii
3285 4302 3354 4355 ad
3397 4298 3734 4355 eunuchum

2098 4388 2311 4458 regina:
2350 4388 2710 4460 Ethiopum,
2742 4389 2828 4444 vel
2860 4389 2931 4443 ad
2991 4389 3283 4460 apostolos
3335 4390 3615 4445 Thomam
3650 4388 3737 4443 vel

343 4476 682 4547 regionibus
715 4478 922 4534 fuisset
950 4480 1283 4551 episcopus,
1313 4481 1371 4536 id
1402 4486 1597 4537 tamen
1633 4499 1744 4537 non
1790 4482 1985 4553 prohi-
2014 4487 2057 4551 ι)
2091 4476 2429 4532 Μαιιὶιεθιιω
2464 4477 2825 4533 referendam
2859 4493 2987 4533 esse
3023 4478 3403 4533 arbitrantur.

343 4565 490 4632 buit,
524 4566 839 4636 quominus
869 4567 975 4636 ibi,
1004 4569 1177 4623 sicuti
1223 4585 1378 4625 nunc
1437 4572 1493 4627 in
1539 4574 1813 4628 omnibus
1856 4590 1984 4628 am-

344 4654 621 4725 plissimae
647 4656 910 4712 dimcesis
937 4657 1293 4729 civitatibus,
1316 4660 1545 4729 Oppidis
1575 4671 1628 4716 et
1658 4661 1823 4725 vicis,
1855 4679 1985 4734 qua

346 4746 458 4802 sub
495 4747 667 4802 unius
712 4747 968 4818 episcopi
1024 4747 1242 4803 ditione
1291 4755 1446 4817 sunt,
1479 4753 1677 4807 omnia
1700 4768 1768 4806 ex
1824 4752 1985 4810 illius

344 4836 611 4907 imperio,
646 4835 909 4907 nihilque
924 4838 1050 4892 sine
1076 4838 1203 4907 ejus
1234 4841 1523 4895 sententia
1557 4841 1813 4897 fieret.Et
1844 4858 1988 4899 sane

340 4926 489 4982 illud
522 4927 791 4982 Patribus
821 4926 1050 4983 concilii
1086 4927 1392 4984 Laodiceni
1426 4932 1567 4985 adeo
1591 4940 1713 4986 erat
1744 4947 1984 5002 persua-

341 5032 496 5085 sum,
525 5022 589 5071 ut
620 5017 675 5070 in
709 5015 928 5073 villulis
957 5021 1011 5072 et
1043 5017 1199 5089 agris
1227 5017 1371 5073 nihil
1425 5024 1631 5089 praeter
1682 5022 1982 5077 conscien-

342 5105 480 5162 tiam
512 5106 771 5179 episcopi
802 5105 1055 5163 civitatis
1089 5108 1378 5179 agendum
1413 5124 1541 5165 esse
1591 5109 1981 5166 sanciverint:

343 5207 371 5237 ‹‹
403 5187 524 5242 Non
558 5194 804 5260 oportet,
840 5212 867 5239 »
915 5188 1192 5260 inquiunt
1216 5189 1281 5255 ³⁸,
1312 5191 1422 5245 «in
1454 5190 1669 5246 villulis
1718 5191 1805 5247 vel
1834 5193 1987 5262 agris

338 5275 644 5348 episcopos
674 5278 974 5347 constitui,
1032 5279 1133 5334 sed
1184 5280 1531 5336 visitatores.
1565 5278 1981 5336 Verumtamen

336 5365 689 5438 jampridem
715 5368 1021 5425 constituti
1042 5368 1187 5424 nihil
1207 5369 1422 5427 faciant
1450 5373 1660 5441 praeter
1680 5370 1983 5426 conscien-

334 5452 478 5509 tiam
513 5457 770 5529 episcopi
800 5456 1065 5513 civitatis.
1106 5480 1135 5508 ››

2163 4564 2272 4620 Sed
2305 4565 2426 4620 hac
2448 4580 2515 4620 ex
2544 4566 2866 4620 abundanti
2892 4566 3048 4620 dicta
3070 4566 3417 4623 sunto.Nam
3440 4567 3563 4624 sive
3584 4585 3740 4625 unus

2092 4654 2214 4710 sive
2247 4655 2444 4725 plures
2475 4653 2533 4707 in
2566 4657 2810 4725 Egypto
2842 4658 2899 4709 et
2928 4654 3243 4726 Ethiopia,
3269 4663 3441 4725 atque
3472 4658 3647 4712 etiam
3682 4658 3737 4711 in

2088 4743 2325 4815 Scythia
2356 4741 2572 4797 fuerint
2601 4743 2882 4814 episcopi,
2918 4742 3065 4798 nihil
3124 4744 3259 4800 inde
3292 4751 3495 4800 contra
3522 4746 3734 4815 lgnatii

2093 4832 2274 4887 nostri
2298 4832 2657 4897 doctrinam;
2694 4832 2877 4888 multo
2909 4838 3107 4888 autem
3145 4835 3341 4889 minus
3373 4841 3575 4890 contra
3606 4835 3735 4907 Epi-

2092 4922 2374 4978 stolarum
2407 4923 2535 4992 ejus
2570 4924 2870 4979 veritatem
2904 4924 3112 4979 conﬁci
3146 4925 3580 4995 potest.Etvero
3614 4926 3737 4980 diu-

2091 5012 2322 5067 tissime
2354 5016 2665 5083 postquam
2712 5012 2969 5082 epistolaa
3005 5012 3215 5085 lgnatii
3266 5013 3370 5069 toti
3411 5014 3742 5069 Christiano

2091 5099 2564 5156 orbinotissima
2602 5102 2862 5168 fuerunt,
2914 5101 2972 5155 in
3006 5101 3244 5173 Scythia
3301 5100 3546 5172 aliisque
3609 5119 3741 5174 pro-

2088 5191 2299 5247 vinciis
2364 5208 2519 5247 unus
2568 5196 2797 5248 tantum
2849 5197 2974 5248 erat
3029 5194 3336 5264 episcopus
3387 5193 3743 5264 proindeque

2094 5280 2248 5337 hunc
2273 5296 2492 5337 morem
2521 5298 2655 5337 cum
2687 5281 2973 5347 doctrina,
3013 5281 3071 5336 in
3103 5281 3245 5336 tanli
3304 5281 3574 5352 martyris
3615 5282 3739 5353 epi-

2091 5372 2258 5427 stolis
2287 5372 2527 5438 tradita,
2548 5388 2807 5445 pugnare
2842 5388 3183 5443 persuasum
3206 5388 3320 5426 non
3353 5371 3667 5428 habebant.

2163 5462 2310 5515 Hinc
2339 5462 2456 5516 ruit
2485 5464 2638 5533 quod
2668 5461 2949 5518 similiter
2978 5460 3048 5515 de
3079 5459 3426 5516 Germanica
3445 5460 3745 5532 Bajoario-

408 5616 459 5654 “
486 5633 618 5691 pag.
651 5618 778 5673 274.
856 5618 901 5653 ³⁸
931 5618 1139 5676 concil.
1172 5618 1349 5676 Laud.
1381 5634 1508 5676 can.
1541 5621 1634 5677 57.
1668 5621 1714 5657 “
1740 5622 1943 5679 Hister.
1985 5621 2091 5680 lib.
2123 5636 2225 5695 vn,
2258 5638 2387 5698 cap.
2418 5622 2510 5680 24.
