4112 6132
364 286 480 346 509

1334 289 1407 349 D.
1455 286 1789 350 NOURRII
1830 280 2373 345 DISSERTATIO.
2424 310 2503 324 —-
2543 277 2741 340 PARS
2783 277 2830 342 Ι.

3660 285 3783 345 MO

362 442 491 481 rum
524 429 723 497 gente,
753 428 810 479 et
869 426 939 480 de
971 425 1159 481 Scolis
1193 427 1501 499 subjunxit
1533 424 1805 492 Dallaeus,
1838 419 2017 478 nimi-
2048 420 2103 487 Α
2136 415 2244 484 las,
2279 432 2467 486 neque
2497 415 2744 473 aliorum
2806 415 3194 488 plurimorum
3233 417 3451 490 scripta
3492 417 3776 487 laudavit,

364 532 489 571 rum
541 516 699 585 apud
735 514 1055 585 Bajoarios,
1117 520 1181 570 ut
1234 516 1549 588 Gregorius
1602 514 1700 581 Ill,
1745 526 2019 569 summus

364 603 651 676 pontifex,
686 608 995 671 memorat,
1032 603 1260 660 nullum
1308 613 1443 661 ante
1472 604 1799 660 Vivilonem
1833 600 2019 656 fuisse

370 694 714 766 episcopum
750 711 763 749 :
799 696 951 765 apud
984 699 1187 751 Scotos
1232 713 1387 764 vero,
1422 696 1577 751 Beda
1616 698 1784 758 teste,
1809 689 2016 746 insulae

363 783 520 839 Jonae
538 784 810 839 abbatem
834 785 1237 857 presbyterum
1259 786 1421 841 omni
1443 784 1771 857 provincias,
1793 787 1849 837 et
1870 778 2016 852 ipsis

364 875 542 928 etiam
575 872 869 945 episcopis
901 874 1104 929 ordine
1138 875 1417 931 inusitato
1440 874 1623 930 fuisse
1654 874 2010 944 praefectum.
2066 908 2069 911 -

362 962 506 1017 Nam
536 968 927 1034 praeterquam
950 965 1106 1035 quod
1126 964 1261 1019 huic
1280 962 1756 1035 argumentojam
1774 976 2010 1031 respon-

362 1067 493 1106 sum
536 1055 647 1117 est,
700 1057 856 1108 certe
909 1053 1223 1125 Gregorius
1256 1054 1352 1123 ΙΙΙ,
1407 1052 1551 1108 illud
1606 1057 1811 1108 contra
1854 1074 1881 1101 ι(
1914 1066 2011 1105 ec-

360 1139 755 1197 clesiasticum
816 1141 1105 1207 ordinem,
1144 1164 1171 1191 »
1231 1142 1383 1198 Beda
1414 1147 1609 1198 autem
1644 1142 1754 1197 hoc
1790 1162 1817 1191 ‹‹
1849 1154 2010 1195 more

359 1229 641 1285 inusitato
672 1252 699 1279 ››
752 1238 1048 1302 peractum
1095 1247 1225 1287 esse
1273 1232 1588 1286 afﬁrmant.
1623 1230 1769 1296 Quid
1823 1227 2009 1300 ergo?

358 1318 595 1374 Dicetne
646 1318 893 1375 Dallzsus
924 1320 1172 1392 ejusque
1225 1321 1498 1377 defensor
1544 1318 1741 1374 omnia
1774 1335 1901 1391 que
1946 1318 2005 1373 in

360 1406 608 1461 aliorum
641 1413 948 1463 auctorum
983 1409 1218 1480 scriptis
1261 1412 1588 1464 secundum
1621 1408 1886 1464 ordinem
1914 1423 2008 1462 ec-

358 1495 770 1568 clesinsticum,
794 1502 851 1553 et
886 1514 1046 1553 more
1078 1498 1293 1553 usitato
1328 1499 1654 1570 peragenda
1685 1514 1813 1552 esse
1844 1498 2008 1552 doce-

357 1584 596 1652 bantur,
620 1602 687 1641 ea
708 1587 988 1657 Bajoariis
1018 1591 1075 1641 et
1106 1587 1293 1643 Scolis
1311 1587 2005 1659 incognita,proindeque

356 1675 559 1730 eadem
593 1676 812 1748 scripta
839 1674 986 1731 falsa
1019 1692 1147 1732 esse
1176 1681 1233 1731 et
1264 1676 1635 1748 supposititia
1659 1677 1685 1731 ?
1718 1677 1776 1732 Si
1801 1677 1856 1730 id
1890 1675 2002 1730 sibi

356 1765 709 1835 persuadere
730 1765 976 1837 possint,
1000 1766 1219 1820 nemini
1251 1772 1403 1821 certe
1434 1784 1597 1837 aequo
1631 1781 1823 1820 rerum
1854 1763 2002 1819 aesti-
2030 1791 2080 1856 Β

356 1855 563 1909 matori
590 1854 1047 1924 persuadebunt.
1070 1858 1349 1910 Caeterum
1385 1856 1621 1911 tametsi
1652 1855 1860 1928 lgnatii
1886 1854 2000 1924 epi-

351 1944 508 1999 stolae
558 1944 631 1999 ad
692 1945 1090 2015 Bajoariorum
1128 1948 1555 2016 Scotorumque
1597 1950 1831 2015 gentem
1881 1961 1996 1999 non

351 2034 779 2106 pervenissent,
811 2052 925 2089 non
952 2034 1064 2089 illa;
1087 2039 1303 2101 tamen,
1335 2035 1505 2091 sicuti
1529 2051 1632 2091 nec
1655 2035 1770 2089 alia
1800 2034 1998 2091 omnia

353 2122 583 2178 Patrum
618 2125 853 2194 scripta,
886 2140 1013 2194 quae
1072 2125 1141 2178 ad
1203 2125 1437 2180 eosdem
1481 2142 1595 2180 non
1646 2124 1997 2180 transmissa

351 2218 503 2278 sunt,
530 2211 804 2268 falsitatis
832 2218 889 2267 et
919 2213 1341 2284 suppositionis
1373 2221 1567 2269 essent
1588 2214 1902 2285 arguenda.

1011 2319 1243 2376 CAPUT
1282 2321 1348 2377 X.

350 2443 702 2483 REFELLITUR
729 2444 901 2483 ALIUD
923 2444 1324 2483 ARGUMENTUM
1352 2446 1680 2485 NEGATIVUM
1700 2447 1767 2485 EX
1788 2446 1994 2486 AUCTO-

780 2515 903 2555 RUI
943 2516 993 2555 SI
1003 2515 1201 2556 ιΕΝτιο
1233 2518 1563 2557 DEDUCTUM.

622 2608 652 2674 ί
679 2604 725 2660 Ι.
756 2606 1009 2661 Primum
1036 2622 1105 2662 ea:
1145 2608 1445 2679 Epiphanii
1472 2609 1713 2663 silentio.

428 2712 509 2766 Ab
542 2712 925 2769 Ecclesiarum
958 2715 1025 2768 de
1086 2713 1405 2785 Ignatianis
1448 2714 1717 2787 epistolis
1752 2715 1988 2773 silentio

364 2802 431 2856 ad
464 2804 843 2872 quorumdam
867 2804 1219 2873 scriptorum
1246 2805 1701 2860 taciturnitatem
1742 2805 1987 2862 Dallzeus

359 2890 637 2945 transivit.
669 2892 780 2947 Sed
806 2894 1025 2947 frustra
1055 2892 1150 2948 ille
1180 2895 1381 2949 eodem
1414 2912 1645 2966 semper
1674 2912 1985 2968 argumen-

350 2985 536 3035 torum
559 2996 769 3051 genere
789 2998 1079 3053 pugnans,
1102 2982 1410 3054 caliginem
1445 2986 1831 3057 tenebrasque
1854 2987 1985 3045 illas

346 3069 644 3125 oﬂ'undere
702 3081 963 3138 conatur,
998 3088 1144 3141 quas
1192 3071 1321 3128 luce
1355 3090 1462 3129 sua
1494 3076 1655 3146 fugat
1696 3076 1979 3147 lgnatius.

342 3158 535 3214 Primo
558 3159 716 3215 enim
738 3159 989 3215 Dallaaus
1012 3160 1403 3231 Epiphanium
1436 3162 1543 3219 has
1574 3164 1795 3220 litteras
1826 3167 1986 3237 igno-
2026 3155 2069 3222 C

344 3264 503 3304 rasse
534 3265 547 3303 :
583 3270 611 3296 ‹‹
649 3251 781 3317 Aut,
817 3270 845 3299 »
883 3254 944 3304 ut
977 3249 1100 3320 ipse
1144 3249 1427 3321 loquitur,
1461 3275 1487 3302 ‹‹
1524 3255 1678 3324 quod
1709 3272 1842 3311 vero
1866 3274 1993 3329 pro-

342 3336 471 3406 pius
532 3337 784 3405 videtur,
846 3338 1265 3410 contempsisse
1314 3339 1470 3396 velut
1512 3341 1695 3411 ﬁctas,
1737 3368 1756 3393 ι
1821 3362 1886 3400 ex
1923 3364 1988 3403 eo

345 3427 592 3495 probare
623 3443 685 3482 se
735 3444 906 3499 posse
942 3429 1278 3496 arbitratur,
1314 3431 1467 3501 quod
1495 3431 1593 3486 ubi
1629 3434 1992 3505 Epiphanius

345 3518 652 3571 adversum
688 3517 839 3571 Aerii
892 3518 962 3571 de
1022 3518 1493 3590 presbyterorum
1536 3538 1667 3577 cum
1701 3525 1993 3597 episcopis

344 3604 681 3676 equalitate
710 3622 935 3662 errores
959 3608 1223 3678 disputat
1256 3609 1317 3672 ³⁷,
1352 3609 1559 3665 nullibi
1596 3629 1850 3682 unquam
1889 3615 1992 3670 has

347 3693 667 3749 laudaverit
699 3695 908 3766 lgnatii
942 3696 1205 3752 litteras:
1233 3720 1261 3747 «
1294 3698 1542 3767 Quibus,
1579 3722 1605 3749 ››
1637 3700 1991 3774 inquitidem

348 3783 593 3839 Dallazus
622 3783 690 3851 ³⁸,
726 3806 752 3832 ‹‹
796 3784 941 3838 nihil
976 3787 1144 3841 estin
1179 3791 1299 3841 tota
1330 3789 1677 3859 antiquitate
1711 3793 1991 3849 adversus

346 3873 511 3929 illam
544 3874 696 3927 Aerii
730 3874 1063 3944 opinionem
1099 3876 1397 3931 disertius.
1434 3900 1460 3927 ››
1495 3879 1602 3933 Sed
1636 3892 1992 3944 contra,cer-

345 3966 468 4017 tum
502 3969 590 4018 est
617 3962 1010 4034 Epiphanium
1037 3964 1158 4019 haec
1185 3966 1491 4037 scripsisse
1521 3978 1649 4039 post
1675 3970 1989 4042 vulgatam,

345 4066 520 4121 quam
545 4052 643 4105 ille
687 4051 886 4122 procul
920 4052 1097 4107 dubio
1131 4053 1366 4123 legerat,
1403 4057 1633 4112 Eusebii
1656 4058 1989 4134 historiam,

345 4140 401 4195 in
436 4158 552 4212 qua
584 4147 701 4195 tam
741 4142 1061 4197 honoriﬁca
1100 4142 1310 4197 harum
1346 4146 1557 4215 lgnatii
1608 4148 1989 4219 epistolarum

345 4231 560 4285 mentio
595 4230 863 4286 habetur.
891 4230 1013 4286 Non
1047 4239 1363 4303 potuerunt
1392 4250 1527 4307 ergo
1561 4234 1641 4290 illi
1674 4252 1802 4293 esse
1826 4238 1988 4294 inco-

344 4320 539 4389 gnitas.
575 4320 751 4375 Porro
782 4321 831 4374 si
886 4337 982 4376 ens
1033 4325 1215 4387 novit,
1250 4332 1423 4393 atque
1456 4324 1527 4379 ab
1558 4326 1784 4397 Ignatio
1817 4327 1989 4383 sicuti

344 4409 651 4474 Eusebius,
684 4410 935 4480 scriptas
967 4411 1235 4477 credidit,
1272 4412 1473 4468 nullus
1508 4431 1648 4470 sane
1678 4416 1986 4472 dubitandi

2127 506 2405 577 quoniam
2437 522 2502 561 ex
2550 510 2786 563 Patrum
2823 506 3173 563 testimoniis
3226 513 3430 562 contra
3472 506 3775 563 haereticos

2128 612 2389 668 pugnare
2443 613 2608 652 mens
2655 596 2738 651 illi
2798 614 2911 651 non
2958 602 3102 653 erat.
3149 598 3216 652 Et
3249 614 3307 652 re
3345 598 3584 668 quidem
3621 599 3771 668 ipsa,

2126 685 2290 740 nulla
2338 692 2536 740 contra
2595 686 2826 741 Aerium
2872 688 3106 757 profert,
3140 685 3242 741 sed
3287 687 3516 742 duobus
3540 692 3769 742 tantum

2126 780 2285 836 ΡωΙί
2310 777 2609 833 sententiis
2638 778 2709 833 ab
2741 778 2941 833 eodem
2958 777 3121 833 Aerio
3138 777 3383 847 objectis
3400 777 3773 848 respondisse

2129 868 2363 942 legitur.

2202 959 2384 1015 Instat
2424 957 2674 1013 Dallzeus
2697 957 2777 1011 ²⁹ε
2812 978 2841 1007 ‹‹
2872 957 3147 1022 Quaedam
3181 955 3298 1011 illic
3334 956 3495 1027 ponit
3525 956 3774 1027 Epipha-

2124 1049 2429 1113 nius,cum
2465 1047 2787 1117 lgnatianis
2820 1045 3187 1118 apertissime
3222 1044 3563 1116 pugnantia,
3596 1045 3768 1115 quale

2120 1138 2264 1193 illud
2298 1142 2387 1193 est
2414 1137 2569 1208 quod
2605 1136 2864 1191 decernit
2898 1151 2911 1189 :
2944 1140 2989 1189 Α
3021 1135 3374 1206 presbyteris
3413 1141 3469 1189 et
3501 1134 3764 1190 diaconis

2119 1227 2508 1284 ecclesiastica
2568 1227 2797 1297 negotia
2867 1225 3119 1297 impleri,
3174 1225 3294 1279 sive
3367 1224 3761 1279 adminislrari

2119 1334 2310 1389 posse.
2338 1322 2474 1373 Item
2507 1316 2679 1371 fuisse
2698 1316 2985 1386 quaedam
3011 1315 3081 1369 ab
3105 1315 3385 1385 apostolis
3408 1316 3759 1369 constitutas

2119 1411 2426 1481 Ecclesiae,
2450 1427 2577 1481 quae
2595 1427 2629 1465 a
2649 1410 2792 1464 solis
2810 1408 3163 1480 presbyteris
3187 1406 3515 1464 etdiaconis
3540 1409 3761 1478 absque

2116 1500 2389 1571 episcopo
2413 1503 2771 1571 regerentur.
2806 1500 2943 1563 Quae
2973 1497 3211 1553 totidem
3249 1504 3509 1553 monstra
3533 1505 3669 1553 sunt
3705 1504 3764 1553 et

2116 1591 2321 1660 lgnatii
2347 1590 2583 1661 quidem
2606 1588 2789 1644 nostri
2814 1587 3100 1659 epistolici
3125 1588 3497 1643 hierarchicis
3528 1588 3759 1659 legibus

2114 1683 2337 1735 exserte
2367 1679 2701 1733 definientis
2742 1678 2866 1732 sine
2923 1676 3236 1749 episCOpis,
3282 1676 3639 1748 presbyteris
3690 1692 3758 1732 ac

2114 1767 2371 1824 diaconis
2394 1785 2503 1823 non
2528 1767 2722 1822 vocari
2742 1766 3085 1834 Ecclesiam,
3118 1770 3174 1821 et
3201 1766 3595 1821 necessarium
3626 1782 3753 1821 esse

2110 1858 2256 1913 nihil
2292 1857 2419 1912 sine
2462 1856 2734 1927 episcopo
2767 1856 3016 1927 operari.
3052 1878 3079 1904 ››
3129 1854 3338 1910 Verum
3368 1854 3415 1909 si
3458 1872 3547 1910 res
3582 1854 3659 1910 ita
3690 1872 3751 1911 se

2108 1948 2499 2011 habeat,certe
2518 1945 2879 2016 Epiphanius
2908 1943 3169 1999 omnium
3198 1942 3500 1999 hominum
3534 1944 3759 2015 impru-

2109 2037 2521 2102 dentissimus,
2554 2034 2651 2090 ubi
2677 2039 2879 2091 contra
2901 2034 3313 2105 episcoporum
3349 2051 3461 2105 prae
3486 2034 3617 2089 aliis
3642 2036 3751 2089 Ec-

2107 2127 2293 2183 clesiae
2328 2125 2615 2182 ministris
2636 2124 3037 2180 excellentiam
3071 2125 3355 2195 disputat,
3380 2126 3544 2179 Aerio
3568 2125 3753 2196 jugu-

2104 2216 2224 2273 lum
2258 2217 2382 2287 ipse
2444 2215 2709 2286 praebuit.
2756 2214 2916 2278 Quod
2966 2229 3107 2269 sane
3148 2229 3280 2268 cum
3316 2212 3430 2267 dici
3484 2222 3752 2284 nequeat,

2106 2322 2295 2377 neque
2317 2306 2490 2360 etiam
2515 2303 2626 2359 dici
2654 2306 2988 2374 potesteuzr.
3012 2300 3315 2371 scripsisse
3335 2300 3747 2373 aliquid,quod

2102 2412 2234 2454 cum
2260 2394 2466 2467 lgnatii
2492 2393 2676 2449 nostri
2700 2390 2963 2463 epistolis
2990 2391 3227 2446 omnino
3247 2408 3359 2447 non
3392 2396 3750 2464 congruatet

2101 2486 2429 2542 concordet.
2489 2483 2554 2537 Et
2585 2498 2713 2537 vero
2747 2482 2805 2536 in
2840 2497 2905 2536 eo
2962 2480 3059 2551 qui
3093 2481 3262 2537 nobis
3288 2481 3566 2552 objicitur
3594 2480 3742 2553 loco,

2103 2574 2465 2647 Epiphanius
2497 2572 2741 2641 objectis
2774 2573 2846 2625 ab
2876 2570 3044 2626 Aerio
3080 2569 3236 2624 Pauli
3266 2570 3473 2638 verbis,
3508 2587 3745 2642 respon-

2101 2667 2197 2721 det
2227 2664 2304 2718 ibi
2335 2661 2680 2734 Apostolum
2715 2661 2785 2715 de
2814 2660 2887 2715 iis
2917 2676 3246 2715 sermonem
3273 2659 3741 2731 instituere,qua2

2099 2754 2266 2812 initio
2301 2751 2595 2807 nascentis
2645 2749 2909 2805 Ecclesiae
2961 2751 3300 2819 agebantur,
3352 2765 3464 2819 quo
3498 2748 3737 2819 quidem
3778 2778 3779 2781 η

2097 2850 2359 2914 tempore
2381 2856 2513 2895 cum
2534 2840 2795 2894 nondum
2826 2838 3042 2909 ubique
3055 2839 3227 2893 creati
3245 2842 3442 2893 essent
3459 2837 3738 2909 episcOpi,

2095 2938 2217 2989 tum
2241 2950 2270 2987 a
2296 2929 2652 3003 presbyteris
2682 2926 2766 2983 vel
2798 2928 3061 2983 diaconis
3082 2926 3475 2982 ecclesiastica
3507 2928 3739 2999 negotia

2094 3022 2391 3094 implenda
2449 3023 2614 3075 crant
2659 3022 2715 3073 et
2745 3016 3233 3073 administranda.
3267 3020 3333 3072 At
3366 3018 3625 3089 lgnatius
3660 3018 3730 3072 ab

2097 3110 2406 3184 episcopis,
2423 3124 2671 3180 quorum
2690 3123 2965 3163 numerus
2987 3124 3094 3163 sua
3110 3113 3274 3163 aetate
3300 3107 3513 3161 mirum
3533 3106 3591 3161 in
3614 3124 3730 3162 mo-

2097 3204 2238 3258 dum
2270 3205 2546 3265 creverat,
2580 3197 2783 3252 eadem
2836 3197 3068 3267 negotia
3098 3196 3279 3251 voluit
3312 3197 3737 3256 administrari.

2098 3292 2258 3358 Quod
2284 3289 2518 3362 quidem
2564 3285 2771 3342 nullibi
2801 3303 3061 3357 unquam
3097 3286 3328 3359 negavit
3351 3286 3736 3358 Epiphanius.

2098 3380 2271 3437 Nulla
2295 3380 2475 3451 igitur
2504 3377 2656 3432 inter
2684 3393 2782 3432 eos
2835 3376 3123 3431 discordia
3154 3393 3342 3447 neque
3385 3393 3598 3448 pugna,
3636 3377 3738 3433 sed

2100 3486 2333 3527 summa
2364 3467 2673 3539 utriusque
2702 3467 3031 3521 consensio.

2201 3560 2235 3627 θ
2260 3558 2327 3612 ΙΙ.
2359 3556 2500 3612 Num
2529 3554 2767 3626 epistolae
2798 3554 3007 3622 lgnatii
3050 3553 3381 3609 Tertulliano
3410 3552 3633 3625 fuerint

2755 3628 3077 3696 incognita}.

2169 3718 2344 3773 Plura
2365 3718 2436 3772 de
2466 3715 2827 3772 Tertulliano
2850 3714 3106 3785 congerit
3137 3713 3383 3768 Dallaaus
3403 3712 3469 3779 ³ο,
3495 3718 3671 3785 atque
3684 3714 3734 3769 ei

2098 3809 2328 3880 ignotas
2353 3807 2533 3861 fuisse
2558 3805 2766 3877 lgnatii
2788 3803 3065 3875 epistolas
3087 3812 3334 3874 quatuor
3354 3803 3627 3857 adductis
3652 3820 3737 3857 rae

2101 3897 2357 3952 tionibus
2391 3895 2632 3966 probare
2665 3894 2893 3948 nititur.
2930 3896 2979 3949 1.
3004 3892 3061 3946 Si
3094 3890 3494 3947 Tertullianus
3525 3907 3623 3946 eas
3664 3892 3736 3947 ab

2098 3985 2327 4058 lgnatio
2358 3985 2687 4041 rescivisset
2708 4000 2835 4037 esse
2853 3981 3123 4053 scriptas,
3152 3987 3353 4036 contra
3383 3982 3570 4035 sancti
3590 3998 3738 4035 mar-

2095 4076 2239 4147 tyris
2271 4074 2618 4141 doctrinam,
2656 4093 2681 4123 α
2712 4072 2839 4126 sine
2870 4070 3159 4141 episc0pis
3210 4075 3265 4125 et
3307 4070 3570 4125 diaconis
3632 4073 3737 4125 Ec-

2098 4164 2338 4221 clesiam
2376 4182 2488 4220 non
2522 4162 2772 4231 vocari,»
2805 4160 2945 4214 illud
2999 4161 3199 4231 utique
3233 4177 3343 4214 non
3370 4160 3732 4230 scripsisset:

2096 4277 2123 4305 «
2158 4254 2265 4310 Ubi
2290 4260 2428 4321 tres,
2464 4252 2721 4307 Ecclesia
2753 4255 2861 4315 est,
2894 4248 3028 4305 licet
3059 4249 3188 4305 laici
3211 4248 3276 4302 δι.
3311 4271 3339 4299 ››
3373 4249 3424 4302 2.
3484 4249 3585 4304 Ubi
3636 4266 3734 4304 eos

2094 4360 2127 4398 a
2161 4342 2376 4414 quibus
2417 4342 2705 4397 refutatus
2760 4342 2848 4393 est
2894 4336 3259 4404 Valentinus,
3316 4342 3618 4391 enumerat
3663 4336 3734 4402 ⁸³,

2096 4448 2305 4502 nempe
2334 4430 2631 4486 Justinum
2662 4427 3074 4499 philosophum
3100 4433 3155 4481 et
3180 4433 3512 4498 martyrem,
3534 4425 3741 4482 Miltia-

341 4497 501 4555 locus
553 4504 643 4554 est
674 4498 953 4554 eximium
986 4500 1131 4555 tanti
1168 4502 1434 4573 martyris
1492 4520 1641 4575 opus
1674 4506 1746 4559 ab
1780 4522 1845 4562 eo
1868 4524 1980 4562 non

2107 4497 2251 4590 dem,
2287 4520 2566 4576 Irenaeum
2599 4497 3013 4584 etProculum,
3038 4516 3256 4571 nullam
3280 4497 3350 4571 de
3381 4516 3623 4588 lgnatio,
3645 4515 3737 4571 his

342 4591 511 4645 modo
544 4606 661 4644 non
695 4595 983 4661 spretum,
1010 4591 1107 4645 sed
1141 4608 1207 4646 ea
1240 4593 1413 4647 etiam
1460 4610 1586 4665 qua:
1610 4596 1983 4653 sanctissimo

339 4679 457 4733 viro
489 4679 831 4746 debebatur,
869 4681 1237 4736 veneratione
1270 4692 1626 4753 susceptum.

410 4772 504 4834 At,
539 4768 794 4839 inquies,
827 4768 1048 4823 curille
1074 4771 1351 4825 adversus
1383 4773 1618 4827 Aerium
1642 4790 1844 4829 earnm
1878 4792 1980 4831 au«

339 4857 601 4912 ctoritate
632 4873 742 4912 non
775 4858 959 4911 utitur
987 4858 1015 4912 τέ
1043 4858 1158 4914 Cur
1196 4860 1399 4928 etiam,
1430 4862 1731 4932 inquimus
1763 4869 1816 4920 et
1849 4882 1982 4935 nos,

338 4947 615 5003 adversus
640 4946 785 5001 alias
822 4947 1066 5003 haereses
1100 4952 1185 5003 tot
1212 4952 1451 5004 Patrum
1475 4949 1734 5023 scriptis,
1764 4954 1983 5025 quibus

336 5051 412 5090 ere
433 5037 696 5091 funditus
720 5036 1140 5103 evertebantur,
1163 5039 1594 5107 praetermissis,
1622 5045 1743 5096 tam
1779 5046 1982 5114 paucis

335 5125 582 5197 ipsemet
601 5143 745 5181 usus
767 5125 894 5181 est?
911 5127 1187 5199 Nunquid
1216 5146 1282 5183 ea
1309 5146 1435 5200 quae
1466 5132 1765 5200 omiserat,
1785 5136 1984 5206 ignota

332 5214 559 5283 habuit,
591 5221 693 5271 aut
716 5216 1067 5287 contempsit
1088 5218 1268 5272 veluti
1298 5218 1433 5273 ﬁcta
1451 5224 1507 5274 et
1528 5224 1935 5279 commentitia
1956 5225 1984 5281 ‘l

331 5305 566 5360 Minime
595 5304 880 5377 gentium.
926 5305 1062 5361 Ideo
1094 5304 1273 5378 igitur
1306 5324 1496 5378 neque
1530 5308 1743 5380 lgnatii
1773 5313 1988 5384 episto-

403 5486 447 5521 ²⁴¹
502 5485 733 5557 hares._
784 5483 873 5538 75.
927 5483 970 5519 ³⁸
1008 5556 1017 5557 7
1049 5499 1174 5556 cap.
1229 5485 1287 5552 7,
1365 5503 1419 5557 p.
1497 5488 1622 5545 216.
1674 5490 1719 5526 ”
1775 5491 1920 5547 Ibid.

2009 5497 2054 5536 3°
2103 5512 2230 5569 cap.
2282 5498 2336 5565 8,

2091 4610 2368 4665 omnibus
2402 4606 3124 4681 antiquiore,mentionem
3158 4606 3314 4661 facit.
3346 4607 3398 4660 3.
3435 4605 3734 4672 Quibusin

2093 4698 2237 4753 locis
2268 4697 2664 4753 vehementius
2712 4696 2973 4765 disputat
3028 4700 3230 4750 contra
3277 4695 3629 4750 Marcionem
3664 4693 3730 4762 ³³,

2092 4786 2260 4857 eique
2282 4802 2350 4841 ex
2405 4786 2629 4841 Joanne
2661 4785 2923 4857 apostolo
2955 4785 3210 4840 ostendit
3242 4806 3271 4833 «
3318 4799 3651 4855 priscoquos
3679 4791 3735 4839 et

2092 4875 2385 4930 abortivos
2444 4875 2879 4947 quodammodo
2938 4874 3304 4928 Marcionitas
3366 4872 3567 4939 fuisse,
3631 4872 3732 4943 qui

2091 4964 2385 5021 Christum
2422 4966 2775 5037 phantasma
2796 4982 2929 5021 cum
2964 4965 3061 5020 illo
3091 4964 3469 5032 vindicarent,
3500 4983 3524 5014 ι
3550 4962 3629 5017 ibi
3657 4961 3738 5019 al-

2090 5053 2380 5109 tissimum
2422 5056 2493 5108 de
2536 5054 2763 5125 Ignatio
2817 5054 3118 5108 silentium
3155 5070 3168 5119 ;
3221 5051 3329 5106 etsi
3380 5072 3408 5100 «
3468 5068 3637 5107 nemo
3670 5052 3731 5108 in

2090 5142 2280 5214 primo
2294 5142 2394 5197 illo
2415 5141 2859 5197 Christianismo
2876 5157 3057 5211 neque
3070 5141 3305 5211 saepius,
3324 5156 3510 5212 neque
3532 5142 3730 5198 acrius

2089 5229 2635 5302 phantasticosillos
2657 5229 2988 5299 exagitavit.
3018 5252 3039 5277 ι
3069 5230 3118 5284 4.
3142 5228 3540 5286 Tertullianus
3568 5235 3729 5286 Mon-

2092 5319 2300 5375 tanista
2348 5319 2536 5375 factus
2596 5324 2796 5374 contra
2847 5318 3051 5390 lgnatii
3097 5318 3449 5375 sententiam
3484 5321 3649 5376 docet
3686 5321 3734 5358 ⁸⁸

2398 5516 2452 5571 ρ.
2511 5498 2741 5571 ’Πυθι
2794 5515 2917 5571 seq.
2978 5499 3021 5536 ³¹
3068 5503 3142 5557 De
3196 5504 3474 5563 exhortat.
3542 5510 3726 5567 cauit.

331 5576 459 5635 cap.
491 5557 547 5615 7.
580 5554 628 5590 ³³
661 5554 778 5611 Lib.
811 5558 963 5613 Cant.
1004 5554 1236 5625 Valent,
1261 5554 1391 5631 cap,
1421 5558 1476 5614 5.
1512 5561 1556 5595 ³³
1588 5561 1690 5618 lib.
1720 5580 1782 5619 iu
1812 5565 2015 5623 Contra
2042 5554 2336 5639 Marcium,
2367 5554 2494 5644 cap.
2528 5554 2662 5626 6.’⁹⁴
2690 5554 2815 5629 Ιίδξ
2836 5554 2915 5629 Ιὶῖ
2935 5554 3175 5647 ραάέἓέι.
