4112 6132
373 332 490 390 511
1434 327 1499 389 S.
1543 327 1945 390 IGNATIUS.
1991 359 1998 372 ι

2115 322 2728 388 PROLEGOMENA.
3667 328 3799 391 512

385 485 410 516 ιι
443 480 646 519 omnes
671 468 802 536 post
831 464 1192 536 baptismum
1218 465 1431 536 lapsos,
1460 483 1483 514 ι
1519 463 1590 518 ad
1624 462 2023 534 paenitentiam
2055 463 2108 529 Α
2139 461 2338 517 eodem
2371 459 2632 533 apostolo
2664 461 2973 517 damnatos
3005 461 3186 517 fuisse
3217 463 3548 518 ostenderet
3574 462 3600 517 ?
3622 463 3792 519 Nun-

378 553 660 624 agendam
697 571 810 608 non
844 553 1260 608 admittendos.
1310 553 1617 608 Orthodoxi
1654 568 1883 623 quoque
1926 552 2025 623 qui
2137 551 2280 621 quid
2309 551 2488 622 igitur
2535 550 2606 605 ad
2663 551 2719 605 id
2756 551 3118 622 probandum
3169 550 3414 607 Joannis
3459 554 3789 610 auctoritas

375 641 594 697 ibidem
622 643 926 714 Scripture
964 659 1157 708 sacrae,
1186 647 1242 697 et
1286 642 1415 697 libri
1448 643 1668 698 Herme
1703 642 2023 697 auctorita-
2135 639 2496 696 Tertulliano
2520 640 2662 696 satis
2681 657 2798 696 non
2828 653 2972 710 erat,
2998 639 3111 696 nisi
3133 646 3188 696 et
3215 641 3479 712 Ignatius
3503 644 3552 698 ei
3577 644 3798 714 adjun-

372 733 488 785 tem
514 731 625 803 ipsi
645 736 970 803 Opponunt,
997 749 1068 786 ne
1089 749 1269 787 unum
1304 731 1540 803 quidem
1575 732 1646 787 de
1669 731 2026 802 Ignatiover-
2132 734 2362 800 geretur
2393 730 2420 786 ?

373 819 514 873 bum
548 819 781 874 habent.
818 821 897 874 Ex
943 821 1159 891 quibus
1210 819 1386 875 infert
1429 820 1680 875 Dalleus
1712 824 1769 874 et
1798 819 2019 876 Tertul-
2201 823 2272 875 At
2293 837 2447 891 vero,
2477 820 2672 892 inquit
2701 820 2974 890 Dalleus,
3000 838 3103 877 nec
3135 821 3190 876 in
3219 823 3440 894 reliquo
3470 822 3568 878 illo
3602 840 3784 892 opere

371 907 525 963 liano
543 908 808 965 heretico
827 915 883 965 et
903 909 1221 966 Catholicis
1242 909 1778 966 omnibuslatuisse
1811 909 2020 982 Ignatii
2131 910 2530 966 Tertullianus
2563 909 2739 966 ullam
2773 910 2983 981 Ignatii
3031 911 3167 966 facit
3200 912 3576 968 mentionem.
3625 912 3782 976 Quid

371 997 676 1069 epistolas.
2130 999 2312 1055 inde?
2345 998 2585 1054 Nullum
2617 999 2789 1055 etiam
2825 999 3005 1054 alium
3041 999 3323 1068 nominat,
3358 1016 3545 1070 neque
3575 1004 3781 1056 tamen

443 1088 548 1143 Sed
573 1088 695 1143 haec
720 1089 973 1145 futilium
1000 1091 1378 1162 inaniumque
1403 1089 1694 1146 rationum
1733 1091 1910 1145 series
1931 1097 2020 1145 est
2127 1089 2344 1145 idcirco
2368 1088 2792 1144 Tertullianum
2826 1104 3001 1159 opera
3023 1088 3294 1156 aliorum,
3316 1091 3416 1160 qui
3451 1090 3605 1145 hunc
3620 1107 3784 1147 erro-

373 1181 429 1230 et
472 1178 889 1233 concatenatio.
945 1179 1263 1235 Salmasius
1322 1180 1636 1248 enimvero,
1680 1179 2016 1237 Blondellus
2127 1196 2242 1235 rem
2279 1178 2755 1250 antiquissimum
2801 1179 3199 1243 confutarunt,
3232 1179 3560 1250 ignorasse,
3595 1185 3778 1252 atque

371 1275 546 1337 atque
571 1267 929 1333 Albertinus,
963 1269 1222 1339 ejusdem
1258 1286 1390 1324 cum
1425 1269 1634 1324 Dalleo
1668 1269 2015 1324 Calviniane

369 1353 654 1411 hereseos
705 1361 1042 1427 sectatores,
1078 1358 1185 1412 has
1248 1358 1468 1413 litteras
1508 1363 1640 1414 ante
1668 1359 2012 1416 Tertulliani

364 1448 591 1499 etatem
626 1447 877 1518 scriptas
917 1463 1047 1502 esse
1074 1447 1389 1503 afﬁrmant.
1419 1448 1583 1503 Prius
1602 1465 1738 1520 ergo
1763 1449 2012 1504 Dalleus

364 1533 518 1589 hanc
539 1534 825 1590 sodalium
842 1553 1079 1592 suorum
1101 1538 1614 1594 debuitconfutare
1635 1540 2006 1610 opinionem;

367 1626 586 1697 quippe
618 1643 732 1698 qua
767 1632 975 1695 stante,
1015 1629 1118 1685 has
1151 1629 1360 1701 Ignatii
1393 1631 1689 1702 epistolas,
1726 1647 1852 1702 que
1875 1647 2008 1686 cum

368 1715 644 1771 omnibus
677 1718 1286 1785 communicabantur,
1330 1719 1388 1774 in
1423 1735 1632 1775 manus
1663 1719 2008 1778 Tertulliani

367 1807 664 1876 pervenire
695 1807 953 1876 potuisse
979 1808 1143 1864 facile
1168 1809 1470 1866 evincitur.

439 1895 524 1949 Ad
570 1895 766 1951 Dallei
800 1902 990 1953 autem
1041 1898 1292 1955 rationes
1324 1901 1569 1970 gradum
1607 1905 1670 1955 ut
1701 1900 2004 1970 faciamus,

363 1985 497 2056 quis
531 1987 778 2057 primam
805 2006 920 2043 non
946 1989 1139 2044 videat
1162 1988 1382 2045 nullam
1411 2006 1540 2045 esse
1571 1995 1626 2046 et
1657 1991 1959 2047 ridiculam
1990 2008 2003 2046 :

365 2077 842 2147 quandoquidem
877 2078 1274 2134 Tertullianus
1306 2079 1792 2136 Montanistarum
1822 2080 2006 2135 here-

361 2164 467 2218 sim
496 2165 619 2234 jam
655 2173 774 2221 tum
801 2167 1165 2238 amplexatus
1192 2173 1338 2238 erat,
1371 2186 1504 2224 cum
1538 2170 1814 2242 scripsit:
1849 2173 2003 2226 «Sed

363 2253 459 2307 ubi
479 2255 881 2319 tres,Eeclesia
906 2257 1155 2325 est,licet
1187 2257 1376 2313 laici.»
1401 2259 1547 2326 Quid
1568 2258 2006 2331 igiturmirum,

361 2341 412 2397 si
443 2341 614 2398 homo
647 2343 976 2417 hereticus,
1011 2346 1110 2418 qui
1143 2347 1438 2419 Oppositos
1486 2364 1668 2404 sacras
1698 2350 2004 2421 Scripture

361 2448 586 2490 errores
618 2433 803 2500 docet,
855 2440 1056 2490 contra
1106 2436 1488 2493 orthodoxam
1540 2437 1749 2510 Ignatii
1789 2438 2008 2494 doctri-

365 2538 502 2577 nam
536 2523 752 2578 scribat
790 2528 846 2580 et
879 2524 1155 2596 loquatur
1183 2526 1211 2580 ‘f
1239 2525 1444 2583 Nonne
1475 2527 1839 2600 potiorijure
1869 2529 2001 2601 quis

359 2611 439 2667 ita
461 2615 1010 2684 argumentaretur?
1027 2615 1425 2672 Tertullianus
1448 2617 1770 2674 catholicus
1801 2619 2002 2675 eadem

362 2717 427 2757 ac
451 2702 716 2774 Ignatius
739 2703 808 2758 de
827 2704 1084 2761 Ecclesia
1102 2706 1354 2778 scripsit.
1380 2709 1527 2780 Ergo
1563 2707 1770 2780 lgnatii
1793 2707 2003 2781 episto-

329 2776 423 2846 'le
456 2792 817 2849 Tertulliano
850 2811 962 2850 non
1001 2776 1237 2850 fuerunt
1265 2776 1591 2867 incognite.

432 2882 516 2936 Ad
552 2885 869 2938 secundam
896 2885 1092 2940 Dallei
1125 2886 1410 2942 rationem
1432 2890 2003 2960 respondemusTer-

361 2970 608 3027 tulliano
637 2973 828 3028 visum
854 2990 1004 3038 esse,
1024 2979 1087 3028 ut
1109 2973 1318 3030 horum
1350 2993 1498 3048 quos
1519 2979 1720 3034 citavit
1746 2980 2001 3053 Patrum,

359 3077 476 3117 non
513 3061 765 3132 plurium
801 3063 1139 3119 auctoritate
1180 3070 1381 3121 contra
1429 3068 1867 3128 Valentinianos
1898 3073 2000 3128 de-

357 3156 622 3208 certaret.
663 3151 777 3208 Nec
810 3170 950 3209 sane
981 3153 1192 3210 Dalleo
1234 3156 1321 3211 vel
1357 3157 1458 3212 ulli
1483 3159 1584 3228 jus
1612 3164 1701 3216 est
1733 3177 1866 3216 cum
1895 3180 2002 3218 au-

2124 1270 2266 1324 adeo
2299 1269 2461 1324 nulla
2493 1284 2754 1339 unquam
2782 1267 2962 1322 fuisse
2991 1268 3350 1323 credendum
3373 1274 3482 1323 est.

2195 1358 2413 1414 Ultima
2446 1358 2645 1413 Dallei
2708 1357 2857 1412 ratio
2903 1374 3016 1412 non
3062 1357 3303 1428 majoris
3348 1363 3436 1412 est
3467 1358 3769 1429 ponderis.

2123 1447 2520 1504 Tertullianus
2554 1447 2735 1516 enim,
2758 1462 2891 1502 cum
2925 1463 2991 1502 ea
3013 1463 3138 1517 que
3169 1447 3526 1516 objiciuntur
3557 1448 3776 1504 scribe-

2123 1542 2229 1602 ret,
2261 1536 2570 1592 hereticus
2602 1543 2742 1603 erat,
2795 1552 2862 1591 ac
2922 1535 3190 1608 proinde,
3251 1537 3334 1590 uti
3374 1536 3498 1607 jam
3534 1538 3770 1592 monui-

2123 1644 2275 1692 mus,
2311 1625 2659 1682 catholicam
2686 1625 2894 1697 Ignatii
2930 1626 3252 1681 doctrinam
3279 1627 3388 1680 sibi
3413 1627 3653 1682 omnino
3671 1628 3774 1682 ad-

2119 1733 2342 1772 versam
2367 1716 2426 1770 in
2458 1716 2716 1771 medium
2752 1715 3183 1785 producendam
3216 1731 3344 1770 esse
3373 1732 3488 1770 non
3521 1717 3771 1786 putavit.

2039 1835 2086 1900 B
2120 1807 2281 1870 Quod
2316 1810 2510 1860 autem
2544 1807 2614 1860 ad
2649 1805 3006 1860 orthodoxos
3035 1805 3262 1872 attinet,
3284 1810 3602 1876 potuerunt
3633 1806 3770 1876 qui-

2119 1896 2248 1950 dem
2281 1903 2483 1951 contra
2511 1894 2857 1950 Tertulliani
2891 1910 3118 1949 errores
3168 1895 3513 1950 auctoritate
3556 1896 3768 1966 lgnatii

2118 2001 2423 2056 pugnare:
2459 1986 2556 2040 sed
2608 2000 2739 2039 cum
2800 2000 3001 2038 eorum
3068 1983 3304 2054 scripta'
3341 2001 3453 2040 non
3514 1990 3769 2052 exstent,

2121 2074 2267 2129 nihil
2315 2074 2422 2129 hac
2453 2076 2524 2130 de
2553 2089 2613 2129 re
2659 2091 2691 2128 a
2725 2089 3018 2144 quoquam
3052 2073 3278 2128 definiri
3312 2078 3520 2144 potest.
3564 2073 3768 2146 Neque

2117 2164 2270 2220 enim
2305 2163 2459 2218 ullus
2489 2161 2912 2218 Tortullianum
2946 2162 3143 2218 omnia
3177 2162 3287 2217 sibi
3316 2163 3388 2218 ab
3421 2162 3769 2220 orthodoxis

2116 2253 2345 2323 objecta
2378 2251 2626 2308 ﬁdeliter
2671 2251 2964 2320 retulisse,
2997 2251 3187 2322 iisque
3215 2251 3490 2307 omnibus
3523 2267 3764 2324 respon‘

2117 2343 2293 2409 disse,
2329 2346 2479 2397 certo
2503 2340 2900 2396 affirmaverit.
2936 2341 2999 2396 Et
3051 2357 3112 2396 re
3151 2341 3389 2411 quidem
3415 2341 3543 2413 ipsa
3573 2357 3764 2412 pauca

2115 2431 2381 2501 quedam
2420 2431 2601 2488 fuisse
2645 2431 2717 2486 ab
2748 2447 2814 2487 eo
2846 2430 3060 2487 selecta
3091 2447 3225 2488 vero
3259 2448 3500 2502 prorsus
3530 2431 3762 2486 videtur

2116 2519 2510 2577 simillimum.

2189 2611 2359 2683 Urget
2379 2610 2647 2681 Dalleus,
2681 2627 2786 2666 cur
2814 2609 2912 2666 ille
2941 2610 3186 2678 Hermae,
3220 2626 3336 2665 non
3361 2627 3493 2666 vero
3527 2611 3765 2681 Ignatii,

2113 2699 2539 2756 citavitlibrum
2561 2700 2589 2755 ‘I
2610 2702 2907 2756 [natamus
2930 2703 2987 2756 et
3011 2716 3138 2764 nos,
3159 2717 3390 2755 curnon
3418 2700 3591 2756 etiam
3617 2701 3762 2756 alio-

2115 2806 2243 2845 rum
2259 2790 2473 2846 ?Porro
2501 2789 3063 2860 respondemusideo
3085 2793 3360 2845 Hermam
3382 2791 3453 2845 ab
3470 2789 3569 2845 illo
3593 2790 3758 2845 citari

2111 2881 2202 2936 vel
2225 2880 2507 2952 quialibri
2526 2882 2650 2950 ejus
2671 2881 2729 2935 in
2755 2897 2986 2936 sacrum
3013 2881 3445 2951 Scripturarum
3470 2895 3754 2935 canonem

2114 2988 2148 3026 a
2179 2971 3014 3042 quibusdamiascribabantur,
3031 2970 3115 3026 vel
3138 2972 3208 3025 ob
3228 2985 3351 3024 eam
3374 2968 3752 3039 potissimum

2115 3076 2290 3130 quam
2336 3060 2529 3116 eodem
2579 3059 2636 3115 in
2689 3059 2837 3115 libro
2873 3059 3124 3115 reddidit
3171 3059 3452 3113 rationem
3501 3056 3566 3120 ³⁷,
3612 3056 3754 3126 quia

2115 3146 2415 3218 Scriptura
2456 3150 2545 3202 est
2576 3169 2603 3196 «
2638 3162 2768 3218 que
2800 3147 2925 3201 sola
2974 3143 3226 3200 moechos
3281 3145 3455 3196 amat.
3500 3162 3528 3189 η
3558 3141 3644 3194 Ab
3677 3155 3746 3194 eo

356 3244 511 3295 c'tore
540 3241 736 3312 aliquo
779 3243 1168 3315 expostulare,
1201 3263 1305 3300 cur
1347 3263 1460 3301 non
1495 3247 1764 3319 pluribus
1796 3251 1998 3320 armis,

2115 3215 2324 3307 quippe
2346 3236 2415 3290 de
2445 3215 2684 3292 moechis
2707 3240 2902 3292 utrum
2925 3234 2992 3289 ad
3021 3231 3416 3305 penitentiam
3441 3230 3508 3285 ad
3521 3231 3747 3320 mitten-

349 3328 440 3385 vel
482 3333 688 3399 majori
734 3330 1040 3386 hominum
1075 3334 1448 3392 multitudine
1483 3353 1616 3392 cum
1650 3339 1998 3397 adversariis

355 3419 788 3490 congredietur,
817 3420 909 3476 cui
935 3419 1307 3493 hec,quibus
1338 3426 1545 3492 utitur,
1571 3428 1642 3482 ad
1672 3444 2000 3502 eXpugnan-

354 3508 459 3565 dos
490 3509 688 3566 hostes
721 3527 860 3566 suos
889 3511 1210 3569 sufﬁciunt.
1255 3514 1654 3572 Tertullianus
1678 3523 1870 3574 autem
1898 3536 1995 3576 eos

353 3613 500 3669 quos
534 3599 725 3654 citavit
757 3599 955 3656 Patres
988 3600 1056 3656 ad
1093 3601 1464 3660 debellandos
1494 3604 1786 3662 Valentini
1820 3613 1998 3664 secta-

348 3693 502 3744 tores
520 3688 632 3744 sibi
650 3690 798 3746 satis
825 3706 1118 3762 superque
1148 3707 1296 3760 esse,
1322 3709 1424 3748 nec
1439 3693 1585 3752 alios
1608 3711 1672 3752 se
1701 3698 1874 3752 citare
1899 3715 1994 3754 vo-

349 3777 530 3833 luisse
557 3795 670 3834 non
693 3779 940 3836 obscure
970 3781 1285 3853 signiﬁcat,
1320 3799 1448 3839 cum
1482 3784 1552 3840 de
1582 3785 1700 3842 illis
1723 3787 1807 3843 sic
1840 3787 1997 3845 fatur

350 3868 397 3902 ⁸⁵
431 3885 443 3923 :
481 3888 509 3917 ‹‹
540 3869 644 3934 Qui
679 3869 936 3940 ipsorum
974 3869 1492 3929 heresiarcharum
1526 3878 1994 3949 contemporales

350 3957 828 4014 instructissimis
841 3959 1238 4016 voluminibus
1267 3965 1324 4016 et
1351 3964 1736 4034 prodiderunt
1757 3971 1812 4022 et
1844 3974 1992 4024 retu-

349 4047 578 4103 derunt.
611 4070 632 4099 ι
671 4046 804 4103 Illos
835 4048 990 4104 enim
1009 4049 1321 4121 scriptores
1349 4052 1711 4111 ethereticis
1737 4061 1995 4114 contem-

347 4133 598 4206 porales,
619 4139 676 4190 et
693 4151 895 4191 eorum
928 4152 1151 4193 errores
1184 4138 1658 4198 instructissimis
1686 4144 1994 4203 volumini-

349 4223 461 4279 bus
493 4223 782 4280 retudisse
807 4241 940 4280 cum
962 4225 1306 4292 dicat,duas
1338 4231 1539 4302 procul
1571 4233 1751 4289 dubio
1783 4252 1992 4309 sugge-

349 4313 426 4368 rit
455 4314 731 4382 rationes,
791 4315 1006 4385 quibus
1057 4319 1392 4374 testimonia
1432 4337 1634 4378 eorum
1677 4325 1789 4379 sibi
1821 4327 1992 4381 suffi-

350 4417 501 4470 cere,
535 4417 637 4456 nec
672 4401 834 4474 plura
865 4403 1182 4461 desiderari
1241 4408 1448 4464 debere
1503 4415 1699 4483 aperte
1731 4429 1992 4485 pronun-

350 4489 475 4545 tiat.

2110 3323 2169 3380 di
2199 3329 2415 3390 essent,
2448 3328 2690 3397 quaestio
2718 3325 3074 3381 movebatur.
3109 3321 3237 3377 Haec
3265 3336 3400 3392 ergo
3422 3319 3745 3390 Scriptura,

2111 3431 2237 3486 que
2263 3431 2295 3469 a
2314 3414 2675 3471 Tertulliano
2708 3413 2833 3470 sola
2867 3413 3125 3469 moechos
3155 3426 3354 3467 amare
3383 3408 3612 3474 dicitur,
3633 3405 3754 3462 sola

2108 3503 2180 3560 ab
2213 3519 2279 3559 eo
2311 3503 2541 3560 laudari
2567 3504 2786 3560 debuit.

2103 3610 2252 3680 §I[I.
2277 3611 2419 3666 Num
2451 3612 2585 3666 Caio
2623 3610 2794 3666 etiam
2841 3613 2892 3664 et
2935 3609 3203 3663 Clementi
3232 3605 3622 3663 Alexandrino
3668 3607 3757 3660 in-

2680 3684 2916 3752 cognita?
2933 3682 3162 3750 fuerint.

2173 3787 2309 3844 Caio
2337 3804 2565 3861 quoque
2582 3789 2810 3860 ignotas
2836 3787 3012 3842 fuisse
3033 3785 3239 3858 lgnatii
3266 3785 3450 3840 nostri
3469 3784 3750 3853 epistolas

2103 3883 2167 3932 ut
2201 3878 2471 3949 probaret
2515 3877 2787 3944 Dalleus,
2823 3875 3066 3948 protulit
3095 3873 3140 3909 ³⁸
3179 3874 3443 3944 ejusdem
3476 3872 3597 3929 Caii
3635 3874 3751 3929 fra-

2103 3971 2422 4038 gmentum,
2438 3967 2509 4023 ab
2523 3964 3202 4036 Eusebiotranscriptum
3215 3963 3386 4032 '9,1:bi
3412 3980 3477 4018 c7:
3495 3963 3754 4034 antiquis

2103 4057 2373 4113 Patribus
2391 4062 2593 4113 contra
2625 4055 2893 4111 heresim
2929 4054 3277 4120 Artemonis,
3307 4053 3606 4109 Christum
3633 4068 3754 4108 me-

2105 4163 2235 4202 rum
2270 4147 2568 4202 hominem
2585 4162 2713 4202 esse
2744 4144 3170 4213 delirantis,sic
3202 4143 3296 4198 ille
3322 4143 3756 4215 disptitatzuAc

2105 4237 2352 4293 fortasse
2375 4235 2433 4291 id
2467 4237 2618 4309 quod
2655 4235 2862 4291 dicunt
2882 4233 3162 4290 credibile
3189 4231 3502 4297 videretur,
3528 4231 3640 4285 nisi
3667 4228 3752 4285 eis

2105 4325 2542 4398 refragarentur
2590 4325 2844 4398 primum
2899 4324 3136 4396 quidem
3169 4322 3376 4377 divine
3414 4320 3749 4391 Scripture,

2105 4415 2351 4470 fratrum
2385 4415 2773 4486 quorumdam
2836 4413 3077 4484 scripta,
3115 4411 3361 4466 Victoris
3397 4415 3558 4465 aetate
3598 4408 3752 4464 anti-

2103 4503 2323 4574 quiora,
2356 4519 2480 4574 que
2503 4502 2588 4558 illi
2616 4503 2900 4558 adversus
2920 4509 3139 4570 gentes,
3172 4504 3230 4555 et
3259 4503 3463 4555 contra
3495 4499 3582 4554 sui
3607 4507 3749 4553 tem-

417 4578 622 4671 Tertia
640 4577 836 4671 Dallei
858 4582 1004 4671 ratio
1023 4583 1229 4652 positis
1246 4585 1530 4644 duntaxat
1559 4593 1692 4647 ante
1721 4592 1986 4649 omnium
2017 4607 2066 4671 D
2098 4593 2257 4663 poris
2279 4591 2581 4647 hereticos
2599 4590 2978 4662 proveritatis
3003 4587 3343 4644 defensione
3361 4587 3747 4659 scripserunt,

345 4667 547 4723 oculos
578 4667 923 4724 Tertulliani
948 4671 1312 4731 verbisillico
1335 4677 1688 4748 exploditur.
1724 4683 1810 4736 Ita
1831 4683 1986 4738 enim
2017 4667 2054 4671 —
2096 4681 2400 4737 Justinum
2436 4681 2727 4752 intelligo,
2760 4684 2818 4736 et
2857 4679 3196 4748 Miltiadem,
3226 4685 3282 4735 et
3307 4680 3641 4747 Tatianum,
3674 4695 3740 4733 ac

342 4758 515 4817 ille:«
546 4759 808 4829 Desinat,
831 4760 1023 4832 inquit
1045 4763 1110 4831 ³⁸,
1135 4781 1291 4820 nunc
1324 4767 1698 4828 hereticus...
1732 4772 1987 4830 aJudeo

341 4848 600 4904 mutuari
619 4849 971 4921 phantasma
1001 4852 1302 4911 vindicans
1329 4856 1660 4929 Christum;
1696 4861 1809 4918 nisi
1833 4863 1990 4933 quod

340 4943 397 4994 et
419 4939 532 4995 ista
549 4939 833 4995 sententia
863 4939 1009 4997 alios
1039 4942 1273 4999 habebit
1291 4951 1556 5004 auctores
1579 4966 1916 5022 precoquos
1933 4957 1990 5008 et

341 5029 636 5087 abortivos
651 5032 900 5101 quodam
915 5054 960 5087 νγ
974 5032 1084 5087 odo
1100 5035 1497 5104 Marcionitas,
1517 5054 1663 5108 quos
1685 5041 1987 5110 apostolus

336 5117 592 5176 Joannes
625 5120 1010 5178 Antichristos
1042 5124 1458 5194 pronuntiavit.
1499 5148 1526 5176 ››
1549 5128 1691 5194 Quis
1721 5129 1877 5184 enim
1917 5147 1988 5186 ex

333 5207 427 5264 his
462 5209 628 5265 facile
650 5228 764 5267 non
789 5210 1078 5284 intelligat
1109 5213 1266 5269 aliud
1300 5215 1642 5272 Tertulliani
1668 5218 1982 5274 consilium

335 5314 448 5353 non
490 5300 692 5369 fuisse,
725 5317 902 5372 quam
937 5307 1062 5358 uta
1110 5301 1353 5360 Joannis
1385 5309 1641 5376 tempore
1683 5306 1983 5365 hereticos

331 5388 802 5446 Marcionitarum
823 5407 1212 5462 pra-cursores
1229 5395 1547 5464 exstitisse,
1565 5401 1740 5469 atque
1763 5395 1892 5454 illos
1914 5399 1988 5455 ab

2099 4771 2478 4838 Clementem,
2510 4769 2775 4842 aliosque
2803 4767 3294 4841 quamplurimos,
3319 4769 3377 4824 in
3411 4785 3661 4840 quorum
3684 4766 3752 4822 li-

2100 4861 2222 4917 bris
2253 4859 2470 4916 Christi
2521 4859 2800 4916 divinitas
2842 4859 3140 4914 asseritur.
3173 4858 3320 4914 Nam
3371 4858 3572 4914 Irenei
3612 4858 3748 4930 qui-

2099 4951 2255 5017 dem,
2288 4954 2346 5005 et
2384 4948 2701 5019 Melitonis,
2735 4953 2792 5005 et
2831 4948 3192 5019 reliquorum
3231 4948 3468 5019 scripta,
3503 4948 3636 5020 quis
3663 4952 3754 5003 est

2100 5039 2201 5111 qui
2233 5040 2479 5110 ignoret,
2523 5039 2581 5094 in
2642 5039 2860 5110 quibus
2906 5037 3206 5093 Christum
3273 5038 3450 5092 Deum
3479 5036 3658 5092 simul
3683 5054 3752 5092 ac

2101 5128 2397 5184 hominem
2429 5129 2825 5200 predicarunt
2849 5127 2876 5182 ‘I
2904 5148 2932 5177 »
2963 5126 3164 5198 Atqui,
3196 5125 3388 5196 inquit
3407 5125 3679 5195 Dalleus,
3700 5127 3751 5182 si

2098 5218 2275 5274 Caius
2333 5217 2617 5292 epistolas
2673 5233 2822 5289 quas
2855 5215 3245 5285 defendimus,
3285 5213 3384 5268 ubi
3412 5217 3746 5272 Artemonis

2099 5308 2342 5364 heresis
2372 5307 2675 5378 splendide
2707 5305 3062 5375 confutatur,
3094 5305 3166 5360 ab
3207 5303 3429 5376 Ignatio
3462 5304 3751 5376 profectas

2100 5414 2225 5454 esse
2274 5397 2628 5468 rescivisset,
2661 5397 2747 5452 eis
2785 5394 2988 5468 procul
3034 5393 3214 5449 dubio
3255 5392 3514 5464 primum
3546 5393 3606 5450 in
3643 5395 3748 5453 hoc

402 5610 450 5648 ³⁵
475 5614 588 5673 loc.
615 5617 711 5674 cit.
742 5620 786 5655 ³⁸
817 5618 964 5675 Ibid.
997 5619 1045 5656 ³⁷
1067 5619 1168 5676 lib.
1194 5623 1268 5678 De
1293 5623 1554 5695 pudicit.,
1585 5641 1715 5698 cap.
1740 5626 1828 5683 l0.
1861 5624 1911 5662 ³⁸
1937 5642 2064 5699 cap.
2095 5625 2152 5700 9,
2184 5641 2315 5700 pag.
2349 5625 2476 5683 280.
2494 5625 2541 5663 3°
2570 5625 2806 5696 Euseb.,
2845 5625 2947 5683 lib.
2980 5642 3034 5698 v,
3067 5641 3196 5699 cap.
3228 5627 3318 5685 28.
