4112 6132
301 333 424 395 513

1276 331 1348 391 D.
1397 328 1734 392 NOURRII
1776 326 2323 390 DISSEIITATIO.
2370 360 2447 376 -
2489 328 2693 389 PARS
2737 327 2785 388 Ι.

3610 327 3727 391 514

302 469 644 539 fragmento
677 465 942 522 dedisset
993 465 1208 522 locum.
1244 467 1453 524 Verum
1506 469 1570 521 ut
1624 464 1969 522 omittamus
1999 465 2054 533 Α
2084 464 2172 520 vel
2201 481 2394 521 errore
2414 463 2499 520 vel
2528 462 2913 534 incogitantia
2950 461 3036 518 vel
3086 463 3379 520 memoriis
3428 464 3599 537 lapsu
3650 467 3726 524 ab

299 558 511 615 Caium
553 563 861 628 postquam
887 555 977 611 ha
1027 556 1238 626 Ignatii
1282 557 1564 626 epistolis,
1620 557 1786 624 juxta
1840 553 1964 609 Sal-

303 647 505 715 masii,
545 645 831 702 Blondelli
866 651 926 700 et
956 644 1266 711 Albertini,
1299 645 1577 712 diximus,
1631 644 1964 716 opinionem

301 739 358 793 in
392 736 615 807 vulgus
649 734 1000 806 prodierant,
1051 735 1222 790 tertio
1259 733 1530 790 ﬂoruisse
1588 734 1842 800 seculo;
1876 749 1962 788 re-

300 825 672 899 spondemus
703 825 811 879 bac
835 825 1342 896 argumentatione
1373 824 1522 880 nihil
1554 840 1722 895 posse
1756 824 1963 880 conﬁci

300 917 413 972 nisi
448 915 616 986 prius
646 914 848 971 Caium
863 914 933 968 ad
958 913 1371 984 Ignatiinostri
1393 913 1658 969 citandas
1682 913 1964 984 epistolas

300 1005 662 1061 necessitate
712 1003 910 1074 aliqua
945 1004 1220 1058 adactum
1284 1001 1468 1058 fuisse
1507 1005 1961 1059 demonstretur.

308 1100 381 1151 At
416 1109 559 1148 cum
616 1092 736 1157 ille,
770 1092 973 1162 paucis
1018 1092 1405 1162 scriptoribus
1465 1092 1962 1156 commemoratis,

298 1183 448 1240 alios
481 1180 962 1254 quamplurimos
985 1197 1045 1236 se
1061 1181 1507 1252 pratermisisse
1519 1181 1962 1247 testetur,nulla

296 1272 546 1330 omnino
580 1272 650 1326 ad
665 1287 764 1326 eas
794 1270 1122 1326 laudandae
1139 1271 1487 1326 necessitate
1505 1286 1566 1325 se
1585 1269 1961 1341 compulsum

301 1363 489 1417 fuisse
523 1359 904 1430 apertissime
927 1359 1248 1430 signiﬁcat.

371 1453 570 1507 Instat
602 1449 933 1505 Dallmanus
1003 1449 1314 1504 defensor:
1376 1449 1638 1519 Ignatius
1697 1449 1962 1506 omnium

306 1543 446 1614 quia
476 1558 514 1598 a
546 1541 684 1596 Caio
703 1543 1105 1595 memorantur
1131 1538 1428 1612 antiquior
1442 1540 1958 1597 etcelebriorerat:

305 1648 442 1703 ergo
471 1632 549 1686 ab
584 1647 650 1687 eo
673 1629 875 1686 debuit
904 1628 1210 1685 citari.Sed
1236 1629 1382 1684 falsa
1406 1634 1496 1685 est
1525 1645 1590 1685 ex
1637 1645 1774 1686 vero
1804 1635 1962 1686 ante-

304 1723 556 1778 cedente
591 1721 844 1776 deducta
875 1718 1312 1790 consequentia.
1339 1725 1536 1792 Neque
1575 1721 1728 1776 enim
1787 1721 1958 1777 Caius

2075 555 2284 626 Ignatii
2317 554 2592 625 Opinione
2652 552 2942 608 recedere.
3005 555 3183 608 Porro
3235 559 3433 609 autem
3473 554 3572 610 ille
3603 556 3727 627 ipse

2073 661 2246 716 quem
2273 644 2518 699 Dallaeus
2568 643 2758 698 virum
2819 660 3066 699 summae
3115 643 3461 700 eruditionis
3508 647 3718 703 merito

2074 734 2360 799 nominat,
2393 735 2614 790 nescire
2649 751 2763 788 non
2797 739 3015 804 poterat
3044 732 3241 804 plures
3271 736 3341 789 ab
3368 734 3535 790 initio
3579 753 3717 792 nas-

2073 821 2260 879 centis
2291 822 2560 878 Ecclesiae
2587 828 2746 878 ortas
2769 822 3036 878 haereses.
3088 826 3451 894 QuaprOpter
3503 825 3563 879 in
3624 824 3723 882 illo

2073 920 2427 984 opportuno,
2458 913 2630 968 sicuti
2663 913 2918 984 loquitur
2949 912 3218 979 Dallaaus,
3249 911 3375 968 loco
3400 930 3514 969 non
3551 913 3716 972 aliud

2073 1004 2271 1059 animo
2303 1004 2642 1060 intendebat
2667 1004 2957 1067 Clemens,
2985 1020 3156 1072 quam
3182 1007 3245 1058 ut
3274 1020 3374 1059 eos
3399 1005 3469 1060 de
3501 1006 3720 1077 quibus

2073 1093 2311 1148 disserit
2343 1094 2665 1156 baareticos,
2699 1109 2812 1147 non
2862 1096 3060 1158 tantas,
3114 1097 3399 1164 quantum
3456 1093 3493 1148 ii
3549 1096 3726 1165 jacti-

2071 1183 2298 1251 tabant,
2326 1183 2691 1251 antiquitatis
2714 1182 2898 1237 fuisse
2931 1182 3283 1237 ostenderet.
3321 1184 3408 1238 Ad
3435 1183 3490 1238 id
3525 1189 3722 1241 autem

2072 1272 2440 1344 probandum
2474 1273 2803 1328 necessaria
2837 1289 2948 1327 non
2975 1276 3098 1327 erat
3129 1271 3340 1342 Ignatii
3401 1273 3583 1329 nostri
3616 1291 3719 1330 au-

2073 1363 2332 1417 ctoritas.

2143 1453 2330 1522 Atque
2361 1451 2456 1507 hic
2493 1451 2846 1506 terminatur
2887 1452 3222 1521 negativum
3253 1450 3721 1508 adversariorum

2074 1543 2510 1611 argumentum,
2541 1556 2574 1595 e
2603 1539 2955 1610 scriptorum
2973 1541 3043 1594 de
3079 1539 3285 1611 Ignatii
3342 1539 3608 1611 epistolis
3640 1542 3721 1598 si-

2070 1627 2250 1685 lentio
2284 1630 2526 1701 petitum
2545 1629 2727 1700 ;quod
2755 1644 2964 1698 magno
3012 1630 3248 1699 quidem
3275 1629 3591 1685 verborum
3613 1647 3717 1702 ap-

2073 1718 2573 1790 paratu,miraque
2605 1718 2906 1773 inutilium
2935 1718 3301 1789 argutiarum
3334 1734 3548 1791 pompa
3575 1735 3723 1775 ven-

303 1810 449 1866 dixit
476 1826 547 1866 se
565 1809 882 1882 scriptores
898 1808 1162 1864 omnium
1213 1809 1577 1881 antiquiores
1598 1815 1658 1866 et
1683 1809 1962 1868 celebrio-
1996 1825 2042 1891 Β
2073 1808 2297 1876 ditant;
2325 1807 2426 1862 sed
2467 1805 2627 1862 nullo
2668 1807 2964 1861 rationum
3015 1806 3294 1877 pondere,
3351 1806 3517 1862 nulla
3546 1807 3720 1878 plane

299 1917 391 1956 res
423 1899 798 1971 appellasse;
835 1899 938 1954 sed
967 1920 995 1948 ››
1031 1899 1272 1954 fratrum
1301 1899 1685 1969 quorumdam
1719 1900 1961 1972 scripta,

302 1989 570 2045 Victoris
601 1993 767 2043 aetate
796 1987 1190 2059 antiquiora.»
1220 1991 1292 2043 At
1313 1989 1620 2044 certedata
1649 2005 1825 2060 opera
1868 1991 1966 2045 ad-

305 2078 456 2134 didit
479 2099 509 2129 «
552 2078 987 2147 quorumdam;
1019 2097 1047 2126 »
1075 2080 1138 2132 ut
1169 2077 1278 2132 hoc
1309 2077 1478 2133 verbo
1511 2076 1662 2133 inter
1689 2094 1789 2134 eos
1816 2095 1965 2151 quos

305 2167 531 2231 omisit,
573 2167 772 2239 plures
805 2166 985 2221 fuisse
1017 2166 1264 2238 iis,quos
1294 2166 1575 2234 laudavit,
1600 2169 1962 2240 antiquiores

305 2265 360 2316 et
385 2261 763 2328 celebriores,
799 2275 968 2314 nemo
999 2259 1379 2316 inﬁciaretur.
1417 2260 1592 2316 Caius
1633 2261 1810 2332 igitur
1843 2280 1961 2318 non

307 2353 495 2421 magis
529 2350 814 2423 epistolas
845 2351 1058 2422 Ignatii
1090 2368 1266 2422 quam
1299 2350 1548 2408 aliorum
1579 2353 1958 2426 scripta,qum

306 2458 420 2496 non
452 2440 684 2510 citavit,
706 2438 1007 2511 ignorasse
1039 2440 1326 2496 dicendus
1354 2445 1466 2496 est.

385 2551 410 2583 ι
442 2530 606 2586 Idem
633 2528 1027 2599 judicandum
1061 2528 1132 2584 de
1161 2527 1454 2584 Clemente
1484 2529 1892 2602 Alexandrino,
1928 2555 1957 2583 »

312 2618 688 2691 prosequitur
709 2616 960 2673 Dallaaus
1010 2617 1075 2672 ‘°.
1109 2617 1166 2672 Si
1237 2617 1388 2674 idem
1451 2619 1841 2689 judicandum
1889 2623 1959 2678 de

319 2707 625 2773 Clemente,
649 2707 774 2776 jam
809 2706 1056 2777 ipsemet
1077 2706 1322 2762 Dallaus
1352 2723 1534 2763 causa
1563 2725 1667 2764 sua
1719 2711 1953 2767 cecidit.

329 2795 521 2866 Ipsum
546 2803 728 2850 tamen
757 2795 1087 2852 audiamus.
1116 2796 1209 2850 Ait
1237 2796 1438 2868 itaque
1467 2797 1825 2854 Clementem
1866 2816 1957 2856 ve-

327 2883 696 2940 tustissimum
731 2900 861 2940 esse
891 2889 947 2939 et
982 2885 1392 2944 doctissimum
1453 2888 1700 2943 secundi
1756 2890 1955 2946 seculi

318 2973 617 3044 praecipitis
651 2973 1016 3045 scriptorem.
1056 2974 1119 3029 Id
1160 2979 1217 3030 et
1256 2992 1362 3031 nos
1422 2977 1795 3034 verissimum
1827 2996 1956 3036 esse

315 3063 584 3117 dicimus.
610 3063 707 3117 Ait
740 3079 946 3118 rursus
977 3079 1109 3119 eum
1146 3081 1248 3135 pro
1279 3064 1574 3121 immensa
1604 3084 1710 3122 sua
1762 3069 1958 3124 erudi-

309 3151 458 3206 tione
482 3152 775 3221 plurimos
807 3160 1091 3217 auctores,
1125 3170 1258 3208 cum
1291 3153 1559 3224 gentiles,
1602 3160 1726 3211 tum
1786 3159 1951 3213 Cbri-

310 3240 530 3297 stianos
566 3241 785 3310 passim
811 3241 1105 3297 laudasse.
1132 3242 1210 3296 De
1235 3243 1551 3313 gentilibus
1583 3245 1817 3315 quidem
1841 3265 1954 3302 non

310 3327 762 3399 refragabimur,
803 3327 905 3382 sed
937 3327 1109 3398 longe
1143 3328 1338 3399 plures
1370 3329 1730 3388 Christianos
1789 3333 1860 3388 ab
1891 3351 1957 3390 eo

302 3417 940 3487 praetermissos,quam
974 3415 1186 3472 citatos
1217 3420 1956 3485 contendimus.Quomodo

300 3506 498 3559 tamen
533 3519 792 3575 cumque
824 3519 885 3558 se
917 3519 1006 3559 res
1037 3505 1404 3574 haheat,quid
1425 3507 1559 3562 inde
1574 3514 1775 3564 contra
1797 3509 1959 3581 lgna-

304 3591 367 3646 tii
400 3592 592 3646 nostri
621 3590 900 3662 epistolas
923 3592 951 3647 ?
982 3613 1009 3642 «
1045 3591 1232 3660 Certe,
1290 3594 1482 3665 inquit
1532 3595 1803 3662 Dallzeus,
1857 3598 1956 3652 ubi

297 3682 482 3737 tradit
515 3681 919 3736 hareticorum
941 3686 1127 3738 sectas
1155 3683 1393 3740 Adriani
1425 3687 1672 3755 Augusti
1734 3693 1954 3759 tempo-

301 3771 463 3827 ribus
499 3769 828 3826 coalescere
876 3772 1142 3843 caepisse,
1197 3777 1564 3844 Opportunus
1621 3780 1745 3830 erat
1793 3776 1955 3833 locus

297 3861 613 3932 Ignatiana
645 3862 1176 3929 commemorandi,
1210 3880 1234 3905 ιο
1269 3878 1524 3933 quorum
1553 3864 1633 3918 ibi
1654 3881 1723 3920 ne
1754 3867 1957 3920 memi-

297 3951 381 4005 nit
415 3949 845 4023 quidem.Quid
876 3965 1012 4021 ergo
1037 3949 1065 4004 ?
1097 3951 1337 4016 Quoties
1382 3953 1650 4024 scriptori
1682 3961 1958 4026 opportuo

297 4054 409 4095 nus
477 4039 588 4093 fuit
638 4038 800 4093 locus
853 4038 1156 4110 Ignatiana
1213 4043 1737 4108 commemorandi,
1785 4045 1954 4100 toties

300 4144 510 4184 eorum
544 4127 726 4182 sinon
758 4128 1159 4195 meminit,nec
1191 4128 1274 4182 illi
1302 4128 1666 4199 cognita,nec
1698 4133 1770 4186 ab
1793 4133 1955 4202 lgna-

302 4216 383 4270 tio
415 4215 642 4286 scripta
672 4230 798 4270 esse
829 4214 1358 4284 pronuntiabitur?
1393 4216 1539 4272 Mira
1586 4234 1728 4273 sane
1786 4235 1954 4290 argu-

300 4303 605 4360 mentandi
640 4303 926 4359 ratio.Seu
962 4303 1291 4359 mirabilius
1324 4306 1577 4374 profecto
1609 4323 1780 4378 quem
1813 4308 1952 4364 Dal-

296 4393 436 4450 laaus
468 4400 864 4464 opportunum
899 4392 1180 4448 Clementi
1227 4393 1531 4464 Ignatiana
1590 4413 1950 4454 commemo-

298 4484 462 4538 randi
498 4482 691 4537 locum
723 4482 1126 4554 assignaverit.
1161 4504 1189 4532 «
1219 4483 1553 4554 Ignatianas
1611 4485 1948 4557 epistolas,»

297 4574 470 4628 verba
505 4571 695 4627 Dallaai
725 4577 884 4640 sunt,
923 4594 944 4620 ι
981 4589 1098 4627 sum
1130 4573 1431 4629 traditioni
1465 4585 1858 4648 repugnantes
1899 4578 1949 4634 si
1981 4560 2028 4625 D

299 4661 590 4725 scivisset,
610 4661 696 4716 vel
730 4677 826 4717 eas
859 4663 1188 4728 refutasset,
1218 4661 1304 4718 vel
1333 4679 1501 4718 suam
1534 4665 1659 4734 ipse
1696 4665 1948 4723 traditio~

299 4767 427 4806 nem
465 4751 535 4805 ad
567 4765 768 4805 earum
804 4766 1070 4805 normam
1095 4752 1499 4808 correxisset.»
1516 4753 1739 4810 Novum
1775 4755 1947 4826 plane

296 4844 352 4893 et
381 4838 711 4893 inauditum
745 4838 1075 4910 argumenti
1108 4840 1354 4912 negativi
1394 4857 1583 4912 genus
1614 4841 1627 4897 Ξ
1663 4843 1942 4916 Nunquid

301 4931 362 4982 ut
384 4927 746 4984 sanctissimi
796 4927 1050 4998 alicujus
1077 4928 1380 5000 scriptoris
1410 4932 1698 4987 sententia
1721 4934 1944 4991 refella-

297 5021 414 5085 tur,
449 5017 548 5072 ille
565 5017 802 5072 nomlne
826 5033 934 5072 suo
965 5017 1353 5088 appellandus
1382 5025 1472 5075 est
1500 5019 1528 5075 ‘I
1559 5020 1675 5077 lmo
1711 5028 1774 5078 ut
1804 5041 1944 5096 pru-

298 5106 530 5162 dentius
553 5107 934 5176 securiusque
966 5107 1226 5178 Ignatius
1261 5108 1945 5181 confutaretur,celeber-

298 5194 619 5250 rimoillius
642 5195 865 5250 nomini
900 5197 1257 5266 parcendum
1291 5202 1436 5253 erat.

364 5283 578 5339 Saltem
610 5283 882 5341 Clemens
912 5286 982 5339 ad
1018 5285 1221 5355 Ignatii
1253 5303 1543 5355 normam,
1591 5295 1759 5363 urget
1815 5295 1945 5348 Dal-

297 5369 852 5435 lteus.traditionem
921 5391 1089 5430 suam
1151 5376 1518 5433 correxisset.
1578 5377 1776 5450 Neque
1836 5382 1946 5438 hoc

298 5461 483 5532 magis
515 5461 936 5520 necessarium.
971 5462 1165 5521 Potuit
1203 5464 1357 5521 enim
1389 5465 1661 5524 Clemens
1705 5469 1944 5542 alicubi,

431 5628 479 5668 ⁴ο
503 5644 629 5704 cap.
663 5631 719 5695 9,
755 5647 813 5704 p.
839 5631 968 5692 280.

2075 1898 2267 1953 valida
2285 1903 2344 1953 et
2376 1898 2544 1952 ﬁrma
2567 1896 2906 1968 probatione
2947 1900 3185 1951 tuentur
3240 1911 3307 1951 ac
3363 1896 3715 1953 defendunt.

2075 1989 2194 2044 Nos
2213 2004 2246 2044 e
2273 1987 2567 2042 contrario
2585 1986 2950 2057 argumentis
2980 1985 3444 2052 alﬁrmativis,ab
3468 1988 3719 2060 scripto-

2075 2095 2202 2135 rum
2236 2077 2736 2133 nobilissimorum
2785 2075 3126 2132 auctoritate
3184 2075 3530 2146 desumptis,
3565 2077 3717 2134 hanc

2074 2168 2324 2240 primam
2347 2167 2729 2240 epistolarum
2770 2167 3020 2220 classem
3053 2164 3274 2234 Ignatio
3337 2169 3558 2234 nostro,
3592 2167 3700 2238 uti,

2074 2257 2448 2324 arbitramur,
2483 2253 2864 2312 invictissime
2887 2252 3338 2309 vindicavimus.

2720 2359 2951 2416 CAPUT
2973 2359 3064 2415 XI.

2073 2470 2374 2510 PROBATUR
2401 2469 2470 2508 EX
2503 2468 2646 2508 IPSIS
2675 2466 2958 2506 EPISTOLIS
2979 2465 3260 2505 IGNATIUM
3302 2467 3715 2509 ANTIOGHENUH

2445 2541 2644 2580 EABUM
2675 2539 2819 2578 VERE
2843 2539 2974 2578 ESSE
3011 2538 3332 2580 AUCTOREM.

2491 2637 2516 2700 §
2548 2635 2590 2688 Ι.
2612 2633 2866 2687 Primum
2900 2639 3296 2700 argumentum

2137 2747 2251 2798 Has
2283 2759 2452 2816 porro
2486 2740 2693 2814 Ignatii
2717 2739 2992 2811 epistolas
3017 2755 3130 2794 non
3154 2739 3278 2794 sola
3335 2741 3702 2810 praestantis-

2067 2833 2351 2890 simorum
2377 2838 2679 2887 auctorum
2709 2827 3046 2884 testimonia
3076 2828 3186 2900 ipsi
3229 2828 3559 2884 certissime
3591 2831 3710 2886 vin-

2067 2924 2302 2991 dicant;
2336 2921 2433 2977 sed
2470 2921 2734 2993 ipsaemet
2761 2919 2936 2974 etiam
2990 2917 3248 2988 epistola:
3299 2934 3361 2972 se
3399 2919 3472 2974 ab
3504 2920 3706 2975 eodem

2066 3008 2439 3066 sanctissimo
2471 3010 2723 3076 martyre
2745 3004 2992 3076 scriptas
3044 3019 3172 3058 esse
3224 3003 3415 3074 palam
3477 3009 3708 3075 aperte-

2065 3115 2174 3169 que
2231 3093 2707 3153 testiﬁcantur.ln
2741 3094 2813 3148 iis
2863 3093 3022 3148 enim
3064 3109 3237 3148 verus
3298 3094 3708 3164 genuinusque

1996 3195 2038 3261 α
2068 3187 2173 3242 viri
2205 3182 2749 3258 apostolici,divino
2798 3183 2930 3253 igne
2980 3180 3354 3246 inﬂammati,
3412 3186 3589 3254 atque
3633 3183 3705 3237 ad

2066 3275 2408 3348 martyrium
2444 3270 2769 3327 incredibili
2830 3271 3037 3325 ardore
3109 3270 3471 3342 properantis
3519 3272 3705 3344 stylus

2061 3368 2276 3438 ubique
2300 3364 2496 3430 micat,
2557 3365 2616 3416 et
2677 3361 2748 3415 ab
2789 3360 3064 3416 omnibus
3124 3359 3292 3416 facile
3341 3363 3700 3430 agnoscitur.

2064 3457 2268 3512 Modus
2286 3453 2461 3507 etiam
2496 3451 2620 3521 ipse.
2637 3467 2752 3522 quo
2780 3449 2982 3504 litteris
3012 3453 3260 3505 exarata:
3293 3454 3707 3520 sunt,errores,

2063 3545 2431 3614 hmresesque
2453 3542 2507 3594 in
2542 3541 2626 3595 eis
2647 3540 3290 3611 impugnataﬁoctrina
3312 3538 3430 3593 sive
3452 3555 3699 3604 morum,

2063 3633 2183 3689 sive
2217 3631 2349 3686 ﬁdei
2381 3629 2719 3684 Christianas
2769 3628 2848 3683 ibi
2897 3629 3132 3692 tradita,
3183 3632 3391 3682 cistera
3447 3628 3702 3698 denique

2062 3724 2257 3780 omnia
2281 3737 2398 3775 non
2432 3718 2612 3774 alium
2633 3733 2804 3788 quam
2847 3717 3038 3770 virum
3099 3716 3254 3770 inter
3300 3715 3702 3786 apostolorum

2062 3810 2380 3881 discipulos
2413 3805 3039 3872 sanctissimum,inter
3068 3803 3468 3860 sanctissimos
3491 3812 3705 3876 marty-

2059 3917 2152 3955 res
2201 3897 2672 3960 celeberrimum,
2751 3895 2902 3948 inter
2921 3892 3334 3948 celeberrimos
3370 3893 3706 3964 primosque

2059 3989 2324 4045 Ecclesiae
2359 3983 2634 4057 praesules
2668 3982 3247 4055 praestantissimum,
3274 3997 3389 4036 uno
3413 3983 3588 4037 verbo
3611 3983 3701 4053 ip-

2061 4080 2319 4132 summct
2335 4073 2622 4144 Ignatium
2641 4070 3706 4142 designant,demonstrant,produnt-

2060 4183 2172 4238 que
2208 4162 2596 4220 auctorem.Id
2627 4160 2862 4232 quidem
2895 4159 3065 4226 longa
3087 4159 3422 4213 inductione
3456 4158 3703 4228 probare

2059 4273 2174 4310 non
2207 4249 2770 4324 suscepimus,quod
2804 4247 2945 4312 sola,
2980 4263 3158 4318 quam
3182 4247 3700 4312 dedimus,harum

2058 4343 2440 4416 epistolarum
2497 4338 2721 4411 analysi
2791 4337 3033 4409 planum
3087 4337 3152 4390 ﬁt
3208 4337 3510 4402 omnibus,
3567 4353 3699 4391 om-

2059 4433 2315 4504 ninoque
2346 4428 2743 4502 perspicuum.
2777 4426 3201 4482 Verumtamen
3230 4424 3476 4480 Dallaaus
3501 4425 3562 4480 in
3590 4426 3708 4482 illis

2059 4521 2410 4578 econtrario
2473 4522 2765 4574 auctorem
2824 4517 3046 4587 Ignatio
3102 4515 3275 4588 longe
3326 4515 3702 4585 posteriorem

2057 4628 2184 4667 sese
2213 4607 2671 4681 deprehendisse
2703 4610 2908 4678 putat;
2937 4606 3115 4676 idque
3138 4621 3252 4660 non
3299 4605 3495 4660 minus
3528 4621 3704 4673 quam

2056 4699 2356 4768 sexaginta
2393 4697 2720 4755 rationibus
2771 4697 3016 4767 probare
3106 4699 3371 4750 conatur.
3417 4694 3526 4749 Sed
3568 4710 3703 4749 cum

2057 4791 2321 4862 plurimae
2353 4791 2421 4844 ad
2446 4788 2878 4858 lgnatianarum
2911 4783 3290 4856 epistolarum
3312 4781 3708 4852 interpolatio-

2057 4896 2183 4949 nes,
2214 4877 2302 4933 vel
2345 4879 2413 4932 ad
2473 4874 2753 4948 epistolas
2774 4875 3000 4945 Ignatio
3057 4887 3362 4943 perperam
3414 4871 3701 4940 ascriptas

2058 4983 2505 5059 pertineant,his
2537 4980 3039 5054 praetermissis,ad
3073 4994 3172 5034 eas
3201 4981 3433 5032 tantum
3457 4992 3584 5046 quas
3625 4976 3699 5031 ad

2056 5075 2240 5132 solam
2276 5072 2659 5146 genuinarum
2711 5069 2868 5124 illius
2918 5068 3244 5122 litterarum
3296 5065 3538 5119 classem
3574 5079 3704 5135 spe-

2054 5168 2240 5234 ctant,
2265 5160 2740 5233 respondendum
2772 5174 2898 5214 esse
2923 5155 3309 5212 credidimus.

2410 5270 2438 5338 §
2470 5266 2541 5322 II.
2575 5264 2885 5322 Secundum
2937 5269 3344 5334 argumentum.

2125 5381 2341 5433 Verum
2376 5381 2508 5431 ante
2535 5371 2734 5429 omnia
2764 5387 2950 5442 operae
2984 5369 3233 5441 pretium
3255 5371 3346 5424 est
3391 5366 3704 5422 observare

2054 5483 2258 5524 omnes
2290 5463 2486 5522 Dallsei
2526 5463 3021 5533 defensorumque
3051 5461 3177 5532 ejus
3216 5457 3600 5530 objectiones,
3632 5471 3701 5513 ex
