4112 6132
288 326 405 387 517

1252 327 1321 387 D.
1371 327 1708 389 NOURBII
1751 325 2290 388 DlSSERTATIO.
2337 362 2414 374 —-
2458 326 2660 389 PARS
2707 330 2755 389 I.

3593 332 3712 392 5l8

284 464 431 521 Nam
462 464 621 520 idem
652 464 994 520 Valentinus
1019 464 1091 520 ab
1124 465 1215 531 iis,
1241 465 1339 536 qui
1374 468 1655 521 Irenaeum
1690 480 1934 537 praeces-
1967 467 2019 530 Α
2051 462 2315 533 formam,
2351 465 2793 537 dispositionem
2814 469 2871 521 et
2892 465 3153 521 ordinem
3180 486 3193 535 ;
3221 465 3459 538 quibus,
3482 468 3693 541 inquit,

284 561 505 622 serant,
533 555 654 624 jam
691 557 877 610 fuerat
906 555 1264 620 confutatus,
1299 560 1364 609 ut
1394 556 1641 626 ipsemet
1691 559 1943 610 Irenaeus

285 645 501 699 ibidem
540 643 991 699 testiﬁcatur“):
1044 666 1071 693 ‹‹
1123 644 1485 715 Quapropter
1548 644 1604 699 hi
1656 644 1755 715 qui
1810 652 1943 698 ante

287 750 403 788 non
438 733 700 799 fuerunt,
734 738 792 788 et
825 731 1009 787 multo
1042 732 1208 787 nobis
1252 732 1543 802 meliores,
1578 750 1692 788 non
1745 738 1943 787 tamen

284 827 433 878 satis
462 828 780 893 potuerunt
811 822 1210 878 contradicere
1241 823 1357 891 his,
1390 824 1490 894 qui
1522 828 1658 877 sunt
1691 840 1723 877 a
1748 823 1943 879 Valen-

282 914 409 968 tino
436 930 451 979 ;
485 914 626 983 quia
655 913 1007 982 ignorabant
1030 912 1286 981 regulam
1314 914 1602 984 ipsorum,
1632 930 1810 983 quam
1835 929 1943 967 nos

281 1020 419 1058 cum
455 1004 613 1057 omni
648 1003 952 1073 diligentia
979 1004 1036 1056 in
1067 1002 1424 1074 primolibro
1450 1002 1554 1057 tibi
1576 1003 1886 1057 tradimus.
1914 1023 1942 1051 ››

284 1091 353 1145 Et
387 1091 462 1145 de
494 1091 805 1161 Polycarpo
837 1091 975 1145 alibi
1007 1092 1212 1145 scribit
1239 1088 1322 1146 “z
1360 1113 1388 1140 κ
1424 1092 1475 1145 ls
1505 1092 1661 1146 enim
1702 1096 1810 1156 est,
1840 1089 1942 1161 qui

283 1184 395 1235 sub
443 1181 681 1234 Anicato
713 1196 848 1233 cum
882 1180 1212 1234 advenisset
1238 1180 1296 1232 in
1331 1179 1557 1244 urbem,
1612 1178 1827 1234 multus
1874 1194 1943 1233 ex

283 1268 402 1334 his,
466 1286 613 1340 quos
666 1269 1063 1339 praediximus,
1130 1268 1451 1333 htereticos,
1489 1289 1517 1317 »
1566 1267 1940 1322 Valentinum

284 1376 418 1416 nem
433 1376 501 1428 pe
523 1367 581 1412 et
601 1358 980 1425 Marcionem,
1000 1380 1029 1407 «
1051 1359 1333 1413 convertit
1350 1359 1404 1411 in
1427 1357 1745 1413 Ecclesiam
1771 1357 1892 1412 Dei.
1912 1378 1940 1406 ››

291 1450 502 1505 Utrum
540 1454 733 1503 autem
769 1448 870 1502 diu
901 1454 1032 1503 ante
1062 1450 1325 1518 tempora
1356 1447 1564 1519 Hygini
1600 1446 1942 1502 Valentinus

282 1550 591 1618 incmpertt
625 1562 793 1600 suam
838 1546 1133 1616 publicare
1182 1546 1466 1612 haeresim,
1519 1545 1665 1600 nihil
1712 1561 1745 1598 a
1796 1561 1943 1615 quo-

285 1653 469 1707 quam
505 1636 905 1690 indubitatum
939 1636 1117 1689 statui
1158 1651 1414 1705 unquam
1449 1636 1655 1706 potuit.

359 1731 587 1794 Urgent
628 1731 821 1779 tamen
869 1741 937 1779 ex
987 1725 1160 1780 citato
1211 1723 1444 1780 Eusebii
1492 1724 1777 1779 Chronico
1827 1728 1939 1778 Va-

284 1815 579 1871 lentinum
612 1830 765 1868 anno
798 1820 1025 1868 tantutn
1052 1814 1154 1867 M6
1174 1814 1459 1883 agnitum.
1486 1813 1631 1884 Ergo
1658 1812 1938 1881 inferunt,
1976 1844 2020 1908 Β

287 1913 464 1961 antea
484 1920 588 1960 nec
610 1904 845 1976 agnitus
871 1911 1012 1971 erat,
1033 1920 1135 1958 nec
1160 1902 1401 1974 proinde
1424 1918 1562 1958 suos
1587 1901 1748 1956 ullibi
1786 1919 1946 1973 spar-

290 2002 453 2051 serat
482 2010 732 2050 errores.
766 1994 871 2048 Sed
906 1994 1176 2064 quamvis
1209 1992 1329 2047 bzec
1360 2008 1427 2047 ex
1460 2009 1526 2048 eo
1575 2008 1781 2063 urgere
1832 2009 1945 2047 non

290 2086 575 2141 deberent
605 2084 909 2148 Chronico,
942 2083 998 2136 in
1033 2099 1150 2154 quo
1184 2082 1393 2138 menda
1424 2098 1549 2137 esse
1590 2081 1945 2153 praedicant;

293 2175 552 2230 dicimus
586 2178 781 2228 tamen
818 2174 874 2227 iu
929 2172 1339 2242 hujuscemodi
1390 2170 1629 2244 scriptis
1680 2172 1944 2238 verbum,

290 2266 635 2336 agnoscitur,
670 2278 784 2317 non
818 2262 897 2316 ita
928 2261 1333 2333 accipiendum
1376 2276 1524 2327 esse,
1557 2277 1623 2316 ac
1671 2260 1719 2315 si
1775 2277 1950 2315 mun-

294 2370 474 2426 quam
510 2356 682 2407 antea
714 2351 1023 2405 hereticus
1054 2350 1151 2405 ille
1184 2365 1528 2421 aquoquam
1549 2347 1785 2421 agnitus
1814 2349 1952 2404 fuis-

301 2448 426 2497 set:
462 2442 566 2496 sed
602 2440 752 2495 nihil
783 2438 938 2495 aliud
1000 2438 1353 2510 signiﬁcare,
1406 2453 1584 2510 quam
1634 2437 1801 2493 illum
1850 2437 1948 2508 qui

304 2532 576 2602 privatim
618 2536 677 2585 et
726 2530 943 2585 sensim
996 2531 1123 2584 sine
1172 2544 1345 2585 sensu
1394 2545 1655 2584 errorum
1710 2544 1950 2583 suorum

299 2637 518 2676 venena
577 2620 740 2691 prius
792 2618 1223 2690 propinaverat,
1277 2619 1401 2687 jam
1461 2616 1833 2688 apertissime
1884 2632 1952 2672 ea

309 2713 670 2780 spargentem
704 2708 776 2763 ab
809 2707 1086 2763 omnibus
1125 2706 1415 2778 agnitum.

396 2802 480 2863 At,
512 2799 798 2869 inquiunt,
833 2797 1201 2865 Valentinus,
1229 2800 1375 2851 teste
1405 2793 1788 2861 Tertulliano,
1841 2794 1952 2849 sub

320 2902 584 2957 supremo
613 2884 918 2941 Eleutherii
960 2886 1326 2957 pontificatu,
1357 2883 1417 2940 id
1446 2888 1556 2950 est,
1591 2891 1649 2938 ut
1674 2883 1949 2948 diximus,

313 2975 460 3031 circa
518 2991 738 3030 annum
800 2976 922 3043 180,
978 2975 1169 3030 Romae
1217 2974 1409 3029 adhuc
1459 2973 1949 3029 commorabatur.

310 3065 465 3123 Unde
496 3067 858 3123 concludunt
886 3066 1053 3121 illum
1088 3065 1295 3138 Ignatii
1344 3070 1605 3137 tempore
1654 3073 1754 3120 aut
1800 3064 1955 3120 inter

305 3156 483 3221 vivos,
509 3162 609 3211 aut
638 3156 843 3211 saltem
874 3156 1026 3211 inter
1077 3173 1282 3227 pravos
1322 3156 1642 3210 haereseum
1688 3155 1953 3210 doctores

309 3260 421 3301 non
456 3218 720 3316 potuisse
751 3218 1141 3301 annumerari.
1181 3245 1291 3300 Sed
1328 3245 1385 3300 in
1420 3244 1760 3301 Tertulliani
1787 3243 1949 3299 libris
1992 3218 2035 3284 C

299 3334 707 3390 describendia
738 3340 995 3390 erratum
1029 3335 1159 3398 fuit.
1191 3335 1276 3390 vel
1309 3335 1435 3404 ipse
1463 3350 1687 3389 errasse
1709 3349 1950 3388 censen-

299 3426 405 3482 dus
437 3432 552 3480 est.
586 3425 837 3480 Irenaaus
887 3426 1104 3496 quippe
1155 3423 1643 3495 diligentissimus
1690 3438 1950 3478 errorum

300 3515 595 3572 Valentini
641 3516 1041 3587 investigator,
1078 3515 1135 3569 in
1177 3530 1304 3582 suo,
1358 3530 1532 3585 quem
1588 3514 1697 3568 sub
1748 3513 1949 3567 eodem

299 3604 632 3660 Eleutherio
666 3620 900 3659 summo
933 3604 1201 3676 pontiﬁce
1222 3604 1572 3673 composuit,
1600 3602 1769 3669 libro,
1794 3617 1955 3657 asse-

298 3700 462 3751 verat
495 3693 867 3749 Valentinum
901 3694 1310 3748 tantummodo
1342 3709 1528 3763 usque
1556 3692 1628 3747 ad
1650 3690 1952 3747 Anicetum

298 3790 541 3856 tempus
574 3782 771 3838 Romae
803 3798 1167 3855 prorogasse,
1197 3782 1255 3837 id
1288 3786 1375 3837 est
1406 3798 1518 3837 non
1570 3781 1802 3850 vixisse,
1854 3785 1957 3835 aut

298 3873 375 3928 ibi
406 3889 531 3928 non
563 3871 962 3943 comparuisse
992 3871 1265 3941 amplius.
1299 3870 1445 3926 Huic
1489 3870 1683 3926 Irenaai
1725 3879 1954 3925 senten-

298 3963 389 4017 tiae
436 3959 796 4030 subscripsit
838 3960 1143 4027 Eusebius,
1198 3960 1450 4031 scriptor
1496 3958 1952 4015 oculatissimus.

301 4054 375 4106 Ex
408 4050 635 4122 quibus
666 4054 821 4103 recte
852 4047 1227 4105 concluditur
1250 4048 1563 4104 obscurum
1591 4064 1739 4114 esse,
1774 4048 1956 4102 omni-

302 4155 497 4212 noque
554 4138 841 4193 incertum
902 4152 1043 4192 num
1104 4136 1450 4191 Valentinus
1515 4136 1722 4207 Ignatii
1775 4136 1956 4190 nostri

300 4234 565 4301 tempore
596 4242 822 4282 errores
855 4225 1084 4297 aliquos
1116 4243 1228 4282 non
1261 4226 1545 4296 sparserit
1572 4224 1629 4279 in
1653 4225 1883 4296 vulgus.

440 4322 471 4389 §
502 4321 597 4373 IV.
635 4316 1046 4373 Valentinianus
1094 4316 1242 4373 hunc
1269 4315 1333 4372 de
1361 4315 1486 4386 Sige
1513 4329 1755 4372 errorem
1783 4331 1817 4368 a

841 4406 1103 4462 Gnostict's
1155 4404 1420 4461 hausisse.

372 4501 482 4553 Fac
502 4500 699 4551 tamen
723 4495 1097 4552 Valentinum
1115 4494 1332 4565 lgnatio
1352 4493 1533 4548 fuisse
1552 4493 1955 4564 posteriorem,

2049 561 2105 609 et
2126 566 2275 609 secta
2300 555 2428 625 ejus
2453 574 2483 610 a
2510 556 2731 610 steteris
2750 555 3025 610 omnibus
3050 560 3201 611 recte
3223 556 3495 613 distincta
3518 565 3626 627 est,
3651 566 3709 615 et

2050 643 2147 698 ille
2180 644 2250 699 ab
2284 644 2500 699 Irenaeo
2525 645 2655 713 jure
2689 646 2937 700 traditur
2981 644 3047 711 ⁵³,
3100 645 3372 718 antiquas
3420 648 3477 702 in
3527 664 3702 703 suum

2050 732 2441 789 characterem
2477 735 2870 789 transtulisse.
2914 735 3018 789 Sed
3054 752 3343 806 quaenam,
3374 738 3585 792 amabo
3626 742 3703 801 te,

2049 827 2140 877 est
2172 822 2267 876 illa
2299 822 2603 878 Valentina
2636 824 2828 878 forma
2849 824 2876 878 Ἰ
2904 824 3028 879 Non
3054 840 3120 878 ea
3141 825 3375 894 quidem
3401 827 3513 881 sita
3536 831 3623 882 est
3645 827 3705 882 in

2048 912 2261 979 verbis,
2292 911 2436 980 Nus,
2472 913 2675 981 Logos,
2707 912 2794 967 vel
2828 912 2998 985 Sige;
3033 913 3232 983 quand
3256 914 3509 983 tquidem
3542 935 3571 965 ‹‹
3606 915 3703 969 Pa-

2052 1006 2201 1056 trem
2234 1002 2525 1066 innatum,
2559 1002 2751 1073 inquit
2780 1003 3027 1058 Dallasus
3050 1002 3121 1067 5‘,
3152 1010 3209 1057 et
3229 1003 3383 1072 Nun,
3415 1010 3474 1059 et
3510 1009 3698 1076 Logon

2051 1093 2198 1161 apud
2236 1092 2567 1159 Basiliolem,
2599 1099 2656 1147 et
2699 1093 2864 1161 Sigen
2911 1094 3062 1163 apud
3118 1094 3507 1165 Antiphanem
3565 1111 3699 1166 poe-

2052 1188 2167 1236 tam
2228 1182 2480 1236 invenio.
2542 1203 2570 1230 »
2629 1181 2902 1245 Quaenam
2960 1187 3050 1237 est
3100 1198 3237 1252 ergo
3295 1182 3400 1237 illa
3455 1184 3640 1238 forma
3675 1184 3702 1238 ἵ

2050 1292 2076 1319 «ι
2102 1273 2290 1339 Logon
2333 1286 2363 1324 e
2401 1270 2533 1341 Sige
2557 1276 2776 1336 ortum,
2794 1270 3165 1341 prosequitur
3188 1271 3437 1326 Dallaeus
3460 1272 3525 1337 ⁸⁸,
3542 1272 3699 1343 apud

2052 1364 2327 1412 neutrum
2362 1359 2613 1413 invenio.
2647 1359 2725 1413 Ea
2757 1376 2951 1413 rerum
2985 1359 3293 1429 dispositio
3324 1362 3480 1431 apud
3516 1378 3701 1417 unum

2049 1446 2424 1501 Valentinum
2452 1448 2698 1517 ejusque
2728 1447 3050 1517 discipulos
3081 1453 3288 1503 exstat.
3319 1469 3346 1499 ι

2121 1535 2229 1589 Sed
2264 1534 2516 1591 Dallaaus
2545 1553 2613 1591 ea
2646 1536 2921 1607 profecto,
2951 1553 3077 1607 quas
3098 1538 3271 1608 paulo
3302 1548 3430 1609 post
3456 1540 3703 1611 ipsemet

2049 1623 2272 1691 retulit,
2306 1624 2505 1680 Irenaai
2546 1625 2722 1680 verba
2755 1642 2866 1679 non
2900 1626 3043 1680 satis
3076 1632 3295 1681 attente
3316 1628 3557 1699 legerat.
3581 1632 3699 1686 Ire-

2049 1729 2208 1767 naaus
2238 1715 2454 1769 etenim
2488 1714 2565 1769 ibi
2598 1715 2669 1769 de
2691 1714 3022 1785 Antiphane
3055 1722 3219 1786 poeta
3242 1716 3325 1772 sic
3371 1718 3606 1774 disserit
3626 1720 3703 1771 5‘z

2058 1822 2081 1852 ι
2124 1801 2281 1857 Unde
2312 1807 2367 1857 et
2398 1802 2531 1874 ipsi,
2565 1802 2984 1870 Valentiniani,
3007 1805 3120 1859 sibi
3145 1815 3515 1863 assumentes
3541 1810 3706 1865 labu-

2058 1890 2336 1948 lam.......
2371 1892 2741 1947 solummodo
2774 1893 3149 1949 demutantes
3195 1910 3396 1950 eorum
3450 1898 3706 1966 nomina,

2057 1979 2316 2051 idipsum
2349 1986 2545 2037 autem
2579 1981 2983 2038 universorum
3018 1985 3416 2053 generationis
3449 1983 3706 2053 initium,

2057 2075 2113 2123 et
2143 2070 2519 2126 emissionem
2561 2072 2952 2139 ostendentes,
3005 2090 3107 2143 pro
3159 2080 3324 2129 nocte
3368 2080 3425 2129 et
3474 2076 3705 2133 silentio

2058 2158 2270 2215 Bithon
2300 2166 2357 2215 et
2386 2160 2558 2231 Sigen
2591 2161 3168 2218 nominantes.........
3200 2179 3265 2218 ac
3300 2180 3403 2235 pro
3428 2166 3630 2234 primis
3652 2170 3709 2221 et

2063 2248 2332 2305 maximis
2364 2248 2477 2304 diis
2507 2265 2702 2304 mones
2734 2250 3150 2319 formaverunt,
3184 2258 3237 2305 et
3282 2267 3386 2322 pro
3431 2253 3709 2309 secundis

2059 2336 2173 2392 diis
2202 2354 2350 2402 eam,
2385 2355 2510 2409 qua
2537 2343 2695 2393 extra
2727 2338 3062 2409 pleromatis
3096 2338 3358 2410 ipsorum
3408 2348 3706 2409 enarrant,

2060 2427 2529 2499 dispositionem.
2564 2448 2593 2477 »
2627 2427 2774 2493 Quid
2806 2444 2940 2483 vero
2971 2431 3118 2498 quod
3168 2428 3552 2486 Valentiniani
3602 2432 3709 2487 bas

2063 2516 2390 2588 primorum
2424 2517 2665 2572 deorum
2698 2532 2764 2573 ac
2794 2533 3020 2572 ssnoum
3064 2520 3490 2590 generationes,
3538 2522 3715 2577 emis-

2062 2608 2257 2664 siones
2288 2612 2347 2663 et
2378 2617 2541 2663 ortus
2571 2624 2686 2663 non
2718 2624 2751 2662 a
2774 2609 3015 2680 paganis
3036 2613 3289 2676 tantum,
3313 2612 3411 2665 sed
3437 2611 3612 2667 etiam
3638 2613 3709 2667 ab

2062 2696 2374 2765 haereticis,
2407 2697 2610 2752 eodem
2640 2698 2856 2753 lrenaao
2890 2702 3056 2764 teste,
3090 2697 3536 2754 delibaverant?
3585 2701 3713 2769 Ipse

2062 2787 2219 2843 enim
2252 2787 2423 2858 paulo
2454 2804 2632 2859 supra
2657 2787 2888 2860 scriptis
2917 2787 3237 2844 tradiderat
3260 2806 3274 2845 :
3300 2809 3328 2839 σι
3366 2791 3490 2844 Hac
3512 2795 3709 2845 autem

2063 2894 2189 2949 quas
2223 2880 2379 2934 dicta
2410 2886 2549 2934 sunt
2569 2880 2637 2934 de
2659 2895 2836 2934 sensu
2859 2878 3219 2947 emissionis,
3243 2880 3516 2936 similiter
3534 2886 3591 2936 et
3609 2883 3711 2938 ad-

2064 2984 2265 3024 versus
2295 2985 2416 3033 eos,
2447 2967 2547 3039 qui
2579 2984 2613 3022 a
2643 2967 2894 3023 Basilide
2925 2976 3084 3034 sunt,
3127 2969 3408 3024 adversus
3457 2970 3711 3041 reliquos

2066 3057 2393 3122 Gnosticos,
2418 3074 2450 3111 a
2482 3057 2699 3128 quibus
2734 3056 2788 3110 bi
2822 3056 2989 3111 initia
3014 3057 3398 3114 emissionum
3420 3058 3713 3130 accipien-

2066 3154 2176 3213 tes,
2208 3169 2234 3195 ››
2267 3152 2375 3201 etc.
2410 3147 2583 3217 Atqui
2608 3145 2736 3201 illas
2766 3146 2915 3201 inter
2938 3147 3179 3202 deorum
3204 3163 3268 3201 ac
3294 3164 3523 3203 leonum
3544 3149 3723 3205 emis-

2067 3236 2281 3302 siones,
2314 3236 2433 3291 sive
2466 3236 2703 3307 primas,
2738 3235 2857 3292 sive
2900 3237 3214 3303 secundas,
3266 3237 3465 3293 debuit
3513 3239 3717 3311 procul

2066 3328 2245 3382 dubio
2275 3342 2401 3383 esse
2436 3326 2617 3397 Logos
2644 3342 2673 3381 e
2706 3326 2839 3397 Sige
2892 3333 3077 3383 ortus.
3134 3326 3521 3384 Valentiniani
3575 3344 3713 3401 ergo

2065 3416 2229 3471 illum
2263 3416 2444 3486 Logos
2475 3419 2665 3470 ortum
2704 3431 2817 3470 non
2849 3431 3020 3471 secus
3060 3432 3126 3471 ac
3179 3416 3433 3487 reliquas
3472 3418 3711 3474 deorum

2065 3522 2305 3561 suorum
2340 3504 2685 3561 emissiones
2706 3505 2777 3559 ab
2796 3503 3047 3560 ethnicis
3069 3509 3243 3576 atque
3266 3505 3555 3561 haereticis
3581 3523 3709 3563 mu-

2066 3592 2214 3649 tuati
2247 3596 2406 3649 sunt.

2138 3694 2335 3763 Neque
2365 3708 2497 3747 vero
2530 3691 2608 3747 ibi
2641 3692 2799 3747 sistit
2826 3694 3103 3757 Irenteus,
3135 3692 3233 3747 sed
3266 3692 3391 3762 ipse
3417 3693 3617 3748 eodem
3652 3693 3711 3749 in

2064 3782 2191 3839 loco
2224 3782 2449 3837 addidit
2478 3798 2491 3836 :
2531 3803 2558 3832 ι(
2574 3786 2665 3837 De
2686 3798 2753 3837 ea
2773 3791 2968 3836 autem
2988 3798 3118 3852 qua
3141 3786 3230 3836 est
3253 3798 3322 3837 ex
3345 3782 3435 3838 bis
3455 3783 3715 3839 secunda

2065 3870 2380 3929 emissione
2414 3870 2669 3926 hominis
2700 3874 2757 3925 et
2792 3870 3060 3926 Ecclesiae
3100 3870 3209 3940 ipsi
3260 3876 3455 3941 patres
3509 3887 3709 3927 eorum

2066 3960 2211 4016 falso
2269 3958 2665 4031 cognominati
2727 3957 2986 4013 Gnostiai
3038 3957 3385 4028 impugnant
3430 3957 3712 4013 adversus

2064 4049 2332 4118 invicem,
2365 4065 2473 4103 sua
2499 4047 2732 4119 propria
2761 4045 3143 4111 vindicantes,
3166 4049 3222 4099 et
3255 4044 3439 4099 malos
3473 4045 3628 4100 fures
3650 4062 3715 4101 se

2065 4155 2193 4196 esse
2222 4138 2651 4193 convincentes.
2690 4158 2714 4183 υ
2749 4134 2896 4200 Quid
2928 4140 3123 4188 autem
3167 4133 3285 4188 haec
3333 4134 3508 4189 verba
3551 4134 3713 4190 aliud

2067 4227 2421 4298 signiﬁcant,
2449 4241 2626 4296 quam
2680 4222 3215 4280 Valentinianorum
3273 4228 3468 4293 patres
3530 4223 3713 4279 fuisse

2068 4317 2372 4374 Gnosticos
2404 4333 2437 4371 a
2467 4314 2684 4387 quibus
2732 4313 2821 4369 illi
2871 4330 2985 4369 non
3038 4314 3289 4385 primam
3346 4312 3561 4380 solum,
3613 4315 3714 4370 sed

2065 4407 2239 4463 etiam
2261 4405 2416 4460 enim
2436 4405 2507 4459 ob
2532 4420 2769 4459 causam
2791 4402 2919 4474 puri
2941 4402 3204 4474 marique
3221 4402 3479 4458 Gnostici
3523 4402 3721 4460 Valen-

2066 4497 2255 4551 tinum
2286 4495 2533 4565 ejusque
2562 4498 2899 4561 sectatores,
2931 4509 2998 4548 eo
3033 4493 3184 4563 quod
3219 4492 3276 4547 in
3308 4498 3539 4564 patrum
3572 4510 3715 4548 suo-

306 4588 445 4657 quid
480 4587 619 4641 inde
669 4593 870 4642 contra
917 4584 1277 4642 sanctissimi
1328 4584 1603 4656 martyris
1652 4581 1953 4655 epistolae,
1987 4582 2034 4644 D
2065 4602 2195 4641 rum
2242 4583 2509 4640 doctrina
2562 4590 2616 4638 et
2674 4581 2905 4654 placitis
2962 4580 3215 4654 plurima
3271 4581 3713 4650 immutassent,

308 4679 353 4731 si
388 4677 738 4734 Valentinus
769 4678 920 4733 hanc
951 4678 1023 4733 de
1064 4676 1215 4749 Lago
1248 4693 1280 4731 a
1332 4676 1465 4746 Sige
1513 4679 1638 4731 orto
1688 4672 1953 4729 haeresim

307 4768 372 4820 ad
438 4767 723 4823 haereticis
780 4766 1195 4822 vetustioribus
1242 4763 1458 4832 hausit,
1511 4779 1688 4836 quam
1744 4764 1800 4818 in
1870 4762 1955 4818 eis

310 4856 549 4913 damnat
580 4857 841 4929 Ignatius
867 4857 895 4912 ?
924 4856 1199 4913 Concedit
1238 4864 1426 4911 autem
1480 4853 1734 4923 Dallcus,
1788 4853 1871 4909 uti
1924 4870 1958 4908 a

310 4947 477 5002 nobis
499 4963 679 5019 supra
694 4947 1064 5002 observatum
1087 4945 1259 5011 est",
1279 4967 1299 4992 ι
1324 4946 1513 5016 ipsam
1538 4959 1728 4999 rerum
1751 4944 1955 4999 silvam

312 5041 481 5108 atque
514 5036 839 5102 materiam,
874 5052 944 5091 ex
964 5052 1082 5107 qua
1104 5034 1448 5091 Valentinus
1471 5051 1579 5090 sua
1600 5034 1956 5105 composuit,

306 5125 426 5193 jam
459 5126 613 5197 apud
644 5126 1011 5190 vetustiores,
1048 5124 1259 5197 partim
1300 5123 1609 5180 Gnosticos
1631 5122 1956 5188 haereticos,

313 5214 521 5285 partim
537 5216 713 5271 etiam
734 5219 1065 5285 poetas,aut
1086 5212 1741 5285 philosophosethnicos
1758 5211 1957 5267 fuisse.

313 5303 457 5367 Quid
506 5319 639 5370 ergo
697 5303 829 5359 novi
891 5301 1130 5373 protulit
1186 5300 1572 5358 Valentinus?
1630 5300 1963 5372 Respondet

316 5390 559 5448 Dallmus
579 5392 748 5448 illum
781 5391 918 5447 huic
950 5390 1107 5446 silva:
1129 5406 1194 5446 ac
1222 5389 1474 5446 materia
1496 5405 1705 5445 novam
1730 5389 1962 5445 dedisse

2066 4697 2095 4726 ‹‹
2111 4674 2293 4730 malos
2314 4674 2459 4729 feres
2480 4688 2608 4729 esse
2630 4694 2658 4722 »
2674 4672 3115 4728 convincebant.
3133 4672 3347 4727 Contra
3364 4687 3496 4725 vero
3516 4670 3719 4726 Valen-

2064 4764 2270 4820 tiniani
2328 4762 2459 4818 illos
2512 4762 2605 4817 sui
2666 4762 2945 4833 temporis
3010 4761 3318 4816 Gnosticos
3375 4759 3713 4815 earumdem

2064 4852 2416 4909 incusabant
2446 4850 2946 4906 immutationem.
2980 4850 3100 4914 Quo
3149 4859 3299 4904 certe
3348 4865 3416 4903 ex
3469 4847 3717 4902 dissidio

2066 4948 2241 5013 atque
2282 4939 2560 4995 conflictu
2611 4942 2807 5009 aperte
2853 4936 3146 5008 colligitur
3188 4941 3469 5006 utrosque
3518 4939 3573 4989 et
3623 4951 3722 4989 va-

2067 5028 2444 5087 lentinianios
2474 5032 2530 5082 et
2560 5027 2909 5098 posteriores
2940 5025 3243 5080 Gnosticos
3301 5024 3372 5079 ab
3419 5022 3721 5093 antiquio-

2068 5120 2229 5175 ribus
2260 5116 2553 5173 Gnnsticis
2586 5132 2699 5170 non
2733 5114 2942 5170 silvam
2974 5112 3255 5168 duntaxat
3284 5116 3341 5167 et
3384 5111 3717 5179 materiam,

2068 5209 2169 5265 sed
2201 5209 2444 5263 deorum
2494 5218 2836 5272 manumque
2889 5208 3051 5258 ortus
3111 5200 3380 5257 hausisse
3433 5204 3490 5256 et
3536 5199 3714 5255 emis-

2069 5297 2285 5353 siones.

2142 5384 2476 5457 Respondet
2507 5380 2835 5439 Dallaaanus
2894 5378 3164 5437 defensor
3212 5396 3325 5435 non
3383 5377 3718 5450 Gnosticos,

385 5562 428 5597 '°
455 5564 684 5626 Prolog.
713 5562 774 5619 in
805 5561 902 5618 lib.
936 5579 995 5618 ιν
1024 5561 1146 5617 adv.
1187 5560 1406 5617 Valent.
1480 5558 1525 5593 "
1560 5558 1663 5614 lib.
1704 5574 1767 5614 tu
1818 5556 1946 5613 adv.
2002 5556 2374 5626 Valentcap.
2405 5554 2461 5609 3.
2527 5551 2578 5587 ⁵³
2626 5565 2760 5624 pag.
2810 5550 2934 5606 303.
2994 5547 3043 5585 ⁸³
3090 5547 3193 5605 lib.
3223 5565 3243 5605 ι
3293 5551 3413 5607 adv.
3481 5549 3723 5617 Valent,

319 5648 442 5706 cap.
471 5636 527 5690 5.
600 5625 661 5670 ’δ’
667 5651 798 5709 pag.
831 5635 955 5690 303.
1032 5634 1078 5669 ⁵⁸
1106 5633 1254 5690 Ibid.
1328 5631 1376 5667 ⁵⁸
1407 5630 1510 5687 lib.
1544 5648 1587 5687 ιι
1616 5630 1718 5687 adv
1756 5629 1944 5686 Valent

2064 5644 2150 5701 ap.
2185 5625 2273 5682 19.
