4112 6132
351 335 470 394 519

1421 321 1486 381 S.
1533 317 1933 380 IGNATlUS.
1983 349 2059 364 -—
2102 319 2714 380 PROLEGOMENA.

3647 317 3777 378 520

353 468 455 525 sed
485 461 780 521 Valentini
812 457 1134 530 discipulos
1164 456 1274 512 has
1299 453 1701 510 doctrinarum
1753 466 1996 506 suarum
2025 452 2082 520 Α
2111 451 2317 506 dictis:
2355 472 2384 501 «
2417 451 2666 506 Verbum
2699 467 2731 506 a
2759 449 2993 506 silentio
3027 448 3429 521 progrediens,
3465 471 3494 500 ››
3541 466 3767 524 ρι-ωρο-

355 557 468 615 sibi
499 555 745 610 invicem
790 549 1170 621 exprobrasse
1201 552 1258 601 et
1289 543 1574 614 obiecisse
1623 541 1998 596 mutationes.

353 649 460 703 Sed
513 646 707 718 ipsum
763 657 989 706 eorum,
1035 655 1163 710 quas
1208 652 1340 692 cum
1384 633 1594 690 Dallazo
1647 630 1816 704 paulo
1868 636 2002 687 ante

354 738 594 804 dixerat,
627 721 931 806 oportebat
971 745 1101 784 esse
1160 741 1498 781 memorem.
1543 723 1688 779 Nam
1739 719 1834 776 ille
1885 736 2000 776 non

353 843 522 883 secus
579 841 647 880 ac
695 821 942 878 Dallaaus
990 817 1367 873 Valentinum
1429 815 1617 869 Romae
1681 809 2001 867 Eleutherii

352 917 516 985 Papae
550 921 828 983 tempore,
861 927 972 981 quo
1010 910 1262 964 [renisus
1293 907 1471 973 hunc,
1504 921 1677 976 quem
1723 904 1998 971 citamus,

350 1005 569 1060 librum
596 1003 797 1069 edidit,
831 1005 1258 1057 commoratum
1310 996 1488 1051 fuisse
1539 993 2001 1066 pertinacissime

352 1098 666 1151 asseverat.
701 1091 877 1163 Atqui
907 1090 955 1144 si
990 1090 1240 1143 lrenzsus
1283 1102 1348 1141 eo
1397 1086 1456 1140 in
1509 1084 1658 1139 libro
1703 1083 1998 1138 memorias

349 1185 606 1259 prodidit
637 1181 1056 1250 discipulorum
1088 1175 1375 1231 Valentini
1411 1182 1602 1246 patres
1633 1172 1812 1227 fuisse
1853 1170 2000 1227 alios

348 1275 614 1347 ejusdem
662 1268 957 1325 Valentini
1011 1264 1354 1335 discipulos,
1407 1263 1486 1318 ita
1541 1266 1606 1317 ut
1652 1259 2000 1316 Valentinus

347 1369 591 1437 nepotes
625 1367 766 1418 tunc
791 1359 1049 1426 haberet,
1084 1357 1153 1411 de
1183 1355 1359 1410 variis
1390 1352 1664 1409 doctrinis
1695 1368 1835 1417 sum,
1871 1366 1998 1422 qua

346 1457 419 1511 ab
469 1455 553 1509 eis
615 1452 774 1506 factas
835 1449 1086 1511 fuerant,
1146 1441 1658 1500 immutationibus
1717 1439 1998 1495 acerrime

343 1543 750 1614 disputantes;
783 1538 919 1594 hinc
953 1536 1193 1608 planum
1225 1533 1715 1606 perspicuumque
1748 1530 1843 1584 fiet
1892 1531 1998 1584 Va-

348 1633 659 1699 lentinum,
723 1634 787 1685 ut
841 1643 1022 1699 supra
1073 1623 1436 1690 dicebamus,
1491 1622 1618 1692 ipso
1679 1618 1996 1674 Eleutherii

349 1722 713 1794 pontificatu,
741 1733 870 1774 esse
900 1715 1070 1787 longe
1101 1713 1514 1784 antiquiorem.
1563 1710 1724 1776 Quod
1781 1724 1916 1764 cum
1965 1725 1999 1763 a

347 1809 654 1868 Dallaeanis
687 1807 988 1880 praefracte
1019 1807 1282 1874 negetur,
1314 1801 1459 1856 illud
1493 1800 1564 1854 ab
1607 1799 1820 1854 Irenaao
1853 1796 1993 1853 scri-
2026 1823 2074 1888 Β

346 1907 513 1974 ptum
551 1915 667 1954 non
703 1897 883 1952 fuisse
915 1895 1021 1966 ipsi
1055 1894 1346 1949 fateantur
1385 1906 1622 1946 necesse
1649 1896 1754 1944 est.

417 1991 500 2058 At,
534 1987 784 2059 inquies,
813 2000 1080 2057 quaenam
1113 1983 1294 2056 igitur
1319 1987 1445 2037 erat
1465 1978 1886 2035 Valentinianm
1909 1993 1998 2033 se-

341 2084 449 2136 cta
472 2079 660 2133 forma
683 2074 992 2148 peculiaris
1014 2077 1069 2129 et
1093 2071 1328 2144 propria
1348 2069 1376 2124 ?
1398 2068 1848 2142 Respondemus
1869 2082 1996 2122 eam

347 2184 498 2232 esse,
530 2182 660 2238 quas
692 2162 893 2221 Irenaai
925 2163 1138 2230 verbis,
1173 2178 1206 2216 a
1238 2160 1405 2215 nobis
1437 2160 1563 2230 jam
1600 2157 1820 2221 relatis,
1853 2157 2002 2212 desi-

349 2261 600 2330 gnatur:
632 2276 660 2305 ‹‹
699 2255 1071 2309 Demutantes
1119 2250 1378 2319 nomina,
1424 2253 1481 2304 et
1533 2263 1637 2320 pro
1688 2246 1895 2319 primis
1944 2251 2002 2302 et

351 2345 625 2401 maximis
654 2343 767 2399 diis
799 2358 991 2398 aonas
1025 2340 1444 2404 formaverunt,
1477 2342 1533 2392 et
1572 2353 1674 2409 pro
1727 2335 2000 2392 secundis

349 2423 464 2491 diis
494 2451 642 2504 eam,
675 2449 798 2505 quae
832 2437 995 2488 extra
1026 2428 1365 2503 pleromatis
1394 2429 1654 2499 ipsorum
1703 2429 1996 2492 enarrant,

350 2525 813 2597 dispositionem.
850 2545 871 2575 ι
909 2524 1096 2594 Atque
1136 2520 1209 2576 iis
1260 2518 1599 2574 nominibus
1651 2533 1828 2572 novos
1883 2517 1996 2572 for-

346 2615 501 2671 sitan
534 2615 902 2682 addiderunt,
929 2612 1015 2668 vel
1047 2611 1508 2666 immutaverunt
1538 2607 1918 2664 emissionum
1942 2610 1998 2662 et

346 2713 579 2761 ortuum
613 2705 869 2760 ordines.
909 2704 1191 2760 Caeterum
1225 2701 1293 2755 ad
1331 2715 1538 2754 novam
1571 2698 1719 2753 inter
1763 2697 1997 2752 haereti—

344 2813 463 2862 cos,
500 2793 750 2851 maxime
797 2809 929 2849 vero
973 2789 1432 2857 Valentinianos,
1485 2787 1851 2843 condendam
1903 2802 1998 2841 se-

345 2893 498 2943 ctam
532 2903 645 2940 non
676 2901 888 2956 magna
909 2883 1183 2938 doctrinis
1211 2880 1543 2935 immutatio
1569 2877 1992 2950 requirebatur,

344 2980 411 3032 ut
440 2992 508 3031 ex
539 2975 628 3041 iis,
659 2991 787 3046 quae
819 2974 890 3028 de
923 2971 1230 3027 Ptolomaeo
1273 2975 1468 3024 narrat
1515 2967 1878 3039 Augustinus
1926 2966 1992 3031 ⁵⁷,

345 3065 536 3138 quivis
567 3064 733 3120 facile
763 3061 1076 3133 intelligat:
1112 3082 1140 3110 «
1177 3059 1544 3125 Ptolomaeus,
1583 3058 1789 3128 inquit,
1823 3056 1994 3110 disci-

2113 549 2352 605 nuntur,
2377 556 2443 595 ea
2463 555 2594 594 cum
2617 538 3160 594 Valentinianorum
3182 537 3497 605 erroribus,
3524 538 3763 608 fabulis,

2111 633 2168 684 et
2206 627 2550 684 deliratione
2606 629 2846 684 omnino
2905 627 3192 684 cohaerere
3249 627 3617 696 ostenderet;
3669 627 3772 684 ille

2111 721 2310 773 tamen
2343 719 2413 773 de
2445 719 2733 789 praecipuo
2756 719 2907 790 quod
2944 717 3160 772 ibidem
3192 717 3264 772 ab
3297 717 3520 787 Ignatio
3553 723 3769 774 tracta-

2113 810 2228 873 tur,
2247 817 2614 879 argumenlo,
2638 807 2919 863 nimirum
2943 808 3116 862 vitam
3138 810 3384 862 nostram
3403 826 3430 860 α
3446 809 3768 864 secundum

2110 896 2485 952 Judaismum
2520 919 2550 947 »
2586 914 2700 953 non
2759 913 2888 954 esse
2945 896 3391 963 instituendam,
3452 913 3522 953 ne
3579 897 3770 953 ullum

2113 986 2352 1057 quidem
2384 987 2621 1042 verbum
2655 987 2808 1043 fecit.
2845 988 2999 1043 Unde
3028 1002 3164 1057 ergo
3199 991 3317 1041 tam
3352 985 3536 1041 altum
3570 987 3775 1045 Dalltei

2112 1075 2607 1148 defensorumque
2638 1077 2764 1146 ejus
2813 1075 2919 1130 hac
2974 1077 3045 1131 de
3086 1091 3146 1131 re
3194 1073 3490 1131 silentium
3518 1075 3545 1130 ?
3591 1076 3766 1132 Nulla

2112 1169 2266 1219 certe
2296 1164 2414 1220 alia
2443 1165 2604 1221 illius
2633 1181 2814 1221 causa
2854 1164 2982 1233 fuit,
3013 1164 3128 1221 nisi
3179 1164 3320 1236 quia
3370 1163 3768 1222 Valentiniani

2115 1253 2222 1308 hoc
2253 1255 2323 1310 de
2353 1259 2699 1326 argumento
2728 1255 2928 1309 eadem
2992 1270 3057 1310 ac
3115 1253 3403 1325 lgnatius,
3459 1256 3769 1327 caelerique

2113 1359 2316 1399 omnes
2365 1344 2669 1400 orthodoxi
2731 1344 3034 1399 sentirent.
3092 1343 3225 1399 Jam
3285 1360 3420 1400 vero
3477 1361 3611 1400 cum
3675 1363 3772 1403 res

2114 1432 2315 1503 procul
2347 1433 2523 1488 dubio
2550 1434 2630 1489 ita
2669 1450 2730 1489 se
2761 1433 2991 1498 habent,
3024 1434 3096 1488 ab
3129 1433 3474 1489 adversariis
3509 1436 3773 1505 postula-

2115 1539 2269 1590 mus,
2305 1541 2444 1579 num
2479 1523 2650 1580 alicui
2683 1522 2980 1596 probabile
3011 1524 3109 1579 ﬁet
3137 1523 3428 1594 Ignatium
3460 1525 3531 1579 ad
3581 1525 3764 1582 refel—

2115 1612 2318 1669 lendos
2358 1613 2800 1670 Valentinianos
2849 1613 2929 1668 ibi
2973 1613 3238 1669 animum
3295 1612 3612 1685 appulisse,
3660 1616 3766 1670 ubi

2115 1720 2367 1759 errorem
2392 1704 2464 1759 ab
2485 1703 2694 1759 haeresi
2719 1703 3130 1759 Valentiniano.
3151 1703 3389 1758 omnino
3410 1703 3692 1772 alienum,
3708 1709 3770 1761 et

2115 1792 2442 1849 rationibus
2474 1793 2542 1848 ad
2577 1809 2707 1848 eam
2739 1791 2898 1848 nullo
2927 1793 3100 1848 modo
3132 1793 3530 1863 spectantibus
3564 1793 3767 1863 impu-

2112 1883 2348 1952 gnabat.
2383 1887 2666 1938 Praeterea
2682 1899 2816 1938 vero
2841 1881 2982 1937 illud
3008 1881 3163 1953 quod
3185 1881 3474 1951 objiciunt
3501 1882 3572 1937 ab
3594 1883 3767 1953 Igna-

2111 1974 2189 2028 tio
2222 1973 2445 2028 dictum
2479 1994 2506 2022 ι(
2538 1971 2793 2028 Verbum
2827 1989 2859 2026 a
2891 1970 3120 2026 silentio
3151 1970 3531 2043 progrediens
3563 1988 3578 2040 ;
3607 1993 3638 2022 »
3685 1972 3771 2028 ibi

2109 2062 2287 2118 unius
2347 2060 2626 2117 momenti
2678 2066 2734 2116 et
2792 2059 3345 2131 argumentationis,
3405 2077 3523 2132 qua
3578 2059 3767 2130 legem

2109 2151 2426 2208 Mosaicam
2459 2167 2571 2206 non
2613 2150 2869 2222 amplius
2918 2150 3267 2206 servandam
3321 2166 3447 2206 esse
3499 2151 3762 2222 lgnatius

2107 2240 2334 2311 probat,
2371 2244 2593 2311 partem
2624 2239 3008 2295 constituunt.
3039 2241 3186 2295 Cum
3218 2254 3356 2310 ergo
3387 2243 3507 2294 tota
3533 2239 3636 2295 illa
3667 2257 3760 2296 ar-

2106 2329 2465 2400 gumentatio
2496 2329 2566 2385 ad
2614 2327 3046 2385 Valentinianos
3098 2345 3211 2383 non
3262 2334 3521 2400 spectet;
3569 2346 3764 2401 neque

2108 2435 2286 2473 unam
2342 2419 2472 2490 ejus
2539 2423 2763 2490 partem
2821 2418 2894 2473 ad
2970 2435 3067 2474 eos
3137 2417 3462 2490 respexisse
3535 2426 3760 2478 certum

2106 2507 2355 2564 videtur.
2499 2519 2502 2522 ί

2176 2615 2286 2671 Sed
2321 2630 2450 2685 age,
2481 2631 2602 2670 rem
2643 2617 2828 2685 ipsam
2863 2619 3134 2671 accurate
3167 2615 3571 2688 inspiciamus.
3607 2617 3760 2674 Dicit

2106 2704 2354 2760 Dallaaus
2371 2703 2812 2760 Valentinianos
2833 2704 3104 2760 docuisse
3127 2705 3184 2759 in
3215 2706 3347 2761 ﬂeta
3368 2723 3596 2762 azonum
3623 2725 3762 2764 suo-

2103 2809 2233 2848 rum
2256 2792 2613 2864 genealogis,
2643 2814 2665 2844 ι
2700 2809 2766 2848 ex
2800 2793 2933 2864 Sige
2963 2794 3238 2849 eductum
3277 2796 3460 2867 Logon
3504 2796 3591 2851 vel
3647 2798 3760 2852 im-

2103 2884 2376 2950 mediate,
2412 2888 2476 2937 ut
2505 2899 2538 2937 a
2569 2887 2752 2937 matre
2784 2881 2969 2936 ﬁlium
3003 2882 3128 2950 ;vel
3160 2883 3411 2939 mediate
3437 2888 3501 2938 ut
3533 2885 3605 2939 ab
3629 2885 3760 2941 avia

2101 2980 2397 3043 nepotem.
2433 2993 2463 3022 »
2494 2972 2598 3025 Sed
2646 2970 2742 3026 ille
2773 2971 2882 3026 hac
2911 2971 3264 3041 disjun‘ctiva
3314 2973 3749 3040 conjunctione,

2105 3082 2134 3112 ‹‹
2166 3061 2502 3116 immediate
2529 3061 2614 3116 vel
2640 3061 2937 3116 mediate.
2975 3077 3088 3115 non
3120 3061 3244 3115 sine
3268 3059 3398 3114 dolo
3432 3061 3647 3115 utitur:
3684 3065 3749 3116 ut

342 3155 516 3227 pulus
544 3152 837 3208 Valentini
869 3149 1134 3206 haeresim
1177 3165 1382 3203 novam
1432 3149 1678 3202 condere
1727 3147 1990 3218 cupiens,
2025 3181 2069 3248 α
2101 3166 2169 3205 ea
2200 3149 2478 3205 nimirum
2512 3150 2715 3204 fraude
2745 3149 3184 3204 Valentinianos
3205 3149 3276 3203 ab
3294 3157 3525 3205 auclore
3546 3155 3744 3205 nostro

339 3253 585 3316 quatuor
613 3259 825 3309 uacuas,
857 3246 914 3296 et
943 3239 1090 3295 alios
1121 3243 1372 3310 quatuor
1404 3251 1660 3291 asserere
1700 3234 1925 3291 maluit.
1964 3256 1992 3284 »

338 3335 395 3389 Si
436 3333 558 3387 haec
603 3330 726 3386 sola
783 3329 1026 3385 mutatio
1084 3343 1296 3382 novam
1359 3326 1508 3379 inter
1558 3323 1992 3382 Valentinianos

341 3426 561 3479 sectam
592 3422 824 3489 creavit,
861 3422 1077 3474 frustra
1107 3418 1163 3471 in
1199 3415 1549 3486 inquirenda
1580 3431 1727 3469 nova
1785 3411 1988 3467 Valen-

339 3512 576 3567 tinianze
609 3518 773 3566 sectaa
806 3510 992 3564 forma
1023 3507 1271 3562 desudat
1309 3504 1578 3570 Uallaaus,
1615 3519 1740 3573 quis
1775 3504 1833 3558 in
1889 3519 1988 3556 su-

340 3601 668 3674 perioribus
701 3598 894 3655 lrenaei
927 3597 1118 3651 verbis
1149 3594 1313 3650 facile
1346 3594 1702 3665 agnoscitur.

411 3691 609 3762 Neque
641 3694 763 3744 erat
789 3690 938 3758 quod
975 3686 1128 3740 ultra
1157 3686 1257 3740 illa
1297 3683 1574 3752 objiceret
1605 3682 1650 3717 ⁵³
1703 3681 1988 3753 scriptum

338 3797 372 3837 a
403 3777 761 3836 Tertulliano
785 3776 832 3812 5°
862 3780 996 3832 ante
1027 3774 1404 3841 Marcionem,
1428 3777 1486 3826 et
1505 3771 1786 3843 Apellem,
1811 3778 1864 3826 et
1886 3786 1986 3824 an-

337 3877 576 3941 tequam
610 3868 950 3923 Valentinus
980 3881 1172 3920 ssonas
1201 3880 1340 3918 suos
1373 3863 1762 3934 praedicasset,
1804 3860 1988 3916 nemi-

336 3975 471 4016 nem
506 3958 777 4014 docuisse
804 3957 982 4013 alium
1016 3970 1144 4010 esse
1179 3958 1351 4010 Deum
1384 3959 1727 4008 creatorem.
1760 3953 1839 4006 Ex
1873 3969 1989 4023 quo

333 4049 624 4106 inferebat
652 4050 807 4104 idem
841 4045 1090 4100 Dallaaus
1122 4043 1495 4099 Valentinum
1530 4041 1676 4096 nihil
1718 4041 1788 4096 ab
1839 4042 1990 4096 anti-

343 4140 476 4212 quis
507 4155 636 4194 tsse
668 4141 1024 4192 mutuatum.
1057 4133 1199 4188 Nam
1235 4136 1370 4188 ante
1400 4130 1693 4186 Valentini
1726 4136 1989 4200 tempore

338 4231 491 4285 hanc
521 4226 879 4297 impietatem
910 4241 943 4278 a
975 4222 1246 4288 Basilide,
1280 4220 1597 4288 Saturnilo,
1632 4224 1808 4291 atque
1839 4219 1988 4276 Gno-

341 4316 502 4371 sticis
531 4312 960 4383 antiquioribus
981 4309 1436 4364 disseminatum
1460 4308 1642 4363 fuisse
1665 4309 1744 4362 ita
1764 4312 1986 4363 certum

338 4409 447 4470 est,
483 4408 547 4456 ut
582 4400 775 4456 Dallcei
818 4400 1089 4454 defensor
1142 4396 1309 4452 illum
1369 4397 1477 4451 hac
1538 4397 1596 4450 in
1644 4413 1704 4452 re
1755 4398 1988 4467 penitus

336 4494 624 4555 deserere,
657 4502 1030 4557 erroremque
1063 4486 1243 4555 illius,
1281 4503 1456 4556 quem
1498 4485 1684 4542 celare
1731 4486 1989 4556 amplius

336 4600 451 4640 non
480 4547 726 4653 poterat,
763 4547 1078 4650 aliquando
1139 4547 1373 4633 tandem
1432 4576 1697 4632 conﬁteri
1755 4547 1990 4633 coactus
2020 4547 2068 4610 θ

344 4674 423 4729 sit
450 4672 517 4725 ‘°.

475 4765 503 4832 ς
530 4760 596 4816 ν.
631 4757 1019 4832 Ισηαιίωηναά
1068 4754 1666 4832 ναιρηιξηξᾳηοεῄηαιιο
1691 4755 1846 4813 modo

715 4831 1044 4902 respexisse,
1076 4828 1170 4885 sed
1197 4825 1268 4883 ad
1293 4827 1600 4884 Ebiom'tas.

408 4947 584 4998 Porro
613 4953 980 5011 quiscunque
1009 4935 1109 4991 illa
1138 4934 1314 4990 fuerit
1343 4938 1512 4990 sectis
1559 4933 1987 4990 Valentiniano-

337 5047 466 5087 rum
502 5032 711 5096 forma,
745 5041 1024 5096 errorque
1058 5023 1370 5096 peculiaris
1400 5027 1458 5077 et
1473 5023 1768 5094 proprius,
1793 5024 1862 5078 ad
1890 5039 1988 5079 eos

333 5121 597 5193 lgnatius
614 5116 957 5174 nullomodo
974 5111 1635 5181 collineavit,multoque
1655 5112 1848 5168 minus
1866 5129 1986 5179 eos,

335 5217 398 5267 ut
430 5210 511 5266 ait
542 5208 814 5274 Dalleus,
849 5229 877 5256 «
912 5202 1285 5276 apertissime
1315 5201 1501 5258 caedit.
1540 5224 1569 5252 »
1600 5201 1749 5257 Illud
1790 5207 1985 5257 autem

336 5317 404 5356 ex
435 5317 500 5356 eo
532 5299 688 5354 clare
715 5297 1168 5362 demonstratur,
1219 5292 1372 5365 quod
1417 5291 1689 5363 quamvis
1740 5290 1989 5348 Dallaaus

340 5389 484 5444 nulli
519 5386 843 5458 pepercerit
871 5382 1078 5451 labori,
1117 5386 1179 5439 ut
1223 5382 1424 5438 omnia
1467 5396 1595 5452 qua:
1642 5379 1734 5436 his
1785 5379 1988 5452 Ignatii

2099 3239 2477 3311 impugnatos
2511 3239 2763 3295 incautis
2783 3245 2841 3294 et
2871 3239 3321 3311 simplicioribus
3347 3241 3745 3310 persuaderet.

2100 3328 2243 3384 Nam
2279 3327 2661 3383 Valentiniani
2697 3344 2991 3398 nunquam
3023 3345 3091 3384 ex
3132 3328 3261 3399 Sige
3312 3332 3505 3400 Logon
3550 3331 3750 3384 imme-

2098 3419 2246 3473 diate
2293 3419 2569 3472 eductum
2623 3419 2892 3473 docuisse
2941 3418 3342 3488 perhibentur.
3389 3417 3519 3473 Ilaec
3572 3418 3755 3490 igitur

2099 3507 2514 3576 disjunctionis
2533 3506 2836 3562 Dallaaanss
2860 3523 2992 3578 pars
3013 3507 3356 3574 immediate,
3381 3523 3412 3562 e
3435 3507 3623 3562 medio
3647 3509 3754 3563 tol-

2098 3596 2271 3652 lenda
2299 3603 2404 3652 est.
2440 3596 2692 3651 Irenzeus
2712 3599 3029 3665 enimvero,
3049 3596 3470 3664 Tertullianus,
3494 3597 3754 3668 Epipha-

2100 3687 2256 3750 nius,
2291 3685 2678 3756 Augustinus,
2713 3690 2888 3755 atque
2917 3684 3037 3752 alii,
3083 3685 3186 3756 qui
3228 3687 3300 3742 de
3346 3683 3757 3742 Valentiniana

2097 3773 2303 3830 haeresi
2335 3773 2680 3839 disseruere,
2712 3774 2950 3828 tradunt
2980 3774 3132 3829 inter
3183 3774 3348 3830 fictos
3392 3775 3756 3831 Valentinia-

2099 3879 2307 3918 norum
2364 3863 2525 3927 deos,
2573 3871 2626 3918 et
2683 3864 2980 3933 utriusque
3030 3880 3203 3919 sexus
3254 3880 3467 3932 mones,
3525 3865 3750 3935 primos

2098 3960 2281 4015 fuisse
2309 3960 2514 4016 Bitbon
2548 3963 2604 4015 et
2635 3960 2833 4031 Sigen,
2863 3975 2962 4015 seu
2996 3959 3319 4027 silentium,
3359 3967 3417 4015 et
3445 3975 3514 4015 ex
3543 3976 3749 4015 eorum

2097 4049 2370 4122 conjugio
2403 4049 2760 4120 processisse
2799 4053 2926 4104 Non
2981 4053 3039 4104 et
3087 4049 3429 4118 Veritatem,
3477 4055 3654 4120 atque
3683 4066 3752 4105 ex

2097 4139 2230 4195 istis
2258 4139 2474 4194 deinde
2500 4139 2855 4208 processisse
2883 4137 3135 4194 Verbum
3169 4154 3273 4193 seu
3307 4143 3521 4209 Logon,
3549 4147 3602 4192 et
3651 4138 3752 4191 Vi-

2101 4231 2245 4280 tam.
2268 4231 2350 4280 Ex
2380 4225 2598 4296 quibus
2627 4225 2755 4280 luce
2786 4225 3110 4281 meridiana
3139 4225 3352 4282 clarius
3374 4232 3465 4281 est
3481 4241 3577 4281 eos
3599 4224 3751 4280 nihil

2097 4313 2254 4368 aliud
2291 4313 2530 4376 dixisse.
2565 4329 2742 4385 quam
2769 4317 2965 4384 Logon
2997 4314 3356 4386 processisse
3385 4318 3612 4368 tantum
3639 4329 3752 4366 me-

2095 4402 2242 4457 diate
2261 4418 2325 4459 ex
2348 4402 2804 4474 Sige,tanquam
2829 4404 2903 4458 ab
2936 4403 3065 4457 avia
3110 4403 3320 4457 ﬁlium.
3368 4403 3507 4466 Quis
3556 4407 3753 4456 autem

2098 4490 2157 4544 in
2191 4491 2452 4546 animum
2486 4491 2598 4547 sibi
2641 4492 2901 4558 inducat,
2936 4491 3220 4561 Ignatium
3255 4492 3357 4547 ubi
3387 4491 3534 4546 alios
3571 4506 3751 4562 quam

2100 4579 2643 4636 Valentinianorum
2695 4597 2918 4636 errores
2974 4581 3204 4652 refellit,
3263 4582 3332 4635 ad
3381 4597 3481 4636 eos
3530 4585 3752 4650 tamen,

2099 4686 2312 4739 eosque
2364 4669 2521 4726 solos
2567 4671 2911 4742 respexisse,
2963 4687 3094 4725 cum
3129 4686 3140 4724 :
3172 4691 3200 4721 ‹‹
3249 4669 3503 4726 Verbum
3560 4686 3673 4725 non
3719 4687 3756 4726 a

2099 4758 2330 4814 silentio
2363 4760 2760 4830 progrediens,
2796 4781 2824 4808 »
2858 4775 2964 4814 nec
2996 4759 3163 4830 plura
3193 4760 3263 4814 ad
3299 4776 3396 4815 eos
3427 4760 3753 4830 spectantia

2097 4848 2312 4903 ibidem
2349 4849 2667 4904 scriberet?
2698 4850 2814 4904 Cur
2844 4866 2878 4904 a
2908 4849 3025 4905 ﬁlio
3057 4851 3126 4905 ad
3161 4850 3349 4903 aviam
3375 4847 3536 4904 nullo
3560 4849 3754 4905 medio

2098 4937 2414 4992 transivit?
2445 4937 2560 4992 Cur
2590 4954 2695 4993 nec
2725 4939 2797 4994 de
2829 4943 3014 5010 patre,
3049 4954 3156 4994 nec
3185 4937 3260 4993 de
3294 4940 3496 5006 matre,
3531 4953 3637 4993 nec
3684 4941 3756 4995 de

2099 5026 2252 5082 ﬁctis
2282 5025 2528 5082 aliorum
2551 5043 2778 5082 aaonum
2803 5026 3113 5098 conjugiis,
3137 5026 3498 5098 parentibus,
3521 5025 3658 5082 ﬁliis
3681 5041 3756 5082 ne

2101 5131 2285 5170 unum
2319 5116 2556 5186 quidem
2582 5116 2788 5172 habuit
2809 5117 3048 5172 verbum
3071 5115 3099 5171 ‘I
3121 5117 3288 5172 Ratio
3316 5131 3458 5171 sane
3481 5115 3540 5170 in
3565 5132 3759 5186 prom-

2099 5211 2200 5275 ptu
2232 5210 2341 5267 est,
2373 5211 2430 5260 et
2475 5203 2664 5260 cuivis
2713 5221 2876 5276 isquo
2926 5220 3123 5259 rerum
3175 5203 3516 5260 aestimatori
3564 5203 3758 5272 obvia,

2098 5293 2392 5363 Ignatium
2425 5310 2636 5365 nempe
2665 5310 2801 5349 cum
2838 5309 3008 5349 suam
3039 5291 3197 5348 dedit
3234 5293 3564 5364 epistolam,
3609 5291 3759 5346 nihil

2099 5381 2170 5437 de
2203 5381 2627 5439 Valentinianis
2656 5383 2964 5456 cogitasse.

407 5628 452 5664 ³⁷
475 5626 580 5685 lib.
610 5643 630 5684 ι
665 5628 738 5685 De
765 5627 962 5686 lieres.
1039 5625 1086 5660 ⁵⁸
1117 5637 1244 5696 cap.
1277 5621 1368 5691 42,
1400 5637 1456 5693 p.
1487 5619 1619 5692 2983
1694 5618 1738 5654 "
1769 5617 1842 5674 De
1866 5631 1993 5691 prae.

2106 5622 2207 5690 pt.,
2238 5633 2366 5692 cap.
2406 5619 2496 5676 34.
2571 5619 2619 5656 ⁸ο
2647 5633 2779 5692 pag.
2811 5617 2933 5675 214.
