4112 6132
366 303 483 362 523

1427 296 1490 357 S.
1537 294 1923 357 IGNATIUS.
1973 328 2049 341 -
2089 294 2688 356 PROLEGOMENA.

3667 292 3786 354 524

367 434 676 492 Ebiontsos
703 433 904 488 cadere
937 447 1052 487 non
1086 433 1299 502 potest.
1335 449 1367 480 κ
1421 428 1629 485 Futilis
1675 429 1932 500 profecto
1963 432 2020 486 et
2051 430 2103 497 Α
2137 445 2252 484 non
2286 428 2484 484 minus
2513 444 2692 500 quam
2707 425 2980 484 undecim
3012 425 3070 482 in
3103 442 3222 483 uno
3240 425 3564 499 eodemque
3596 428 3788 500 capite

367 541 519 579 vana
547 529 638 578 est
668 521 789 576 haec
819 520 1014 575 Dalltsi
1047 521 1549 589 defensio.Neque
1570 521 1727 574 enim
1761 518 2024 588 Ignatius

369 614 476 669 hos
504 626 730 666 errores
759 625 827 664 ea
857 611 917 663 in
940 607 1534 680 epistolaconfutasse
1562 606 2025 678 legitur.l)einde

371 700 570 756 nullus
600 699 895 770 negaverit
945 697 1140 768 plures
1173 698 1229 752 in
1262 699 1464 752 eadem
1517 698 1771 766 epistola
1799 713 2024 752 errores

372 792 626 861 potuisse
664 790 736 843 ab
771 785 991 858 lgnatio
1027 785 1230 840 refelli.
1268 785 1555 842 Dallaaano
1601 786 1782 858 igitur
1826 786 2024 839 defen-

372 879 488 935 sori
522 878 886 948 probandum
905 875 1340 930 erathaereticos
1356 875 1413 928 in
1431 874 1553 939 illo,
1576 890 1750 945 quem
1775 873 2024 928 Dalltsus

372 969 606 1038 objecit,
637 966 762 1020 loco
787 967 858 1019 ab
889 964 1120 1034 lgnatio
1155 968 1354 1018 nostro
1385 963 1737 1030 confutatos,
1767 979 1866 1017 eos
1896 978 2025 1017 esse

371 1058 494 1128 qui,
529 1072 676 1127 quos
727 1056 852 1126 ipse
903 1052 1214 1120 recensuit,
1270 1067 1501 1106 errores
1552 1051 2022 1123 propugnabant.

373 1147 533 1212 Quod
583 1151 738 1201 certe
783 1159 887 1198 nec
931 1141 1030 1196 ille
1061 1141 1214 1196 alius
1254 1140 1572 1211 quisquam
1619 1141 2026 1196 demonstrare

373 1250 633 1305 unquam
668 1232 897 1303 poterit.

442 1325 728 1380 Craterum
746 1323 796 1376 si
829 1320 962 1392 quis
993 1319 1140 1375 alios
1171 1321 1242 1376 ab
1276 1319 1565 1375 Ebionitis
1596 1318 1896 1374 haereticos
1928 1318 2026 1373 ob-

369 1413 540 1484 jectis
571 1410 786 1483 Ignatii
812 1410 1004 1465 verbis
1034 1408 1214 1464 refelli
1252 1409 1466 1464 invicte
1497 1408 1855 1478 probaverit,
1891 1406 2026 1462 huic

375 1501 606 1571 penitus
640 1516 755 1555 non
786 1498 1448 1570 repugnabimus,modo
1474 1496 1548 1551 iis
1579 1497 2023 1552 sanctissimum

371 1591 540 1645 illum
577 1593 890 1660 martyrem
922 1588 990 1642 ad
1030 1587 1465 1643 Valentinianos
1489 1588 1617 1659 ipso
1651 1587 2020 1658 posteriores,

371 1695 487 1734 non
521 1677 846 1748 respexisse
875 1679 1145 1732 fateatur.

404 1770 432 1835 §
464 1767 548 1822 VI.
585 1768 712 1822 Alia
741 1766 1039 1836 explicatio
1063 1767 1358 1820 verborum
1389 1767 1601 1834 Ignatii
1627 1766 1982 1837 proponitur.
2051 1793 2098 1859 Β

445 1857 544 1912 His
575 1855 854 1912 omnibus
885 1854 959 1910 ad
977 1855 1168 1910 varias
1200 1855 1663 1910 adversariorum
1685 1859 2022 1911 nostrorum

371 1946 910 2017 argumentationes
940 1952 994 1998 et
1022 1943 1383 2013 sophismata
1414 1943 1733 2015 responsis,
1760 1943 1903 2000 illud
1936 1945 2028 1999 in-

371 2051 550 2107 super
579 2050 898 2107 possumus
928 2033 1360 2104 adjicere,banc
1393 2034 1599 2104 Ignatii
1631 2034 1980 2090 sententiam
2006 2051 2020 2091 :

371 2147 401 2174 «
433 2124 687 2179 Verbum
721 2128 1004 2179 aeternum
1059 2140 1172 2178 non
1210 2140 1244 2178 a
1293 2123 1522 2179 silentio
1555 2124 1956 2194 progrediens,
1990 2146 2019 2173 ››

370 2215 586 2270 idcirco
617 2215 689 2267 ab
731 2229 796 2267 eo
830 2213 938 2267 hac
971 2215 1029 2266 in
1065 2212 1312 2284 epistola
1341 2212 1615 2283 scriptam
1649 2212 1852 2281 videri,
1885 2213 2025 2284 quia

371 2305 450 2358 ibi
485 2303 598 2358 duo
630 2301 1333 2373 Christimysteriat’uisse
1365 2301 1748 2367 docebat,alia
1779 2303 2016 2373 quidem

371 2390 710 2458 obscura,in
745 2391 998 2444 tenebris
1030 2406 1094 2444 ac
1131 2390 1363 2445 silentio
1396 2391 1468 2444 ab
1484 2407 1549 2445 eo
1583 2395 1846 2462 patrata;
1872 2393 2024 2449 unde

373 2485 496 2552 ipse
523 2496 536 2536 ζ
562 2503 590 2531 α
619 2481 682 2534 Et
715 2480 886 2534 latuit
918 2480 1236 2549 principem
1271 2479 2026 2551 saculihujusjnquiebat,

370 2571 677 2641 virginitas
709 2569 924 2638 Mariae,
949 2576 1006 2624 et
1038 2575 1240 2639 partus
1271 2569 1542 2639 ipsius,et
1575 2585 1736 2625 mors
1767 2568 2022 2641 Domini,

371 2660 483 2715 tria
515 2658 789 2730 mysteria
820 2658 1116 2723 clamoris,
1139 2675 1266 2728 quae
1299 2659 1355 2712 in
1389 2658 1618 2714 silentio
1650 2664 1886 2729 cperata
1916 2675 2016 2714 seu

371 2755 600 2822 patrata
630 2753 789 2804 sunt.
825 2770 852 2798 »
885 2748 1010 2802 Alia
1042 2765 1172 2802 vero
1206 2748 1522 2813 luminosa,
1560 2748 1686 2804 luce
1718 2765 1784 2804 ac
1815 2749 2018 2819 splen-

370 2840 509 2896 dore
539 2856 646 2894 suo
681 2839 966 2909 fulgentia
994 2845 1051 2890 et
1084 2839 2017 2910 micantia.’l‘aleeratmysterium

368 2932 759 2997 generationis
809 2932 937 2994 eius
967 2933 1210 2994 aeternae,
1244 2928 1315 2980 ab
1359 2929 1621 2998 antiquis
1651 2927 1925 2984 Patribus
1959 2935 2016 2984 et

369 3017 941 3088 prophetisagnitum
977 3026 1152 3087 atque
1176 3017 1691 3084 annuntiatum,de
1723 3035 1835 3087 quo
1867 3019 2017 3073 PSul-

368 3105 546 3160 mista
580 3104 792 3160 cecinit
828 3105 926 3157 :ln
981 3103 1362 3174 sptendoribus
1411 3110 1726 3158 sanctarum
1764 3121 1833 3159 ex
1861 3111 2015 3161 utero

367 3200 499 3249 ante
529 3193 822 3262 luci/erum
851 3193 1026 3258 genui
1051 3201 1099 3248 te
1129 3191 1194 3247 7°.
1231 3192 1429 3248 Potuit
1484 3193 1680 3262 itaque
1731 3193 2010 3263 Ignatius,

369 3298 503 3337 cum
535 3298 702 3337 suam
738 3281 901 3335 daret
920 3280 1325 3350 epistolam,ad
1359 3280 1479 3335 haec
1505 3281 1820 3336 Psalmistae
1843 3284 2015 3338 verba

365 3370 948 3435 attendens,scribere
980 3385 993 3423 :
1019 3391 1047 3418 «
1074 3369 1327 3424 Verbum
1356 3376 1638 3425 aeternum
1657 3386 1767 3425 non
1790 3388 1824 3425 a
1844 3370 2014 3426 silen-

366 3460 446 3515 tio
471 3460 870 3531 progrediens.
903 3477 929 3509 ι
967 3457 1023 3514 id
1057 3463 1146 3514 est
1169 3457 1426 3514 Verbum
1450 3467 1728 3514 aeternum
1763 3475 1792 3514 e
1817 3458 2013 3514 divino

363 3549 563 3604 aeterni
624 3549 811 3603 Patris
843 3548 976 3602 sinu
1031 3548 1089 3602 in
1123 3547 1380 3616 silentio,
1439 3547 1526 3602 vel
1583 3547 1700 3602 ulla
1747 3549 2010 3604 tenebra-

361 3656 493 3696 rum
553 3639 905 3694 obscuritate
953 3643 1009 3694 et
1060 3638 1308 3707 caligine
1363 3637 1765 3709 progrediens,
1818 3639 1918 3694 sed
1952 3640 2011 3694 in

360 3732 775 3804 splendoribus
807 3736 1147 3786 sanctorum
1165 3747 1235 3786 ex
1252 3730 1380 3800 ejus
1403 3734 1563 3786 utero
1593 3730 2011 3801 genitum.Quo

371 3822 608 3892 quidem
644 3818 916 3892 loquendi
944 3819 1113 3875 modo
1144 3820 1270 3890 ipse
1299 3835 1366 3875 eo
1397 3819 1698 3874 lubentius
1731 3836 1874 3876 usus
1903 3824 2010 3889 est,

371 3911 522 3982 quod
570 3909 706 3965 inde
735 3926 850 3966 non
894 3907 1085 3964 solum
1117 3907 1380 3963 divinum
1415 3909 1582 3964 Verbi
1614 3908 2008 3978 splendorem,

365 4000 469 4055 sed
503 3999 662 4054 illius
694 3998 870 4054 etiam
921 3997 1328 4063 eternitatem,
1357 4013 1533 4068 quam
1593 3996 1738 4053 nihil
1760 3998 2008 4055 .omnino

365 4087 781 4160 praecessisset,
814 4085 1139 4144 evidentius
1182 4086 1641 4142 demonstrabat.
1684 4085 1839 4143 Nihil
1871 4103 2007 4158 ergo

363 4183 420 4234 in
450 4179 560 4234 hac
588 4178 882 4234 locutione
912 4176 1186 4248 occurrit,
1219 4176 1371 4248 quod
1405 4191 1519 4232 non
1571 4176 1650 4232 sit
1677 4191 1810 4233 vere
1842 4177 2008 4247 Igna-

364 4268 612 4336 tianum,
643 4271 700 4322 et
731 4284 762 4321 a
795 4272 958 4322 tanto
989 4270 1242 4339 martyre
1271 4265 1330 4321 in
1359 4265 1623 4337 epistola,
1659 4282 1831 4336 quam
1863 4265 2012 4338 ipsc-

364 4359 483 4412 met
512 4355 770 4426 scripsit,
803 4359 956 4410 recte
1003 4360 1247 4426 apteque
1275 4359 1577 4411 exaratum
1612 4359 1668 4410 et
1698 4356 2004 4412 traditum.

967 4460 1195 4516 CAPUT
1248 4461 1397 4517 XIII.

2134 519 2353 590 profert
2383 518 2777 590 exempla.Sed
2802 533 2872 573 ex
2905 518 2994 571 his
3028 516 3298 572 undecim
3333 516 3617 587 exemplis
3649 534 3788 590 qua-

2130 618 2256 664 tuor
2287 613 2516 664 tantum
2566 610 2634 662 ad
2675 624 2796 674 eas,
2828 609 2899 662 de
2943 607 3161 678 quibus
3209 607 3456 676 agimus,
3489 607 3788 678 pertinent

2129 696 2409 768 epistolas
2447 715 2460 753 :
2505 702 2710 753 caetera
2761 698 2935 752 falsas
2978 695 3434 766 suppositasque
3492 701 3786 767 spectant,

2129 787 2219 842 vel
2250 787 2640 858 genuinarum
2668 785 3247 857 interpolationes.Ex
3283 785 3376 840 his
3410 790 3603 842 autem
3633 804 3787 859 qua-

2131 881 2266 932 tuor
2294 875 2577 948 exemplis
2603 893 2730 947 qua:
2753 876 2826 931 ad
2842 875 3132 948 genuinas
3155 876 3434 946 epistolas
3469 876 3786 948 pertinent,

2130 964 2381 1021 Dallaeus
2415 968 2472 1020 in
2504 965 2694 1021 tribus
2726 982 2879 1021 asuo
2899 963 3200 1020 defensore
3225 966 3458 1036 penitus
3475 964 3786 1035 deseritur,

2129 1054 2228 1124 qui
2265 1071 2380 1110 uno
2411 1059 2642 1110 tantum
2675 1055 2734 1109 in
2762 1052 3192 1109 articuloillum
3217 1054 3364 1107 tueri
3399 1059 3645 1109 conatus
3672 1059 3784 1110 est.

2130 1143 2416 1198 Dallmum
2464 1147 2658 1198 tamen
2691 1144 2763 1196 de
2794 1142 2885 1196 his
2917 1153 3186 1212 quatuor,
3221 1159 3291 1197 ne
3322 1142 3465 1214 quid
3497 1142 3787 1199 intactum

2128 1231 2438 1301 reliquisse
2467 1247 2834 1296 accusemur,
2867 1231 3267 1300 disputantem
3294 1232 3628 1286 audiamus.

2200 1321 2462 1376 Primum
2496 1321 2692 1392 itaque
2723 1321 3353 1392 Dallaeiargumentum
3386 1337 3454 1376 ex
3477 1321 3568 1375 his
3591 1321 3787 1378 verbis

2130 1411 2344 1482 petitur
2376 1426 2389 1465 :
2429 1434 2450 1460 ι
2489 1412 2554 1465 Et
2585 1409 3046 1481 supercaelestia,
3082 1414 3140 1464 et
3183 1409 3367 1481 gloria
3414 1409 3786 1482 angelorum,

2128 1502 2184 1554 et
2224 1498 2517 1570 principes
2547 1497 2806 1554 visibiles
2855 1495 2922 1564 ⁸⁸,
2971 1522 2999 1549 ››
3051 1502 3187 1562 etc.,
3223 1498 3376 1552 unde
3409 1498 3492 1552 sic
3538 1500 3735 1571 arguit
3769 1515 3785 1555 :

2128 1609 2155 1637 «ι
2191 1589 2352 1653 Quod
2382 1587 2478 1644 hic
2509 1587 2581 1642 de
2610 1587 2977 1658 principibus
3008 1585 3341 1642 visibilibus
3373 1586 3625 1657 scriptor
3653 1587 3787 1643 ideo

2127 1675 2373 1732 fortasse
2403 1676 2648 1745 dixerat,
2679 1675 2839 1747 quod
2869 1676 2993 1746 ejus
3023 1691 3139 1731 aavo
3170 1674 3370 1747 aliqua
3402 1677 3527 1746 jam
3558 1683 3684 1733 erat
3714 1679 3787 1733 de

2127 1766 2473 1832 Constantii,
2503 1767 2592 1822 vel
2641 1765 3010 1822 Constantini
3041 1767 3168 1835 ejus
3217 1766 3344 1833 ﬁlii,
3377 1765 3464 1821 vel
3497 1765 3788 1823 Christia-

2130 1855 2322 1910 nismo
2353 1854 2441 1910 vel
2471 1854 2545 1910 ad
2597 1853 3114 1910 Christianismum
3147 1855 3535 1926 prOpensione
3578 1873 3784 1928 sparsa

2125 1943 2302 1998 fama.
2332 1962 2356 1994 ι
2393 1942 2471 1998 De
2513 1943 2624 1999 hoc
2654 1941 2851 1998 Dallari
2900 1947 3249 2014 argumento
3293 1945 3378 2000 sic
3438 1945 3784 2017 pronuntiat

2129 2033 2258 2101 ejus
2307 2031 2576 2088 defensor
2596 2030 2642 2067 θ’
2673 2049 2740 2086 zu
2773 2032 2885 2088 Sed
2945 2031 3101 2088 hunc
3144 2032 3337 2088 locum
3369 2035 3557 2089 obiter
3595 2035 3784 2106 tangit

2130 2117 2382 2176 Dallseus
2407 2139 2422 2189 ;
2445 2119 2612 2175 illum
2637 2121 2894 2192 proferre
2925 2127 3261 2190 contentus,
3284 2137 3654 2193 nequaquam
3689 2140 3790 2179 ur-

2130 2215 2246 2280 get.
2281 2230 2310 2258 »
2339 2216 2409 2264 At
2431 2225 2572 2264 sane
2603 2209 2767 2263 illum
2804 2227 2918 2263 non
2951 2210 3141 2264 solum
3168 2227 3279 2265 non
3318 2212 3652 2282 urgere.sed
3678 2227 3785 2269 nec

2128 2298 2382 2369 proferre
2395 2315 2656 2368 unquam
2673 2298 3118 2354 debuisset.Non
3141 2302 3295 2356 enim
3317 2304 3556 2356 verbum
3577 2301 3784 2376 ἄρχον-

2125 2406 2233 2454 τες,
2264 2389 2414 2458 quod
2452 2389 2833 2459 magistratus
2865 2390 3157 2460 quoslibet
3187 2407 3252 2445 ac
3280 2392 3572 2464 principes
3594 2396 3782 2466 signi-

2126 2477 2281 2546 ﬁcat,
2338 2477 2417 2532 ibi
2466 2479 2871 2533 Constantium
2923 2480 3011 2534 vel
3061 2482 3514 2536 Constantinum
3558 2487 3778 2556 potius,

2126 2582 2301 2637 quam
2336 2567 2572 2636 quosvis
2603 2567 2747 2622 alios
2780 2567 3072 2639 principes
3099 2568 3406 2641 designare
3443 2573 3650 2642 potuit.

2217 2654 2246 2726 §
2278 2654 2351 2710 II.
2384 2656 2656 2712 Secunda
2679 2660 2733 2710 et
2765 2659 2950 2712 ternm
2990 2657 3284 2727 objectiom‘
3305 2661 3682 2730 respondetur.

2198 2745 2530 2798 Secundum
2565 2745 2760 2799 Dallaei
2788 2751 3199 2815 argumentum
3234 2765 3300 2802 ex
3329 2748 3420 2803 his
3453 2752 3780 2807 desumitur

2126 2835 2316 2890 verbis
2368 2850 2383 2891 :
2417 2857 2444 2884 «
2478 2834 2724 2890 Vinctus
2763 2835 2962 2889 decem
3011 2837 3305 2905 leopardis
3325 2837 3371 2873 7°
3413 2860 3426 2908 ;
3465 2862 3493 2890 »
3528 2857 3636 2911 quo
3665 2841 3779 2897 leo-

2127 2925 2444 2994 pardorum
2469 2925 2706 2979 nomine
2745 2925 3056 2994 quemdam
3093 2925 3478 2984 Romanorum
3520 2929 3776 2986 militum

2126 3013 2415 3078 ordinem,
2450 3013 2550 3084 qui
2582 3013 2838 3068 auctoris
2896 3015 3082 3068 nostri
3117 3021 3373 3086 tempore
3418 3019 3474 3069 in
3509 3033 3613 3069 usu
3650 3035 3776 3074 esse

2126 3105 2395 3168 desierat,
2443 3101 2703 3158 denotari
2752 3106 3069 3160 arbitratus
3114 3110 3242 3160 est:
3297 3127 3324 3155 «
3356 3105 3460 3162 Sed
3507 3108 3766 3178 quando,

2128 3193 2323 3263 inquit
2354 3194 2483 3262 ejus
2515 3191 2967 3259 defensor",his
2984 3192 3538 3249 solisverbisnititur
3567 3193 3766 3250 Dallaai

2123 3285 2855 3359 argumentum,nullisque
2878 3287 3088 3343 veteris
3111 3287 3409 3358 scriptoris
3437 3287 3645 3342 fultum
3679 3292 3769 3344 est

2124 3377 2483 3442 testimonio,
2519 3393 2630 3432 non
2674 3393 3095 3448 usquequaque
3127 3377 3375 3433 solidum
3437 3377 3580 3431 mihi
3610 3378 3770 3432 vide-

2123 3472 2236 3520 tur.
2259 3489 2279 3513 ι
2300 3465 2628 3520 Bochartus
2659 3470 2854 3521 autem
2882 3467 3016 3521 inde
3039 3472 3448 3538 argumentum
3482 3465 3772 3523 Dallaaano

2121 3550 2168 3586 ⁷³
2200 3553 2368 3624 plane
2390 3554 2723 3626 oppositum
2757 3555 2916 3609 elicit
2944 3570 2956 3608 :
2989 3577 3015 3603 «
3042 3554 3322 3625 Leopardi
3354 3554 3770 3627 vox,inquit"3,

2123 3641 2310 3695 serius
2361 3642 2632 3711 usurpari
2679 3643 2854 3713 ccepit
2911 3641 3270 3697 Constantini
3321 3659 3462 3698 aevo.
3521 3643 3773 3699 Proinde

2126 3729 2336 3801 Ignatii
2367 3730 2671 3801 epistolam
2696 3732 2764 3786 ad
2793 3731 3106 3798 Romanos,
3127 3747 3301 3802 quam
3326 3731 3771 3805 circumferunt,

2123 3833 2188 3872 eo
2221 3819 2456 3873 demum
2491 3819 2701 3874 saeculo
2725 3820 2907 3876 fuisse
2939 3820 3217 3892 scriptam
3250 3821 3335 3878 vel
3367 3839 3435 3877 ex
3471 3823 3579 3879 huc
3603 3840 3776 3896 argu-

2123 3914 2321 3963 mento
2353 3907 2608 3979 colligas.
2645 3930 2672 3957 »
2705 3909 2816 3964 Sed
2867 3910 2990 3966 hinc
3036 3911 3300 3967 Bocharti
3340 3916 3772 3984 argumentatio

2123 3996 2413 4053 Dallaeana
2443 3997 2684 4053 validior
2720 4015 2831 4055 non
2882 4006 2990 4056 est.
3039 4002 3328 4058 Eusebius
3378 4005 3671 4075 siquidem
3703 4025 3776 4067 ex

2123 4086 2231 4143 hac
2263 4087 2462 4143 eadem
2496 4088 2943 4160 epistola,quam
2980 4091 3205 4163 Ignatio
3240 4092 3645 4152 indubitanter
3667 4099 3774 4154 tri-

2121 4177 2269 4245 buit,
2313 4175 2457 4231 illud
2494 4177 2747 4250 leopardi
2802 4180 2996 4234 retulit
3031 4197 3263 4247 nomen,
3319 4185 3477 4254 quod
3531 4187 3774 4258 proinde

2120 4267 2485 4324 Constantini
2519 4283 2635 4323 aevo
2661 4267 2946 4338 judicavit
2978 4286 3107 4326 esse
3133 4271 3529 4344 antiquius.Et
3562 4293 3619 4333 re
3647 4279 3777 4349 qui-

2119 4359 2250 4413 dem
2284 4358 2410 4428 ipsa
2441 4375 2551 4414 vox
2585 4359 2680 4415 illa
2714 4358 2772 4413 in
2808 4359 2971 4417 Actis
3017 4366 3352 4418 sanctarum
3391 4364 3683 4438 Perpetua
3715 4374 3776 4427 et

2123 4445 2455 4516 Felicitatis,
2503 4464 2608 4503 nec
2641 4463 2756 4504 non
2787 4450 2940 4520 apud
2999 4450 3374 4521 Spartianum
3427 4458 3484 4511 et
3512 4459 3773 4528 Festum,

365 4568 548 4609 NULLA
576 4567 708 4608 3883
739 4567 793 4606 IN
828 4567 919 4606 HIS
940 4567 1219 4607 EPISTOLIS
1251 4567 1487 4608 PRE‘I‘ER
1500 4569 1810 4610 TEMPORUM
1833 4569 2009 4611 FIDE“

2129 4553 2184 4593 ac
2218 4537 2463 4592 tandem
2496 4537 2648 4610 apud
2673 4537 3134 4594 Athanasiumin
3165 4539 3298 4596 Vita
3317 4545 3503 4601 sancti
3537 4521 3777 4604 Antonii

924 4639 1229 4678 PERPEBAM
1269 4639 1447 4681 FIC'I'A.

363 4714 393 4789 §
422 4715 467 4772 l.
500 4718 689 4789 Quam_
712 4711 1108 4789 inconsiderate
1121 4712 1362 4789 Dallaeus
1381 4714 1711 4789 objectiones
1723 4715 2008 4772 suasmul-

645 4785 975 4856 tiplicarerit
1009 4800 1022 4839 :
1055 4787 1104 4840 et
1126 4785 1325 4856 prima
1345 4785 1718 4857 respondetur.

429 4895 511 4951 De
542 4893 864 4951 hmresibus
897 4896 1070 4964 atque
1101 4891 1638 4966 baereticis,quosin
1670 4896 1875 4969 Ignatii
1895 4897 1988 4970 epl

359 4985 526 5043 stolis
551 4985 736 5042 nostri
769 4987 996 5040 notatos
1030 4999 1160 5040 esse
1191 4987 1378 5056 putat,
1410 4983 1531 5040 haec
1571 4985 1823 5043 Dallaaus
1873 5003 2008 5044 cum

359 5075 703 5141 dixisset,ad
735 5072 848 5130 alia
871 5073 1682 5147 progreditur,contenditque
1714 5076 1772 5132 in
1797 5077 2005 5132 iisdem

355 5165 563 5223 litteris
595 5165 783 5222 multa
811 5180 939 5221 esse
953 5163 1067 5221 alia
1096 5169 1300 5236 preter
1322 5167 1648 5235 temporum
1679 5165 1852 5222 ﬁdem
1875 5180 2006 5237 per-

357 5269 556 5328 peram
587 5254 724 5312 ﬂcta
754 5252 1047 5311 6ﬁliorum
1071 5258 1264 5310 autem
1289 5253 1372 5309 sic
1404 5268 1707 5325 perperam
1741 5254 2006 5311 lictorum

2120 4625 2356 4698 legitur.

2190 4714 2446 4772 Tertium
2490 4714 2681 4772 Dallmi
2733 4721 3145 4789 argumentum
3197 4717 3245 4753 ⁷⁴
3277 4720 3411 4777 inde
3444 4724 3777 4798 conficitur,

2120 4806 2275 4878 quod
2309 4805 2571 4879 lgnatius
2609 4828 2628 4855 α
2667 4805 2891 4876 publice
2922 4807 3268 4879 pcenilentes
3299 4811 3648 4884 absolvat,et
3679 4831 3776 4870 re-

2119 4895 2386 4951 conciliet
2417 4895 2710 4952 Ecclesiae.
2735 4917 2762 4947 η
2800 4900 3016 4953 Verum
3049 4899 3176 4971 ejus
3209 4901 3497 4972 defensor,
3529 4926 3558 4954 κ
3591 4904 3778 4965 falsus

2119 4989 2225 5053 est,
2261 4984 2363 5056 sit,
2424 5001 2535 5040 sua
2589 4985 2863 5053 opinione
2917 4988 3442 5058 praestantissimus
3500 4992 3777 5069 Dallzeus,

2117 5090 2362 5147 eamque
2414 5078 2720 5148 propterea
2769 5077 3191 5134 emendaturus
3239 5089 3410 5147 esset,
3441 5081 3486 5136 si
3515 5083 3775 5153 vixisset,

2119 5169 2182 5220 ut
2208 5167 2394 5220 amico
2428 5167 2748 5238 rescripsit,
2789 5169 2957 5240 eique
2988 5169 3112 5227 loca
3147 5189 3250 5245 pro
3284 5173 3614 5246 receptione
3655 5191 3778 5246 po:-

2117 5254 2422 5313 nitcntium
2471 5255 2626 5328 apud
2657 5257 3094 5316 vetustissimos
3145 5260 3412 5318 Ecclesia
3458 5263 3778 5334 scriptores

429 5511 476 5592 [⁸
508 5511 660 5592 Psal.
712 5511 1179 5592 cxxl‘3.__ﬂ_cap_.
1243 5511 1329 5580 13,
1391 5526 1522 5592 pag.
1734 5508 1783 5546 ⁸⁸
1829 5510 1994 5592 Epist

2143 5509 2463 5592 Smyrna“
2519 5527 2652 5585 pag.
2713 5514 2840 5569 272.
2874 5512 2921 5549 ⁷⁸
2969 5514 3150 5586 Epist.
3203 5516 3274 5572 ad
3334 5519 3482 5574 Rom.
3543 5517 3588 5555 "
3642 5533 3778 5592 pag.

357 5581 484 5641 343.
519 5582 566 5617 ⁷³
597 5598 729 5655 pag.
757 5584 880 5640 272.
915 5584 960 5618 ⁷³
986 5582 1267 5639 Hierolex.
1302 5581 1448 5654 part.
1476 5581 1523 5649 ἶ,
1559 5583 1655 5637 lib.
1683 5599 1767 5649 ιιι,
1800 5581 1927 5654 cap.
1959 5584 2016 5640 8.

2129 5581 2258 5657 pag.
2285 5584 2412 5638 273.
