4112 6132
389 323 500 386 525

1329 326 1403 387 D.
1451 324 1785 387 NOURRII
1826 322 2364 387 DlSSERTATlO.
2412 360 2488 372 —
2529 327 2735 390 PARS
2779 324 2830 388 Ῑ.

3681 330 3797 390 520

391 458 762 515 indicaverat.
829 479 857 508 »
890 458 1123 514 Utinam
1155 457 1408 515 Dallaeus
1458 463 1516 515 et
1572 460 1701 531 ejus
1761 459 2033 515 defensor
2061 459 2490 529 Amemorato,
2550 464 2705 520 Beda
2755 462 3086 529 tradiderit,
3148 478 3265 518 non
3322 460 3627 530 videmus;
3690 478 3795 520 nec

394 564 594 605 omnes
625 548 773 603 alios
804 563 1026 604 errores
1060 565 1201 603 suos
1230 549 1647 604 emendassent
1672 546 1685 603 l
1715 548 1811 603 llic
1842 554 2039 604 tamen

394 637 577 693 obiter
607 636 847 692 observa
888 643 1137 707 quantos
1168 636 1230 692 in
1263 653 1488 692 errores
1534 642 1888 708 praepostera
1918 635 2041 692 liti-

392 729 583 801 gandi,
616 737 670 785 et
712 745 822 785 sua
854 732 1132 786 adversus
1189 731 1476 803 genuinas
1510 729 1715 800 lgnatii
1764 728 2042 801 epistolas

394 823 740 891 argumenta
762 817 1192 891 multiplicandi
1223 819 1458 892 prurigo
1482 818 1760 875 Dallteum
1783 818 2045 891 praecipi-

394 914 510 965 tem
541 910 739 987 egerit.

638 1018 668 1091 §
701 1017 797 1074 IlI.
832 1020 1069 1079 Ouarlar
1096 1016 1392 1087 objectioni
1419 1014 1798 1085 respondetur.

464 1130 747 1194 Quartum
808 1125 1057 1196 denique
1118 1122 1313 1179 Dallaai
1374 1126 1785 1193 argumentum
1818 1121 1864 1156 ⁷⁸
1907 1122 2042 1178 inde

396 1218 636 1289 petitur,
667 1216 821 1286 quod
867 1214 925 1268 in
960 1213 1053 1270 his
1082 1211 1346 1284 epistolis
1380 1212 1597 1268 mentio
1630 1211 1729 1266 fiat
1757 1212 2040 1280 Onesimi,

396 1305 777 1377 Ephesiorum
809 1303 1086 1375 episcopi,
1117 1318 1288 1374 quem
1323 1318 1476 1357 anno
1518 1302 1621 1355 107
1649 1299 1735 1355 vel
1766 1300 1892 1367 408,
1925 1317 2042 1372 quo

397 1398 483 1452 has
516 1394 772 1467 epistolas
805 1394 952 1449 datte
983 1398 1141 1460 sunt,
1174 1393 1294 1448 vita
1326 1392 1592 1447 functum
1626 1390 1809 1446 fuisse
1834 1408 1902 1447 ex
1935 1390 2043 1446 Ni-

393 1485 634 1558 cephori
666 1483 871 1556 probat
905 1482 1176 1538 Historia.
1209 1482 1389 1536 Addit
1433 1495 1565 1537 vero
1596 1496 1785 1553 neque
1824 1498 1857 1536 a
1885 1480 2042 1537 Grae-

390 1589 596 1630 corum
630 1572 884 1637 Menaais,
909 1569 997 1625 vel
1030 1587 1064 1624 a
1091 1569 1358 1625 Simeone
1384 1568 1778 1641 Metaphraste
1806 1568 2043 1637 agnosci

394 1665 554 1720 hunc
589 1661 945 1733 Ephesinum
968 1658 1224 1715 Onesimi
1246 1658 1680 1731 episcopatum;
1706 1658 1778 1714 ab
1811 1661 2045 1715 auctore

396 1761 594 1808 autem
622 1751 1085 1808 Constantianam
1116 1747 1540 1820 apostolicamm
1587 1748 1859 1804 eumdem
1890 1747 2044 1804 One—

399 1843 623 1899 simum
648 1841 885 1896 Berrmae
907 1838 1246 1910 episcopum
1275 1836 1576 1909 appellari.
1599 1837 1858 1909 Denique
1877 1836 2049 1893 Doro—
2077 1833 2125 1900 Β

403 1933 578 1989 theus
608 1932 666 1985 in
720 1929 990 2000 Synopsi,
1040 1932 1099 1984 et
1146 1925 1490 2000 Hippolytus
1537 1928 1598 1982 in
1632 1926 1826 1982 libello
1876 1929 1949 1982 De
1976 1928 2046 1981 7O

397 2020 693 2093 discipulis
722 2019 961 2087 inedito,
996 2033 1109 2073 non
1143 2016 1320 2086 hunc,
1371 2016 1474 2071 sed
1507 2015 1713 2073 Gaium
1739 2015 2046 2072 Timotheo

396 2113 453 2169 in
488 2110 780 2181 Ephesino
818 2108 1160 2179 episcopatu
1193 2105 1548 2163 successisse
1578 2105 1897 2161 afﬁrmant.
1934 2106 2045 2162 Sed

395 2202 492 2259 his
513 2199 793 2257 omnibus
817 2196 981 2253 facile
1010 2196 1383 2265 respondeas,
1410 2197 1457 2250 si
1492 2195 1825 2251 memineris
1849 2195 2047 2267 plures

394 2292 580 2347 fuisse
600 2287 925 2352 Onesimos,
958 2286 1028 2341 de
1056 2284 1274 2358 quibus
1303 2285 1535 2341 diversa
1564 2303 1597 2341 a
1627 2285 1871 2341 diversis
1902 2284 2046 2340 scri-

397 2380 668 2454 ptoribus
718 2375 1011 2431 memorias
1052 2375 1281 2446 prodita
1336 2379 1496 2430 sunt.
1552 2375 1830 2441 Quocirca
1880 2375 2048 2431 Nice-

400 2472 622 2542 phorus
669 2465 875 2522 scribit
904 2464 1134 2536 quidem
1165 2463 1503 2519 Onesimum
1566 2465 1879 2535 quemdam
1939 2464 2046 2519 sub

402 2555 717 2616 Domitiani
754 2555 1000 2626 imperio
1034 2556 1281 2609 mortem
1314 2554 1553 2619 obiisse,
1586 2555 1687 2608 sed
1722 2552 1889 2608 illum
1923 2555 2047 2625 epi-

404 2665 641 2721 scopum
698 2645 1049 2717 Ephesinum
1111 2643 1294 2698 fuisse
1348 2641 1553 2697 nullibi
1614 2648 1921 2701 memorat.
1967 2645 2046 2700 Ex

408 2740 751 2795 Nemeorum
811 2749 942 2790 vero
1002 2749 1102 2788 seu
1164 2730 1570 2804 Metaphrastis
1620 2731 1848 2787 silentio
1896 2732 2039 2788 nihil

422 2842 672 2898 unquam
700 2824 906 2881 confici
959 2822 1188 2893 poterit.
1223 2822 1283 2877 Si
1315 2823 1471 2876 enim
1505 2821 1576 2875 de
1630 2821 1889 2881 Onesimi
1919 2824 2043 2893 epi-

424 2921 653 2987 scopatu
682 2914 719 2969 ii
764 2911 1080 2978 tacuerint,
1112 2910 1280 2966 multi
1312 2910 1409 2965 alii
1443 2909 1608 2981 plura
1644 2912 1715 2967 de
1762 2927 1829 2967 eo
1861 2911 2046 2966 tradi-

414 3006 637 3061 derunt.
712 3003 887 3059 Porro
952 3002 1003 3057 si
1056 3001 1253 3073 plures
1311 3000 1528 3056 fuerint
1582 3000 1861 3068 Onesimi,
1898 3000 2044 3056 nihil

408 3097 616 3163 obstat,
669 3091 982 3165 quominus
1014 3106 1167 3145 unus
1224 3089 1459 3160 Ephesi,
1493 3089 1639 3145 alter
1687 3090 1947 3159 Berrmae,
1982 3096 2045 3147 ut

2154 550 2335 607 ullum
2370 554 2428 608 in
2460 554 2605 624 ejus,
2639 570 2826 625 neque
2846 554 3018 609 etiam
3043 551 3281 607 Notkeri
3311 552 3545 621 scriptis
3576 552 3794 624 locum,

2152 641 2252 695 ubi
2284 640 2404 697 hac
2460 643 2739 714 reperias,
2799 641 3075 697 indicavit
3122 640 3392 696 Dallaeus.
3425 642 3506 696 Ea
3553 642 3795 714 quidem

2150 731 2303 800 apud
2342 732 2670 787 Usuardum
2702 731 2955 803 legimus
2984 747 2996 784 :
3030 734 3089 785 at
3118 729 3410 785 nonillius
3440 732 3614 786 verba
3635 736 3796 800 sunt,

2152 821 2252 875 sed
2286 821 2528 891 Adonis,
2553 837 2728 892 quem
2761 822 3031 891 corrupta
3060 824 3116 874 et
3138 820 3453 889 depravata
3484 828 3806 893 martyrum

2152 913 2294 963 Acta
2326 909 2383 964 in
2438 924 2692 965 errorem
2736 909 3114 965 induxerunt.
3169 908 3455 964 Caeterum
3510 910 3799 981 quidquid

2152 1001 2419 1051 auctores
2468 996 2553 1051 illi
2584 997 2655 1051 de
2711 996 2982 1052 Onesimo
3042 997 3337 1051 memoriae
3388 998 3794 1070 prodiderint,

2153 1100 2321 1140 nemo
2378 1101 2533 1139 sanae
2584 1086 2797 1140 mentis
2830 1084 3003 1140 homo
3049 1086 3344 1156 negaverit
3394 1085 3466 1140 iis
3522 1087 3798 1143 omnibus

2152 1173 2627 1245 anteponendum
2658 1190 2787 1230 esse
2835 1173 3227 1229 certissimum
3260 1174 3494 1229 Eusebii
3526 1176 3802 1232 testimo-

2152 1263 2335 1331 nium,
2367 1263 2469 1333 qui
2499 1262 2717 1319 diserte
2746 1263 3263 1333 indubitanterque
3310 1264 3521 1318 asserit
3548 1262 3597 1298 ⁷⁸
3627 1265 3798 1337 lgna-

2151 1351 2299 1406 tium
2334 1356 2601 1407 nostrum
2627 1351 2937 1423 epistolam
2973 1351 3283 1423 scripsisse
3312 1374 3339 1401 ‹‹
3373 1353 3445 1407 ad
3476 1353 3797 1413 Ecclesiam

2151 1442 2558 1515 Ephesiorum,
2616 1441 2675 1497 in
2734 1459 2852 1513 qua
2902 1441 3165 1499 Onesimi
3240 1442 3500 1515 ipsorum
3551 1446 3803 1515 pastoris

2153 1532 2511 1588 mentionem
2542 1532 2697 1588 facit.
2732 1554 2762 1582 »

2769 1645 3001 1705 CAPUT
3038 1648 3181 1704 XIV.

2153 1774 2312 1815 NIHIL
2348 1773 2404 1815 1N
2442 1773 2534 1814 HIS
2574 1772 2857 1813 EPISTOLIS
2897 1772 3257 1828 OCCUBRERE,
3298 1777 3370 1816 AB
3420 1777 3628 1820 IGNATII
3667 1782 3802 1822 PER-

2369 1846 2532 1898 ΒΟΝΑ,
2575 1845 2854 1902 MORIBUS,
2895 1846 3007 1886 AUT
3045 1847 3274 1887 PIETATE
3313 1849 3584 1891 ALIENUM.

2370 1939 2398 2012 Ξ
2427 1939 2473 1995 Ι.
2506 1939 2698 1994 Prima
2727 1946 2779 1995 et
2816 1938 3051 1995 secunda
3080 1939 3307 2012 objeclio
3336 1943 3591 2000 solvitur.

2228 2045 2572 2111 Quindecim
2624 2045 2868 2117 insuper
2911 2052 3258 2118 argumenta
3314 2048 3565 2107 Dallaeus
3593 2051 3803 2123 depro-

2157 2135 2521 2207 mit,quibus
2551 2134 2794 2207 probare
2826 2135 3036 2191 nititur
3057 2151 3181 2193 esse
3212 2136 3492 2207 inlgnatii
3515 2140 3802 2213 epistolis,

2156 2246 2184 2275 «
2220 2223 2343 2281 Alia
2374 2224 2559 2280 multa
2584 2240 2618 2279 a
2652 2240 2931 2295 personae,
2959 2224 3051 2279 cui
3082 2224 3471 2297 afﬁnguntur,
3503 2228 3590 2284 vel
3626 2231 3803 2285 mori-

2158 2313 2286 2381 bus,
2320 2314 2409 2371 vel
2440 2312 2742 2384 dignitate,
2774 2311 2864 2368 vel
2894 2312 3149 2384 ingenio,
3175 2314 3258 2369 vel
3290 2314 3503 2386 pietate
3533 2318 3743 2376 aliena.
3772 2341 3801 2371 ››

2157 2404 2267 2460 Sed
2300 2420 2367 2458 ex
2397 2406 2559 2458 tanto
2592 2406 3067 2473 argumentorum
3100 2420 3345 2461 numero
3376 2407 3489 2463 duo
3522 2409 3807 2467 duntaxat

2157 2493 2227 2549 ad
2257 2509 2375 2563 eas,
2406 2509 2549 2562 quas
2587 2491 2981 2561 defendimus,
3014 2493 3291 2564 epistolas
3343 2498 3656 2566 pertinent.
3692 2505 3809 2557 Ho-

2156 2599 2285 2640 rum
2309 2583 2472 2655 prius
2494 2583 2734 2637 ductum
2759 2587 2934 2637 estex
2954 2581 3041 2637 his
3058 2584 3279 2640 verbis:
3300 2608 3329 2636 «
3354 2587 3489 2642 Sine
3508 2590 3803 2662 episcopo,

2157 2671 2508 2745 presbyteris
2533 2676 2589 2727 et
2619 2670 2880 2727 diaconis
2911 2672 3226 2729 Ecclesiam
3258 2691 3372 2729 non
3403 2678 3595 2731 vocari
3625 2679 3803 2736 77.»At

2155 2762 2273 2818 haec
2304 2760 2503 2817 omnia
2532 2759 2771 2817 omnino
2806 2762 3110 2833 lgnatiana
3129 2779 3259 2819 esse
3283 2766 3403 2835 jam
3435 2766 3803 2827 demonstra-

2151 2851 2367 2908 vimus.

2225 2938 2537 2996 Posteriori
2592 2938 2786 2995 Dallaai
2844 2946 3189 3013 argumento
3254 2947 3621 3004 occasionem
3656 2967 3802 3020 prae-

2153 3031 2331 3086 buere
2380 3028 2494 3085 alia
2525 3028 2769 3085 alterius
2817 3030 3079 3101 epistolae
3109 3033 3314 3090 verba:
3351 3057 3379 3086 «
3428 3036 3639 3093 Filium
3702 3040 3803 3096 Dei

2158 3119 2480 3175 secundum
2500 3118 2859 3174 voluntatem
2878 3125 2936 3175 et
2958 3122 3273 3191 potentiam
3294 3125 3391 3181 Dei
3407 3127 3667 3199 genitum
3690 3127 3738 3164 ⁷8
3753 3146 3802 3197 ;››

404 3188 608 3241 auctor
658 3184 1125 3286 Constitutionum
1166 3179 1592 3286 epistolicarum
1622 3184 1838 3286 part-rat,
1874 3180 2047 3286 fperit
2084 3195 2127 3263 ρ
2158 3224 2287 3281 qua,
2336 3207 2573 3279 quidem
2608 3224 2723 3263 non
2755 3209 2901 3264 satis
2933 3179 3096 3278 alma.
3131 3212 3232 3267 sed
3283 3179 3696 3286 dﬁ,:,'v,-,‘;,;e
3726 3179 3812 3275 εξ,

404 3276 754 3345 episcopus;
786 3270 934 3324 alius
963 3284 1117 3336 vero,
1147 3276 1208 3323 ut
1244 3268 1563 3324 Dorotheus
1596 3273 1653 3324 et
1707 3268 2051 3340 Hippolytus

405 3368 685 3420 asserunt
715 3360 856 3415 Gaio
886 3358 1256 3414 successerit.

478 3454 709 3507 Instant
756 3447 1004 3503 Dallasus
1064 3448 1311 3518 ejusque
1361 3447 1628 3503 defensor
1676 3452 1733 3502 et
1764 3447 1926 3502 Pauli
1984 3447 2057 3503 ad

399 3543 811 3597 Philemonem
869 3536 1150 3607 Epistola,
1231 3553 1382 3591 anno
1442 3536 1657 3593 Christi
1699 3538 2059 3604 569xarata,

396 3637 631 3689 certum
662 3627 842 3683 videri
873 3626 1212 3682 Onesimum
1247 3628 1513 3697 ejusdem
1548 3626 1710 3681 Pauli
1745 3628 1926 3683 fuisse
1972 3627 2062 3682 di-

403 3720 738 3792 scipulum;
790 3734 855 3772 ex
908 3717 1063 3772 Beda
1116 3722 1310 3771 autem
1360 3721 1532 3785 atque
1590 3716 1839 3772 Notkero
1892 3716 2062 3772 illum

408 3811 691 3868 eumdem
731 3823 879 3875 esse,
913 3809 1083 3873 cujus
1128 3804 1391 3875 Ignatius
1425 3809 1621 3861 noster
1650 3805 1781 3861 fecit
1810 3805 2064 3861 mentio-

413 3917 582 3957 nem.
621 3899 767 3970 Ergo
800 3895 1109 3952 Onesimus
1140 3893 1238 3949 ille
1269 3910 1402 3949 cum
1436 3895 1728 3966 Ignatium
1760 3911 1914 3951 anno
1965 3896 2064 3950 107

404 3990 499 4046 vel
539 3988 661 4050 108,
706 4002 845 4043 suas
894 3984 1177 4040 scriberet
1207 3983 1516 4055 Epistolas,
1550 4000 1765 4040 annum
1818 3984 2066 4041 centesi-

407 4094 583 4135 mum
616 4074 705 4129 vel
739 4077 896 4130 certe
951 4072 1395 4144 nonagesimum
1414 4073 1539 4142 jam
1570 4071 1906 4143 implevisse
1934 4089 2072 4128 cen-

409 4167 644 4224 sendus
674 4168 781 4219 est.
806 4163 986 4227 Quam
1020 4161 1291 4233 martyris
1317 4163 1459 4217 adeo
1482 4166 1812 4233 provectam
1845 4166 2071 4218 atatem

415 4272 564 4313 cum
625 4252 826 4309 nullus
873 4252 1123 4322 scriptor
1152 4252 1565 4319 observaverit,
1601 4266 1732 4306 eum
1772 4251 2071 4322 juniorem

413 4360 691 4419 passum,
724 4342 993 4413 hancque
1022 4338 1322 4411 epistolam
1356 4338 1745 4396 adulterinam
1774 4356 1905 4396 esse
1942 4339 2073 4395 Dal-

413 4437 571 4491 lasue
602 4430 921 4488 concludit.
964 4429 1401 4501 Respondemus
1441 4428 1760 4501 Epistulam
1807 4428 1972 4485 Pauli
2002 4429 2075 4485 ad

416 4522 835 4617 Philemonem
849 4537 974 4617 _non
997 4518 1212 4617 Ohristi
1241 4535 1394 4575 anno
1412 4520 1505 4588 56,
1530 4522 1595 4617 ut
1614 4516 1712 4575 ille
1738 4518 2074 4617 arbitratur,
2109 4551 2155 4617 Β

413 4613 735 4684 scriptam,
768 4610 867 4666 sed
901 4612 1031 4680 post
1058 4624 1277 4664 annum
1311 4607 1759 4680 sexagesimum,
1792 4624 1900 4680 quo
1928 4609 2077 4678 Apo-

2168 3298 2348 3353 renda
2378 3296 2589 3353 Dallaao
2620 3296 2909 3355 Videntur.
2946 3297 3274 3356 Mirandum
3306 3310 3461 3360 certe
3496 3305 3736 3363 delicato
3759 3311 3817 3363 et

2170 3386 2441 3459 religioso
2474 3385 2667 3441 Dallaai
2715 3387 2771 3441 in
2807 3388 2978 3443 rebus
3013 3388 3143 3443 fidei
3178 3390 3372 3459 palato
3404 3393 3548 3448 illud
3599 3397 3814 3451 durum

2172 3492 2275 3532 nec
2306 3475 2448 3531 satis
2470 3492 2680 3531 sanum
2707 3475 2909 3541 videri,
2936 3478 3089 3547 quod
3118 3478 3540 3549 Theodoretus,
3569 3485 3655 3539 vir
3677 3501 3817 3541 sane

2173 3584 2287 3623 non
2323 3566 2517 3620 minus
2550 3580 2727 3636 quam
2770 3565 2866 3619 ille
2896 3565 3247 3622 Christianae
3290 3569 3419 3623 fidei
3470 3571 3815 3643 dogmatum

2173 3654 2416 3727 peritus,
2451 3654 2521 3709 ad
2555 3655 2944 3709 confutandos
2977 3656 3376 3713 haereticorum
3411 3676 3635 3716 errores
3684 3679 3816 3733 pro-

2175 3746 2322 3801 ferre
2372 3760 2486 3799 non
2537 3743 2838 3799 dubitavit.
2894 3745 3112 3799 Deinde
3167 3746 3429 3816 Ignatius
3463 3749 3541 3802 ibi
3577 3767 3691 3805 non
3749 3753 3818 3805 de

2175 3844 2410 3899 aeterna,
2445 3835 2544 3889 sed
2591 3832 2660 3887 de
2697 3834 3008 3905 temporali
3055 3835 3265 3890 Christi
3324 3839 3699 3907 generatione
3728 3839 3818 3895 lo-

2176 3925 2411 3997 quitur:
2438 3946 2461 3976 α
2485 3922 2780 3991 Genitum,
2805 3924 3015 3996 inquit,
3033 3941 3163 3981 vere
3184 3943 3251 3981 ex
3276 3929 3529 3999 Virgine.
3556 3951 3585 3978 »
3607 3929 3819 3993 Quam.

2180 4017 2266 4071 vis
2300 4019 2495 4070 autem
2529 4014 2600 4068 de
2629 4012 2789 4068 illius
2816 4012 3113 4070 divinitate
3157 4015 3513 4087 loqueretur,
3547 4017 3692 4073 illud
3726 4036 3822 4074 sa-

2182 4121 2324 4161 num
2358 4110 2505 4160 esset
2534 4107 2591 4158 et
2634 4102 3051 4169 orthodoxum;
3104 4106 3577 4177 quandoquidem
3624 4109 3824 4179 plures

2182 4195 2448 4251 invenias
2501 4193 2557 4247 in
2604 4193 2979 4263 antiquorum
3030 4192 3265 4250 Patrum
3325 4197 3560 4267 scriptis
3607 4196 3828 4252 similes

2183 4282 2461 4355 loquendi
2512 4283 2740 4349 modos,
2772 4298 2921 4354 quos
2965 4282 3144 4339 duros
3175 4290 3231 4339 et
3276 4284 3371 4340 vix
3403 4285 3672 4344 ferendos
3700 4303 3831 4345 esse

2187 4390 2259 4432 ne
2285 4371 2532 4451 Dallteus
2562 4370 2799 4443 quidem
2833 4370 3024 4427 dicere
3054 4373 3284 4429 audeat.

2462 4500 2490 4567 §
2520 4497 2593 4553 II.
2631 4496 2834 4551 Tertia:
2863 4494 3158 4565 obiectiom‘
3188 4498 3562 4569 respondetur.

2256 4606 2451 4665 Dallaei
2492 4604 2689 4676 itaque
2720 4604 3012 4672 defensor,
3076 4604 3187 4662 hoc
3217 4609 3610 4677 praetermisso
3660 4626 3837 4683 argu-

416 4702 620 4759 stolus
676 4698 786 4755 sub
838 4699 1008 4754 Festo
1038 4697 1253 4753 Judaase
1314 4696 1582 4767 praefecto
1610 4712 1745 4753 cum
1794 4696 2077 4753 Caesarem
2190 4701 2409 4763 mento,
2444 4695 2513 4750 ad
2571 4692 2731 4749 aliud
2772 4694 2924 4765 quod
2984 4694 3223 4767 gravius
3280 4695 3652 4772 validiusque
3706 4716 3837 4757 esse

419 4789 809 4865 appellasset,
870 4788 1114 4844 Romam
1176 4787 1274 4842 ubi
1333 4787 1483 4841 hanc
1527 4786 1687 4841 dedit
1741 4785 2079 4859 Epistolam,

2189 4783 2630 4860 opinatur,totis
2658 4782 2885 4838 viribus
2909 4787 3394 4855 propugnandum
3416 4789 3835 4861 aggreditur".

420 4889 635 4955 postea
666 4880 881 4935 ductus
907 4881 1016 4934 est.
1049 4877 1202 4934 Nihil
1232 4880 1421 4932 autem
1465 4875 1733 4945 prohibet
1763 4876 2083 4947 quominus
2193 4876 2340 4933 Illud
2388 4878 2582 4930 autem
2615 4872 2674 4928 in
2734 4888 2800 4928 eo
2832 4872 3012 4929 situm
3045 4879 3156 4942 est,
3200 4876 3356 4947 quod
3415 4876 3675 4947 Ignatius
3706 4900 3735 4928 ‹‹
3766 4895 3837 4936 ex

418 4969 776 5037 Onesimus,
830 4969 929 5039 qui
980 4982 1046 5022 eo
1077 4974 1354 5037 tempore,
1387 4982 1504 5038 quo
1561 4965 1629 5020 ad
1688 4964 2082 5022 Philemonem
2192 4962 2537 5039 apocryphis
2568 4962 2834 5034 quaedam
2869 4963 3112 5032 furatur,
3140 4980 3323 5037 eaque
3354 4982 3458 5037 pro
3478 4967 3629 5021 veris
3658 4970 3713 5022 et
3742 4966 3838 5023 in-

417 5058 655 5115 Paulus
678 5057 938 5130 scripsit,
964 5058 1167 5129 junior
1185 5059 1328 5122 erat,
1361 5056 1432 5111 ad
1458 5071 1592 5111 eum
1628 5070 1815 5127 usque
1838 5071 2084 5125 annum,

414 5164 550 5221 quo
584 5146 838 5218 lgnatius
860 5164 998 5203 suas
1028 5146 1357 5218 composuit
1378 5144 1676 5216 epistolas,
1701 5146 1878 5201 vitam
1915 5149 2087 5218 atque

416 5236 839 5310 episcopatum
876 5237 1231 5308 produxerit.

2193 5053 2479 5111 dubitatis
2532 5052 2717 5124 ponit.
2752 5072 2781 5102 ››
2834 5050 2940 5107 Ubi
2973 5052 3129 5108 enim
3176 5054 3246 5108 de
3274 5053 3504 5111 Christo
3564 5055 3832 5113 disserit:

2195 5168 2224 5197 «
2256 5145 2325 5200 Et
2358 5141 2613 5215 quando,
2647 5140 2860 5212 inquit,
2894 5141 2964 5195 ad
2997 5156 3115 5210 eos,
3150 5142 3250 5213 qui
3300 5142 3450 5198 circa
3480 5143 3714 5201 Petrum
3742 5162 3842 5204 ve-

2197 5235 2303 5304 nit,
2337 5232 2418 5289 ait
2450 5231 2630 5304 ipsis:
2660 5230 3114 5303 Apprehendite,
3149 5231 3375 5304 palpate
3426 5249 3540 5305 me,
3572 5240 3631 5291 et
3659 5236 3848 5295 videte

505 5326 730 5382 Deinde
761 5326 904 5399 quid
926 5325 996 5382 de
1025 5325 1397 5395 Onesimo,in
1434 5324 1645 5397 lgnatii
1670 5325 1852 5382 nostri
1882 5324 2089 5382 litteris
2197 5323 2478 5400 quoniam
2502 5338 2618 5379 non
2644 5337 2773 5379 sum
2790 5320 3565 5397 daemoniumincorporeum
3584 5323 3651 5382 δ’.
3676 5326 3850 5393 «Qua

500 5562 553 5598 τι
613 5579 745 5634 pag,
804 5565 931 5620 316.
985 5562 1031 5600 ⁷⁸
1097 5562 1198 5621 lib.
1230 5579 1290 5619 ιιι
1322 5563 1456 5618 Hist.
1487 5576 1617 5634 cap.
1656 5560 1765 5634 Δ36-
1824 5558 1871 5593 ⁷⁷
1903 5576 2028 5634 φαρ-

2185 5561 2253 5618 15
2283 5563 2339 5617 et
2406 5559 2492 5616 16.
2523 5558 2710 5631 Epist.
2744 5557 2815 5616 ad
2874 5557 3158 5618 Trallens.
3216 5557 3264 5595 ’⁸⁸
3288 5556 3473 5632 Epist.
3505 5559 3577 5616 ad
3626 5559 3850 5634 Smym.

412 5634 479 5671 «η
510 5579 775 5709 ars,
804 5579 1031 5710 ῖξδέεέῖ
1055 5579 1995 5708 Es...";:s.,°.:9urg..:'23s
