4112 6132
429 373 550 432 529

1381 373 1456 432 D.
1491 371 1840 466 VNOURRII
1888 372 2429 466 DISSERTATIO.
2477 407 2554 420 --
2596 375 2798 436 PARS
2841 377 2892 435 I.

3739 375 3856 435 530

431 506 728 578 Epistolis,
761 507 830 562 ad
866 505 1011 562 alios
1041 505 1315 575 exaratis,
1348 505 1480 562 illos
1504 505 1770 579 arguisse
1802 510 1902 564 aut
1925 508 2073 565 vitu-
2108 510 2159 578 Α
2194 508 2323 565 vidi.
2357 508 2467 564 Sed
2500 513 2665 565 vetus
2697 509 2795 566 ille
2824 509 3132 580 interpres,
3169 510 3233 562 ut
3281 522 3349 562 ex
3403 507 3532 578 eius
3583 506 3851 566 versione

430 613 670 669 perasse
699 595 938 668 legitur.

500 688 626 742 llaec
655 704 788 742 cum
813 687 998 743 levius
1030 687 1319 760 attigisset
1350 686 1626 759 Dallzeus,
1659 689 1848 745 multo
1882 689 2078 745 acrius

426 777 496 832 de
527 794 592 832 eo
626 777 910 850 disputat,
945 779 1101 850 quod
1135 779 1398 851 lgnatius
1419 778 1717 835 Christum
1749 796 1812 836 se
1863 780 2079 836 vidisse

424 867 634 923 asserit
669 885 682 924 :
718 891 744 917 «
780 869 898 940 Ego
931 868 1086 923 enim
1123 874 1179 924 et
1209 873 1342 940 post
1371 869 1857 926 resurrectionem
1882 871 2076 940 ipsum

417 956 554 1026 vidi,
585 964 641 1012 et
667 958 837 1014 credo
869 958 1216 1014 existentem
1245 959 1310 1012 9°.
1345 980 1374 1008 »
1397 960 1488 1028 At,
1542 959 1738 1031 inquit
1794 958 2073 1026 Dallaeus,

420 1047 870 1118 Chrysostomus
921 1049 1184 1104 oratione
1256 1049 1608 1121 panegyrica
1651 1047 1712 1104 in
1759 1048 2072 1119 lgnatium,

420 1152 713 1209 nusquam
736 1135 907 1192 illum
934 1159 961 1188 «
987 1135 1202 1194 Christi
1225 1143 1467 1211 aspectu
1488 1141 1547 1195 et
1569 1137 2019 1204 consuetudine,
2042 1160 2070 1188 ››

419 1226 572 1297 quod
602 1227 662 1282 in
689 1243 754 1284 eo
779 1243 1049 1283 sermone
1078 1243 1193 1283 non
1221 1235 1344 1284 erat
1367 1228 1894 1300 praetermissurus,
1929 1249 1958 1279 «
1981 1243 2078 1300 ga-

415 1315 604 1372 visum
630 1332 757 1372 esse
783 1321 1088 1373 memorat.
1115 1339 1142 1366 ››
1163 1317 1334 1389 Ergo,
1361 1317 1540 1372 infert
1578 1315 1733 1373 idem
1779 1317 2031 1372 Datianus
2053 1335 2073 1372 :

417 1404 459 1439 ’ί
520 1405 868 1462 «Manifesti
915 1405 1204 1462 mendacii
1262 1404 1625 1462 convincitur
1694 1405 2072 1477 epistolarum

419 1493 658 1567 sciptor.
699 1517 720 1545 ι
760 1496 858 1551 llis
893 1495 1320 1568 respondemus
1349 1495 1408 1550 in
1442 1495 1638 1551 Graeco
1688 1493 2071 1567 epistolarum

415 1582 626 1654 Ignatii
652 1581 878 1639 sincero
910 1588 966 1638 et
999 1583 1224 1656 integro
1257 1583 1475 1651 codice,
1518 1599 1622 1638 nec
1668 1599 1784 1638 non
1832 1582 2070 1638 Eusebii

413 1676 467 1727 et
490 1671 839 1728 Theodoreti
890 1673 1129 1746 scriptis
1181 1689 1296 1729 non
1339 1671 1454 1744 legi
1514 1667 1659 1725 εἶδον
1695 1671 1834 1740 vidi,
1882 1671 1981 1728 sed
2015 1669 2066 1725 ἐν

413 1760 570 1834 σαρκὶ
603 1761 766 1816 αὐτὸν
802 1759 941 1832 οἶδα,
972 1762 1064 1817 καὶ
1117 1761 1356 1818 πιστεύω
1401 1756 1550 1821 ὄντα.
1600 1768 1778 1819 Porro
1822 1763 2065 1820 verbum

411 1848 557 1923 οἶδα,
593 1854 814 1910 fatente
837 1853 1072 1923 Dallzno,
1107 1852 1421 1926 signiﬁcat,
1453 1854 1588 1922 scio,
1622 1855 1770 1924 novi,
1791 1868 2064 1924 cognosco.

405 2031 589 2098 sione,
614 2031 761 2088 illud
796 2035 987 2104 priore
1017 2032 1217 2100 verbo,
1240 2032 1378 2099 scio,
1399 2032 1601 2088 Latine
1641 2030 1917 2087 reddidit.

483 2122 674 2177 Instat
702 2121 958 2178 Dallaeus
988 2121 1410 2194 manuscriptis
1442 2120 1679 2191 Graecis,
1723 2119 1826 2194 qui
1866 2119 2062 2177 totiu-

408 2211 907 2282 terpolationibus
939 2213 1086 2268 fmde
1109 2210 1361 2282 corrupti
1397 2214 1556 2280 sunt,
1592 2210 1814 2267 nullam
1860 2209 2060 2266 haberi

408 2317 578 2372 posse
605 2301 783 2357 ﬁdem
817 2318 830 2357 :
873 2301 1011 2358 item
1064 2301 1368 2372 Ruﬁnum,
1409 2300 1672 2372 aliosque
1719 2300 2059 2356 Eusebianae

398 2391 666 2446 Historias
683 2391 982 2448 liberarios
1008 2407 1398 2448 amanuenses
1411 2407 1514 2463 pro
1528 2390 1700 2446 verbo
1716 2386 1881 2459 εἶδον,
1903 2390 2056 2462 quod

402 2480 472 2536 de
502 2480 732 2554 Ignatio
755 2497 1127 2554 nequaquam
1165 2481 1279 2538 dici
1329 2497 1498 2553 posse
1551 2484 1850 2551 noverant,
1901 2479 2055 2535 scri-

397 2571 586 2644 psisse
618 2568 746 2624 οἶδα
778 2586 792 2626 :
827 2571 1081 2643 denique
1102 2571 1476 2643 Hieronymo,
1502 2574 1558 2626 et
1579 2570 1818 2642 antiquo
1842 2569 2053 2625 harum

402 2659 788 2729 epistolarum
819 2658 1144 2732 interpreti,
1177 2659 1274 2731 qui
1307 2659 1550 2716 verbum
1569 2653 1713 2711 εἶδον
1735 2672 2051 2729 repraesen-

402 2750 548 2815 tant,
581 2749 821 2804 omnino
844 2766 974 2805 esse
1001 2750 1386 2806 credendum.

475 2837 684 2893 Verum
719 2839 833 2894 haec
865 2837 1064 2895 Dallzei
1095 2838 1212 2896 tela
1242 2838 1406 2895 facile
1463 2839 1884 2894 retunduntur.
1931 2841 2051 2893 Nos

411 2925 556 2981 enim
585 2944 694 2982 non
717 2929 787 2984 de
810 2927 1230 3001 manuscriptis
1265 2927 1651 3001 epistularum
1712 2927 1926 3000 Ignatii
1959 2927 2050 2984 in-

397 3016 694 3086 terpolatis
735 3018 1059 3086 codicibus,
1119 3018 1219 3074 sed
1271 3017 1497 3074 sincero
1560 3021 1617 3073 et
1674 3016 1897 3087 integro
1950 3032 2049 3074 co-

394 3105 540 3171 dice,
566 3123 742 3178 quem
767 3106 1012 3164 Vossius
1045 3107 1300 3177 nemine,
1324 3106 1412 3162 uti
1431 3105 1712 3175 diximus,
1743 3106 2042 3178 refragan-

391 3198 465 3260 te,
499 3195 614 3251 ﬁde
647 3197 873 3267 optima
903 3196 1101 3265 edidit,
1126 3197 1523 3269 disputamus.
1548 3195 1712 3260 Quod
1747 3199 1939 3251 autem
1968 3195 2039 3250 ad

2093 1884 2145 1978 si?

411 1941 574 1998 Unde
604 1943 783 1998 etiam
818 1942 1064 1998 Ruﬁnus
1093 1942 1152 1997 in
1176 1959 1284 1998 sua
1302 1943 1638 1999 Eusebianae
1658 1941 1919 1998 Historiae
1940 1958 2060 1998 ver-
2089 1941 2098 1972 -'

2193 598 2756 670 facileintelligitur,
2802 617 2916 656 non
2967 599 3045 653 ita
3094 599 3285 654 Graece
3337 599 3545 653 doctus
3590 604 3734 666 erat,
3786 603 3850 654 ut

2188 691 2431 747 verbum
2464 689 2592 744 οἶδα
2621 706 2718 760 per
2747 691 3014 746 Latinum
3047 689 3191 756 vidi,
3223 707 3351 745 curn
3370 691 3482 745 scio
3505 688 3592 744 vel
3617 691 3746 745 novi
3767 688 3852 743 di'

2188 795 2316 836 cere
2351 780 2676 845 debuisset,
2710 784 2864 835 recte
2895 779 3224 835 reddidisse
3262 778 3511 834 dicatur.
3563 777 3844 850 Hierony-

2188 884 2321 925 mus
2347 885 2506 936 vero,
2537 868 2635 940 qui
2659 869 2956 924 versiones
2980 885 3116 924 suas
3140 869 3424 925 citissime
3469 869 3640 923 edere
3689 872 3846 923 sole-

2186 957 2310 1022 bat,
2343 957 2586 1014 humani
2613 958 2786 1013 etiam
2813 958 3027 1029 aliquid
3063 959 3306 1014 forsitan
3331 974 3542 1029 passus
3560 961 3687 1028 est;
3721 957 3836 1012 nisi

2185 1048 2256 1102 ab
2275 1047 2474 1120 aliquo
2494 1047 2766 1120 imperito
2791 1048 3106 1119 interprete
3130 1047 3326 1104 Latino
3346 1047 3519 1104 fuerit
3536 1048 3838 1118 deceptus.

2186 1136 2402 1193 Verum
2428 1139 2841 1210 quoquomodo
2871 1154 2964 1194 res
3008 1154 3072 1194 se
3122 1133 3356 1205 haheat,
3417 1140 3571 1193 certe
3624 1136 3839 1192 Graecis

2184 1242 2319 1282 cum
2352 1226 2731 1296 epistolarum
2758 1227 2994 1300 Ignatii,
3017 1232 3145 1284 tum
3167 1226 3404 1284 Eusebii
3430 1226 3696 1283 Historia:
3717 1243 3841 1283 ma-

2187 1315 2506 1387 nuscriptis
2537 1317 2836 1372 codicibus
2869 1317 3058 1387 major
3108 1317 3280 1372 debet
3323 1333 3450 1372 esse
3494 1316 3840 1386 auctoritas,

2185 1404 2523 1476 casterisque
2550 1405 2826 1462 omnibus
2849 1406 3256 1478 anteponenda
3277 1409 3383 1460 est.
3407 1405 3476 1460 Et
3507 1405 3563 1459 id
3598 1405 3834 1477 quidem

2182 1511 2250 1551 ex
2279 1512 2344 1551 eo
2376 1495 2711 1551 conﬁrmari
2735 1500 2942 1568 potest,
2968 1495 3122 1566 quod
3154 1496 3276 1566 ipse
3295 1495 3584 1566 Ignatiani
3615 1511 3837 1550 sermo-

2182 1584 2274 1641 nis
2297 1601 2530 1655 sensus,
2563 1585 2811 1657 ejusque
2843 1588 3208 1656 argumenta,
3241 1584 3482 1640 verbum
3541 1578 3665 1636 οἶδα
3723 1583 3836 1638 ibi-

2181 1675 2314 1730 dem
2346 1675 2582 1731 omnino
2616 1673 2937 1748 postulent.
2972 1674 3234 1745 Ignatius
3265 1672 3557 1745 siquidem
3603 1672 3832 1728 duabus

2179 1769 2382 1820 contra
2411 1764 2714 1820 haereticos
2763 1763 2959 1835 petitis
3008 1779 3076 1818 ex
3131 1762 3442 1834 Evangelia
3496 1761 3828 1818 rationibus

2178 1853 2475 1910 Christum
2510 1870 2626 1909 non
2661 1853 2859 1909 ﬁctum
2894 1859 2994 1908 aut
3039 1851 3410 1918 simulatum,
3467 1853 3564 1907 sed
3624 1867 3826 1907 verum

2174 1943 2471 2001 hominem
2502 1943 2684 2000 fuisse
2717 1944 3099 1999 demonstrat.
3133 1945 3206 1997 At
3234 1941 3286 1997 si
3315 1939 3617 1999 Christum
3679 1940 3830 1996 suis-

2170 2037 2288 2090 met
2318 2033 2503 2090 oculis
2538 2033 2597 2089 in
2629 2049 2801 2089 carne
2832 2032 2958 2104 ipse
2994 2031 3261 2098 vidisset,
3311 2031 3458 2087 nihil
3516 2031 3813 2087 efficacius

2166 2127 2368 2180 contra
2397 2140 2496 2180 eos
2523 2123 2778 2194 proferre
2800 2127 3046 2195 poterat,
3101 2137 3275 2193 quam
3334 2135 3396 2176 se
3437 2120 3558 2176 suis
3603 2119 3812 2186 oculis,

2167 2214 2261 2271 his
2287 2218 2344 2271 et
2374 2214 2465 2270 his
2496 2214 2554 2269 in
2587 2214 2752 2284 locis,
2784 2229 2919 2269 cum
2953 2213 3046 2269 his
3068 2217 3126 2268 et
3151 2211 3268 2266 illis
3300 2209 3474 2266 sociis
3493 2214 3549 2266 et
3572 2211 3815 2266 testibus

2148 2290 2324 2360 'omni
2355 2302 2690 2376 exceptione
2719 2302 3057 2372 majoribus,
3092 2298 3375 2372 apostolis
3405 2297 3695 2369 videlicet,
3717 2301 3818 2354 aut

2163 2392 2378 2450 Christi
2411 2391 2742 2465 discipulis,
2769 2390 3083 2447 Dominum
3107 2390 3304 2462 ipsum
3330 2389 3570 2456 vidisse,
3595 2406 3659 2446 ac
3681 2405 3815 2446 cum

2164 2482 2264 2538 illo
2295 2482 2480 2539 fuisse
2521 2484 2955 2538 conversatum.

2158 2592 2186 2658 §
2219 2588 2281 2644 Il.
2307 2588 2469 2645 Nihil
2506 2593 2711 2645 temere
2750 2589 2956 2644 dictum
2997 2587 3162 2644 estde
3209 2589 3389 2657 stella,
3411 2602 3553 2658 qua},
3598 2587 3814 2643 Christo

2229 2664 2512 2728 nascente,
2541 2661 2837 2732 apparuit,
2858 2660 2944 2715 vel
2973 2658 3040 2714 de
3081 2675 3140 2716 eo
3170 2659 3311 2732 quod
3378 2658 3631 2716 Christus
3688 2663 3812 2731 post

2232 2741 2464 2789 mortem
2493 2732 2693 2788 bibisse
2722 2731 3061 2804 perhibetur.

2229 2839 2484 2896 Dallaeus
2515 2843 2580 2896 ut
2627 2842 2926 2896 auctorem
2977 2841 3246 2894 nostrum
3292 2837 3556 2895 omnium
3616 2839 3808 2894 crimi-

2158 2947 2297 2986 num
2331 2947 2495 2986 reum
2528 2929 2723 2996 faciat,
2754 2929 2923 2985 illum
2942 2929 3292 2986 temeritatis
3315 2927 3373 2983 in
3393 2945 3461 2984 oo
3493 2928 3703 2984 deinde
3726 2945 3812 2984 ar-

2155 3019 2302 3092 guit,
2327 3019 2481 3090 quod
2513 3019 2584 3075 de
2610 3016 2796 3088 stella,
2828 3035 2976 3090 quae,
3005 3017 3230 3073 Christo
3275 3021 3574 3084 nascente,
3635 3033 3811 3088 appa-

2157 3111 2374 3178 ruerat,
2407 3106 2710 3180 scripserit
2738 3105 2786 3141 ⁹²
2821 3127 2850 3158 «
2879 3106 3056 3163 Stella
3087 3105 3147 3162 in
3182 3103 3323 3161 ccelo
3367 3104 3551 3173 fulsit,
3612 3105 3810 3176 splen-

2158 3197 2297 3253 dore
2327 3213 2689 3270 exsuperans
2721 3213 2925 3253 omnes
2958 3195 3179 3267 stellas,
3211 3199 3270 3250 et
3295 3194 3394 3250 lux
3422 3193 3576 3250 illius
3606 3193 3808 3250 ineffa-

391 3285 626 3341 Eusebii
662 3261 974 3343 Historiam
1006 3261 1241 3355 attinet,
1273 3285 1474 3342 nullus
1506 3302 1720 3358 magna
1775 3285 1898 3341 sine
1944 3288 2039 3340 te—
2066 3261 2116 3338 (ἶ
2157 3285 2294 3343 bilis
2324 3261 2532 3353 erat,-»
2564 3291 2674 3344 etc.
2713 3308 2742 3339 α
2765 3285 2997 3354 Omnia,
3023 3261 3214 3357 inquit
3236 3283 3572 3351 Dallssus,’8
3602 3300 3669 3339 ex
3692 3301 3806 3340 uno

394 3376 663 3431 meritate
696 3392 825 3432 eam
857 3376 938 3432 ibi
970 3384 1304 3449 corruptam
1333 3392 1462 3433 esse
1491 3375 1721 3432 dixerit.
1747 3374 1850 3431 Illa
1871 3374 2044 3448 quip-

393 3481 464 3538 pe
495 3470 737 3521 rentum
774 3467 890 3522 fere
921 3466 1093 3522 armis
1127 3470 1261 3522 ante
1295 3465 1552 3522 Latinam
1584 3464 1777 3520 Ruﬁni
1826 3465 2045 3520 versio-

394 3570 526 3610 nem
559 3555 878 3627 publicata,
910 3555 970 3611 in
1004 3556 1268 3611 omnium
1300 3559 1538 3611 venerat
1593 3571 1827 3624 manus,
1880 3558 1936 3610 et
1982 3552 2042 3609 in

391 3661 569 3717 quam
582 3645 851 3718 plurimis
867 3646 1244 3702 Bibliothecis
1262 3651 1385 3702 erat
1400 3649 1710 3702 asservata.
1734 3644 1892 3703 Nihil
1906 3660 2042 3718 ergo

387 3740 595 3807 postea
617 3735 704 3791 vel
729 3736 789 3791 in
810 3736 1004 3792 Graeco
1025 3737 1153 3807 ejus
1176 3740 1338 3792 textu
1366 3735 1683 3808 scriptores
1707 3735 2043 3807 antiquarii,

387 3824 474 3880 vel
508 3825 568 3880 in
593 3825 862 3882 versione
894 3842 1004 3881 sua
1035 3825 1279 3881 Rufinus
1311 3824 1627 3881 immutare
1678 3828 1992 3897 potuerunt
2023 3843 2038 3892 ;

397 3915 537 3985 quin
562 3931 630 3969 ex
654 3915 982 3971 innumeris
1003 3915 1267 3986 ejusdem
1310 3914 1577 3970 Historiae
1631 3916 1922 3971 codicibus
1952 3913 2044 3970 hic

396 4005 465 4058 ab
490 4004 841 4059 adversariis
874 4003 1021 4070 suis,
1055 4003 1140 4060 illi
1165 4007 1237 4059 ab
1258 4003 1494 4059 Eusebii
1525 4004 1851 4060 fautoribus
1874 4003 2046 4060 adul-

389 4094 691 4148 terationis
743 4098 799 4148 et
858 4092 1250 4165 corruptionis
1312 4095 1510 4149 statim
1538 4094 2041 4149 convincerentur.

395 4181 608 4235 Deinde
633 4181 764 4252 quis
797 4181 909 4236 sibi
949 4182 1297 4252 persuadeat
1325 4183 1629 4250 Rufinum,
1653 4188 1710 4238 et
1729 4200 2046 4238 amanuen-

394 4285 484 4324 ses
513 4270 849 4325 Eusebianae
884 4271 1151 4325 Historiae
1185 4271 1502 4342 scriptores
1534 4272 1604 4326 ad
1663 4288 2046 4344 corrumpen-

395 4361 494 4414 dos
529 4377 734 4414 omnes
774 4359 1038 4414 Historias
1087 4359 1244 4416 illius
1295 4361 1521 4417 codices
1569 4361 1744 4417 simul
1787 4363 1866 4417 ita
1906 4380 2042 4419 con-

393 4449 678 4520 Spirasse,
713 4454 775 4504 ut
806 4465 926 4518 eos,
964 4449 1123 4506 nullo
1156 4451 1392 4506 homine
1422 4450 1796 4520 reclamante,
1833 4453 2044 4525 depra-

391 4542 652 4596 vaverint
705 4545 880 4612 atque
935 4541 1384 4598 adulterarint?
1431 4542 1692 4615 Denique
1752 4545 2045 4616 quomodo

2154 3374 2327 3432 istius
2359 3376 2596 3432 cerebro
2627 3377 2914 3450 prodiere,
2946 3392 2980 3430 a
3010 3374 3311 3447 Scriptura
3341 3374 3551 3443 aliena,
3580 3374 3650 3429 ab
3683 3374 3806 3445 ipso

2154 3465 2332 3537 hujus
2361 3465 2542 3522 stellae
2575 3483 2686 3522 usu
2720 3465 3116 3534 abhorrentia,
3150 3465 3221 3520 ad
3281 3466 3518 3520 domum
3580 3463 3808 3519 scilicet

2154 3556 2518 3615 Bethlehemi
2552 3558 2950 3615 indicandam.
2985 3579 3014 3609 »
3044 3557 3205 3621 Quod
3237 3557 3474 3627 quidem
3535 3554 3641 3611 hac
3672 3572 3807 3627 pro-

2155 3644 2254 3701 bat
2301 3647 2578 3702 ratione:
2622 3668 2652 3698 ‹‹
2711 3644 3062 3701 Absurditas
3113 3644 3247 3700 inde
3305 3646 3488 3715 patet,
3539 3643 3697 3713 quod
3740 3659 3808 3698 ea

2155 3735 3037 3808 Christianoruminterpretum
3093 3750 3288 3800 nemo,
3349 3733 3502 3805 quod
3565 3733 3804 3803 quidem

2154 3824 2362 3894 sciam,
2395 3830 2658 3893 secutus,
2693 3825 2797 3898 qui
2834 3830 2952 3880 tam
3010 3823 3178 3878 multi
3239 3823 3310 3878 de
3359 3822 3529 3879 stella
3587 3821 3805 3894 aliquid

2152 3914 2533 3971 commentati
2556 3918 2712 3971 sunt.
2749 3935 2777 3964 »
2811 3914 2919 3978 Qui
2951 3929 3067 3968 non
3103 3912 3350 3968 miretur
3371 3911 3652 3967 Dallasum
3684 3929 3805 3968 om-

2155 4003 2378 4075 uigens:
2413 4004 2702 4073 lectionis,
2723 4014 2787 4059 ut
2809 4005 2918 4060 sibi
2945 4003 3181 4076 quidem
3206 4002 3456 4069 videtur,
3483 4001 3802 4066 hominem,

2156 4095 2378 4150 necisse
2410 4095 2564 4166 apud
2595 4094 2948 4149 Clementem
2984 4090 3440 4149 Alexandrinum
3473 4107 3574 4146 seu
3608 4096 3806 4146 aucto-

2152 4200 2273 4239 rem
2308 4186 2587 4255 Excerpt.,
2622 4188 2867 4239 Leonem
2902 4183 3177 4254 Magnum
3209 4197 3384 4237 serm.
3430 4181 3566 4237 {De
3606 4181 3806 4248 nativ.,

2155 4278 2466 4333 Maximum
2498 4293 2675 4332 serrn.
2709 4277 2762 4345 3,
2797 4293 2901 4332 nec
2933 4294 3048 4331 non
3085 4276 3565 4348 Chrysostomum
3597 4274 3803 4330 homil.

2151 4368 2186 4422 6
2216 4370 2275 4422 in
2305 4367 2514 4434 illati/1.,
2555 4367 2745 4423 eadem
2767 4369 2854 4422 vel
2889 4368 3060 4440 plura
3091 4369 3305 4425 similia
3336 4369 3406 4423 de
3440 4369 3618 4438 hujus
3654 4367 3802 4424 stel-

2151 4455 2218 4511 lae
2242 4456 2600 4528 apparitione
2628 4473 2744 4512 non
2777 4474 2946 4513 secus
2979 4463 3155 4529 atque
3187 4459 3340 4530 apud
3396 4459 3685 4530 lgnatium
3719 4475 3806 4514 re-

2155 4547 2353 4620 periri.
2385 4547 2548 4615 Quod
2575 4551 2725 4604 certe
2758 4565 2826 4604 ex
2849 4549 2973 4604 sola
2995 4550 3279 4614 locorum,
3304 4567 3430 4621 quae
3455 4549 3804 4617 indicamus,

391 4633 661 4701 Ruﬁnus,
695 4636 751 4686 et
783 4648 1178 4689 amanuenses
1206 4631 1432 4688 librarii
1463 4633 1714 4689 Eusebio
1769 4633 2048 4690 oculatio-
2077 4645 2124 4711 Β
2159 4638 2309 4694 facta
2339 4636 2493 4693 inter
2525 4653 2586 4694 se
2617 4638 3037 4709 compositione
3095 4640 3340 4697 cuilibet
3393 4639 3804 4712 quantumvis-

373 4720 483 4776 'res
515 4725 574 4777 et
606 4721 896 4777 doctiores
930 4721 1011 4778 ita
1033 4721 1270 4778 fuerunt
1302 4739 1317 4791 ;
1354 4727 1417 4778 ut
1439 4722 1596 4794 quod
1620 4721 1718 4777 ille
1750 4722 2047 4793 nescierit,

394 4808 479 4864 illi
523 4810 852 4867 certissime
885 4812 1248 4883 agnoverint,
1289 4827 1487 4867 vocem
1523 4807 1664 4865 εἶδον
1712 4813 1781 4868 de
1823 4812 2046 4885 Ignatio

395 4899 631 4970 penitus
664 4899 840 4956 scribi
876 4917 992 4956 non
1031 4901 1316 4973 potuisse.
1350 4904 1475 4958 Huc
1519 4901 1667 4957 adde
1716 4902 2048 4958 eruditissi-

398 5003 559 5043 mum
595 4989 1027 5044 Theodoretum
1058 4989 1117 5044 in
1143 4989 1339 5046 Graeca
1361 4989 1593 5046 Eusebii
1627 4989 1877 5047 Historia
1906 5007 2048 5047 con-

363 5083 616 5134 ‘stanter
645 5077 858 5149 legisse
891 5074 1037 5146 οἶδα,
1067 5084 1122 5134 et
1182 5081 1562 5150 pervolutatis
1614 5080 1818 5150 Ignatii
1864 5079 2048 5135 nostri

394 5168 680 5239 epistolis,
714 5168 858 5223 nihil
885 5169 941 5223 in
980 5169 1210 5223 Eusebii
1246 5174 1402 5224 textu
1459 5169 1915 5242 deprehendisse
1961 5169 2047 5225 vel

400 5257 645 5312 minima
676 5260 1095 5330 corruptionne
1121 5259 1418 5314 foedatum.

465 5349 545 5402 Aci
586 5351 1035 5421 Hieronymum,
1082 5353 1457 5421 veteremque
1507 5349 1715 5420 lguatii
1763 5351 2050 5422 interpre-

397 5442 507 5493 teni
533 5441 684 5510 quod
713 5445 959 5511 spectat,
988 5437 1144 5510 apud
1168 5456 1266 5494 eos
1284 5439 1532 5495 occurrit
1554 5441 1792 5512 quidem
1810 5441 2050 5499 verbum

2160 4727 2446 4800 pervicaci
2469 4726 2709 4800 planum
2742 4728 2861 4784 ﬁet.

2230 4817 2396 4890 Piget
2419 4834 2560 4873 sane
2591 4819 2889 4890 pudetque
2916 4834 2980 4874 ea
3012 4821 3265 4876 refutare
3295 4819 3383 4876 vel
3413 4819 3590 4876 etiam
3623 4821 3805 4876 refer-

2160 4922 2239 4970 re,
2276 4922 2401 4977 quae
2432 4906 2632 4963 subdit
2661 4906 2912 4964 Dallasus
2944 4909 2988 4945 “
3013 4925 3024 4965 :
3051 4932 3078 4959 <<
3113 4909 3316 4964 Levius
3341 4913 3445 4977 est,
3473 4910 3674 4977 fateor,
3704 4909 3808 4963 sed

2161 4997 2384 5068 Ignatio
2416 5013 2531 5052 non
2559 4997 2705 5052 satis
2736 4996 3003 5070 dignum,
3038 5000 3194 5070 quod
3245 4998 3389 5069 ipse,
3439 4998 3600 5054 nullo
3651 5003 3805 5052 certo

2160 5091 2418 5152 auctore,
2455 5091 2749 5141 asseverat
2805 5086 3093 5141 Christum
3144 5095 3270 5156 post
3319 5087 3806 5142 resurrectionem

2162 5174 2398 5229 bibisse.
2423 5195 2449 5225 »
2477 5174 2628 5229 Illud
2657 5180 2850 5229 autem
2889 5176 2994 5230 hoc
3028 5176 3420 5230 subtilissimo
3477 5178 3683 5248 probat
3717 5193 3808 5228 ar-

2160 5269 2437 5335 gumento
2473 5280 2486 5318 :
2527 5284 2548 5314 ι
2586 5268 2764 5318 Lucas
2797 5264 3056 5334 quidem,
3113 5265 3194 5319 uti
3241 5265 3320 5317 ait
3364 5265 3483 5328 ille,
3526 5267 3730 5320 scribit
3762 5263 3809 5298 9‘

2163 5356 2482 5424 apostolos,
2516 5362 2826 5426 postquam
2860 5353 3321 5407 resurrexisseta
3347 5357 3617 5422 mortuis,
3647 5372 3809 5409 man-

2164 5442 2472 5500 ducavisse
2491 5447 2548 5499 et
2571 5444 2787 5499 bibisse
2808 5461 2823 5515 ;
2842 5442 3036 5516 ipsum
3061 5460 3193 5500 cum
3212 5443 3294 5500 eis
3313 5445 3606 5501 Christum
3629 5445 3809 5516 (quod

353 5697 358 5702 υ
467 5675 492 5715 °
519 5677 682 5736 Orat.
713 5677 778 5735 in
806 5679 983 5751 Ignat.
1014 5679 1058 5717 ³⁸
1085 5694 1216 5751 pag.
1251 5679 1374 5735 361.
1410 5679 1456 5717 ⁸³
1486 5678 1664 5752 Epist.
1689 5681 1761 5738 ad
1788 5681 1990 5754 Ephes.
2023 5683 2055 5722 9‘

2170 5701 2216 5758 ρ.
2238 5682 2332 5757 21,
2367 5705 2420 5759 ρ.
2452 5686 2582 5746 365.
2611 5685 2656 5724 ⁹⁴
2677 5705 2811 5762 pag.
2845 5687 2969 5747 365.
3002 5685 3050 5726 95
3078 5693 3200 5748 Act.
3233 5710 3288 5750 χ.
3324 5692 3409 5751 41.
