4112 6132
356 396 474 458 533

1317 395 1393 456 D.
1440 390 1774 457 NOURRII
1814 384 2361 451 DISSERTA'I‘IO.
2407 416 2484 429 —
2530 385 2731 445 PARS
2776 386 2823 446 I.

3654 390 3773 450 534

351 528 453 584 lus
484 528 556 583 ad
581 527 924 584 Corinthios
956 527 1219 583 scribens
1244 526 1493 582 dixisset
1522 540 1585 582 se
1614 539 1827 581 arcana
1857 536 2017 593 quts-
2042 520 2099 587 Α
2128 516 2411 574 nimirum
2468 517 2823 589 Polycarpus
2853 517 3005 573 haud
3028 516 3125 573 die
3157 517 3230 573 ab
3253 534 3319 575 eo
3369 520 3602 591 magnis
3641 538 3766 592 pre-

363 620 499 674 dam
534 616 831 673 audivisse
860 616 1054 682 verba,
1079 633 1208 688 quas
1242 614 1464 672 nemini
1493 613 1655 687 loqui
1678 609 2014 677 liceret,boc

364 722 601 779 quoque
652 706 878 777 putavit
940 707 1185 777 scriptor
1239 705 1337 761 ille
1391 711 1592 760 noster
1639 719 1746 758 suo
1786 701 2014 773 Ignatio

360 796 717 853 imitandum
750 812 899 852 esse.
936 797 1139 867 Itaque
1168 811 1303 851 eum
1328 810 1561 866 quoque
1592 793 1730 849 facit
1760 791 1831 848 ad
1854 788 2016 845 Tral-

362 887 560 943 lenses
581 887 936 942 scribentem
955 882 1347 955 quorumdam
1377 898 1722 939 arcanorum
1746 878 2012 936 notitiam

365 977 476 1033 sibi
510 991 836 1032 assumere.
868 975 1074 1030 Nonne
1105 989 1344 1044 possum
1377 972 1543 1027 vobis
1574 968 2015 1043 supercaslestia

365 1066 642 1134 scribere,
685 1086 714 1115 ››
765 1070 877 1122 etc.
936 1063 995 1119 Si
1051 1067 1257 1119 auctor
1286 1066 1486 1118 noster
1525 1062 1791 1127 Paulum,
1840 1064 1906 1112 ut
1934 1056 2015 1113 ait

362 1154 636 1225 Dallaaus,
668 1153 748 1209 ibi
780 1152 1045 1208 imitatus
1067 1156 1176 1221 est,
1200 1152 1355 1207 idem
1387 1149 1640 1208 Dallaaus
1672 1147 1819 1205 falso
1842 1148 2013 1219 plane

365 1243 600 1309 asserit,
629 1242 784 1314 quod
813 1241 912 1297 ille
940 1240 1054 1297 sibi
1083 1257 1151 1297 ea
1180 1241 1424 1308 tribuat,
1456 1254 1584 1311 qua)
1612 1237 1833 1294 nemini
1857 1251 2012 1292 mor-

360 1332 461 1387 tali
494 1347 776 1387 concessa
807 1334 967 1386 sunt.

434 1425 625 1479 Instat
645 1421 898 1478 Dallmus
932 1428 1226 1477 auctorem
1257 1425 1522 1477 nostrum
1545 1435 1615 1475 ea
1644 1418 1758 1475 sibi
1778 1416 2014 1473 tribuis-

364 1529 424 1569 se
453 1528 521 1567 eo
553 1512 678 1567 loco
708 1528 772 1566 ac
800 1516 1060 1583 tempore
1090 1527 1206 1582 quo
1232 1512 1407 1566 etiam
1438 1524 1572 1564 vere
1604 1508 1652 1564 si
1686 1507 2010 1571 habuisset,

363 1602 508 1657 nihil
540 1617 775 1657 necesse
835 1605 957 1657 erat
986 1600 1266 1671 explicari
1315 1604 1372 1655 et
1401 1599 1689 1655 ostentari
1716 1596 1761 1653 ⁸.
1803 1597 1913 1653 Sed
1944 1612 2013 1651 ea

362 1696 483 1747 tum
521 1691 630 1747 sibi
662 1691 869 1745 tribuit
923 1690 1203 1759 lgnatius,
1234 1705 1367 1744 cum
1411 1687 1823 1744 auctoritatem
1852 1687 2006 1757 apud

363 1781 689 1836 Trallenses
722 1781 1002 1850 majorem
1037 1780 1143 1833 sibi
1176 1778 1490 1835 conciliare
1541 1777 1747 1842 voluit,
1772 1792 1897 1846 qua
1926 1776 2010 1831 eis

2127 609 2294 664 cibus
2326 606 2764 677 etﬂagitaverat.
2800 610 2874 661 At
2902 606 3166 677 Ignatius
3189 609 3312 663 haec
3347 609 3402 662 in
3434 609 3639 665 eadem
3674 610 3773 667 illa

2126 699 2376 771 epistola
2406 699 2518 768 ipsi
2542 697 2741 765 tradit,
2768 715 2885 754 non
2919 703 2983 752 ut
3023 698 3310 753 tironibus
3344 701 3634 770 magistri,
3669 704 3768 757 sed

2126 794 2190 843 ut
2219 787 2447 844 amicus
2472 788 2682 853 amico,
2710 792 2774 842 ut
2808 786 3001 842 senior
3021 789 3297 859 martyrio
3318 787 3613 859 mortique
3640 806 3771 860 pro-

2124 878 2320 933 ximus
2357 877 2523 933 alteri
2575 875 2746 948 longe
2770 877 2993 947 juniori
3023 876 3184 948 loqui
3216 877 3360 933 solet
3401 884 3458 933 et
3489 879 3765 935 scribere.

2123 971 2417 1030 Quantum
2434 975 2628 1022 autem
2650 965 2911 1036 lgnatius
2934 965 3246 1038 Polycarpo
3259 970 3425 1023 (state
3440 971 3771 1038 provectior

2126 1057 2321 1123 fuerit,
2357 1056 2493 1111 inde
2548 1060 2881 1125 computent
2944 1054 3243 1122 Dallmani,
3289 1058 3441 1127 quod
3475 1056 3573 1112 ille
3613 1074 3769 1114 anno

2126 1146 2228 1200 108
2254 1144 2342 1201 vel
2400 1145 2525 1211 109,
2558 1145 2653 1199 hic
2703 1159 2857 1199 anno
2886 1149 3119 1199 tantum
3166 1144 3273 1199 466
3313 1149 3415 1200 aut
3457 1145 3583 1215 169,
3618 1162 3767 1203 mar°

2124 1240 2282 1306 tyres
2313 1234 2661 1289 occubuisse
2690 1231 2987 1289 dicantur.

2730 1338 2961 1393 CAPUT
2984 1337 3159 1396 XVII.

2124 1466 2322 1505 HARUM
2336 1462 2737 1505 EPISTOLARUM
2754 1460 2974 1503 ιτγισΜ
2995 1462 3129 1503 ESSE
3140 1463 3362 1503 OMNINO
3389 1464 3764 1509 IGNA'I‘IANUM.

2239 1560 2276 1633 §
2306 1556 2354 1618 Ι.
2392 1554 2629 1637 Stylum
2659 1553 3045 1633 epistularum
3076 1574 3192 1616 esse
3221 1555 3639 1634 Ignatianum.
3700 1602 3701 1607 η

2194 1678 2407 1729 Caetera
2435 1671 2630 1728 Dallasi
2685 1676 2887 1727 contra
2920 1671 3030 1726 has
3086 1672 3365 1742 epistolas
3396 1680 3767 1745 argumenta,

2122 1780 2190 1819 ex
2216 1778 2417 1819 earum
2473 1762 2738 1817 oratione
2761 1767 2815 1815 et
2859 1761 3051 1816 verbis
3083 1761 3381 1817 ducuntur
3408 1761 3451 1818 θ.
3497 1764 3763 1820 Primum

364 1871 585 1925 scilicet
610 1847 911 1941 Polybium
934 1870 1196 1940 ipsorum
1223 1868 1774 1939 episcopum,quem
1802 1882 1915 1921 non
1940 1881 2007 1922 ea

2127 1856 2321 1905 autem
2354 1849 2499 1904 illud
2551 1850 2764 1920 arguit,
2798 1847 2957 1919 quod
2988 1864 3087 1903 eas
3132 1849 3315 1920 «ipsa
3344 1851 3543 1906 statim
3584 1853 3766 1907 oratio

365 1961 626 2025 omnino,
650 1976 767 2030 qua
799 1976 904 2029 par
941 1964 1087 2025 erat,
1111 1960 1479 2013 veneratione
1508 1956 1819 2027 complecti
1850 1954 2007 2011 vide-

361 2048 795 2117 bantur,magis
810 2048 1451 2116 commendaret,atque
1471 2061 1570 2101 eos
1592 2046 1875 2099 adversus
1890 2042 2005 2098 ha:-

360 2140 569 2195 reticos
620 2139 887 2194 redderet
918 2137 1206 2193 cautiores
1227 2153 1295 2192 ac
1328 2138 1615 2191 fortiores.
1664 2135 1823 2191 Hanc
1854 2140 2009 2191 certe

359 2231 429 2284 ob
462 2244 703 2283 causam
758 2228 830 2282 de
860 2226 1155 2282 concessis
1187 2226 1297 2281 sibi
1328 2242 1362 2281 a
1411 2231 1527 2279 Deo
1575 2224 2010 2296 cognitionibus

358 2333 659 2373 sermones
682 2316 928 2382 miscet;
964 2315 1066 2371 sed
1114 2315 1243 2371 illos
1273 2314 1554 2370 continuo
1593 2330 1723 2369 vere
1753 2314 2009 2383 lgnatia-

364 2425 458 2475 na,
485 2407 544 2462 id
575 2410 685 2474 est,
710 2421 947 2461 summa
976 2404 1310 2460 humilitate
1331 2407 1619 2475 temperat
1643 2418 1655 2457 :
1691 2424 1719 2453 οι
1746 2403 1859 2458 Sed
1893 2419 2007 2458 non

361 2496 515 2562 novi,
546 2495 765 2567 inquit,
815 2494 863 2548 si
915 2493 1133 2565 dignus
1162 2509 1364 2550 sum...
1397 2492 1609 2548 Praeter
1649 2492 1758 2547 hoc
1804 2492 1927 2563 jam
1952 2496 2011 2547 et

366 2586 690 2658 discipulus
724 2601 879 2641 sum.
916 2606 944 2634 ››

366 2694 494 2771 §ll.
526 2691 729 2773 Neque
752 2693 813 2752 ιή
842 2711 906 2751 eo
936 2690 1094 2771 quod
1126 2690 1452 2773 Trallenges
1478 2707 1694 2770 pueros
1722 2689 2007 2773 appellat,

454 2782 553 2832 aut
681 2773 752 2833 iis
773 2792 903 2853 quae
942 2769 1198 2849 scripsit
1226 2770 1308 2831 ad
1332 2769 1767 2851 Polycarpum,
1799 2769 2008 2832 lassam

457 2862 570 2913 esse
597 2852 821 2932 Ignatii
848 2854 1213 2913 modestiam.

449 2969 695 3024 Rursum
730 2969 979 3025 Dallaaus
1031 2967 1269 3040 opponit
1303 2983 1509 3039 parum
1552 2970 2008 3023 consentaneum

371 3059 546 3113 videri
578 3059 903 3116 Trallenses
926 3057 1159 3127 νηπίους
1191 3074 1413 3127 pueros,
1446 3062 1501 3113 et
1530 3056 1783 3113 infantes
1816 3058 1887 3112 ab
1907 3073 2008 3112 au-

366 3152 517 3203 ctore
552 3153 756 3203 nostro
789 3148 1093 3218 appellari,
1123 3164 1271 3219 quos
1312 3146 1409 3203 ille
1438 3146 1565 3218 ipse
1615 3162 1801 3218 nuper
1835 3166 1861 3196 α
1893 3145 2009 3202 Deo

2122 1938 2377 1995 ostendit
2408 1954 2523 1993 non
2556 1953 2686 1992 esse
2718 1936 2894 1991 unius
2926 1936 3195 2005 ejusdem
3228 1939 3525 2007 auctoris;
3562 1941 3765 1997 multi-

2124 2029 2257 2100 plex
2288 2028 2438 2099 ipsa,
2472 2042 2661 2096 neque
2695 2024 2871 2080 unius
2902 2025 3133 2095 generis
3165 2030 3267 2080 aut
3295 2025 3530 2084 coloris.
3566 2031 3665 2084 »Si
3699 2032 3771 2087 de

2121 2121 2194 2174 iis
2226 2136 2375 2190 quas
2419 2118 2710 2189 genuinas
2771 2131 3017 2186 vereque
3048 2116 3123 2171 ab
3167 2116 3393 2186 lgnatio
3424 2117 3591 2175 datas
3638 2137 3768 2176 esse

2121 2221 2585 2279 propugnamus,
2640 2202 2884 2258 Dallasus
2943 2201 3237 2273 loquatur,
3272 2204 3328 2258 id
3378 2203 3766 2264 falsissimum

2119 2312 2248 2352 esse
2278 2295 2471 2367 palam
2495 2302 2806 2366 aperteque
2857 2292 3327 2363 pronuntiamus.
3374 2293 3580 2364 Liquet
3610 2297 3767 2352 enim

2120 2385 2254 2441 illas
2281 2400 2486 2440 omnes
2516 2384 2719 2438 eodem
2753 2386 3018 2436 exaratas
3050 2380 3234 2436 fuisse
3266 2381 3437 2453 style,
3463 2387 3766 2453 apostolici

2122 2474 2343 2531 scilicet
2374 2471 2737 2540 hominis,ad
2763 2468 3109 2541 martyrium
3139 2472 3528 2543 properantis,
3547 2481 3763 2533 morte-

2123 2580 2235 2637 que
2266 2562 2699 2635 quamprimum
2728 2560 3042 2623 afficiendi,
3075 2561 3174 2630 qui
3205 2561 3263 2616 in
3298 2562 3523 2630 itinere,
3560 2566 3765 2623 vincu-

2122 2654 2313 2726 lisque
2344 2657 2615 2719 onustus,
2649 2666 2716 2705 ea
2747 2649 2945 2704 furtim
2978 2666 3044 2705 ac
3076 2657 3301 2707 secreto
3332 2656 3569 2727 scriptis
3602 2673 3763 2713 man-

2123 2745 2304 2812 davit,
2371 2758 2500 2814 quas
2557 2740 3009 2795 ardentissimus
3066 2741 3406 2799 Christianas
3461 2744 3760 2816 religionis

2123 2850 2287 2890 amor
2316 2830 2431 2903 ipsi
2462 2829 2815 2901 suggerebat
2845 2828 3309 2900 inspirabatque.

2121 2955 2150 3030 §
2181 2956 2261 3013 II.
2281 2949 2482 3009 Vocem
2497 2945 2860 3025 Theophori
2890 2966 3006 3007 esse
3028 2946 3609 3030 lgualianammoces
3629 2971 3769 3014 vero

2228 3038 2416 3112 ἱερέων
2432 3040 2485 3091 et
2508 3036 2813 3111 ἀρχιερέων
2826 3033 2885 3087 in
2905 3027 3168 3107 epistolis
3188 3032 3337 3090 ven’s
3357 3050 3474 3091 non
3486 3034 3763 3112 reperiri.

2197 3154 2428 3217 Contra,
2463 3149 2659 3221 inquit
2694 3145 2962 3211 Dallseus,
2997 3150 3199 3201 auctor
3230 3148 3610 3219 epistolarum
3648 3152 3769 3208 ubi-

366 3239 597 3311 dignos,
632 3243 689 3293 et
711 3245 963 3295 mentem
998 3238 1353 3310 inculpatam
1387 3242 1442 3294 et
1471 3237 1925 3309 insuperabilem
1949 3236 2008 3292 in
2042 3236 2084 3303 C
2125 3261 2237 3317 qua
2260 3239 2515 3312 sumpsit
2535 3235 2862 3308 TheOphori
2886 3241 3359 3308 cognomentum,
3395 3241 3542 3310 quod
3580 3257 3767 3314 neque

365 3330 648 3402 patientia
671 3350 701 3379 »
733 3330 943 3385 habere
974 3330 1141 3385 diXit.
1165 3328 1335 3384 Addit
1356 3333 1551 3384 tamen
1588 3328 1833 3383 Dallaeus
1860 3345 1922 3383 se
1943 3328 2002 3383 id

365 3436 480 3475 non
513 3436 740 3491 urgere.
796 3420 906 3476 Sed
942 3435 1045 3475 nec
1093 3434 1551 3475 commemorare
1594 3417 1711 3474 ullo
1745 3435 2004 3490 unquam

363 3513 535 3566 modo
568 3509 835 3566 debebat.
871 3510 1011 3575 Quis
1042 3509 1197 3565 enim
1222 3508 1442 3565 nesciat
1473 3508 1715 3563 Paulum
1740 3507 2008 3564 similiter

363 3616 603 3656 vocasse
653 3600 983 3656 Corinthios
1041 3597 1269 3668 νηπίους
1300 3599 1558 3671 parvulos
1616 3603 1672 3655 et
1709 3599 2003 3669 infantes;

365 3689 637 3761 quamvis
660 3705 759 3745 eos
786 3690 843 3745 in
872 3688 1100 3744 Christo
1130 3694 1186 3744 et
1232 3688 1289 3744 in
1321 3688 1481 3744 omni
1514 3687 1760 3745 scientia
1799 3688 2008 3746 divites

367 3778 624 3835 dixerit?
657 3778 919 3851 lgnatius
949 3778 1147 3851 itaque
1178 3777 1513 3834 Trallenses
1546 3778 1662 3833 Deo
1711 3778 1921 3850 dignos
1952 3781 2009 3834 et

368 3868 732 3940 inculpatum
780 3872 1035 3924 mentem
1082 3867 1294 3923 habere
1326 3867 1517 3940 potuit
1566 3884 1865 3936 asserere;
1899 3868 2008 3923 etsi

370 3976 466 4016 eos
498 3962 651 4015 circa
681 3959 1055 4016 sublimiores
1087 3960 1330 4015 Deitatis
1370 3958 1730 4031 cognitiones
1778 3956 2006 4027 νηπίους

370 4050 627 4120 parvulos
656 4054 712 4105 et
742 4048 989 4104 infantes
1015 4065 1143 4104 esse
1171 4048 1365 4103 sciret.

440 4138 730 4195 Violatam
790 4140 978 4195 denuo
1036 4136 1235 4207 Ignatii
1271 4136 1615 4193 modestiam
1663 4137 1723 4193 in
1764 4138 2013 4210 epistola

374 4229 443 4284 ad
469 4229 847 4301 Polycarpum
879 4227 1099 4298 duplici
1122 4244 1186 4283 ex
1210 4227 1395 4298 capite
1425 4232 1701 4283 causatur
1724 4227 2007 4297 Dallasus;

374 4326 492 4374 tum
528 4319 685 4390 quod
746 4326 944 4373 auctor
987 4316 1217 4372 titulum
1280 4317 1548 4389 martyris
1602 4317 1715 4372 sibi
1756 4322 2007 4389 arroget,

374 4412 494 4463 tum
528 4408 683 4478 quod
717 4428 747 4457 «
781 4406 1096 4478 Polycarpo
1130 4421 1236 4461 suo
1269 4405 1696 4477 condiscipulo,
1727 4415 1783 4461 et
1813 4408 2009 4462 admi-

374 4498 538 4553 rabili
570 4497 940 4569 Smyrnensis
975 4494 1238 4551 Ecclesiae
1273 4495 1546 4566 episcopo
1580 4495 1651 4550 de
1687 4495 2012 4566 pietate,de

2114 3331 2375 3408 lgnatius
2408 3328 2518 3384 sibi
2553 3342 2813 3399 unquam
2846 3326 3015 3381 vivus
3046 3326 3355 3398 arrogavit,
3386 3344 3572 3400 neque
3604 3334 3760 3403 apud

2113 3421 2544 3482 vetustissimos
2566 3417 2881 3488 scriptores
2913 3415 3377 3487 auditum,plane
3411 3418 3677 3478 fictitium
3702 3428 3759 3479 et

2114 3532 2184 3572 ex
2234 3510 2447 3568 fabulis
2495 3512 2687 3563 ortum
2754 3509 2863 3560 est.
2923 3503 3135 3559 Verum
3198 3508 3547 3563 Pearsonius
3596 3514 3754 3572 vocis

2115 3602 2445 3675 Theophori
2476 3605 2883 3677 antiquitatem
2917 3606 2972 3659 et
3002 3619 3175 3660 usum
3200 3604 3319 3656 tam
3344 3598 3491 3655 clare
3514 3600 3757 3659 demon-

2117 3694 2362 3762 stravit;
2425 3696 2486 3749 ut
2534 3690 2729 3747 Dallaai
2781 3692 3052 3746 defensor
3088 3688 3235 3743 illud
3295 3688 3531 3744 tandem
3590 3690 3758 3747 fateri

2117 3787 2395 3839 coactus:
2430 3804 2457 3831 ‹‹
2525 3780 2751 3847 Multis,
2803 3778 3019 3850 inquit,
3080 3780 3338 3832 veterum
3402 3776 3758 3835 testimoniis

2118 3874 2287 3930 istius
2316 3871 2473 3929 vocis
2504 3887 2678 3927 usum
2732 3886 2797 3927 ac
2850 3868 3308 3925 familiaritatem
3341 3868 3762 3925 demonstravit

2120 3963 2468 4021 Pearsonius
2499 3962 2565 4019 ¹⁰,
2591 3985 2619 4013 ››
2640 3961 3059 4018 Verumtamen
3082 3961 3180 4016 ille
3208 3959 3269 4015 in
3302 3957 3498 4014 Dallssi
3532 3958 3623 4015 sui
3655 3960 3758 4013 de-

2122 4054 2446 4110 fensionem
2467 4056 2746 4109 adversus
2777 4051 3160 4107 Pearsonium
3194 4048 3275 4105 sic
3298 4047 3495 4118 arguit
3520 4064 3533 4103 :
3558 4070 3585 4097 ‹‹
3612 4046 3757 4103 Nul-

2118 4142 2242 4199 lum
2274 4146 2469 4198 tamen
2490 4139 2817 4211 exemplum
2844 4140 3050 4195 afferre
3066 4140 3254 4210 potuit
3275 4134 3463 4192 sancti
3484 4135 3759 4206 alicujus,

2118 4233 2217 4304 qui
2246 4233 2432 4287 instar
2460 4228 2672 4302 Ignatii
2693 4228 3019 4300 TheOphori
3050 4242 3372 4299 cognomen
3397 4225 3508 4281 sibi
3542 4226 3759 4282 tribue-

2122 4321 2211 4377 rit.
2239 4340 2267 4369 »
2301 4322 2431 4373 Haec
2464 4318 2721 4389 profecto
2749 4317 2964 4372 infirmi
2998 4314 3329 4387 argumenti
3364 4314 3653 4369 infirmior
3673 4319 3763 4371 est

2121 4409 2401 4467 defensio.
2436 4407 2634 4464 Potest
2678 4408 2832 4463 enim
2866 4407 3112 4477 scriptor
3150 4404 3365 4477 aliquis
3398 4405 3633 4460 nomine
3673 4403 3760 4460 vel

2121 4503 2467 4575 cognomine
2498 4499 2579 4555 ita
2640 4499 2921 4555 inusitato
2972 4503 3030 4554 et
3077 4496 3538 4554 extraordinario
3570 4496 3763 4568 appel-

374 4587 464 4644 sui
498 4586 757 4641 muneris
782 4585 996 4641 officiis
1027 4585 1106 4640 ita
1128 4584 1327 4640 omnia
1346 4583 1699 4655 prcscipit,ut
1722 4585 2011 4643 tironibus
2045 4608 2089 4672 Ι)
2122 4592 2250 4663 lari,
2284 4595 2350 4647 ut
2409 4589 2609 4646 nullus
2658 4588 2933 4662 deinceps
2982 4577 3049 4644 eo
3110 4587 3434 4659 nuncupari
3491 4586 3758 4644 voluerit.

376 4676 640 4748 magistri
672 4677 858 4731 solent
884 4672 927 4729 7.
963 4696 993 4726 υ
1023 4675 1104 4729 Ad
1131 4675 1385 4745 primum
1419 4674 1843 4744 respondemus
1874 4680 2014 4732 titu-

374 4766 494 4822 lum
529 4766 799 4838 martyris
830 4765 888 4820 in
921 4763 1288 4819 Bibliotheca:
1318 4762 1663 4820 Florentinis
1683 4766 2014 4821 manuscri-

374 4862 467 4927 pto
495 4856 694 4911 codice
744 4858 939 4910 Graeco
970 4854 1217 4923 sincero,
1270 4868 1374 4908 nec
1442 4852 1814 4925 interpolato,
1868 4856 2013 4911 etin

376 4946 615 5017 antiqua
645 4944 806 5000 illius
846 4942 1050 4999 Latina
1078 4942 1344 4999 versione
1378 4943 1619 4999 minime
1657 4944 1916 5016 reperiri.
1951 4947 2013 5003 Id

376 5036 558 5090 cuivis
587 5033 801 5104 legenti
851 5034 934 5088 ita
964 5032 1195 5087 obvium
1234 5036 1361 5099 est;
1407 5036 1474 5087 ut
1522 5031 1738 5088 mirum
1792 5035 1870 5089 sit
1901 5051 2017 5107 qua

376 5125 596 5179 ratione
636 5121 834 5178 Dallaai
894 5122 1165 5177 defensor
1195 5121 1387 5176 dicere
1438 5120 1651 5176 audeat
1679 5120 1738 5177 ':
1778 5145 1807 5173 «
1833 5122 1917 5178 Ita
1937 5128 2018 5180 ta-

378 5230 508 5270 men
545 5230 607 5269 se
638 5212 893 5285 appellat
915 5211 973 5266 in
1006 5209 1264 5281 epistolae
1298 5210 1370 5266 ad
1394 5209 1775 5284 Polycarpum
1808 5212 2017 5270 inscri-

377 5304 570 5376 ptione
600 5303 818 5369 Graeca,
878 5316 1002 5373 quas
1047 5299 1397 5371 interpolata
1438 5317 1555 5357 non
1605 5306 1711 5357 est.
1742 5322 1771 5352 ››
1814 5303 1889 5357 Ad
1926 5319 2022 5360 se-

378 5392 636 5449 cundum
663 5408 799 5448 vero
822 5391 1077 5469 dicimus
1109 5389 1167 5444 in
1209 5404 1275 5444 eo
1307 5388 1552 5459 epistola
1583 5390 1871 5462 Ignatium
1893 5394 2019 5463 plu-

378 5483 527 5539 rima
556 5497 791 5539 morum
822 5479 1172 5553 pietatisque
1201 5478 1513 5535 tradidisse
1550 5485 1859 5553 praecepta,
1894 5500 2020 5555 qua

2128 4683 2340 4739 Deinde
2371 4681 2504 4753 quis
2534 4684 2868 4736 sanctorum
2916 4680 3180 4735 omnium
3214 4678 3581 4733 nominatam
3600 4695 3767 4735 accu-

2125 4777 2246 4828 rate
2268 4770 2626 4839 calluisse,et
2658 4770 3021 4827 recensuisse
3039 4768 3149 4824 dici
3182 4772 3376 4840 potest
3400 4785 3413 4835 ;
3448 4772 3513 4821 ut
3535 4767 3765 4825 nullum

2124 4862 2216 4917 vel
2244 4865 2401 4929 ante,
2434 4860 2517 4916 vel
2551 4864 2679 4930 post
2706 4860 2916 4933 Ignatii
2956 4864 3182 4916 etatem
3217 4874 3282 4913 eo
3308 4857 3629 4928 Theophori
3663 4875 3765 4914 no-

2128 4951 2284 5006 mine
2314 4949 2662 5023 insignitum
2698 4950 2879 5006 fuisse
2921 4963 3180 5005 asserere
3208 4945 3461 5002 audeat?
3506 4945 3768 5018 Denique

2128 5055 2243 5094 non
2275 5038 2347 5094 de
2369 5036 2521 5107 aliis,
2553 5036 2657 5093 sed
2687 5038 2757 5092 de
2812 5037 3038 5108 lgnatio
3069 5034 3193 5090 solo
3226 5033 3319 5090 hic
3371 5034 3612 5105 quaestio
3642 5052 3766 5092 mo-

2128 5131 2313 5197 vetur,
2356 5142 2496 5181 num
2558 5124 2883 5197 Theophori
2936 5138 3257 5195 cognomen
3289 5123 3529 5178 sortitus
3560 5122 3655 5179 sit.
3700 5126 3767 5181 At

2130 5220 2213 5277 ita
2243 5236 2306 5275 se
2367 5234 2487 5274 rem
2520 5217 2735 5273 habere
2791 5216 2863 5271 ab
2897 5232 2962 5272 eo
3021 5215 3296 5283 laudatis,
3355 5230 3423 5269 ex
3453 5214 3660 5271 Photio
3696 5219 3765 5289 ιι,

2130 5315 2187 5366 et
2242 5308 2543 5365 Theodoro
2589 5306 2917 5379 presbytero
2951 5304 3018 5373 η,
3076 5303 3371 5375 Stephano
3431 5304 3659 5362 Gobaro
3707 5306 3770 5378 η,

2130 5402 2305 5471 atque
2347 5395 2656 5469 Ephremo.
2708 5394 3126 5467 Theopolitano
3182 5393 3335 5450 circa
3394 5412 3614 5451 annum
3666 5396 3776 5452 526
3848 5446 3851 5449 .

2133 5486 2494 5563 patriarcha,
2526 5502 2631 5544 nec
2685 5501 2801 5543 non
2832 5501 2900 5542 ex
2928 5484 3080 5540 veris
3130 5487 3186 5539 et
3212 5483 3456 5540 sinceris
3503 5485 3774 5557 ejusdem

445 5603 467 5639 ο
521 5618 656 5731 ἔας,
715 5596 841 5655 373,
890 5594 912 5630 ⁷
968 5612 1095 5666 cap.
1143 5594 1235 5661 Μ,
1295 5612 1351 5667 p.
1411 5594 1538 5663 2'75,
1586 5595 1713 5653 276.
1766 5595 1791 5631 ⁸
1847 5618 1977 5676 pag.

398 5674 421 5710 ²
453 5690 518 5732 co
567 5715 580 5730 .
604 5672 730 5730 232.
766 5670 811 5706 ¹³
838 5670 966 5726 cod.
998 5671 1122 5726 229.

2125 5607 2164 5662 ι.
2224 5605 2248 5639 ⁹
2300 5620 2427 5678 cap.
2477 5604 2570 5673 23,
2623 5620 2677 5676 p.
2738 5600 2862 5659 3’77.
2928 5599 2972 5635 ¹⁰
3030 5616 3163 5673 pag.
3222 5599 3348 5657 292.
3394 5602 3432 5637 “
3468 5603 3597 5661 cod.
3652 5604 3774 5661 126.

604 5670 730 5730 232.
766 5670 811 5706 ¹³
838 5670 966 5726 cod.
998 5671 1122 5726 229.
