4112 6132
341 382 458 441 535

1297 431 1302 436 .
1399 374 1464 437 S.
1509 372 1904 437 IGNATIUS.
1953 403 2011 416 --
2068 372 2682 440 PROLEGOMENA.
2727 455 2734 459 -

3639 378 3760 464 536

335 510 546 586 Ignatii
603 509 863 584 martyrii
896 508 1053 566 Actis
1110 524 1240 566 cum
1296 509 1507 566 Graecis
1563 512 1690 566 tum
1750 507 1975 566 Latinis
2004 513 2060 584 Α
2089 509 2304 582 scopis,
2339 511 2690 584 presbyteris
2716 515 2774 569 et
2803 511 3086 582 diaconis,
3134 509 3386 584 singulis
3420 510 3763 584 quibusque

330 599 551 672 liquido
584 601 988 671 probaturdiis
1021 600 1271 672 denique
1291 615 1605 670 possumus
1631 598 1973 655 subnectere

330 689 672 759 Eusebium,
705 692 804 762 qui
837 690 984 747 nihil
1007 691 1140 747 novi
1172 696 1272 747 aut
1304 687 1552 746 fabulosi
1579 691 1636 745 in
1667 689 1776 745 hoc
1808 693 1974 761 lgna-

334 783 398 839 tii
433 783 784 855 cognomine
816 800 1076 855 unquam
1111 787 1442 855 suspicatus
1469 786 1579 840 est.

403 874 517 929 Nec
546 877 671 928 erat
701 874 858 946 quod
890 872 1141 929 Dallaeus
1170 889 1240 928 ex
1258 873 1448 928 verbis
1478 870 1663 946 ἱερέων
1698 874 1754 928 et
1785 870 1973 944 ἀρχιε-

337 961 472 1038 ρέων
505 964 778 1034 deinceps
828 965 1074 1020 instaret
1097 963 1162 1018 ¹⁴.
1202 962 1308 1019 Illa
1341 962 1558 1035 quippe
1588 979 1708 1019 non
1739 962 1797 1016 in
1840 977 1975 1017 vero

334 1055 436 1110 sed
469 1054 815 1127 interpolato
870 1053 1250 1126 epistolarum
1282 1058 1441 1109 textu
1489 1053 1880 1125 reperiuntur.
1914 1052 1976 1108 Si

336 1151 532 1201 autem
573 1145 634 1201 in
684 1145 931 1217 epistola
961 1145 1033 1200 ad
1076 1143 1618 1216 Philadelphienses
1648 1141 1824 1198 simul
1872 1141 1974 1198 ali-

333 1238 569 1308 quando
599 1244 926 1304 occurrant,
947 1234 1162 1290 ibidem
1189 1239 1256 1289 ad
1285 1233 1548 1290 Mosaicae
1575 1231 1718 1303 legis
1740 1231 1977 1304 presby-

333 1326 605 1396 teros,vel
635 1326 930 1384 Christum
959 1325 1330 1382 sacerdotum
1363 1325 1622 1380 omnium
1653 1323 1976 1395 principem

335 1417 792 1492 significandum
821 1416 921 1473 illa
955 1417 1218 1488 lgnatius
1252 1416 1539 1473 adhibuit.

926 1542 1152 1602 CAPUT
1178 1543 1381 1601 XVIII.

329 1676 500 1718 VOCES
532 1673 786 1716 EPISCOPI
824 1673 892 1712 ET
942 1668 1286 1714 PRESBYTERI
1335 1673 1449 1712 NON
1477 1673 1627 1722 ALIO,
1662 1672 1825 1719 QUAM
1851 1673 1979 1713 APO-

402 1748 693 1789 STOLOBUM
741 1748 809 1786 ET
858 1746 1114 1786 VIRORUI
1181 1745 1645 1786 APOSTOLICORUM
1694 1746 1862 1786 ςεΝΒυ
1914 1746 1982 1786 ΔΒ

403 1821 625 1862 ιαΝΑτιο
653 1818 1008 1860 υευιιΡΑΤΑε.

338 1915 369 1988 §
397 1911 691 1992 Lignah’o
691 1911 801 1993 jus
815 1909 999 1988 fuisse
1018 1929 1086 1972 ea
1103 1911 1352 1972 nomina
1377 1909 1797 1991 distinguendi
1803 1911 1985 1983 ,i'deo-
2017 1895 2062 1964 Β

775 2012 887 2074 que
915 2003 1072 2054 recte
1093 2011 1160 2052 ea
1183 1993 1546 2053 distinxisse.

410 2112 754 2178 Maximum,
787 2112 1060 2184 quodque
1084 2112 1292 2169 Dallreo
1324 2111 1608 2168 invictum
1637 2113 1870 2170 videtur
1898 2131 1988 2172 ar-

337 2209 680 2274 gumentum
712 2202 777 2273 ",
807 2203 948 2257 illud
981 2207 1091 2270 est,
1152 2203 1306 2274 quod
1337 2203 1602 2274 .scriptor
1631 2209 1829 2260 noster
1859 2220 1992 2276 pre-

339 2295 556 2362 sbyteri
588 2298 645 2348 et
694 2292 950 2363 episcOpi
987 2291 1240 2362 nomina,
1292 2309 1414 2362 quae
1472 2291 1718 2364 apostoli
1767 2293 1990 2364 virique

342 2383 646 2454 apostolici
681 2387 943 2447 confuse,
995 2383 1346 2452 promiscue,
1380 2387 1437 2438 et
1481 2383 1988 2440 indiscriminatim

342 2490 576 2545 semper
604 2477 980 2543 acceperunt;
1040 2487 1108 2527 ea
1137 2471 1235 2527 ille
1271 2489 1385 2528 non
1444 2471 1625 2527 semel
1654 2477 1712 2526 et
1751 2472 1985 2540 iterum,

340 2565 442 2618 sed
479 2569 778 2634 perpetuo,
810 2567 865 2618 et
898 2562 958 2617 in
990 2562 1268 2617 omnibus
1299 2561 1514 2630 ubique
1565 2559 1832 2632 epistolis
1870 2578 1984 2618 non

333 2659 565 2710 tantum
626 2659 895 2709 accurate
941 2662 994 2708 et
1047 2653 1312 2722 religiose
1370 2652 1713 2725 distinguat,
1773 2655 1874 2710 sed
1920 2671 1986 2711 eo

333 2758 565 2814 quoque
596 2757 770 2798 sensu
806 2747 1073 2813 usurpet,
1121 2759 1234 2812 quo
1265 2760 1298 2797 a
1327 2742 1482 2798 tertii
1510 2747 1739 2798 tantum
1764 2748 1822 2798 et
1851 2743 1986 2800 sub-

334 2832 704 2901 sequentium
765 2832 1114 2888 saeculorum
1148 2831 1494 2888 Christianis
1537 2835 1816 2903 usurpata
1843 2833 1986 2905 legi-

333 2936 486 2976 mus.
510 2924 632 2986 Quo
663 2937 804 2977 sane
848 2926 1192 2992 argumento
1225 2920 1472 2978 Dallazus
1502 2923 1846 2993 scriptorem
1879 2939 1984 2978 no-

334 3015 517 3065 strum
551 3027 666 3065 non
715 3019 848 3066 ante
898 3011 1178 3067 saeculum
1240 3012 1474 3068 tertium
1532 3009 1810 3082 epistolas
1843 3028 1982 3068 suas

334 3118 604 3157 exarasse
654 3107 808 3157 certo
863 3119 926 3157 se
960 3104 1359 3158 demonstrare
1418 3101 1751 3157 arbitratur.
1808 3101 1981 3158 Porro

339 3207 444 3245 nos
467 3192 562 3245 ille
591 3192 744 3246 serio
797 3198 1014 3259 monet,
1049 3208 1112 3248 se
1145 3209 1256 3248 non
1292 3191 1362 3248 de
1393 3208 1452 3246 re
1486 3193 1628 3262 ipsa,
1664 3191 1765 3246 sed
1791 3191 1860 3246 de
1890 3207 1982 3247 so-

337 3279 410 3333 lis
467 3280 723 3351 episcopi
769 3287 827 3336 et
863 3281 1184 3352 presbyteri
1245 3281 1584 3337 nominibus
1643 3281 1982 3353 disputare:
2020 3272 2062 3340 C

339 3390 366 3418 ιι
401 3367 566 3424 Nunc
600 3368 670 3424 de
719 3387 778 3425 re
814 3371 960 3442 ipsa,
1020 3371 1208 3441 inquit
1232 3369 1298 3440 ‘6,
1357 3388 1469 3426 non
1502 3373 1758 3442 disputo.
1803 3371 1984 3428 Done-

341 3475 474 3513 mus
505 3459 846 3515 doctissimo
875 3460 1195 3526 Hamondo,
1216 3461 1365 3527 quod
1401 3459 1500 3516 ille
1523 3469 1638 3516 tam
1676 3461 1982 3519 vehemen-

338 3552 425 3602 ter
455 3551 639 3620 cupit,
672 3572 701 3600 ››
735 3549 1011 3605 nimirum
1046 3548 1151 3603 hos
1182 3550 1418 3605 ordines
1467 3566 1664 3606 revera
1687 3550 1868 3607 luisse
1899 3552 1982 3607 di-

332 3641 597 3696 stinctos.
633 3645 696 3694 Et
745 3640 917 3712 paulo
952 3643 1114 3711 post:
1152 3660 1180 3689 ι(
1223 3644 1299 3696 De
1361 3640 1615 3712 episcopi
1661 3643 1892 3696 tantum
1922 3645 1978 3697 et

329 3731 653 3809 presbyteri
712 3731 1053 3787 nominibus
1099 3747 1388 3802 quaero....
1439 3730 1510 3787 de
1559 3729 1776 3803 quibus
1819 3747 1974 3786 nunc

2083 614 2188 669 pro
2215 616 2320 656 suo
2351 601 2554 659 ordine
2609 602 2898 670 debitam,
2933 619 3062 675 quae
3088 602 3213 658 sine
3235 601 3605 674 singulorum
3645 619 3755 658 no—

2085 689 2315 746 minum
2345 691 2721 749 distinctione
2739 692 3020 750 declarari
3044 709 3158 750 non
3192 697 3403 764 potest,
3449 691 3510 748 in
3541 692 3753 765 primis

2087 781 2460 838 commendat
2488 787 2547 839 et
2577 783 2858 856 praecipit.

2159 871 2303 927 Huic
2332 877 2526 929 autem
2559 879 2768 930 nostrae
2791 873 3158 946 responsioni
3186 889 3297 930 non
3330 871 3520 930 solum
3546 890 3616 930 ex
3646 873 3741 944 iis,

2088 977 2215 1034 quas
2274 962 2620 1034 imprudens
2688 963 2942 1020 Dallaaus
2999 965 3308 1031 concessit,
3342 965 3442 1020 sed
3493 981 3562 1021 ex
3617 963 3750 1036 ipsa

2084 1051 2263 1108 etiam
2295 1050 2640 1124 rigidiorum
2673 1055 3226 1126 presbyteranorum
3246 1053 3523 1126 opinione
3556 1053 3742 1126 pluri-

2090 1158 2253 1198 mum
2294 1143 2523 1200 roboris
2554 1145 2780 1200 accedit
2809 1151 2867 1202 et
2894 1143 3274 1203 ﬁrmamenti.
3308 1145 3537 1202 Etenim
3573 1144 3756 1200 Blon-

2089 1231 2422 1304 dellus,quo
2458 1249 2630 1291 nemo
2664 1236 2814 1291 inter
2832 1236 3281 1308 presbyteranos
3314 1234 3754 1308 rigidior,docet

2092 1322 2552 1394 apostolicorum
2587 1324 2847 1380 virorum
2901 1328 3165 1395 tempore
3194 1323 3570 1380 vetustiorem
3619 1341 3752 1395 pre-

2092 1412 2393 1484 sbyterum
2425 1413 2483 1468 in
2510 1412 2768 1470 defuncti
2799 1413 3060 1486 episcopi
3091 1412 3286 1470 locum
3319 1413 3481 1469 nulla
3503 1413 3745 1485 quidem

2092 1501 2376 1558 electione
2406 1502 2496 1559 vel
2533 1503 2923 1569 ordinatione,
2957 1505 3057 1560 sed
3103 1503 3230 1560 solo
3261 1503 3748 1575 antiquitatisju-

2093 1611 2174 1660 re,
2207 1610 2274 1650 ea
2308 1595 2429 1666 lege
2488 1595 2874 1667 subrogatum
2926 1596 3144 1663 fuisse;
3177 1601 3242 1652 ut
3266 1612 3332 1651 eo
3384 1594 3512 1666 ipso
3545 1594 3745 1667 prima

2094 1685 2405 1753 cathedrae,
2465 1685 2926 1758 praesidialisque
2980 1687 3287 1759 potestatis
3338 1689 3461 1758 jus,
3516 1687 3746 1743 caeteris

2094 1775 2452 1847 presbyteris
2485 1781 2785 1848 negatum,
2817 1775 2898 1833 illi
2919 1776 3294 1832 tribueretur.
3325 1775 3435 1842 Qui
3457 1780 3652 1832 autem
3679 1776 3740 1830 in

2095 1881 2184 1930 ea,
2217 1865 2352 1922 licet
2373 1864 2538 1936 falsa,
2571 1872 2713 1922 sunt
2742 1865 3038 1938 opinione,
3071 1866 3321 1923 inﬁciari
3365 1881 3743 1938 nequaquam

2099 1959 2350 2026 possunt
2388 1971 2599 2011 nomen
2617 1955 2877 2028 episcopi
2911 1955 3289 2028 presbyteris,
3313 1956 3410 2028 qui
3446 1972 3512 2011 eo
3539 1955 3746 2027 prima

2097 2045 2388 2102 cathedris
2445 2045 2911 2118 praesidialisque
2984 2046 3287 2118 potestatis
3339 2048 3471 2116 jure
3529 2045 3739 2116 privati

2094 2147 2279 2205 erant,
2331 2141 2542 2193 merito
2569 2138 2643 2194 ab
2703 2138 2930 2210 Ignatio
2978 2141 3372 2210 denegatum;
3433 2155 3498 2194 ac
3533 2137 3748 2193 merito

2097 2227 2340 2298 proinde
2370 2227 2611 2282 nomina
2647 2226 2905 2299 episcopi
2937 2231 2993 2283 et
3046 2227 3367 2298 presbyteri
3397 2228 3470 2283 ab
3503 2226 3602 2282 illo
3634 2243 3742 2283 nec

2095 2316 2397 2382 confundi,
2461 2333 2565 2373 nec
2595 2318 2926 2388 promiscue
2957 2317 3598 2389 indiscriminatimque
3634 2316 3744 2372 ha-

2094 2405 2238 2462 beri.
2273 2406 2352 2461 Ad
2385 2406 2803 2477 distinguenda
2831 2405 2988 2462 enim
3027 2422 3220 2462 rerum
3256 2406 3515 2476 nomina,
3545 2421 3742 2462 veram

2093 2511 2289 2551 rerum
2326 2495 2588 2566 ipsarum
2620 2495 3060 2551 distinctionem
3093 2496 3238 2552 satis
3272 2513 3567 2569 superque
3590 2513 3741 2570 esse,

2096 2584 2318 2652 nullus,
2352 2585 2582 2656 opinor,
2611 2585 2984 2641 dubitaverit.

2095 2678 2124 2751 §
2158 2675 2234 2743 ll.
2259 2678 2411 2736 Haec
2430 2681 2674 2738 nomina
2697 2676 2766 2762 ab_
2787 2676 3090 2762 apostolis,
3117 2678 3379 2760 virisque
3408 2678 3744 2762 apostolicis

2659 2759 2841 2834 fuisse
2871 2758 3172 2821 distincta.

2164 2856 2293 2912 Haec
2320 2872 2460 2912 sane
2510 2856 2584 2913 ad
2615 2857 3038 2914 destruendum
3085 2859 3440 2932 penitusque
3487 2865 3742 2917 everten-

2093 2946 2232 3002 dum
2278 2946 2599 3002 maximum
2642 2944 2834 3001 Dallaei
2884 2951 3300 3018 argumentum
3347 2948 3455 3004 etsi
3505 2949 3736 3003 abunde

2092 3036 2409 3104 sufficiant,
2453 3037 2523 3092 ad
2552 3053 2673 3093 rem
2700 3043 2897 3093 tamen
2932 3055 3118 3111 ipsam
3140 3039 3576 3094 examinandam
3604 3038 3728 3094 ani-

2093 3126 2617 3182 molubentissimo
2643 3128 3203 3199 aggredimur.Quod
3227 3129 3400 3200 igitur
3417 3127 3734 3198 apostolos,

2103 3216 2571 3288 apostolicosque
2595 3216 2747 3272 viros
2779 3218 3006 3274 duobus
3035 3218 3322 3290 prioribus
3339 3217 3610 3274 Ecclesiae
3634 3235 3735 3274 saa-

2101 3306 2252 3362 culis
2283 3308 2524 3362 nomina
2545 3308 2802 3378 episcopi
2827 3313 2884 3364 et
2924 3309 3248 3380 presbyteri
3279 3325 3508 3381 semper
3534 3310 3744 3364 confu-

2094 3395 2250 3452 disse
2279 3412 2344 3452 ac
2389 3395 2842 3452 indiscrimatim
2902 3401 2958 3454 et
3009 3398 3342 3468 promiscue
3401 3414 3742 3470 usurpasse,

2091 3489 2259 3541 tanta
2285 3485 2500 3541 ﬁducia
2565 3485 2822 3542 Dallaeus
2883 3488 3118 3556 asserit,
3152 3487 3210 3543 id
3254 3488 3468 3544 falsum
3503 3489 3745 3543 omnino

2087 3580 2198 3644 est,
2234 3576 2588 3648 penitusque
2622 3577 2910 3632 lictitium.
2949 3577 3018 3632 Et
3048 3578 3239 3650 primo
3272 3577 3507 3649 quidem
3541 3579 3597 3634 in
3631 3577 3739 3634 hoc

2085 3665 2270 3721 falsus
2297 3673 2384 3721 est
2414 3666 2688 3734 Dallaeus,
2726 3667 2880 3738 quod
2910 3665 3100 3738 plura,
3134 3683 3310 3738 quam
3361 3685 3467 3740 par
3491 3672 3634 3735 erat,
3667 3685 3738 3725 ex

2083 3755 2211 3829 ipso
2243 3756 2798 3828 Presbyteranorum
2831 3773 3073 3813 suorum
3099 3758 3436 3814 testimonio
3469 3763 3734 3830 tempora

323 3820 464 3875 solis
489 3821 745 3891 disputo.

2091 3820 2542 3918 complexus-sit.
2595 3847 2742 3902 Nam
2792 3847 3128 3904 Blondellus
3162 3820 3728 3921 Prcsbyteranorum

393 3906 614 4006 Verum.
643 3909 696 4006 si
728 3910 981 4006 episcopi
1009 3914 1074 4006 et
1105 3907 1426 3983 presbyteri
1447 3909 1692 4006 ordines
1728 3908 1877 4006 ῖηξιθξ
1907 3926 1968 3966 3°
2078 3935 2313 4003 erroris,
2351 3936 2433 3991 uti
2485 3936 2761 4006 diximus,
2793 3938 3116 3994 acerrimus
3165 3906 3460 4006 defensor,
3493 3939 3734 3994 indubi-

320 4014 527 4101 rovera‘
561 3999 823 4101 distincti
874 4001 1113 4101 fuerint,
1165 4017 1382 4100 eosque
1430 4000 1967 4101 disti‘nc‘tosduisse
2077 3999 2542 4080 tanterémrmat
2601 3999 2810 4082 nova'm
2869 4028 3105 4083 creandi
3165 3999 3727 4101 episcopi'formam,

314 4089 592 4188 δί’ῖξθθίξθί
627 4089 893 4188 Danai”,
929 4091 1000 4188 ‘fb
1037 4108 1116 4188 e°_
1153 4089 1328 4188 θιξδξη
1385 4088 1586 4161 Prom]
1626 4089 1805 4188 (ξοδίο
1827 4107 1963 4188 009‘
2075 4132 2192 4187 qua
2242 4115 2598 4188 presbyteris
2657 4117 2922 4187 superior
2951 4088 3475 4185 constituiturfab
3508 4088 3726 4174 Christi

314 4177 638 4234 cedendum
664 4186 768 4280 es"
801 4180 1156 4280 j"5_lg“_‘_‘”°
1207 4179 1387 4280 (“isse
1420 4180 1759 4280 eorurf‘dem
1802 4181 1963 4280 Ordif
2073 4177 2226 4261 anno
2242 4177 2362 4260 ⁸130
2394 4177 2576 4261 inisse
2605 4177 3023 4262 introductam.
3062 4209 3133 4262 At
3162 4177 3574 4280 certe'negare
3606 4225 3724 4265 non

313 4285 454 4371 “an
493 4286 734 4371 Ποξῃηξθ
756 4271 812 4324 in
838 4271 1482 4371 θρξεξίξλξίῗιδθτίρξίθίῖυῗ
1506 4271 1630 4325 suis
1652 4288 1879 4371 θεωρεῖτ’
1908 4275 1964 4328 et
2071 4302 2322 4368 possunt
2354 4297 2952 4370 Presbyterani,hunc
2984 4298 3240 4370 episcOpi
3273 4271 3723 4371 supravpresby-

317 4359 532 4459 ubique
564 4359 1194 4434 distinguendi.Nullus
1219 4360 1374 4460 enim
1407 4361 1524 4460 ullo
1553 4367 1960 4434 unquamjure
2070 4359 2225 4442 {eros
2259 4359 2556 4458 gradum"
2593 4359 2791 4442 secum
2843 4359 3104 4458 ερεοηςω
3148 4359 3382 4460 φοίνιξ,
3413 4359 3723 4446 ηοήιίηυξη

311 4449 601 4520 suspicari
634 4457 841 4521 potest,
894 4451 1197 4524 multoque
1259 4450 1457 4506 minus
1509 4450 1725 4508 inferre
1764 4453 1956 4526 debet,

2094 4475 2357 4532 avexisse
2416 4476 2877 4532 distinctionem.
2928 4481 3057 4534 Non
3108 4478 3262 4533 enim
3296 4477 3409 4534 alia
3450 4479 3519 4534 de
3543 4495 3727 4535 causa

307 4538 526 4610 scripta
577 4541 830 4596 auctoris
889 4540 1139 4614 alicujus
1195 4541 1324 4596 ideo
1374 4543 1790 4612 proscribenda
1829 4560 1956 4600 esse

2091 4580 2194 4620 :am
2229 4565 2402 4621 tertio
2433 4565 2645 4622 saaculo
2670 4565 2882 4621 factam
2919 4565 3101 4622 fuisse
3132 4566 3274 4622 dicit
3303 4567 3576 4638 Dallaeus,
3609 4567 3732 4624 nisi

306 4629 541 4702 ipsique
568 4631 1147 4704 abjudicanda,quod
1191 4630 1249 4686 in
1273 4629 1344 4686 iis
1374 4646 1442 4686 ea
1472 4633 1711 4689 nomina
1740 4633 1954 4689 distin-

2091 4653 2208 4726 [uia
2234 4654 2628 4712 novacreandi
2650 4655 2989 4728 episcopum
3007 4656 3193 4713 forma
3216 4661 3355 4712 tunc
3386 4657 3724 4716 introducta

306 4727 730 4798 xerit,quorum
757 4725 864 4780 rite
883 4724 1432 4796 distinguendorum
1455 4727 1558 4798 jus
1578 4730 1954 4798 potestatem-

304 4835 419 4892 que
452 4818 724 4876 habebat.

374 4914 466 4977 At,
498 4908 688 4980 inquit
712 4907 982 4974 Dallaau,
1008 4907 1255 4980 apostoli
1302 4909 1528 4982 virique
1550 4909 1856 4983 apostolici
1888 4927 1956 4967 ea

302 4999 544 5055 nomina
573 5015 688 5054 non
722 4997 1057 5054 distinxere.
1091 4999 1228 5054 Esto
1261 5015 1374 5055 non
1407 4998 1954 5066 distinxerint.Quid

303 5089 439 5145 inde
470 5088 724 5146 Dallieus
774 5089 1061 5160 conjicere
1093 5093 1298 5161 potest,
1361 5088 1476 5146 nisi
1509 5089 1643 5145 illos
1689 5091 1825 5162 jure
1846 5108 1952 5148 suo

299 5197 402 5236 nec
435 5197 575 5237 usos
597 5195 745 5248 esse,
779 5197 885 5236 nec
918 5181 1002 5236 uti
1043 5179 1316 5250 voluisse,
1351 5197 1465 5252 quo
1494 5179 1749 5252 {quidem
1783 5182 1953 5254 Igna-

294 5270 414 5327 tius
448 5272 530 5327 uti
561 5271 1004 5344 voluit,sibique
1037 5272 1322 5327 utendum
1354 5285 1484 5328 esse
1506 5271 1693 5342 justis
1723 5271 1796 5326 de
1820 5287 1954 5328 cau-

293 5361 375 5416 sis
397 5360 714 5416 arbitratus
747 5360 885 5417 est?
915 5345 977 5417 Ih
1014 5360 1280 5433 epistolis
1321 5362 1480 5418 enim
1526 5362 1674 5431 suis,
1704 5379 1848 5435 quas
1879 5364 1949 5420 ad

294 5450 586 5506 Ecclesiae
618 5450 930 5523 dirigebat,
964 5460 1018 5508 et
1054 5453 1112 5508 in
1145 5453 1217 5510 iis
1248 5454 1481 5526 publice
1513 5454 1792 5527 legendas
1822 5470 1952 5510 esse

294 5539 677 5596 subdubitare
695 5541 1341 5612 poterat,obedientiam
1359 5560 1426 5601 ac
1439 5545 1822 5602 reverentiam
1836 5545 1952 5617 epi-

373 5693 421 5731 ¹⁴
448 5710 576 5769 cap.
609 5694 701 5767 25,
733 5711 792 5767 p.
823 5694 950 5753 383.
981 5694 1028 5731 ¹⁸
1056 5712 1183 5770 cap.
1215 5697 1306 5767 26,
1339 5714 1397 5770 p.
1429 5699 1556 5756 386.
1586 5699 1630 5736 ¹⁶
1661 5715 1789 5774 pag.
1823 5701 1947 5760 386.

2066 4749 2172 4800 est.
2205 4747 2346 4801 Cum
2405 4743 2506 4800 illa
2535 4762 2667 4815 ergo
2692 4746 2864 4816 juxta
2922 4744 3380 4819 Presbyteranos
3431 4764 3584 4805 anno
3617 4749 3721 4803 130

2067 4835 2220 4890 facta
2241 4835 2340 4903 sit,
2383 4835 2754 4908 septuaginta
2805 4835 2946 4892 anni
2976 4853 3009 4893 a
3039 4836 3327 4894 Dallaeano
3368 4835 3591 4894 calculo
3613 4838 3716 4894 de-

2065 4924 2332 4981 trahendi
2365 4930 2526 4981 sunt.

2133 5013 2265 5070 Jam
2299 5030 2432 5071 vero
2463 5015 2514 5071 si
2545 5016 2618 5072 ad
2653 5016 2960 5088 superiora
3006 5023 3270 5090 tempora
3297 5020 3713 5088 ascendamus,

2065 5103 2368 5160 Dallaaanie
2393 5106 2733 5162 assertionis
2764 5106 2991 5163 falsitas
3020 5107 3254 5180 planius
3279 5108 3716 5182 dilucidiusque

2065 5194 2629 5266 apparebit.Nemini
2654 5196 2871 5268 quippe
2901 5197 3166 5268 ignotum
3201 5203 3289 5253 est
3323 5215 3500 5270 quam
3534 5216 3720 5270 pauca

2066 5283 2236 5339 nobis
2296 5283 2588 5355 supersint
2646 5283 3099 5354 apostolicorum
3170 5286 3426 5341 virorum
3476 5286 3714 5358 scripta,

2065 5389 2170 5428 nec
2202 5370 2309 5428 ulli
2341 5373 2586 5428 dubium
2621 5389 2752 5428 esse
2783 5377 2999 5444 potest,
3043 5373 3185 5445 quin
3224 5373 3479 5446 plurima
3506 5392 3710 5431 eorum

2065 5477 2241 5534 opera
2286 5461 2405 5518 sint
2440 5462 2764 5533 deperdita,
2821 5478 3009 5533 neque
3058 5463 3116 5518 in
3177 5473 3407 5520 nostras
3456 5466 3721 5523 venerint

2067 5566 2295 5609 manus.
2329 5549 2494 5610 Unde
2528 5568 2665 5626 ergo
2691 5551 2964 5626 probabit
2994 5549 3268 5624 Dallieus,
3309 5570 3516 5612 omnes
3543 5554 3723 5628 primi
