4112 6132
359 349 476 409 537

1311 355 1383 414 D.
1431 355 1762 420 NOURBlI
1807 358 2348 422 DISSERTATIO.
2399 393 2472 403 —
2515 358 2722 422 PARS
2771 362 2822 421 Ῑ.

3656 362 3779 422 538

365 492 422 544 et
447 489 693 546 secundi
723 489 920 548 seculi
950 492 1268 566 scriptores
1305 495 1532 555 nullum
1569 513 1830 570 unquam
1860 497 2015 556 inter
2042 499 2096 567 Α
2127 497 2613 556 consuetudinem
2638 495 2882 554 secundi
2914 494 3106 552 saeculi
3139 495 3623 570 scriptorum,qui
3644 495 3778 552 istis

360 578 619 652 episcopi
652 585 707 635 et
756 583 1077 653 presbyteri
1108 586 1349 643 nomina
1389 587 1767 645 constituisse
1800 588 2012 645 discri-

359 684 492 724 men
517 669 544 724 ?
577 669 857 743 Nunquid
880 672 990 743 ipsi
1017 676 1246 747 quodin
1278 677 1590 749 deperditis
1609 681 1848 736 Patrum
1878 695 2014 752 ope-

357 758 521 814 ribus
554 760 837 832 scriptum
871 763 1068 832 fuerit,
1101 767 1458 838 patefactum
1489 771 1624 825 est?

430 868 767 939 Respondet
819 870 1071 930 Dallaeus
1106 890 1168 931 se
1216 874 1276 932 id
1305 877 1552 948 probare
1582 894 1652 936 ex
1671 877 2014 952 Chrysosto-

356 974 474 1028 mo,
529 958 914 1032 Thecdoreto,
949 963 1200 1037 aliisque
1260 968 1705 1041 posterioribus,
1740 971 1840 1042 qui
1890 970 2013 1028 haec

357 1047 599 1105 nomina
629 1052 965 1118 apostolicis
997 1057 1360 1128 temporibus
1395 1059 1672 1116 distincta
1711 1067 1768 1116 et
1801 1060 2013 1117 discri-

357 1137 582 1195 minata
631 1141 812 1198 fuisse
861 1148 1060 1215 aperte
1116 1145 1474 1206 iuﬁeiantur.
1508 1154 1658 1206 Bene
1690 1157 1776 1208 est
1832 1155 2008 1219 certe,

358 1229 512 1298 quod
544 1228 645 1286 ille
671 1247 770 1287 eos
807 1234 976 1290 nobis
1005 1236 1291 1308 producat
1323 1243 1522 1306 testes,
1556 1241 1658 1312 qui
1706 1248 1907 1297 contra
1937 1240 2010 1296 il-

357 1319 470 1375 lius
494 1319 830 1393 Opinionem
866 1325 1283 1397 gravissimum
1318 1327 1487 1401 plane
1517 1329 1722 1386 dicunt
1752 1330 2012 1386 testimo-

356 1410 541 1465 nium.
577 1410 644 1466 Hi
679 1428 889 1485 nempe
943 1415 1216 1488 quamvis
1267 1418 1487 1488 optime
1535 1425 1776 1477 nossent
1806 1420 1864 1475 in
1923 1419 2010 1476 his

353 1500 617 1574 epistolis
650 1504 888 1561 nomina
917 1507 1176 1580 episcopi
1208 1512 1266 1564 et
1296 1509 1616 1582 presbyteri
1651 1528 1888 1584 semper
1917 1513 2008 1567 di-

353 1593 594 1666 stingui,
629 1612 733 1652 nec
766 1597 916 1653 inter
945 1615 1008 1654 se
1040 1598 1156 1655 ullo
1189 1616 1449 1672 unquam
1487 1603 1658 1658 modo
1690 1604 2006 1673 confundi;

353 1681 484 1740 illas
515 1689 713 1742 tamen
739 1686 964 1760 Ignatio
993 1694 1191 1746 nostro
1210 1695 1545 1747 constanter
1569 1692 2002 1763 adjudiearunt.

349 1775 528 1844 Atqui
561 1775 611 1831 si
645 1776 849 1832 eadem
880 1778 1118 1836 nomina
1147 1780 1218 1836 ab
1272 1781 1548 1838 omnibus
1578 1782 1705 1838 aliis
1737 1783 1910 1855 primi
1953 1788 2010 1840 et

352 1863 596 1920 secundi
634 1865 830 1922 saeculi
863 1868 1250 1940 scriptoribus
1284 1869 1551 1941 confusa,
1586 1875 1644 1926 et
1674 1871 1745 1928 ab
1777 1879 2016 1932 auctore
2045 1879 2095 1948 Β

353 1957 556 2010 nostro
591 1959 800 2026 praeter
854 1964 1220 2016 constantem
1249 1959 1704 2032 apostolicorum
1749 1963 2006 2020 virorum

346 2060 525 2100 usum
559 2049 616 2101 et
640 2049 1133 2105 consuetudinem
1183 2050 1460 2106 distincta
1493 2052 1667 2108 fuisse
1700 2071 1803 2124 pro
1853 2060 2010 2112 certo

344 2133 716 2201 habuissent,
737 2141 856 2193 tam
890 2144 1105 2195 certam
1138 2140 1210 2196 de
1240 2139 1332 2196 his
1356 2140 1622 2212 epistolis
1646 2143 1875 2215 lgnatio
1900 2145 2007 2201 tri-

342 2224 597 2281 buendis
633 2242 749 2282 non
780 2227 1056 2284 tulissent
1084 2230 1459 2287 sententiam.

409 2333 561 2399 Quid
598 2350 737 2406 ergo
769 2339 970 2391 contra
998 2341 1177 2393 testes
1209 2355 1344 2393 suos
1374 2339 1958 2411 proferentDallteani
1981 2356 2011 2412 ?

340 2423 622 2480 Dicentne
664 2423 798 2480 illos
830 2425 889 2480 in
948 2442 1014 2482 eo
1045 2443 1295 2498 errasse,
1346 2431 1503 2500 quod
1563 2430 1670 2486 has
1727 2430 2008 2502 epistolas

339 2514 562 2584 lgnatio
623 2515 1054 2587 ascripserint?
1110 2521 1185 2572 At
1215 2517 1266 2573 si
1321 2517 1381 2572 in
1413 2518 1524 2574 hoc
1581 2522 1868 2591 erravere,
1900 2536 2006 2576 cur

341 2620 458 2658 non
490 2603 671 2660 etiam
706 2605 768 2660 in
799 2621 866 2660 eo
898 2605 1032 2661 falsi
1053 2611 1216 2675 sunt,
1240 2613 1393 2677 quod
1425 2609 1497 2662 de
1525 2608 1873 2665 confusione
1902 2627 2004 2665 no-

342 2692 569 2748 minam
600 2696 859 2766 episcopi
889 2704 945 2751 et
969 2697 1292 2770 presbyteri
1318 2697 1558 2768 scriptis
1587 2699 2004 2770 prodiderunt?

349 2781 573 2837 Deinde
618 2783 886 2854 quamvis
919 2785 977 2840 in
1029 2787 1209 2857 priori
1262 2787 1450 2858 capite
1480 2787 1703 2859 decepti
1763 2787 2001 2855 fuerint,

353 2885 422 2926 ex
453 2885 649 2927 eorum
682 2879 872 2930 tamen
902 2891 1096 2932 errore
1116 2879 1319 2932 eadem
1352 2893 1589 2948 semper
1611 2877 1842 2932 elicitur
1869 2894 2006 2934 eon-

350 2959 555 3026 clusio,
588 2962 717 3019 illos
748 2981 1097 3035 persuasum
1157 2966 1402 3022 firmiter
1432 2966 1711 3022 habuisse
1743 2983 1810 3023 ea
1869 2967 2002 3038 epi-

343 3051 505 3123 scopi
521 3057 580 3108 et
615 3054 933 3126 presbyteri
962 3054 1202 3110 nomina
1227 3071 1342 3110 non
1375 3072 1408 3111 a
1438 3055 1558 3111 solo
1591 3057 1836 3128 lgnatio,
1862 3072 2004 3127 prae-

340 3144 428 3195 ter
445 3148 815 3199 constantem
832 3148 1176 3200 caeterorum
1199 3148 1464 3201 omnium
1493 3161 1712 3201 morem
1728 3150 1782 3200 et
1803 3162 1999 3214 usum,

340 3229 443 3285 sed
474 3233 547 3286 ab
598 3231 729 3288 aliis
761 3233 936 3288 etiam
968 3234 1325 3305 quibusdam
1376 3233 1681 3306 apostolici
1713 3234 1816 3291 aevi
1851 3235 1997 3290 scri-

337 3321 606 3391 ptoribus
635 3322 817 3379 fuisse
849 3323 1144 3381 distincta.

408 3431 475 3482 Et
505 3437 660 3484 certe
708 3445 830 3484 rem
863 3430 944 3484 ita
976 3445 1038 3485 se
1075 3431 1286 3486 habere
1319 3429 1456 3486 inde
1505 3430 1811 3497 evincitur,
1843 3430 1995 3501 quod

333 3529 560 3573 eertum
595 3519 670 3573 sit
703 3518 999 3590 apostolos
1022 3519 1181 3591 ipsos
1213 3521 1294 3576 ita
1325 3519 1394 3576 de
1429 3520 1749 3594 presbyteri
1785 3526 1841 3576 et
1871 3520 1996 3576 dia-

334 3608 470 3664 coni
530 3609 1002 3664 ordinationibus
1047 3610 1356 3677 disserere,
1415 3616 1480 3665 ut
1509 3627 1608 3666 eas
1661 3626 1894 3682 semper
1923 3611 1994 3667 ab

333 3698 636 3770 episcopo,
673 3716 977 3770 nunquam
1011 3718 1043 3755 a
1077 3700 1416 3771 presbytero
1450 3699 1571 3756 fieri
1605 3701 1814 3757 debere
1843 3717 1997 3757 asse-

332 3792 562 3842 verent.
591 3787 678 3842 Ad
711 3788 828 3844 haec
855 3805 992 3844 vero
1020 3788 1256 3858 Paulus,
1284 3805 1416 3845 cum
1439 3790 1731 3846 adversus
1763 3792 1998 3863 presby-

330 3879 496 3932 teros
529 3878 963 3934 accusationem
997 3879 1173 3950 recipi
1207 3883 1397 3934 vetat:
1430 3879 1701 3935 Adversus
1725 3882 1998 3951 presbyte-

328 3982 466 4021 rum
503 3967 613 4021 cito
649 3969 1054 4023 accusationem
1104 3968 1223 4022 noli
1252 3970 1489 4038 recipere
1519 3969 1604 4036 ιτς
1655 3967 1734 4023 ibi
1766 3970 1837 4024 de
1867 3969 1996 4040 epi-

326 4074 514 4128 scopo
545 4058 895 4130 presbyteris
928 4059 1228 4131 superiore
1258 4058 1538 4130 loquitur.
1565 4064 1641 4114 Ex
1672 4059 1762 4114 his
1795 4065 1992 4116 autem

325 4164 453 4203 non
486 4147 734 4204 obscure
763 4148 1100 4218 colligimus
1148 4150 1447 4220 apostolos
1476 4153 1616 4204 tunc
1646 4150 1904 4222 episcopi
1937 4155 1995 4205 et

324 4239 663 4308 presbyteri
696 4238 953 4304 nomina,
992 4254 1125 4293 eum
1159 4240 1230 4294 de
1269 4238 1482 4294 officiis
1511 4238 1827 4308 unicuique
1860 4255 1992 4312 pro-

326 4328 483 4400 priis
515 4326 928 4398 loquebantur,
964 4333 1115 4383 recte
1145 4327 1526 4397 distinxisse;
1558 4344 1660 4384 nec
1689 4345 1758 4386 ea
1787 4329 1991 4386 confu-

323 4419 514 4485 disse,
541 4416 657 4472 nisi
686 4433 821 4474 cum
852 4418 924 4473 de
956 4419 1333 4491 muniis,qute
1360 4420 1627 4491 utrisque
1656 4419 1993 4477 communia

324 4508 522 4572 erant,
557 4519 892 4560 sermonem
927 4505 1204 4562 facerent.

401 4611 554 4678 Quid
615 4612 772 4683 quod
803 4621 857 4669 et
918 4613 1112 4684 plures
1143 4619 1462 4671 occurrunt
1513 4614 1758 4672 secundi
1791 4614 1991 4672 seculi
2025 4637 2069 4702 ι)

327 4702 670 4774 scriptores,
705 4706 806 4775 qui
859 4703 1016 4760 idem
1046 4722 1112 4760 ac
1146 4707 1433 4777 Ignatius,
1467 4706 1619 4763 inter
1648 4706 1908 4778 episcopi
1937 4710 1994 4763 et

332 4792 663 4865 presbyteri
696 4794 934 4850 nomina
981 4795 1326 4863 discrimen,
1359 4798 1748 4868 eamdemque
1779 4796 1989 4853 distin-

330 4884 584 4937 ctionem
619 4887 893 4940 statuere.
911 4883 975 4939 Id
1006 4885 1242 4955 quidem
1275 4885 1433 4956 quod
1464 4885 1715 4941 Dallaeus
1746 4902 1993 4958 negasse

329 4971 605 5026 videbatu
618 4977 833 5037 r,tanta
849 4973 1143 5029 evidentia
1163 4976 1231 5029 de
1243 4974 1584 5030 monstravit
1608 4974 1987 5044 Pearsonins;

329 5066 396 5114 ut
425 5063 497 5115 ab
559 5077 848 5133 anonymo
883 5060 1076 5117 Dallaai
1137 5063 1444 5120 defensore
1475 5064 1584 5120 hoc
1635 5079 1986 5136 responsum

327 5152 619 5221 acceperit
649 5150 735 5208 ‘3:
771 5173 799 5201 ε(
832 5152 990 5207 Mala
1012 5153 1125 5208 fide
1159 5153 1353 5208 Dallaei
1387 5154 1740 5210 sententiam
1775 5171 1985 5226 reprtso

327 5246 543 5306 scatat,
568 5241 734 5311 quasi
769 5247 1008 5312 negaret
1031 5241 1511 5298 discrimenitlud
1546 5244 1698 5298 inter
1727 5242 1988 5315 episcopi

327 5333 384 5383 et
413 5331 735 5403 presbyteri
788 5330 1025 5386 nomina
1057 5350 1090 5387 a
1136 5333 1436 5388 veteribus
1471 5349 1734 5405 unquam
1785 5333 1984 5388 obser-

326 5425 527 5473 vatum
558 5420 946 5476 esse.Tamen
970 5420 1086 5477 alia
1118 5437 1282 5478 mens
1315 5423 1424 5478 fuit
1452 5423 1688 5489 Dallaao,
1713 5423 1813 5493 qui
1836 5423 1986 5478 dun-

329 5511 487 5562 taxat
539 5507 752 5564 asserit
792 5507 1083 5579 Ignatium
1144 5510 1352 5581 ingens
1383 5526 1615 5583 semper
1670 5509 1984 5566 discrimen

334 5599 587 5658 statuere
640 5598 794 5658 inter
848 5599 966 5657 haec
999 5600 1114 5658 duo
1172 5602 1436 5675 nomina,
1467 5605 1678 5675 prater
1705 5617 1880 5660 usum
1931 5603 1989 5658 et

317 5708 332 5739 ι
356 5719 362 5724 .

410 5749 452 5788 ⁸⁷
483 5756 509 5814 Ι
535 5753 688 5814 Tim.
719 5767 778 5828 ν,
808 5754 900 5817 49.
935 5755 978 5794 η
1007 5771 1142 5831 pag.
1169 5756 1291 5815 300.

2126 587 2425 646 vocabulis
2486 587 3002 644 indiscriminatim
3065 592 3331 642 utuntur.
3397 607 3424 636 ››
3483 586 3776 656 Optimam

2127 696 2268 736 sane
2299 677 2598 734 Pearsonii
2644 679 2824 734 fidem
2857 677 3063 750 probat
3113 675 3437 733 Dallaeanus
3469 675 3634 732 liber.
3667 675 3778 732 Sed

2128 767 2415 840 quidquid
2478 770 2547 824 de
2606 783 2674 824 ea
2704 767 2802 838 sit,
2834 785 2900 824 ex
2960 767 3053 824 his
3111 767 3391 824 Dallzeani
3450 767 3772 824 defensoris

2126 858 2339 926 verbis,
2374 857 2520 913 illud
2553 862 2743 914 ratum
2778 861 3122 928 certumque
3145 857 3454 922 habemus,
3487 856 3644 927 quod
3675 856 3778 912 ali-

2127 948 2248 1019 qui,
2299 947 2548 1015 nemine,
2611 964 2681 1004 ne
2717 949 2842 1019 ipso
2902 948 3158 1019 quidem,
3216 951 3282 1002 ut
3319 945 3416 1002 ille
3448 945 3593 1013 vult,
3647 945 3772 1003 Dal-

2126 1036 2230 1094 laao
2273 1039 2628 1112 refragante,
2660 1037 2860 1095 saeculi
2915 1038 3160 1094 secundi
3191 1038 3507 1110 scriptores
3542 1037 3780 1094 nomina

2126 1128 2383 1200 episcopi
2441 1132 2498 1184 et
2531 1127 2854 1200 presbyteri
2907 1128 3109 1184 eodem
3168 1144 3234 1183 ac
3287 1127 3545 1198 lgnatius
3607 1127 3780 1184 modo

2126 1217 2526 1273 distinxerint.
2562 1218 2643 1273 Ex
2689 1217 2782 1273 his
2815 1233 2985 1290 porro
3015 1234 3142 1290 quae
3174 1216 3487 1273 adversarii
3538 1215 3621 1271 vel
3677 1233 3776 1272 vo-

2129 1305 2314 1363 lentes
2345 1306 2434 1362 vel
2463 1306 2627 1363 inviti
2659 1307 2932 1373 fatentur,
2967 1311 3170 1363 contra
3200 1323 3298 1362 eos
3328 1307 3412 1362 sic
3455 1322 3772 1379 argumen-

2126 1401 2349 1453 temur:
2374 1399 2463 1454 Eas
2487 1398 2821 1469 epistolaein
2856 1398 3072 1470 quibus
3102 1402 3310 1469 praeter
3341 1414 3514 1452 usum
3549 1402 3606 1452 et
3636 1414 3772 1453 con-

2124 1486 2492 1542 suetudinem
2552 1487 2710 1543 illius
2765 1487 2998 1554 smculi,
3055 1504 3260 1543 verum
3321 1487 3472 1543 inter
3513 1487 3771 1559 episcopi

2123 1581 2178 1631 et
2210 1576 2529 1648 presbyteri
2567 1578 2805 1633 nomina
2836 1577 3150 1633 discrimen
3185 1593 3415 1649 semper
3466 1579 3769 1643 statuitur,

2125 1681 2238 1720 non
2275 1666 2465 1722 minus
2488 1666 2698 1738 Ignatii
2731 1667 2882 1722 fetus
2905 1670 3065 1737 sunt,
3089 1683 3264 1738 quam
3289 1669 3504 1738 scripta
3524 1668 3772 1723 aliorum

2123 1755 2386 1824 ejusdem
2413 1754 2608 1812 saeculi
2633 1755 3027 1824 auetorum,in
3051 1756 3267 1828 quibus
3297 1755 3477 1821 idem,
3503 1757 3774 1827 quamvis

2127 1843 2652 1911 rarius,diserimen
2687 1844 2940 1917 ponitur,
2965 1861 3162 1901 eorum
3196 1861 3326 1901 vere
3351 1851 3770 1916 sunt,quorum

2126 1933 2462 1990 nominibus
2512 1934 2932 1992 inscribuntur.
2966 1935 3102 2002 Quis
3132 1935 3291 1992 enim
3350 1935 3569 1991 abnuat
3600 1937 3768 2008 Igna-

2121 2023 2264 2079 tium
2295 2023 2555 2094 potuisse
2585 2040 2651 2080 ea
2683 2041 2917 2097 semper
2945 2025 3304 2096 distinguere
3347 2025 3608 2090 nomina,
3642 2042 3765 2096 quae

2110 2113 2247 2184 jure
2296 2113 2500 2170 merito
2531 2115 2602 2170 ab
2665 2113 2793 2170 aliis
2826 2113 3095 2185 pluribus
3126 2113 3438 2185 aliquando
3485 2115 3766 2170 distincta

2117 2201 2298 2259 fuisse
2356 2209 2580 2260 certum
2633 2221 2871 2276 prorsus
2914 2219 3376 2274 concessumque
3405 2202 3538 2258 est?
3592 2203 3767 2275 Atqui

2116 2292 2436 2350 fatentibus
2483 2294 2855 2362 adversariis,
2907 2293 3101 2366 plures
3133 2294 3376 2349 secundi
3411 2293 3606 2350 saeculi
3658 2310 3760 2350 au-

2115 2392 2302 2439 ctores
2336 2383 2394 2438 in
2424 2383 2708 2456 Operibus
2739 2389 2796 2440 et
2825 2384 3078 2456 scriptis,
3112 2399 3242 2455 quae
3289 2399 3416 2438 vere
3445 2383 3517 2439 ab
3551 2383 3760 2439 iisdem

2114 2477 2255 2527 sunt
2284 2473 2724 2544 edita,episcopi
2746 2477 2802 2528 et
2832 2474 3150 2545 presbyteri
3182 2473 3418 2530 nomina
3444 2472 3760 2544 aliquando

2113 2559 2527 2616 distinxerunt.
2546 2561 2736 2616 Potuit
2755 2577 2892 2632 ergo
2924 2560 3178 2628 Ignatius
3209 2564 3410 2618 eadem
3437 2563 3676 2619 nomine
3700 2564 3759 2618 in

2111 2650 2374 2722 epistolis
2407 2650 2532 2706 suis
2563 2666 2794 2722 semper
2823 2649 3206 2722 distinguere,
3232 2669 3334 2708 nec
3365 2669 3493 2708 eam
3527 2655 3598 2708 ob
3617 2669 3756 2708 eau-

2113 2755 2238 2795 sam
2273 2741 2484 2796 debent
2515 2739 2627 2812 ipsi
2658 2739 2730 2796 ab
2761 2739 3110 2796 adversariis
3141 2741 3487 2812 abjudicari.

2183 2830 2504 2897 Addamus,
2563 2829 2614 2886 si
2644 2827 2824 2898 lubet,
2871 2831 3024 2902 apud
3065 2831 3382 2888 Eusebium
3434 2830 3751 2886 Ecclesium

2109 2921 2557 2990 Lugdunensem
2594 2918 2696 2976 lib.
2757 2937 2789 2974 v
2821 2919 2954 2975 Hist.
2997 2937 3118 2992 cap.
3157 2921 3206 2991 1,
3265 2921 3612 2993 Dionysium
3644 2925 3752 2978 Co-

2109 3008 2395 3065 rinthium
2422 3009 2522 3065 lib.
2548 3027 2625 3077 ιν,
2659 3011 2898 3082 cap.23,
2932 3009 3285 3082 Polycratem
3316 3011 3418 3066 lib.
3451 3027 3504 3078 v,
3533 3012 3755 3081 cap.24,

2107 3097 2165 3153 in
2227 3099 2352 3155 suis
2406 3099 2670 3172 epistolis
2725 3117 3026 3171 nunqmm
3084 3102 3420 3172 presbytero
3474 3098 3756 3155 tribuisse

2109 3187 2365 3261 episcopi
2399 3205 2629 3245 nomen.
2653 3189 2798 3262 Ergo
2819 3190 3405 3260 nominaepiscopiet
3435 3188 3754 3261 presbyteri

2027 3255 2072 3322 (αἶ
2109 3255 2224 3334 non
2257 3255 2490 3352 semper
2517 3255 2902 3344 confundunt,
2935 3280 3037 3335 sed
3069 3278 3169 3335 illa
3198 3255 3362 3351 aeque
3392 3255 3460 3335 ac
3493 3255 3756 3352 lgnatius

2109 3372 2308 3425 noster
2337 3387 2368 3425 a
2399 3384 2461 3426 se
2487 3369 2736 3426 invicem
2777 3373 2971 3440 aperte
3000 3369 3433 3426 discriminant.

2106 3517 2134 3585 §
2165 3515 2261 3573 III.
2295 3516 2675 3588 Respondetur
2694 3516 3076 3644 obiectitzuiex
3106 3513 3409 3588 Polycarpi
3428 3517 3756 3573 auctoritate

2827 3605 2896 3644 ne
2925 3601 3033 3643 ιίκ.

2824 3601 3033 3660 petum.

2181 3715 2408 3770 Instant
2445 3719 2643 3770 tamen
2697 3713 3037 3782 adversarii,
3070 3712 3333 3783 nihilque
3392 3711 3756 3769 remittentes

2107 3809 2316 3874 urgent
2373 3804 2772 3877 Polyearpum,
2832 3803 3092 3859 amicitia
3149 3808 3206 3859 et
3273 3802 3476 3857 ordine
3534 3801 3755 3872 Ignatio

2105 3893 2681 3964 conjunctissimum,
2705 3893 2762 3948 in
2782 3893 3032 3965 epistola
3052 3893 3122 3948 ad
3147 3891 3293 3948 Phili
3304 3892 3758 3962 ppenses,tacito

2105 3983 2363 4057 episcOpi
2413 3986 2672 4053 nomine,
2704 3983 2848 4040 illud
2908 3999 3040 4039 cum
3099 3982 3420 4055 presbyteri
3476 3981 3758 4037 vocabulo

2104 4091 2338 4145 semper
2367 4075 2741 4142 eonfudisse;
2776 4073 3024 4143 hincque
3054 4089 3186 4128 eum
3218 4071 3474 4127 dixisse:
3511 4092 3540 4122 ‹‹
3573 4072 3760 4135 Quare

2101 4163 2671 4234 oportet.....subjici
2704 4163 3059 4234 presbyteris
3090 4167 3146 4216 et
3167 4159 3755 4232 diaconis,tanquam

2100 4253 2331 4310 Christo
2370 4258 2429 4310 et
2461 4253 2620 4308 Deo?
2655 4275 2676 4302 ι
2720 4253 3164 4322 Respondemus
3195 4251 3382 4323 primo
3434 4250 3579 4306 nihil
3657 4266 3757 4320 pe-

2101 4344 2260 4400 nitus
2292 4361 2360 4400 ex
2392 4343 2496 4399 hac
2530 4342 2826 4415 Polycarpi
2845 4346 3191 4398 auctoritate
3220 4347 3424 4397 contra
3453 4358 3559 4397 nos
3578 4341 3753 4396 effici-

2101 4433 2378 4501 Quamvis
2419 4432 2576 4489 enim
2636 4431 2987 4505 Polycarpus
3039 4431 3159 4487 hzec
3218 4433 3372 4486 inter
3401 4448 3463 4487 se
3516 4431 3757 4488 nomina

2099 4523 2450 4592 confuderit,
2504 4523 2652 4579 illud
2705 4532 2898 4580 tamen
2937 4523 3158 4595 [gnatio
3209 4523 3310 4594 jus
3340 4539 3456 4578 non
3515 4523 3757 4579 abstulit

2100 4631 2170 4671 ea
2199 4612 2751 4687 distinguendi,qute
2773 4614 2844 4669 ab
2877 4612 3010 4670 aliis
3031 4614 3349 4669 summatis
3368 4613 3755 4684 scriptoribus

2101 4701 2376 4759 distincta
2398 4701 2582 4757 fuisse
2605 4699 2850 4756 inficiari
2875 4717 3048 4756 nemo
3071 4704 3280 4772 potest.
3306 4700 3754 4771 Respondemus

2102 4794 2384 4863 secundo,
2417 4793 2702 4848 incertum
2737 4791 2977 4848 omnino
3007 4809 3159 4860 esse,
3193 4798 3389 4848 utrum
3434 4800 3569 4846 tunc
3601 4797 3752 4845 tem-

2101 4882 2260 4955 poris
2287 4897 2425 4938 eum
2457 4898 2626 4938 suam
2665 4881 3022 4953 Polycarpus
3079 4880 3360 4936 scriberet
3417 4877 3744 4950 epistolam,

2099 4971 2563 5044 Philippensium
2577 4971 2886 5043 episcopus
2905 4971 3095 5026 adhuc
3113 4977 3263 5024 esset
3276 4968 3333 5023 in
3348 4968 3512 5024 vivis.
3529 4966 3749 5022 Deinde

2098 5062 2220 5118 haec
2249 5060 2497 5132 epistola
2526 5062 2597 5116 ad
2630 5077 2736 5116 nos
2775 5060 3004 5132 integra
3033 5059 3273 5114 omnino
3304 5063 3361 5114 et
3408 5057 3748 5126 incorrupta

2099 5169 2211 5208 non
2247 5151 2526 5224 pervenit.
2560 5155 2782 5205 Rursus
2813 5165 2920 5222 ego
2953 5151 3241 5204 incertum
3275 5164 3415 5202 num
3454 5146 3511 5201 in
3545 5162 3611 5201 ea
3646 5150 3744 5200 Po-

2095 5243 2366 5311 lycarpus
2425 5239 2641 5296 alicubi
2692 5237 3006 5311 specialem
3067 5237 3324 5308 episcopi
3387 5236 3742 5291 mentionem

2095 5333 2312 5388 fecerit.
2347 5331 2543 5387 Tertio
2588 5328 2842 5399 denique
2872 5326 3160 5382 incertum
3212 5333 3408 5382 utrum
3443 5324 3539 5380 ille
3565 5325 3741 5382 aliam

2093 5422 2557 5495 epistolam,qua
2589 5419 2661 5474 de
2689 5417 2962 5490 episcopo
2989 5416 3336 5472 nominatim
3361 5415 3741 5489 agebat,buio

2093 5509 2489 5582 subjunxerit.

2167 5599 2388 5674 Urgent
2414 5598 2652 5658 tandem
2684 5595 3067 5669 Polycarpum
3098 5595 3160 5656 in
3190 5596 3456 5670 ejusdem
3483 5595 3740 5671 epistolas
