4112 6132
329 384 449 446 539
1393 366 1451 440 s.
1501 380 1900 442 IGNATlUS.
1947 406 2024 425 -—
2066 378 2692 443 PROLEGOMENA.
3625 379 3745 438 sio

328 514 710 585 inscriptione
740 526 802 568 se
834 528 946 567 non
1005 510 1368 582 episcopum,
1419 513 1520 567 sed
1572 513 1971 585 presbyterum
2007 513 2061 580 Α
2092 518 2337 583 possunt
2379 512 2654 570 facillime
2711 513 2770 568 in
2827 512 3084 568 medium
3145 510 3411 583 proferri.
3471 510 3582 566 Sed
3644 511 3744 566 illa

330 618 570 658 vocasse
604 602 693 656 his
722 601 951 656 verbis:
1006 621 1035 651 ‹‹
1067 600 1443 673 Polycarpus,
1485 606 1542 657 et
1572 602 1671 673 qui
1722 618 1853 658 cum
1909 618 1975 656 eo
2082 601 2357 658 omnibus
2414 603 2496 658 ita
2547 606 2687 658 sunt
2730 600 2917 665 obvia,
2976 607 3042 656 ut
3095 599 3336 673 longum
3398 600 3741 657 earumdem

330 691 709 763 presbyteri.»
728 690 838 745 Sed
864 690 985 745 haec
1006 692 1474 746 adversariorum
1507 694 1653 748 ratio
1676 692 1976 747 adeolevis
2080 707 2285 749 vocum
2315 691 2643 764 oatalogum
2673 696 2863 747 texere
2895 689 3259 762 superﬂuum
3293 690 3371 746 sit
3417 696 3473 745 et
3501 689 3740 746 inutile.

330 786 420 835 est
439 781 776 847 etinﬁrma;
803 785 867 835 ut
890 780 1154 852 Moynius
1178 780 1659 836 Calvinistrarum
1683 781 1976 848 minister,
2084 779 2285 851 Neque
2314 797 2446 836 vero
2477 780 2533 835 in
2559 781 2743 837 sacris
2766 785 2995 835 tantum
3030 780 3345 851 Scripturis
3368 794 3467 833 eas
3488 779 3744 850 reperire

331 885 653 940 eorumque
683 870 1005 940 symmista,
1031 871 1387 925 contrarium
1408 871 1647 926 omnino
1680 871 1974 927 exiisdem
2083 876 2192 937 est,
2226 870 2324 926 sed
2359 870 2418 925 in
2450 871 2706 941 genuina
2752 871 2929 926 etiam
2960 869 3273 925 Clementis
3302 866 3574 940 epistola,
3613 883 3743 938 quia

328 958 521 1015 verbis
552 964 963 1028 argumentum
995 958 1303 1015 conﬁciat:
1358 981 1387 1010 ‹‹
1419 960 1542 1015 Non
1579 960 1781 1016 scribit
1812 961 1978 1033 Poly—
2085 958 2408 1030 Ignatianis
2440 977 2555 1016 non
2587 964 2679 1016 est
2710 959 3007 1032 prolixior,
3041 957 3151 1014 illis
3188 960 3404 1015 eaedem
3434 973 3603 1014 voces
3635 973 3744 1012 nec

332 1063 562 1119 carpus,
595 1047 790 1119 inquit
822 1046 889 1115 ‘9,
941 1048 1258 1120 presbyteri
1290 1049 1553 1106 Ecclesia
1604 1049 1980 1121 Smyrnensis
2084 1050 2331 1105 rariores
2362 1054 2635 1119 sunt,nec
2667 1049 3075 1105 modestiores.

328 1135 1764 1247 ἶῗίῖνὲῗῗῗίῖῗῗζδὲίῖ,ξ’,ίῖἷῖθῗῖἐῖῗὲῗῗΡῗῗέῗῗνίθῗί
1784 1139 1981 1247 Et???
2218 1174 2343 1241 su.
2376 1174 2450 1230 De
2478 1174 2655 1231 verbis
2685 1189 2817 1230 nove
2848 1176 3157 1247 uernam.
3188 1172 3402 1229 scilicet
3434 1169 3614 1247 φύσις·

331 1227 429 1281 βίω
461 1225 837 1297 Smyrnensis
870 1225 1135 1281 Ecclesiae
1160 1226 1646 1299 Philippensium,
1682 1234 1747 1283 ut
1776 1228 1980 1283 discri-

2218 1225 2245 1241 °
2376 1225 2443 1230 ⁷⁷
2686 1225 3038 1316 ””ὲι“ᾆ8έιξζ

330 1330 465 1369 men
499 1314 729 1385 aliquod
762 1314 913 1369 inter
942 1331 1004 1369 se
1034 1320 1090 1370 et
1123 1316 1487 1387 presbyteros
1545 1318 1975 1373 observandum

330 1404 615 1470 innueret,
649 1403 1113 1475 dignitatemque
1138 1422 1328 1471 suam,
1351 1411 1408 1461 et
1433 1406 1746 1477 primatum
1781 1406 1976 1477 aliquo

330 1492 502 1549 modo
534 1497 817 1548 tueretur.
851 1497 989 1547 Nam
1024 1495 1121 1564 qui
1156 1496 1314 1566 paris
1356 1496 1662 1566 dignitatis
1691 1502 1748 1551 et
1780 1502 1977 1550 aucto-

331 1581 515 1638 ritatis
577 1582 954 1653 Polycarpum
1016 1583 1195 1638 fuisse
1262 1600 1395 1638 cum
1447 1584 1571 1639 suis
1628 1586 1978 1657 presbyteris

332 1674 593 1737 censent,
627 1687 713 1725 nae
770 1670 852 1724 illi
895 1671 1040 1726 mihi
1090 1672 1365 1728 videntur
1418 1673 1572 1728 thesi
1604 1690 1726 1729 suae
1779 1674 1977 1738 nimis,

331 1774 507 1829 quam
544 1774 643 1828 par
672 1758 767 1823 sit,
800 1758 1077 1815 fervidius
1102 1765 1158 1815 et
1198 1761 1521 1817 studiosius
1554 1757 1889 1828 δουλευάειν,
1924 1765 1980 1815 et

2155 1358 2394 1423 Verum,
2433 1354 2626 1426 inquit
2668 1354 2941 1420 Dallasus,
2975 1353 3242 1426 quaedam
3284 1352 3460 1408 verba
3490 1351 3748 1423 scriptor

2084 1455 2281 1501 noster
2338 1461 2482 1500 nove
2513 1449 2779 1516 usurpat,
2837 1450 2894 1499 et
2932 1450 3144 1515 praeter
3184 1443 3434 1499 aliorum
3497 1458 3745 1498 morem.

2083 1534 2208 1590 Duo
2265 1539 2464 1592 tamen
2510 1536 2790 1591 duntaxat
2841 1534 3200 1604 ejuscemodi
3234 1534 3409 1589 verba
3466 1550 3534 1589 ex
3594 1532 3752 1588 veris

2082 1624 2294 1696 Ignatii
2336 1624 2605 1698 epistolis
2654 1626 2967 1695 desumpta
3000 1623 3172 1680 nobis
3230 1623 3453 1693 objicit.
3488 1623 3746 1677 Primum

2087 1723 2176 1769 est
2231 1715 2474 1770 verbum
2536 1712 2735 1789 φύσις;
2768 1714 2868 1769 sed
2911 1713 3057 1768 illud
3110 1712 3260 1783 apud
3294 1712 3536 1767 diversae
3591 1710 3748 1765 litte-

2085 1810 2296 1859 raturas
2332 1805 2649 1874 scriptores
2690 1803 2849 1857 vario
2881 1819 3055 1858 sensu
3107 1810 3455 1873 usurpatum
3507 1799 3746 1870 legitur,

334 1846 1210 1964 figiﬁfffffffmffﬂ39f":
2016 1878 2062 1941 Β
2090 1846 2553 1964 ιιῖὴὶιᾳυζίιοῖηξ
2578 1846 3027 1963 significationis
3049 1895 3203 1963 apud
3230 1846 3521 1961 Ignatium
3548 1846 3745 1946 habet:

333 1940 500 1993 erant
530 1937 850 2008 disparata.
885 1957 917 1989 ι
948 1938 1079 1994 Haec
1111 1956 1251 1995 sane
1281 1957 1348 1996 ex
1378 1940 1709 1997 Calvinistae
1746 1946 1983 2008 Presby-

338 2026 638 2050 .-_-_;__--
687 2025 943 2050 ._-_.=_,_
1000 2044 1088 2050 η,
1650 2047 1762 2050 μη,
1803 2030 1854 2050 ,μ
1925 2045 1980 2050 __

2161 1937 2498 2037 Segundum
2532 1937 2771 2036 verbum
2803 1985 2892 2035 est
2931 1937 3287 2050 ᾅδεινῖᾳυοιῖ
3316 1978 3567 2033 Dallaaus
3609 1993 3750 2048 poe-

338 2026 639 2097 teranique
687 2025 945 2084 hominis
995 2044 1092 2085 ore
1120 2029 1321 2085 elicuit
1374 2032 1608 2096 veritas,
1643 2047 1768 2102 quae
1803 2030 1862 2084 in
1919 2045 1985 2085 eo

341 2120 499 2171 esset
528 2116 885 2188 incorrupta,
921 2117 970 2173 si
1001 2133 1065 2173 ea
1092 2120 1285 2174 ofﬁcia
1315 2125 1370 2176 et
1400 2120 1639 2176 nomina
1669 2137 1782 2175 non
1818 2118 1985 2190 Poly-

340 2204 501 2276 carpi
560 2210 808 2273 tantum,
840 2208 941 2263 sed
1002 2210 1397 2280 apostolorum
1436 2225 1669 2281 quoque
1726 2212 1987 2278 tempore

341 2294 635 2366 disparata
666 2295 928 2352 dixisset.
973 2297 1053 2352 Ex
1083 2298 1176 2353 his
1208 2304 1401 2355 tamen
1432 2315 1554 2370 quae
1587 2299 1665 2353 ibi
1693 2313 1826 2353 vera
1856 2312 1986 2353 esse

2092 2071 2273 2127 ticum
2324 2087 2452 2127 esse
2484 2070 2644 2125 dicit.
2680 2069 2874 2140 Neque
2925 2074 3118 2124 tamen
3152 2074 3209 2123 et
3252 2072 3310 2124 in
3345 2067 3539 2122 soluta
3570 2068 3745 2121 etiam

2092 2160 2352 2216 oratione
2400 2159 2472 2213 ab
2498 2157 2837 2213 auctoribus
2868 2159 3109 2229 Optimis
3141 2173 3292 2226 saepe
3325 2157 3542 2228 saepius
3576 2154 3750 2210 adhi-

2092 2250 2278 2305 bitum
2339 2248 2438 2304 ille
2494 2248 2733 2319 negabit
2790 2262 3077 2318 unquam.
3136 2246 3350 2309 Quidni
3392 2262 3527 2314 ergo
3558 2251 3616 2301 et
3674 2244 3748 2300 ab

564 2338 960 2410 2'.“_:§Z‘L"_"_".'_'_.
973 2338 1056 2410 ’Σῖ
1067 2338 1418 2410 illi?
1432 2338 1570 2410 ΤΣῗῖ
1583 2338 1680 2410 ξῖἶ
1698 2338 1986 2410 ζῗῖἷιῖἶῗ
2098 2339 2323 2410 lauatio
2344 2338 2372 2393 τ

342 2387 750 2457 agnoscit,ruit
762 2387 963 2461 procul
987 2390 1161 2446 dubio
1174 2390 1532 2448 Dallasanum
1547 2392 1985 2462 argumentum,

344 2476 731 2550 funditusque
760 2460 1055 2535 evertitur,
1618 2460 1639 2462 ’γ
2336 2466 2364 2533 §
2393 2462 2493 2524 Ill.
2527 2468 2603 2519 De
2632 2462 2806 2519 verbis
2835 2460 3118 2517 inusitatis
3148 2470 3196 2516 et
3222 2460 3489 2515 obscuris.

958 2624 1188 2680 CAPUT
1226 2624 1378 2682 ΧΙΧο
2129 2592 2334 2682 νΑὰόίρ
2386 2589 2634 2682 Dallteus
2663 2589 2733 2682 iu!
2769 2587 3033 2660 epistolis
3085 2586 3405 2682 Ignatianis
3451 2586 3743 2682 quaedam

2090 2680 2457 2737 obscuriores
2494 2688 2553 2735 et
2581 2679 2896 2735 inusitatas
2951 2692 3119 2733 voces
3150 2674 3418 2731 inveniri.
3469 2675 3749 2739 Quamvis

380 2763 567 2803 ΝυίιῐιΑ
607 2764 665 2803 ιΝ
702 2765 981 2805 ΕΡιδΤοωε
1019 2768 1298 2807 AUCTOR"!
1337 2769 1533 2809 Νοδτηῐ
1574 2770 1707 2810 ESSE
1745 2772 1946 2824 VERBA:
2090 2770 2147 2824 id
2180 2768 2551 2825 verissimum
2583 2772 2759 2836 esset,
2791 2766 2932 2838 quid
2964 2765 3101 2821 inde
3149 2763 3418 2821 conﬁciet
3449 2763 3753 2819 Dallaaus?

751 2838 883 2885 ουλε
922 2839 1033 2880 N0"
1074 2841 1201 2879 3”"
1242 2841 1562 2882 ¹⁰Νλτίλκλο
2089 2856 2363 2928 Nunquid
2426 2856 2707 2928 Ignatius,
2784 2854 2957 2910 sicuti
3015 2852 3259 2924 quilibet
3307 2852 3458 2908 alius
3515 2857 3742 2927 auctor,

776 2947 875 3015 δι.
913 2948 983 3002 De
1014 2950 1194 3004 verbis
1223 2953 1553 3021 compositis.
2090 2944 2354 3001 obscuris
2414 2949 2471 2999 et
2523 2944 2823 2999 inusitatis
2881 2942 3165 3013 loquendi
3220 2941 3410 2995 modis
3479 2940 3558 2993 uti
3622 2955 3736 2991 non

2090 3034 2324 3107 potuit?
2354 3034 2419 3089 Id
2450 3049 2590 3089 sane
2617 3034 2673 3088 in
2706 3030 3012 3103 principiis
3042 3030 3376 3086 Christianas
3408 3026 3739 3099 religionis,

2089 3140 2213 3196 quia
2248 3140 2394 3179 nova
2422 3130 2479 3178 et
2507 3122 2792 3178 inusitata
2818 3136 3019 3176 secum
3052 3118 3259 3175 invexit
3295 3118 3487 3186 verba,
3522 3131 3735 3187 parum

2092 3220 2243 3271 esset
2274 3212 2540 3269 mirabile
2570 3229 2583 3280 ;
2635 3213 2736 3269 sed
2770 3211 2954 3267 multo
3010 3212 3204 3266 minus
3233 3209 3294 3264 in
3326 3207 3579 3279 lgnatio,
3611 3207 3738 3262 viro

2096 3302 2434 3376 apostolico,
2486 3302 2588 3373 qui
2617 3302 2897 3374 epistolas
2927 3317 3067 3357 suas
3124 3299 3361 3363 cursim,
3392 3304 3448 3354 et
3492 3295 3743 3364 occulte,

2097 3412 2162 3451 ac
2216 3410 2445 3449 summo
2478 3393 2738 3465 martyrii
2789 3392 2997 3447 ardore
3053 3391 3332 3445 incensus
3383 3392 3747 3445 exaraverat.

2095 3483 2507 3540 Verumtamen
2568 3499 2681 3537 non
2714 3481 2845 3537 aliis
2904 3480 2998 3535 ille
3029 3479 3285 3545 vocibus,
3340 3478 3427 3533 vel
3470 3476 3750 3549 loquendi

2098 3574 2288 3630 modis
2320 3590 2461 3630 usus
2493 3582 2599 3643 est,
2632 3588 2810 3643 quam
2852 3570 2924 3625 iis
2957 3569 3056 3642 qui
3092 3569 3150 3624 in
3182 3568 3368 3623 sacris
3399 3567 3748 3639 Scripturis,

2099 3660 2347 3734 aliisque
2379 3665 2526 3717 nota:
2569 3659 2826 3716 melioris
2875 3656 3259 3729 scriptoribus
3292 3656 3482 3711 solent
3539 3670 3749 3710 occur-

415 3070 593 3126 Multa
642 3070 754 3126 alia
791 3072 1034 3129 Dallieus
1064 3091 1126 3130 se
1156 3074 1247 3130 his
1279 3076 1337 3131 in
1388 3076 1649 3147 epistolis
1706 3076 1985 3132 vocabula

342 3160 794 3229 deprehendisse
852 3164 963 3217 sibi
1020 3163 1263 3230 videtur,
1298 3182 1425 3236 qua
1484 3168 1823 3239 scriptorem
1878 3184 1983 3223 no-

342 3254 527 3304 strum
564 3249 663 3304 diu
698 3260 821 3321 post
843 3253 1133 3319 lgnatium
1162 3254 1369 3311 vixisse
1401 3256 1638 3327 planum
1673 3257 1842 3311 nobis
1876 3256 1987 3311 uti-
2021 3255 2063 3323 C

345 3354 459 3409 que
520 3338 740 3393 faciunt
769 3339 831 3392 ²⁰.
869 3340 967 3395 Illa
997 3348 1193 3397 autem
1251 3344 1506 3415 primum
1557 3347 1807 3417 exagitat
1859 3362 1989 3417 qua

344 3444 379 3483 a
408 3427 709 3484 Blondello
765 3429 929 3501 prius
978 3432 1206 3501 objecta
1252 3436 1503 3500 fuerant,
1538 3438 1778 3491 nomina
1834 3437 1989 3492 varie

343 3518 688 3587 composita,
741 3523 805 3573 ut
862 3520 1219 3595 σαρκοφόρος,
1274 3522 1627 3599 νεκροφόρος,
1686 3531 1743 3581 et
1792 3526 1904 3580 alia
1956 3544 1991 3582 ι

342 3607 520 3662 verbo
551 3606 697 3683 φέρω
729 3614 877 3677 orta,
938 3612 1077 3665 item
1110 3610 1224 3667 alia
1282 3630 1315 3668 a
1344 3630 1479 3670 voce
1530 3610 1698 3687 ἄξιος,
1757 3622 1820 3672 ut
1848 3614 1991 3684 ἀξιό-

345 3691 575 3764 πλοκος,
633 3694 898 3769 ἀξιόθεος,
954 3705 1012 3755 et
1066 3700 1182 3757 alia
1211 3703 1462 3774 denique
1516 3722 1550 3760 a
1605 3706 1779 3762 verbo
1837 3704 1987 3774 Θεὸς.

345 3786 521 3893 sicuti
578 3766 964 3893 θῗῗμακάριὸς,
1042 3766 1387 3862 θεόδρομοςξ
1426 3800 1537 3849 etc.
1604 3766 1983 3852 Doctissimus

2097 3766 2245 3806 rere.

2732 3835 2957 3893 CAPUT
2995 3834 3097 3891 XX

346 3874 583 3943 quidem
613 3876 955 3934 Hamondus
990 3879 1126 3934 huic
1167 3880 1449 3937 Blondelli
1500 3891 1842 3955 argumento
1866 3886 1991 3956 jam
2733 3874 2843 3893 w“
2869 3874 2947 3892 ‘”
3000 3874 3117 3891 ““°

347 3964 729 4033 responderat
761 3966 988 4024 divinos
1032 3984 1213 4024 sacras
1243 3970 1556 4042 Scriptura
1594 3982 1855 4030 auctores
1887 3991 1991 4030 no-
2280 3965 2332 4005 1“
2370 3964 2459 4004 ¹¹Ῑ⁸
2499 3960 3117 4042 ¹Ρ¹⁸τ⁰¹ιξῗηξ9ξῇἶῖε
3156 3960 3363 3999 "AV"
3403 3959 3573 3999 ΡΑυιῐ

348 4052 607 4110 minibus
659 4055 840 4111 simili
888 4058 1059 4114 modo
1108 4060 1472 4130 compositis,
1521 4078 1773 4134 quorum
1823 4063 1995 4136 plura
2246 4126 2271 4136 η
2305 4125 2326 4136 ,
2393 4126 2420 4136 Α
2552 4130 2563 4136 _
2733 4032 3143 4136 ὟῙΤΑΉὛΕῨῘ.
3211 4122 3221 4134 .
3269 4128 3280 4136 ,
3422 4130 3432 4136 ,
3554 4123 3589 4134 ..

346 4142 544 4199 retulit
572 4145 858 4215 θχθωριι,
890 4163 1027 4203 usos
1059 4122 1294 4221 quoqde
1325 4122 1557 4209 {magej
1824 4122 1841 4136 ⁸
2245 4126 2273 4199 ἓ
2305 4125 2349 4183 Ι.
2383 4126 2663 4194 Quantum
2692 4122 3012 4181 adversarii
3038 4122 3143 4178 sibi
3168 4122 3281 4178 sint
3309 4123 3606 4180 contrarii.

421 4231 532 4287 Sed
574 4233 753 4288 instat
782 4234 1033 4291 Dallaaus
1066 4235 1135 4302 ",
1166 4254 1233 4293 ea
1272 4253 1396 4309 quae
1426 4256 1496 4295 ex
1524 4240 1707 4297 sacris
1750 4241 1994 4313 scripto-
2172 4251 2329 4307 Inter
2358 4254 2446 4306 tot
2473 4254 2706 4321 tamque
2738 4250 2968 4304 diversa
2998 4246 3193 4303 Dallaai
3228 4247 3509 4303 adversus
3539 4248 3750 4319 Ignatii

348 4321 515 4375 ribus
537 4321 780 4411 adduxit
804 4326 1168 4390 Hamondus,
1187 4343 1317 4383 esse
1344 4329 1703 4397 paucissima
1731 4336 1789 4386 et
1814 4331 1994 4388 semel
2102 4338 2380 4411 epistolas
2393 4337 2909 4410 argumenta,illud
2931 4337 3183 4409 profecto
3198 4334 3749 4407 mirarisubit,quod

351 4413 583 4501 tantum
618 4410 784 4501 abiis
810 4413 985 4481 dicta,
1009 4431 1076 4468 ac
1105 4416 1423 4484 lgnatianis
1445 4417 1565 4475 illis
1583 4418 1764 4475 multo
1797 4423 1994 4476 mode-
2103 4410 2198 4484 ille
2243 4429 2587 4501 scriptorem
2622 4432 2888 4483 nostrum
2924 4442 3038 4481 non
3076 4425 3393 4497 lgnatium,
3425 4425 3523 4480 sed
3569 4424 3751 4481 alium

351 4496 551 4587 stiora.
606 4500 663 4553 Si
720 4500 789 4554 de
844 4503 1133 4571 paucitate
1188 4506 1499 4563 verborum
1566 4510 1638 4564 ab
1692 4510 1996 4567 Hamondo
2103 4517 2343 4573 omnino
2367 4496 2704 4572 iuisseinde
2739 4516 2985 4587 probare
3006 4496 3141 4569 velit
3163 4514 3755 4585 3',quia:«0ua3dam

354 4586 663 4643 allatorum
695 4591 1071 4659 conqueritur
1101 4594 1370 4690 pall-aius,
1413 4598 1483 4653 de
1516 4598 1723 4669 majori
1760 4598 1995 4655 Dallaaa-
2027 4624 2073 4690 Ι)
2108 4606 2266 4665 Pauli
2293 4606 2544 4678 apostoli
2576 4586 2842 4661 studiose
2872 4610 2963 4660 est
2990 4602 3271 4671 imitatus,-
3304 4620 3551 4675 sperans
3581 4620 3643 4660 se
3665 4604 3759 4660 his

356 4695 565 4735 norum
600 4697 843 4737 numero
876 4699 983 4740 nos
1023 4686 1231 4757 potiori
1256 4689 1391 4760 jure
1429 4692 1864 4761 conquerimur.
1896 4690 1997 4749 Ille
2027 4686 2061 4690 ᾖ
2104 4696 2283 4753 veluti
2316 4696 2622 4767 apostolici
2678 4693 2953 4765 discipuli
2989 4692 3362 4748 lineamentis
3418 4692 3759 4749 hominibus

354 4769 648 4839 siquidem
681 4778 745 4827 ut
773 4774 1229 4845 compositurum
1260 4778 1415 4850 apud
1466 4780 1758 4851 lgnatium
1789 4796 1996 4837 vocum
2108 4783 2200 4840 sui
2230 4783 2449 4851 saeculi,
2487 4782 2809 4854 praesertim
2844 4779 3095 4853 posteris
3126 4779 3197 4834 ab
3237 4779 3458 4849 lgnatio
3490 4781 3763 4837 remotio-

358 4864 598 4929 augeret
646 4860 1107 4935 multitudinem,
1156 4882 1257 4922 eas
1309 4884 1436 4939 quas
1470 4870 1528 4924 in
1574 4869 1739 4925 falsis
1796 4870 1997 4942 Ignatii
2109 4872 2296 4937 ribus,
2328 4871 2591 4943 adeoque
2615 4885 2813 4926 rerum
2843 4866 3297 4940 apostolicarum
3331 4871 3530 4924 minus
3558 4869 3759 4938 gnaris

356 4948 623 5020 epistolis
649 4992 664 5017 ,
722 4951 809 5006 vel
870 4952 928 5007 in
997 4956 1388 5025 genuinarum
1455 4959 1998 5030 interpolationibus
2110 4960 2276 5018 facile
2307 4960 2751 5033 impositurum,
2787 4963 2962 5028 atque
2991 4956 3336 5012 effecturum
3370 4962 3432 5012 ut
3477 4975 3580 5028 pro
3612 4959 3758 5014 scri-

356 5044 689 5106 occurrunt,
752 5040 882 5098 aliis
930 5043 1226 5101 immerito
1275 5045 1561 5116 adjunxit.
1610 5047 1828 5103 Deinde
1870 5048 1999 5105 ideo
2113 5054 2274 5121 ptore
2304 5049 2622 5121 apostolico
2673 5048 2999 5103 haberetur.
3035 5067 3063 5096 »
3095 5044 3380 5101 Eumdem
3434 5047 3590 5102 enim
3624 5047 3763 5103 Dal-

358 5131 701 5185 Hamondus
748 5130 947 5187 decem
998 5138 1229 5191 tantum
1286 5151 1356 5191 ex
1412 5137 1629 5192 divinis
1682 5137 2000 5209 Scripturis
2112 5138 2285 5195 lieum
2314 5156 2384 5195 ex
2413 5137 2604 5193 verbis
2635 5135 2893 5208 episcopi
2926 5139 2985 5191 et
3035 5134 3379 5207 presbyteri,
3410 5153 3537 5206 quia
3569 5136 3761 5194 alieno

361 5221 817 5292 compositarum
861 5239 1059 5279 vocem
1112 5224 1353 5296 protulit
1398 5226 1683 5298 exempla,
1734 5228 1890 5297 quod
1934 5243 2003 5283 ea
2113 5245 2147 5285 a
2174 5230 2348 5284 Paulo
2379 5225 2624 5298 apostoli
2654 5242 2831 5282 sensu
2865 5226 2935 5280 ab
2968 5224 3190 5294 Ignatio
3223 5229 3503 5295 usurpata
3552 5242 3764 5297 perpe-

361 5310 431 5365 ad
456 5326 665 5366 vanam
699 5310 977 5369 Blondelli
1005 5314 1389 5382 obiectionem
1408 5316 1821 5372 destruendam
1855 5317 2003 5373 satis
2113 5335 2236 5374 rain
2267 5317 2498 5381 eﬁ‘utiit,
2522 5316 2609 5371 sic
2632 5316 3033 5387 disputantem
3066 5312 3403 5369 audivimus
3426 5315 3762 5386 ”:«Nequs

361 5414 654 5471 superque
710 5416 839 5458 esse
910 5406 1221 5459 censuerit.
1281 5409 1353 5459 At
1424 5404 1596 5476 longe
1649 5404 1819 5476 plura
1876 5422 2002 5477 qua
2113 5406 2514 5478 apostolorum
2548 5404 2736 5459 ﬁlium
2783 5403 2964 5458 fuisse
2994 5400 3263 5457 diversus
3298 5419 3488 5459 sermo
3520 5406 3767 5461 manifeo

360 5488 581 5559 passim
615 5489 674 5545 in
707 5489 896 5548 Veteri
928 5492 1202 5565 Novoque
1244 5493 1618 5551 Testamento
1666 5501 2001 5563 occurrunt,
2114 5499 2202 5553 ste
2232 5494 2632 5567 arguit,quem
2656 5508 2860 5549 omnes
2882 5495 2942 5547 et
2961 5489 3359 5561 apostolorum
3382 5493 3775 5552 observantis-

360 5756 398 5820 Ρ
428 5666 631 5800 ίέοἰέοι.
692 5668 753 5724 in
818 5668 1117 5741 Polyoarp.
1178 5667 1379 5741 epist.,
1411 5686 1467 5743 p.
1504 5670 1591 5728 10.
1660 5669 1707 5705 ²⁰
1736 5685 1864 5743 σαι).
1897 5669 1983 5739 27ι

2094 5709 2102 5727 .
2132 5666 2258 5725 ιοτ.
2328 5668 2372 5705 ﬂ
2410 5680 2541 5740 pag.
2576 5664 2698 5721 406.
2768 5666 2813 5700 ⁸³
2844 5678 2973 5737 cap.
3004 5662 3095 5735 38,
3127 5678 3183 5735 p.
3244 5663 3369 5720 410.
3440 5664 3485 5702 ³³
3514 5680 3644 5740 cap.
3676 5668 3782 5741 26,
