4112 6132
289 412 404 477 ISM

1260 413 1333 472 D.
1380 409 1723 473 NOURRII
1762 408 2299 471 DISSEBTA'I‘IO.
2342 436 2425 454 -—
2464 405 2666 467 PARS
2710 407 2760 467 l.

3604 406 3726 463 542

292 547 545 614 simum,
596 548 653 602 et
683 561 816 601 cum
850 544 1193 618 apostolicis
1234 547 1405 602 corde
1435 550 1493 603 et
1523 560 1642 614 ore,
1675 543 1874 599 anima
1906 543 1962 598 et
1988 545 2044 613 Α
2076 540 2195 598 lina
2225 540 2552 597 imitatione
2582 539 2855 612 putidum
2898 538 3037 611 quid
3071 537 3143 594 ab
3173 536 3295 593 ullo
3325 551 3584 608 unquam
3618 536 3721 592 ob-

289 637 493 709 lingua
527 634 1086 706 conjunctissimum
1122 636 1300 693 fuisse
1334 636 1731 692 consentiunt.
1760 654 1787 683 »
1819 630 1961 697 Quis

294 722 602 797 argutulos
626 724 1034 794 hujuscemodi
1068 724 1366 797 sopbistas
1385 734 1586 782 contra
1608 723 1813 797 Ignatii
1838 722 1960 795 epi-

300 816 483 871 stolas
518 813 872 880 rationibus,
926 814 1035 870 sibi
1099 814 1350 870 invicem
1409 821 1527 870 tam
1584 812 1964 869 vehementer

307 903 801 976 repugnantibus,
852 904 1224 976 disputantes
1270 920 1384 959 non
1435 902 1729 959 miretur?
1759 901 1960 956 Enim-

302 1009 436 1050 vero
470 994 525 1049 si
580 994 821 1050 nomina
860 993 1117 1066 episcopi
1150 999 1207 1049 et
1263 992 1585 1066 presbyteri
1636 1008 1703 1048 eo
1760 1007 1960 1047 sensu:

306 1098 478 1154 quem
512 1082 670 1138 Pauli
704 1098 833 1139 esse
864 1099 981 1139 non
1012 1088 1242 1155 putant,
1275 1085 1528 1154 scriptor
1558 1085 1753 1138 noster
1792 1079 1963 1136 adhi-

298 1171 503 1237 beat,ii
527 1172 788 1228 clamant
818 1172 1013 1229 illico:
1050 1195 1078 1223 «
1110 1172 1311 1244 Neque
1342 1170 1747 1245 apostolorum
1772 1169 1961 1225 filium

304 1261 489 1317 fuisse
511 1260 781 1318 diversus
812 1277 1005 1317 sermo
1038 1261 1346 1318 manifeste
1376 1260 1590 1333 arguit.
1615 1281 1643 1310 ››
1666 1264 1707 1314 E
1737 1264 1963 1315 contra-

309 1351 393 1406 rio
424 1350 473 1404 si
501 1350 667 1405 Pauli
708 1366 876 1407 voces
905 1355 962 1407 et
992 1349 1233 1423 phrases
1264 1351 1362 1406 ille
1392 1354 1635 1421 usurpet
1656 1348 1746 1403 vel
1772 1348 1960 1403 imite-

311 1444 426 1509 tur,
487 1440 854 1496 continenter
910 1440 1088 1496 iidem
1156 1444 1428 1512 arguunt,
1489 1439 1606 1495 illis
1636 1453 1770 1493 eum
1831 1437 1961 1492 ideo

310 1545 482 1584 usum
516 1545 664 1598 esse,
699 1534 763 1584 ut
807 1529 1134 1601 imponeret
1180 1550 1209 1579 «
1260 1545 1452 1585 rerum
1504 1527 1957 1600 apostolicarum

311 1618 509 1675 minus
538 1617 757 1689 gnaris,
788 1623 962 1690 atque
1008 1619 1263 1675 efficeret
1292 1623 1357 1675 ut
1383 1634 1484 1691 pro
1515 1617 1799 1690 scriptore
1828 1631 1960 1687 apo-

310 1706 517 1763 stolico
548 1707 880 1765 haberetur.
922 1731 951 1758 »
980 1709 1075 1764 Sic
1106 1724 1247 1764 sane
1284 1708 1542 1763 immane
1573 1707 1666 1763 his
1697 1705 1961 1777 epistolis

312 1812 666 1869 quocunque
697 1797 935 1853 tandem
987 1798 1155 1854 modo
1186 1798 1628 1854 contradicendi
1659 1795 1960 1852 cacoethes

2067 633 2287 704 jectum
2323 632 2502 689 fuisse
2534 632 2764 704 legitur.

2145 723 2305 789 Quod
2355 721 2663 793 subjungit
2706 721 2978 790 Dallasus,
3037 735 3234 775 vocem
3297 715 3597 790 ἀντίψυχος
3650 733 3719 773 ex

2071 811 2319 867 Paulina
2349 810 2620 885 ἱσὸψυχος
2653 811 2724 867 ab
2758 811 2980 884 Ignatio
3010 805 3579 879 tormatam,puerile
3610 810 3718 873 est,

2073 902 2358 973 planeque
2390 902 2679 974 ineptum.
2709 899 2855 956 Nam
2889 916 2965 956 eae
3014 914 3181 954 voces
3213 897 3468 953 diversos
3501 895 3722 950 habent

2072 994 2462 1066 signiﬁcatus,
2495 1000 2549 1051 et
2581 1011 2688 1051 vox
2736 990 3035 1068 ἀντίψυχος
3082 1009 3195 1049 non
3243 992 3397 1063 apud
3449 987 3718 1057 Paulum,

2071 1085 2171 1140 sed
2207 1084 2350 1141 alios
2383 1084 2699 1157 scriptores
2733 1081 3003 1141 occurrit.

2143 1173 2257 1229 Nec
2292 1175 2536 1245 majoris
2585 1173 2731 1230 illud
2763 1177 2853 1230 est
2882 1171 3177 1245 ponderis,
3212 1171 3365 1244 quod
3398 1169 3550 1226 idem
3583 1167 3719 1224 Dal-

2070 1263 2212 1320 laeus
2255 1269 2423 1336 urget
2453 1264 2499 1298 ²⁴
2547 1264 2666 1319 haec
2693 1262 2858 1319 Pauli
2908 1262 3103 1332 verba,
3145 1256 3563 1335 ἒλαχιστότερον
3596 1255 3722 1311 πάν-

2068 1373 2174 1406 των
2233 1352 2424 1427 ἁγίων,
2499 1358 2892 1410 «sanctorum
2970 1351 3229 1408 omnium
3290 1350 3603 1406 minimum
3662 1364 3720 1404 se

2070 1458 2219 1508 esse,
2251 1465 2280 1493 »
2317 1442 2609 1515 Ignatium
2643 1459 2811 1515 prave
2846 1441 3082 1509 imitari,
3107 1456 3240 1496 cum
3274 1440 3415 1495 dicit
3445 1437 3544 1492 οὑκ
3573 1434 3717 1509 ἄξιός

2070 1530 2205 1603 εἰμι,
2254 1534 2339 1588 vel
2374 1530 2448 1593 ὡς
2517 1530 2836 1605 μικρότερος
2898 1530 3072 1603 ὑμῶν.
3133 1529 3452 1586 Pnstremis
3508 1528 3722 1599 quippe

2067 1622 2161 1677 his
2189 1622 2375 1678 verbis
2409 1639 2521 1677 non
2558 1625 2745 1694 magis
2794 1621 2890 1677 ille
2940 1622 3011 1676 ad
3043 1619 3227 1687 Pauli,
3264 1635 3437 1690 quam
3475 1618 3542 1673 ad
3579 1617 3723 1672 Mat-

2069 1709 2198 1766 thasi
2232 1710 2317 1765 vel
2370 1712 2535 1767 Lucas
2585 1711 2927 1767 sententiam
2973 1708 3320 1766 collineasse
3366 1707 3617 1762 videtur.
3653 1705 3713 1761 In

2067 1799 2197 1855 aliis
2229 1816 2362 1855 vero
2417 1800 2835 1873 superioribus,
2888 1799 2976 1855 vel
3009 1798 3357 1870 quibusdam
3392 1796 3711 1864 similibus,

314 1887 516 1953 doctos
531 1886 816 1980 homines
864 1887 1178 1943 obcaecavit
1224 1893 1281 1943 et
1331 1896 1692 1944 transversos
1720 1887 1859 1958 egit.
1892 1884 1959 1940 Et
1988 1914 2035 1980 Β
2067 1889 2283 1959 quibus
2316 1906 2429 1946 non
2460 1889 2761 1962 epistolas,
2797 1894 2861 1946 ut
2892 1890 2973 1945 ait
3004 1886 3578 1958 Dallteus,implevit,
3612 1886 3713 1941 sed

312 1980 464 2032 certe
494 1976 545 2031 si
602 1975 684 2031 ita
714 1978 1115 2048 argumentari
1164 1977 1353 2044 liceat,
1404 1977 1567 2033 nulla
1612 1984 1784 2033 erunt
1818 1990 1959 2046 apo-
1988 1974 2029 1980 “
2066 1995 2197 2036 raro
2232 1996 2373 2036 usus
2404 1985 2513 2047 est,
2545 1980 2653 2037 etsi
2692 1980 2934 2037 Paulum
2967 1978 3226 2035 aemulari
3258 1977 3536 2049 gestierit,
3570 1974 3717 2031 illud

315 2066 656 2122 stolicorum
706 2067 984 2137 virorum,
1045 2083 1109 2123 ac
1162 2067 1333 2139 primi
1384 2067 1703 2139 praesertim
1752 2070 1811 2121 et
1868 2081 1960 2122 se-

315 2155 493 2211 cundi
525 2155 725 2212 saeculi
759 2155 1108 2228 scriptorum
1140 2173 1337 2229 opera,
1362 2172 1490 2227 quis
1520 2157 1612 2212 his
1644 2171 1959 2228 argumen-

310 2246 385 2301 tis
435 2245 600 2310 t‘alsa,
652 2245 918 2317 ipsisque
967 2247 1278 2318 supppsita
1342 2262 1470 2303 esse
1547 2263 1661 2303 non
1717 2245 1960 2303 demon-

310 2341 538 2391 strentu
548 2353 593 2389 r.

384 2425 465 2480 Ex
494 2425 606 2480 hac
645 2425 868 2496 itaque,
917 2442 1044 2497 qua
1093 2427 1152 2482 in
1187 2428 1393 2499 Ignatii
1442 2426 1703 2499 epistolis
1751 2429 1960 2494 elucet,

319 2514 699 2570 Paulinarum
730 2531 937 2570 vocum
970 2515 1295 2573 imitatione
1341 2517 1696 2573 contrarium
1728 2516 1963 2572 omnino

320 2603 402 2658 sic
434 2602 663 2658 elicitur
692 2609 1122 2675 argumentum.
1142 2605 1316 2661 Recta
1338 2607 1484 2661 ratio
1514 2606 1683 2662 docet
1712 2622 1780 2661 ea
1808 2604 1962 2660 scri-

320 2697 443 2761 pta,
493 2708 620 2763 qum
666 2693 852 2758 Pauli,
907 2693 1268 2763 aliorumque
1326 2694 1724 2767 apostolorum
1774 2710 1963 2762 voces,

327 2779 592 2849 Phrases,
624 2781 865 2853 stylum,
890 2789 1243 2855 ceterosque
1282 2783 1560 2855 loquendi
1593 2784 1798 2839 modos
1828 2782 1965 2839 imi-

330 2872 549 2937 tantur,
599 2875 767 2941 atque
814 2873 882 2926 ad
934 2888 1031 2927 eos
1082 2873 1354 2944 proprius
1411 2874 1715 2942 accedunt,
1770 2890 1803 2928 a
1846 2872 1966 2927 viro

330 2971 463 3011 vere
492 2958 800 3027 apostolico
848 2961 1032 3017 fuisse
1080 2962 1355 3032 profecta.
1400 2962 1573 3033 Atqui
1600 2962 1721 3017 haec
1751 2963 1966 3028 omnia,

326 3047 792 3115 fatentibus,imo
823 3050 1238 3120 objicientibus
1265 3052 1634 3121 adversariis,
1664 3052 1720 3106 in
1758 3051 1969 3123 lgnatii

324 3135 507 3191 nostri
537 3137 801 3207 epistolis
832 3138 1322 3209 reperiuntur.Ab
1344 3157 1410 3196 eo
1431 3156 1567 3212 ergo
1589 3156 1721 3197 vere
1742 3140 1971 3213 scriptas

324 3231 484 3281 sunt.

473 3335 503 3401 §
535 3333 602 3389 ll.
636 3335 915 3404 Ignatium
944 3352 1056 3393 non
1084 3337 1275 3406 putide
1303 3338 1546 3394 Paulum
1573 3337 1812 3393 imitari.

388 3440 633 3509 Verum,
658 3443 852 3514 inquit
885 3443 1154 3513 Dallzeus,
1178 3445 1353 3500 verba
1382 3462 1507 3517 quas
1536 3446 1688 3517 apud
1720 3443 1973 3500 Paulum

323 3548 458 3587 rara
487 3537 646 3598 sunt,
680 3550 746 3588 ea
778 3535 932 3605 apud
967 3541 1259 3591 auctorem
1317 3540 1607 3606 nostrum,
1658 3552 1772 3591 non
1806 3550 1973 3591 secus

329 3637 391 3676 ac
419 3619 799 3690 Sallustiana,
835 3629 900 3679 ut
928 3624 1068 3680 olim
1100 3626 1288 3681 aiebat
1335 3626 1574 3695 Seneca,
1607 3625 1764 3697 apud
1794 3631 1978 3681 Arun-

330 3711 477 3765 tium
512 3711 865 3768 creberrima
895 3718 1053 3783 sunt,
1070 3730 1135 3769 ac
1167 3731 1313 3785 pene
1343 3718 1642 3787 perpetua.
1677 3716 1824 3787 Ergo
1856 3716 1978 3773 hmo

335 3801 538 3871 putida
566 3801 819 3857 imitatio
865 3803 1146 3874 epistolas
1193 3804 1414 3876 Ignatio
1462 3804 1612 3860 male
1643 3806 1978 3877 suppositas

333 3889 545 3961 prodit.
580 3891 688 3946 Sed
723 3891 868 3948 falsa
908 3898 997 3948 est
1027 3892 1147 3948 haec
1179 3894 1612 3965 consequentia.
1641 3894 1793 3949 Nihil
1820 3894 1977 3950 enim

335 3993 403 4033 ex
442 3981 822 4037 antecedente
867 3980 1024 4037 aliud
1076 3982 1343 4039 concludi
1394 3988 1607 4055 potest,
1658 3982 1769 4039 nisi
1806 3984 1979 4057 Igna-

334 4066 484 4123 tium
516 4069 894 4141 epistolarum
929 4071 1301 4140 Pauli,sicuti
1331 4074 1637 4129 Aruntium
1665 4073 1979 4129 Sallustia-

336 4174 545 4214 norum
589 4174 830 4231 operum
876 4177 992 4216 non
1041 4160 1222 4218 fuisse
1267 4167 1579 4219 auctorem.
1632 4162 1776 4218 Nam
1827 4163 1982 4219 sicut

336 4246 591 4302 imitatio
640 4246 878 4305 Salustii
926 4264 1101 4321 opera
1166 4250 1394 4306 Aruntii
1438 4251 1510 4306 ab
1559 4250 1689 4324 ipso
1735 4252 1979 4308 Aruntio

337 4337 557 4409 scripta
607 4353 719 4393 non
779 4337 962 4394 fuisse
1020 4355 1391 4412 nequaquam
1465 4340 1846 4411 demonstrat,
1898 4341 1979 4397 sic

336 4425 586 4482 imitatio
612 4426 771 4483 Pauli
798 4426 1067 4497 epistolas
1101 4429 1419 4500 lgnatii,ab
1450 4431 1579 4501 ipso
1608 4429 1835 4503 Iguatio
1869 4431 1979 4486 mi-

339 4515 492 4571 nime
523 4516 634 4571 scri
644 4520 773 4587 ptas
806 4516 987 4573 fuisse
1019 4534 1133 4574 non
1167 4518 1379 4589 arguit.

2067 2084 2364 2126 summam
2408 2070 2639 2141 Ignatii,
2692 2071 2791 2141 qui
2845 2086 3051 2125 omnes
3098 2068 3263 2123 Pauli
3327 2068 3597 2133 virtutes,
3659 2080 3724 2119 ac

2068 2160 2415 2234 martyrium
2446 2159 2718 2217 imitandi
2748 2158 3072 2217 incredibili
3092 2157 3377 2231 flagrabat
3406 2154 3721 2224 desiderio,

2070 2252 2457 2310 humilitatem
2492 2251 2735 2325 pulchre
2761 2250 3021 2307 decebat.

2681 2393 2917 2450 CAPUT
2957 2394 3103 2449 XXI.

2071 2536 2257 2583 NEQUE
2296 2537 2355 2575 IN
2411 2535 2798 2575 EPISTOLARUM
2857 2534 3374 2583 INSCRIPTIONIBUS,
3435 2532 3621 2579 NEQUE
3658 2531 3720 2572 IN

2142 2607 2603 2647 REPETITIONIBUS
2632 2607 2764 2646 ESSE
2794 2608 3024 2647 PRAVAM
3064 2607 3225 2646 PAULI
3260 2605 3648 2645 ικιτΑτιοΝεκ.

2071 2714 2102 2788 §
2133 2716 2173 2772 Ι.
2206 2715 2415 2788 Errare
2448 2714 2725 2768 Dallasum
2753 2714 2814 2768 in
2842 2712 3276 2788 inscriptionum
3295 2718 3730 2788 nu_mero,alque

2233 2789 2294 2841 in
2326 2787 2394 2842 iis
2425 2802 2536 2841 non
2563 2801 2674 2841 esse
2711 2801 2939 2856 pravam
2974 2784 3144 2840 Pauli
3173 2783 3562 2841 imitationem.

2147 2909 2400 2966 Dallaeus
2432 2910 2491 2965 id
2521 2911 2703 2966 multo
2750 2910 3171 2981 vehementius,
3219 2910 3319 2965 sed
3354 2926 3470 2964 non
3504 2905 3731 2963 felicius

2076 3000 2358 3071 exagitat,
2392 3001 2547 3071 quod
2584 3004 2778 3056 noster
2796 2999 3060 3071 Ignatius
3090 2998 3353 3071 epistolis
3384 2998 3509 3053 suis
3541 2996 3731 3068 praeti-

2076 3090 2223 3145 xerit
2245 3090 2656 3160 inscriptiones
2690 3111 2717 3139 ‹‹
2755 3089 3057 3155 miriﬁcas,
3094 3088 3428 3155 laciniosas,
3460 3085 3733 3142 incondi-

2076 3184 2256 3246 tas,et
2280 3178 2625 3249 prodigiosae
2656 3177 3095 3249 longitudinis,»
3113 3194 3259 3248 quas
3289 3192 3494 3233 omnes
3523 3189 3732 3247 pravas

2003 3270 2046 3337 C
2082 3269 2244 3323 Pauli
2268 3268 2629 3323 imitationes
2659 3283 2787 3323 esse
2816 3277 3092 3323 causatur
3121 3268 3183 3323 ²⁸.
3216 3270 3451 3322 Fatetur
3494 3263 3731 3337 quidem

2078 3356 2177 3413 ille
2206 3356 2565 3429 epigraphen
2618 3355 2889 3428 Epistole
2931 3356 3192 3427 ejusdem
3243 3354 3490 3426 apostoli
3522 3354 3595 3409 ad
3628 3354 3735 3410 Bo-

2084 3464 2315 3513 manos,
2346 3463 2476 3518 quae
2508 3450 2732 3517 septem
2769 3446 3093 3503 versiculos
3123 3450 3272 3501 totos
3306 3448 3571 3514 occupat,
3604 3459 3735 3499 esse

2082 3536 2487 3609 longissimam
2521 3554 2535 3605 ;
2569 3553 2634 3592 ac
2674 3535 2735 3591 in
2784 3552 2852 3592 ea
2900 3553 3029 3608 quas
3078 3537 3149 3592 ad
3198 3536 3395 3590 Titum
3442 3535 3576 3589 data
3628 3536 3738 3601 est,

2085 3625 2277 3682 simile
2318 3625 2621 3698 quidpiam
2654 3625 2975 3682 observari.
3010 3624 3229 3679 Verum
3253 3622 3410 3693 apud
3445 3620 3737 3692 Ignatium

2084 3715 2590 3786 omnium,inquit,
2618 3714 3031 3786 inscriptiones
3061 3711 3466 3783 epistolarum,
3492 3711 3539 3765 si
3572 3708 3732 3763 illam

2085 3821 2258 3878 quam
2313 3805 2553 3875 scripsit
2600 3806 2671 3859 ad
2728 3803 3106 3876 Polycarpum
3158 3801 3470 3872 exceperis,
3520 3797 3734 3869 longis-

2084 3896 2245 3951 simas
2277 3897 2434 3963 sunt,
2471 3892 2763 3948 laciniosa
2794 3899 2851 3948 et
2879 3890 3361 3963 impeditissima.
3394 3888 3503 3944 Sed
3539 3888 3731 3959 primo

2085 3986 2183 4041 ille
2213 3987 2271 4041 in
2323 3984 2740 4041 enumerandis
2784 3983 3168 4055 epistolarum
3220 3998 3351 4036 cum
3386 3978 3569 4047 Pauli,
3601 3984 3728 4033 tum

2086 4078 2296 4150 Ignatii
2344 4076 2829 4148 inscriptionibus
2872 4073 3126 4129 multum
3178 4073 3428 4128 aberrat.
3475 4070 3619 4125 Nam
3650 4070 3737 4125 in-

2085 4167 2322 4238 scriptio
2355 4166 2556 4238 prima:
2589 4163 2751 4219 Pauli
2795 4165 2866 4219 ad
2916 4162 3245 4219 Corinthios
3296 4159 3563 4231 Epistola
3594 4157 3737 4215 satis

2085 4261 2174 4313 est
2207 4254 2451 4327 prolixa,
2511 4251 2788 4324 prolixior
2831 4268 2963 4308 vero
3011 4250 3172 4307 illius
3219 4267 3350 4321 quae
3398 4249 3467 4304 ad
3501 4246 3738 4304 Galatas

2086 4345 2301 4417 scripta
2332 4348 2423 4400 est
2446 4361 2460 4411 ;
2494 4343 2614 4399 hac
2645 4342 2803 4399 enim
2822 4342 3081 4414 quinque
3102 4342 3422 4397 versiculos
3440 4340 3737 4408 continet;

2087 4450 2220 4492 cum
2253 4450 2319 4490 ea
2351 4450 2478 4504 qua:
2509 4433 2582 4488 ad
2614 4432 2814 4487 Titum
2858 4436 3094 4487 exarata
3143 4430 3272 4501 fuit,
3323 4436 3575 4502 quatuor
3605 4437 3732 4484 tan-

2086 4530 2213 4581 tum
2249 4524 2687 4597 complectatur.
2738 4522 2853 4578 Nec
2885 4523 3081 4578 minus
3128 4526 3281 4577 errat
3310 4522 3369 4577 in
3406 4520 3737 4590 Ignatiana—

409 4605 630 4699 Deinde
659 4605 871 4662 falsum
897 4612 986 4663 est
1002 4609 1439 4699 antecedens,in
1464 4610 1673 4681 Ignatii
1695 4610 1979 4666 nimirum
2011 4634 2058 4699 Ι)
2090 4632 2219 4672 rum
2244 4614 2749 4687 inscriptionibus.
2778 4612 3168 4685 Epistolarum
3200 4612 3494 4683 siquidem
3526 4610 3739 4683 Ignatii

340 4695 606 4765 epistolis
628 4712 755 4752 esse
782 4700 903 4752 tam
954 4718 984 4749 ‹‹
1007 4698 1242 4755 crebras
1268 4715 1335 4755 ac
1366 4715 1511 4770 pene
1536 4701 1808 4757 assiduas
1839 4703 1989 4771 Apo-

343 4784 478 4842 stoli
502 4801 732 4851 voces,»
748 4790 917 4841 utom
929 4786 1100 4843 nibus
1115 4788 1676 4859 ﬁantputidaeExiis
1690 4790 1985 4861 siquidem

339 4890 489 4944 quas
520 4872 772 4929 Dallaaus
820 4874 1042 4943 objicit,
1095 4875 1286 4946 primo
1333 4877 1569 4932 verbum
1604 4875 1836 4949 ὀναίμην
1870 4894 1985 4934 non

339 4962 682 5030 sexcenties,
718 4963 904 5018 utille
957 4963 1186 5031 asserit,
1238 4966 1337 5021 sed
1390 4967 1607 5023 sexties
1652 4971 1885 5025 tantum
1922 4968 1984 5025 in

335 5052 605 5124 genuinis
638 5052 845 5124 lgnatii
897 5052 1162 5124 epistolis
1209 5054 1459 5123 reperire
1503 5063 1610 5113 est.
1656 5056 1805 5112 Illud
1839 5075 1984 5129 pra:-

338 5146 498 5197 terea
529 5143 771 5197 verbum
805 5158 919 5197 non
971 5142 1147 5200 Paulo
1201 5143 1493 5215 peculiare
1537 5149 1647 5214 est,
1697 5147 1797 5202 sed
1831 5146 1986 5217 apud

347 5232 493 5288 alios
517 5232 746 5288 Grmcos
760 5236 1026 5289 auctores
1049 5248 1281 5303 semper
1301 5234 1501 5290 tritum
1525 5240 1581 5291 et
1600 5236 1840 5308 vulgare
1852 5236 1982 5291 fuit.

344 5321 442 5377 His
473 5320 746 5376 addimus
784 5336 982 5376 vocem
1026 5319 1369 5395 ἀγαθοποιία,
1410 5340 1528 5395 qua
1558 5325 1775 5381 Paulus
1806 5323 1986 5382 semel

339 5410 398 5466 in
432 5411 708 5466 omnibus
739 5410 1017 5481 Epistolis
1066 5410 1190 5467 suis
1220 5427 1363 5468 usus
1392 5418 1501 5480 est,
1546 5418 1750 5485 quater
1796 5432 1828 5470 a
1856 5414 1985 5471 Cle-

341 5505 536 5557 mente
567 5499 627 5555 in
660 5499 828 5556 unica
854 5500 1103 5572 epistola
1150 5503 1442 5574 usurpari,
1470 5518 1575 5559 nec
1604 5503 1663 5559 in
1692 5503 1802 5560 hac
1832 5509 1986 5562 Pau-

408 5709 455 5747 ²⁴
485 5726 612 5785 cap.
643 5706 736 5781 29,
769 5726 823 5783 p.
854 5709 976 5769 413.
999 5708 1045 5745 ’⁵
1068 5726 1193 5784 cap.
1235 5708 1324 5782 30,
1355 5726 1414 5784 p.
1438 5709 1563 5768 £53.

2097 4707 2168 4762 ad
2231 4705 2580 4778 Smyrnteos,
2640 4702 2988 4775 Magnesios,
3045 4710 3101 4757 et
3158 4701 3487 4757 Trallenses
3541 4700 3745 4756 inscri-

2098 4798 2325 4869 ptiones
2358 4795 2553 4866 primas
2604 4793 2767 4850 Pauli
2799 4793 2870 4849 ad
2920 4791 3253 4850 Corinthios
3311 4791 3740 4862 longitudinem

2096 4902 2212 4941 non
2252 4887 2555 4954 superant.
2604 4882 2887 4937 Praeterea
2930 4898 3067 4937 vero
3116 4880 3375 4952 epistolas
3426 4878 3638 4951 Ignatii
3668 4880 3741 4933 ad

2097 4972 2375 5044 Ephesios
2397 4970 2609 5027 titulus
2639 4978 2693 5027 et
2714 4970 3018 5041 inscriptio
3049 4986 3166 5025 non
3188 4968 3417 5039 longior
3446 4972 3742 5038 est,quam

2095 5059 2351 5117 Paulinae
2375 5060 2446 5114 ad
2476 5058 3002 5131 Galatas.Denique
3033 5062 3277 5126 utraque
3305 5056 3743 5127 lgnatianarum

2097 5151 2167 5206 ad
2217 5148 2761 5219 Philadelphienses
2819 5158 2875 5204 et
2930 5151 3221 5203 Romanos
3271 5144 3575 5215 inscriptio
3628 5161 3744 5200 non

2097 5237 2359 5310 majoris,
2395 5252 2571 5310 quam
2603 5236 2864 5292 Paulina
2892 5237 2964 5291 ad
2990 5236 3224 5291 eosdem
3255 5234 3545 5290 Romanos
3567 5234 3747 5305 longi-

2094 5328 2325 5385 tudinis
2355 5332 2465 5384 est.

2165 5416 2429 5473 Secundo
2455 5414 2668 5472 falsum
2701 5418 2791 5472 est
2813 5414 2875 5470 in
2905 5414 2999 5471 his
3028 5413 3639 5488 epistolarumlgnatii
3658 5414 3749 5471 in-

2094 5506 2513 5580 scriptionibus
2543 5522 2783 5579 pravam
2800 5520 2930 5564 esse
2959 5504 3122 5562 Pauli
3140 5504 3552 5563 imitationem.
3581 5506 3745 5574 Quod
