  <div class='ocr_page' id='page_1' title='image "/cluster/home/n/w/nwhite01/storage/ocr_20150623/5/mdp.39015015401063/285.png"; bbox 0 0 4112 6132; ppageno 0'>
   <div class='ocr_carea' id='block_1_1' title="bbox 367 354 488 450">
    <p class='ocr_par' dir='ltr' id='par_1_1' title="bbox 367 354 488 450">
     <span class='ocr_line' id='line_1_1' title="bbox 367 354 488 450; baseline -0.008 -34"><span class='ocrx_word' id='word_1_1' title='bbox 367 354 488 450; x_wconf 64' lang='lat' dir='ltr'>ista</span> 
     </span>
    </p>
   </div>
   <div class='ocr_carea' id='block_1_2' title="bbox 1435 354 2716 418">
    <p class='ocr_par' dir='ltr' id='par_1_2' title="bbox 1435 354 2716 418">
     <span class='ocr_line' id='line_1_2' title="bbox 1435 354 2716 418; baseline -0.003 0"><span class='ocrx_word' id='word_1_2' title='bbox 1435 355 1499 418; x_wconf 85' lang='lat' dir='ltr'>S.</span> <span class='ocrx_word' id='word_1_3' title='bbox 1545 354 1945 418; x_wconf 85' lang='lat' dir='ltr'>IGNA&#39;I‘IUS.</span> <span class='ocrx_word' id='word_1_4' title='bbox 1993 384 2072 404; x_wconf 74' lang='grc' dir='ltr'>-ο</span> <span class='ocrx_word' id='word_1_5' title='bbox 2113 355 2716 417; x_wconf 74' lang='lat' dir='ltr'>PROLEGOMENA.</span> 
     </span>
    </p>
   </div>
   <div class='ocr_carea' id='block_1_3' title="bbox 3664 360 3822 456">
    <p class='ocr_par' dir='ltr' id='par_1_3' title="bbox 3664 360 3822 456">
     <span class='ocr_line' id='line_1_3' title="bbox 3664 360 3822 456; baseline 0 -40"><span class='ocrx_word' id='word_1_6' title='bbox 3664 360 3822 456; x_wconf 41' lang='lat'>544/</span> 
     </span>
    </p>
   </div>
   <div class='ocr_carea' id='block_1_4' title="bbox 368 448 3803 564">
    <p class='ocr_par' dir='ltr' id='par_1_4' title="bbox 368 448 3803 564">
     <span class='ocr_line' id='line_1_4' title="bbox 368 448 3803 564; baseline -0 -19"><span class='ocrx_word' id='word_1_7' title='bbox 368 448 608 564; x_wconf 84' lang='lat' dir='ltr'>quidem</span> <span class='ocrx_word' id='word_1_8' title='bbox 645 504 714 546; x_wconf 82' lang='lat' dir='ltr'>ex</span> <span class='ocrx_word' id='word_1_9' title='bbox 755 489 851 556; x_wconf 91' lang='lat' dir='ltr'>iis,</span> <span class='ocrx_word' id='word_1_10' title='bbox 902 503 1029 560; x_wconf 71' lang='lat' dir='ltr'>quae</span> <span class='ocrx_word' id='word_1_11' title='bbox 1063 487 1307 544; x_wconf 77' lang='lat' dir='ltr'>Dallaeus</span> <span class='ocrx_word' id='word_1_12' title='bbox 1337 448 1485 560; x_wconf 82' lang='lat' dir='ltr'>ipse</span> <span class='ocrx_word' id='word_1_13' title='bbox 1517 491 1588 544; x_wconf 87' lang='lat' dir='ltr'>de</span> <span class='ocrx_word' id='word_1_14' title='bbox 1642 487 2024 544; x_wconf 89' lang='lat' dir='ltr'>Paulinarum</span> <span class='ocrx_word' id='word_1_15' title='bbox 2057 489 2109 557; x_wconf 82' lang='grc' dir='ltr'><strong>Α</strong></span> <span class='ocrx_word' id='word_1_16' title='bbox 2140 491 2278 557; x_wconf 88' lang='lat' dir='ltr'>tres,</span> <span class='ocrx_word' id='word_1_17' title='bbox 2313 488 2446 561; x_wconf 82' lang='lat' dir='ltr'>plus</span> <span class='ocrx_word' id='word_1_18' title='bbox 2504 488 2725 556; x_wconf 89' lang='lat' dir='ltr'>minus,</span> <span class='ocrx_word' id='word_1_19' title='bbox 2757 486 2944 545; x_wconf 84' lang='lat' dir='ltr'>lineas</span> <span class='ocrx_word' id='word_1_20' title='bbox 2991 487 3253 560; x_wconf 84' lang='lat' dir='ltr'>epistolis</span> <span class='ocrx_word' id='word_1_21' title='bbox 3283 487 3430 557; x_wconf 91' lang='lat' dir='ltr'>suis,</span> <span class='ocrx_word' id='word_1_22' title='bbox 3463 489 3551 545; x_wconf 87' lang='lat' dir='ltr'>vel</span> <span class='ocrx_word' id='word_1_23' title='bbox 3583 453 3803 546; x_wconf 76' lang='lat' dir='ltr'>eorum</span> 
     </span>
    </p>
   </div>
   <div class='ocr_carea' id='block_1_5' title="bbox 366 577 2020 650">
    <p class='ocr_par' dir='ltr' id='par_1_5' title="bbox 366 577 2020 650">
     <span class='ocr_line' id='line_1_5' title="bbox 366 577 2020 650; baseline 0 -15"><span class='ocrx_word' id='word_1_24' title='bbox 366 581 694 636; x_wconf 88' lang='lat' dir='ltr'>litterarum</span> <span class='ocrx_word' id='word_1_25' title='bbox 740 578 1229 650; x_wconf 81' lang='lat' dir='ltr'>inscriptionibus</span> <span class='ocrx_word' id='word_1_26' title='bbox 1269 579 1611 650; x_wconf 84' lang='lat' dir='ltr'>pronuntiat</span> <span class='ocrx_word' id='word_1_27' title='bbox 1645 577 1714 644; x_wconf 67' lang='grc' dir='ltr'>εί,</span> <span class='ocrx_word' id='word_1_28' title='bbox 1749 579 2020 635; x_wconf 83' lang='lat' dir='ltr'>facillime</span> 
     </span>
    </p>
   </div>
   <div class='ocr_carea' id='block_1_6' title="bbox 363 667 2018 738">
    <p class='ocr_par' dir='ltr' id='par_1_6' title="bbox 363 667 2018 738">
     <span class='ocr_line' id='line_1_6' title="bbox 363 667 2018 738; baseline -0.001 -14"><span class='ocrx_word' id='word_1_29' title='bbox 363 669 666 725; x_wconf 83' lang='lat' dir='ltr'>evincitur.</span> <span class='ocrx_word' id='word_1_30' title='bbox 702 690 731 718; x_wconf 88' lang='grc'>‹‹</span> <span class='ocrx_word' id='word_1_31' title='bbox 774 667 1018 735; x_wconf 81' lang='lat' dir='ltr'>Paulus,</span> <span class='ocrx_word' id='word_1_32' title='bbox 1056 668 1245 738; x_wconf 85' lang='lat' dir='ltr'>inquit</span> <span class='ocrx_word' id='word_1_33' title='bbox 1297 667 1414 735; x_wconf 82' lang='lat' dir='ltr'>ille,</span> <span class='ocrx_word' id='word_1_34' title='bbox 1463 667 1757 723; x_wconf 84' lang='lat' dir='ltr'>interdum</span> <span class='ocrx_word' id='word_1_35' title='bbox 1809 667 2018 723; x_wconf 89' lang='lat' dir='ltr'>inscri-</span> 
     </span>
    </p>
   </div>
   <div class='ocr_carea' id='block_1_7' title="bbox 363 756 2019 830">
    <p class='ocr_par' dir='ltr' id='par_1_7' title="bbox 363 756 2019 830">
     <span class='ocr_line' id='line_1_7' title="bbox 363 756 2019 830; baseline 0.001 -18"><span class='ocrx_word' id='word_1_36' title='bbox 363 758 590 830; x_wconf 88' lang='lat' dir='ltr'>ptiones</span> <span class='ocrx_word' id='word_1_37' title='bbox 614 757 1005 830; x_wconf 74' lang='lat' dir='ltr'>Epistolarum</span> <span class='ocrx_word' id='word_1_38' title='bbox 1030 757 1204 812; x_wconf 85' lang='lat' dir='ltr'>habet</span> <span class='ocrx_word' id='word_1_39' title='bbox 1231 774 1345 812; x_wconf 90' lang='lat' dir='ltr'>non</span> <span class='ocrx_word' id='word_1_40' title='bbox 1376 756 1581 812; x_wconf 89' lang='lat' dir='ltr'>breves</span> <span class='ocrx_word' id='word_1_41' title='bbox 1612 761 1668 813; x_wconf 90' lang='lat' dir='ltr'>et</span> <span class='ocrx_word' id='word_1_42' title='bbox 1697 758 2019 830; x_wconf 88' lang='lat' dir='ltr'>expeditas,</span> 
     </span>
    </p>
   </div>
   <div class='ocr_carea' id='block_1_8' title="bbox 358 843 2018 917">
    <p class='ocr_par' dir='ltr' id='par_1_8' title="bbox 358 843 2018 917">
     <span class='ocr_line' id='line_1_8' title="bbox 358 843 2018 917; baseline -0.002 -16"><span class='ocrx_word' id='word_1_43' title='bbox 358 849 425 902; x_wconf 90' lang='lat' dir='ltr'>ut</span> <span class='ocrx_word' id='word_1_44' title='bbox 448 845 618 917; x_wconf 84' lang='lat' dir='ltr'>vulgo</span> <span class='ocrx_word' id='word_1_45' title='bbox 676 862 799 902; x_wconf 88' lang='lat' dir='ltr'>mos</span> <span class='ocrx_word' id='word_1_46' title='bbox 850 850 994 913; x_wconf 89' lang='lat' dir='ltr'>erat,</span> <span class='ocrx_word' id='word_1_47' title='bbox 1041 845 1143 901; x_wconf 91' lang='lat' dir='ltr'>sed</span> <span class='ocrx_word' id='word_1_48' title='bbox 1191 844 1595 915; x_wconf 85' lang='lat' dir='ltr'>longiusculas</span> <span class='ocrx_word' id='word_1_49' title='bbox 1641 849 1699 900; x_wconf 92' lang='lat' dir='ltr'>et</span> <span class='ocrx_word' id='word_1_50' title='bbox 1750 843 2018 901; x_wconf 88' lang='lat' dir='ltr'>nonnihil</span> 
     </span>
    </p>
   </div>
   <div class='ocr_carea' id='block_1_9' title="bbox 365 933 2018 1006">
    <p class='ocr_par' dir='ltr' id='par_1_9' title="bbox 365 933 2018 1006">
     <span class='ocr_line' id='line_1_9' title="bbox 365 933 2018 1006; baseline -0.002 -14"><span class='ocrx_word' id='word_1_51' title='bbox 365 935 691 1002; x_wconf 88' lang='lat' dir='ltr'>obvolutas,</span> <span class='ocrx_word' id='word_1_52' title='bbox 725 936 797 990; x_wconf 94' lang='lat' dir='ltr'>ob</span> <span class='ocrx_word' id='word_1_53' title='bbox 829 952 922 991; x_wconf 90' lang='lat' dir='ltr'>res</span> <span class='ocrx_word' id='word_1_54' title='bbox 958 933 1336 1005; x_wconf 80' lang='lat' dir='ltr'>gravissimas</span> <span class='ocrx_word' id='word_1_55' title='bbox 1386 934 1604 1006; x_wconf 88' lang='lat' dir='ltr'>quibus</span> <span class='ocrx_word' id='word_1_56' title='bbox 1645 933 1827 1006; x_wconf 72' lang='lat' dir='ltr'>plena:</span> <span class='ocrx_word' id='word_1_57' title='bbox 1856 939 2018 1003; x_wconf 90' lang='lat' dir='ltr'>sunt,</span> 
     </span>
    </p>
   </div>
   <div class='ocr_carea' id='block_1_10' title="bbox 361 1025 2022 1098">
    <p class='ocr_par' dir='ltr' id='par_1_10' title="bbox 361 1025 2022 1098">
     <span class='ocr_line' id='line_1_10' title="bbox 361 1025 2022 1098; baseline -0.001 -16"><span class='ocrx_word' id='word_1_58' title='bbox 361 1030 427 1082; x_wconf 88' lang='lat' dir='ltr'>ut</span> <span class='ocrx_word' id='word_1_59' title='bbox 452 1043 521 1083; x_wconf 86' lang='lat' dir='ltr'>ex</span> <span class='ocrx_word' id='word_1_60' title='bbox 549 1043 616 1083; x_wconf 88' lang='lat' dir='ltr'>ea</span> <span class='ocrx_word' id='word_1_61' title='bbox 648 1043 774 1098; x_wconf 69' lang='lat' dir='ltr'>quo:</span> <span class='ocrx_word' id='word_1_62' title='bbox 806 1027 876 1081; x_wconf 90' lang='lat' dir='ltr'>ad</span> <span class='ocrx_word' id='word_1_63' title='bbox 932 1026 1226 1082; x_wconf 84' lang='lat' dir='ltr'>Romanos</span> <span class='ocrx_word' id='word_1_64' title='bbox 1276 1031 1391 1093; x_wconf 89' lang='lat' dir='ltr'>est,</span> <span class='ocrx_word' id='word_1_65' title='bbox 1436 1025 1630 1097; x_wconf 90' lang='lat' dir='ltr'>quivis</span> <span class='ocrx_word' id='word_1_66' title='bbox 1661 1025 1885 1082; x_wconf 88' lang='lat' dir='ltr'>discere</span> <span class='ocrx_word' id='word_1_67' title='bbox 1915 1041 2022 1097; x_wconf 91' lang='lat' dir='ltr'>po-</span> 
     </span>
    </p>
   </div>
   <div class='ocr_carea' id='block_1_11' title="bbox 358 1115 2019 1188">
    <p class='ocr_par' dir='ltr' id='par_1_11' title="bbox 358 1115 2019 1188">
     <span class='ocr_line' id='line_1_11' title="bbox 358 1115 2019 1188; baseline -0.001 -16"><span class='ocrx_word' id='word_1_68' title='bbox 358 1120 494 1172; x_wconf 87' lang='lat' dir='ltr'>test.</span> <span class='ocrx_word' id='word_1_69' title='bbox 528 1138 555 1167; x_wconf 83' lang='lat'><strong>»</strong></span> <span class='ocrx_word' id='word_1_70' title='bbox 584 1116 758 1186; x_wconf 87' lang='lat' dir='ltr'>Atqui</span> <span class='ocrx_word' id='word_1_71' title='bbox 798 1119 855 1171; x_wconf 92' lang='lat' dir='ltr'>et</span> <span class='ocrx_word' id='word_1_72' title='bbox 902 1115 1054 1171; x_wconf 88' lang='lat' dir='ltr'>idem</span> <span class='ocrx_word' id='word_1_73' title='bbox 1107 1132 1231 1172; x_wconf 93' lang='lat' dir='ltr'>mos</span> <span class='ocrx_word' id='word_1_74' title='bbox 1277 1115 1488 1188; x_wconf 86' lang='lat' dir='ltr'>Ignatii</span> <span class='ocrx_word' id='word_1_75' title='bbox 1539 1124 1795 1187; x_wconf 91' lang='lat' dir='ltr'>tempore</span> <span class='ocrx_word' id='word_1_76' title='bbox 1827 1115 2019 1171; x_wconf 88' lang='lat' dir='ltr'>adhuc</span> 
     </span>
    </p>
   </div>
   <div class='ocr_carea' id='block_1_12' title="bbox 361 1203 2020 1278">
    <p class='ocr_par' dir='ltr' id='par_1_12' title="bbox 361 1203 2020 1278">
     <span class='ocr_line' id='line_1_12' title="bbox 361 1203 2020 1278; baseline -0.001 -16"><span class='ocrx_word' id='word_1_77' title='bbox 361 1206 691 1278; x_wconf 87' lang='lat' dir='ltr'>vigebat,ct</span> <span class='ocrx_word' id='word_1_78' title='bbox 720 1221 812 1260; x_wconf 91' lang='lat' dir='ltr'>res</span> <span class='ocrx_word' id='word_1_79' title='bbox 844 1205 1207 1278; x_wconf 69' lang='lat' dir='ltr'>gravissimas</span> <span class='ocrx_word' id='word_1_80' title='bbox 1241 1205 1296 1260; x_wconf 92' lang='lat' dir='ltr'>in</span> <span class='ocrx_word' id='word_1_81' title='bbox 1330 1207 1459 1276; x_wconf 89' lang='lat' dir='ltr'>ejus</span> <span class='ocrx_word' id='word_1_82' title='bbox 1500 1203 1772 1277; x_wconf 83' lang='lat' dir='ltr'>epistolis</span> <span class='ocrx_word' id='word_1_83' title='bbox 1805 1213 2020 1276; x_wconf 86' lang='lat' dir='ltr'>pertra-</span> 
     </span>
    </p>
   </div>
   <div class='ocr_carea' id='block_1_13' title="bbox 361 1293 2019 1366">
    <p class='ocr_par' dir='ltr' id='par_1_13' title="bbox 361 1293 2019 1366">
     <span class='ocr_line' id='line_1_13' title="bbox 361 1293 2019 1366; baseline -0.002 -15"><span class='ocrx_word' id='word_1_84' title='bbox 361 1300 627 1366; x_wconf 85' lang='lat' dir='ltr'>ctantur;</span> <span class='ocrx_word' id='word_1_85' title='bbox 656 1299 722 1350; x_wconf 91' lang='lat' dir='ltr'>ut</span> <span class='ocrx_word' id='word_1_86' title='bbox 752 1311 821 1350; x_wconf 87' lang='lat' dir='ltr'>ex</span> <span class='ocrx_word' id='word_1_87' title='bbox 853 1293 998 1364; x_wconf 89' lang='lat' dir='ltr'>sola,</span> <span class='ocrx_word' id='word_1_88' title='bbox 1027 1312 1202 1366; x_wconf 90' lang='lat' dir='ltr'>quam</span> <span class='ocrx_word' id='word_1_89' title='bbox 1231 1294 1520 1362; x_wconf 87' lang='lat' dir='ltr'>dedimus,</span> <span class='ocrx_word' id='word_1_90' title='bbox 1554 1311 1756 1350; x_wconf 88' lang='lat' dir='ltr'>earum</span> <span class='ocrx_word' id='word_1_91' title='bbox 1791 1293 2019 1366; x_wconf 76' lang='lat' dir='ltr'>analysi</span> 
     </span>
    </p>
   </div>
   <div class='ocr_carea' id='block_1_14' title="bbox 360 1383 2020 1456">
    <p class='ocr_par' dir='ltr' id='par_1_14' title="bbox 360 1383 2020 1456">
     <span class='ocr_line' id='line_1_14' title="bbox 360 1383 2020 1456; baseline -0.001 -16"><span class='ocrx_word' id='word_1_92' title='bbox 360 1386 635 1441; x_wconf 89' lang='lat' dir='ltr'>omnibus</span> <span class='ocrx_word' id='word_1_93' title='bbox 659 1384 898 1454; x_wconf 91' lang='lat' dir='ltr'>planum</span> <span class='ocrx_word' id='word_1_94' title='bbox 924 1384 1020 1439; x_wconf 82' lang='lat' dir='ltr'>fiet</span> <span class='ocrx_word' id='word_1_95' title='bbox 1054 1389 1110 1438; x_wconf 91' lang='lat' dir='ltr'>et</span> <span class='ocrx_word' id='word_1_96' title='bbox 1132 1383 2020 1456; x_wconf 62' lang='lat' dir='ltr'>perspicuumlgnatiusitaque</span> 
     </span>
    </p>
   </div>
   <div class='ocr_carea' id='block_1_15' title="bbox 364 1473 2020 1548">
    <p class='ocr_par' dir='ltr' id='par_1_15' title="bbox 364 1473 2020 1548">
     <span class='ocr_line' id='line_1_15' title="bbox 364 1473 2020 1548; baseline -0.001 -20"><span class='ocrx_word' id='word_1_97' title='bbox 364 1474 424 1529; x_wconf 91' lang='lat' dir='ltr'>in</span> <span class='ocrx_word' id='word_1_98' title='bbox 457 1474 836 1548; x_wconf 86' lang='lat' dir='ltr'>epistolarum</span> <span class='ocrx_word' id='word_1_99' title='bbox 872 1491 1114 1529; x_wconf 90' lang='lat' dir='ltr'>suarum</span> <span class='ocrx_word' id='word_1_100' title='bbox 1162 1473 1650 1544; x_wconf 79' lang='lat' dir='ltr'>inscriptionibus</span> <span class='ocrx_word' id='word_1_101' title='bbox 1700 1491 1812 1530; x_wconf 90' lang='lat' dir='ltr'>non</span> <span class='ocrx_word' id='word_1_102' title='bbox 1848 1489 2020 1545; x_wconf 90' lang='lat' dir='ltr'>prave</span> 
     </span>
    </p>
   </div>
   <div class='ocr_carea' id='block_1_16' title="bbox 364 1565 2017 1637">
    <p class='ocr_par' dir='ltr' id='par_1_16' title="bbox 364 1565 2017 1637">
     <span class='ocr_line' id='line_1_16' title="bbox 364 1565 2017 1637; baseline -0.002 -15"><span class='ocrx_word' id='word_1_103' title='bbox 364 1567 628 1622; x_wconf 81' lang='lat' dir='ltr'>imitatus</span> <span class='ocrx_word' id='word_1_104' title='bbox 659 1571 748 1622; x_wconf 90' lang='lat' dir='ltr'>est</span> <span class='ocrx_word' id='word_1_105' title='bbox 779 1565 1048 1635; x_wconf 87' lang='lat' dir='ltr'>Paulum,</span> <span class='ocrx_word' id='word_1_106' title='bbox 1084 1565 1187 1621; x_wconf 91' lang='lat' dir='ltr'>sed</span> <span class='ocrx_word' id='word_1_107' title='bbox 1216 1581 1314 1621; x_wconf 91' lang='lat' dir='ltr'>eas</span> <span class='ocrx_word' id='word_1_108' title='bbox 1343 1565 1491 1620; x_wconf 80' lang='lat' dir='ltr'>tales</span> <span class='ocrx_word' id='word_1_109' title='bbox 1523 1565 2017 1637; x_wconf 84' lang='lat' dir='ltr'>exhibuit,quales</span> 
     </span>
    </p>
   </div>
   <div class='ocr_carea' id='block_1_17' title="bbox 363 1655 2016 1729">
    <p class='ocr_par' dir='ltr' id='par_1_17' title="bbox 363 1655 2016 1729">
     <span class='ocr_line' id='line_1_17' title="bbox 363 1655 2016 1729; baseline -0.002 -17"><span class='ocrx_word' id='word_1_110' title='bbox 363 1673 506 1712; x_wconf 90' lang='lat' dir='ltr'>sane</span> <span class='ocrx_word' id='word_1_111' title='bbox 536 1656 1044 1729; x_wconf 67' lang='lat' dir='ltr'>gravissima,quaa</span> <span class='ocrx_word' id='word_1_112' title='bbox 1077 1655 1136 1710; x_wconf 92' lang='lat' dir='ltr'>in</span> <span class='ocrx_word' id='word_1_113' title='bbox 1169 1655 1253 1711; x_wconf 90' lang='lat' dir='ltr'>eis</span> <span class='ocrx_word' id='word_1_114' title='bbox 1286 1659 1618 1711; x_wconf 80' lang='lat' dir='ltr'>tractantur</span> <span class='ocrx_word' id='word_1_115' title='bbox 1649 1660 2016 1726; x_wconf 81' lang='lat' dir='ltr'>argumenta,</span> 
     </span>
    </p>
   </div>
   <div class='ocr_carea' id='block_1_18' title="bbox 365 1746 960 1818">
    <p class='ocr_par' dir='ltr' id='par_1_18' title="bbox 365 1746 960 1818">
     <span class='ocr_line' id='line_1_18' title="bbox 365 1746 960 1818; baseline -0.005 -17"><span class='ocrx_word' id='word_1_116' title='bbox 365 1746 436 1801; x_wconf 86' lang='lat' dir='ltr'>ab</span> <span class='ocrx_word' id='word_1_117' title='bbox 468 1762 535 1802; x_wconf 91' lang='lat' dir='ltr'>eo</span> <span class='ocrx_word' id='word_1_118' title='bbox 567 1746 960 1818; x_wconf 79' lang='lat' dir='ltr'>postulabant.</span> 
     </span>
    </p>
   </div>
   <div class='ocr_carea' id='block_1_19' title="bbox 526 1869 1854 1942">
    <p class='ocr_par' dir='ltr' id='par_1_19' title="bbox 526 1869 1854 1942">
     <span class='ocr_line' id='line_1_19' title="bbox 526 1869 1854 1942; baseline -0.002 -16"><span class='ocrx_word' id='word_1_119' title='bbox 526 1873 555 1939; x_wconf 87' lang='lat'><strong>§</strong></span> <span class='ocrx_word' id='word_1_120' title='bbox 585 1871 657 1926; x_wconf 86' lang='grc' dir='ltr'>ΙΙ.</span> <span class='ocrx_word' id='word_1_121' title='bbox 691 1871 764 1927; x_wconf 79' lang='lat' dir='ltr'>De</span> <span class='ocrx_word' id='word_1_122' title='bbox 797 1869 1160 1942; x_wconf 76' lang='lat' dir='ltr'>inscriptione</span> <span class='ocrx_word' id='word_1_123' title='bbox 1186 1869 1432 1942; x_wconf 69' lang='lat' dir='ltr'>epistola:</span> <span class='ocrx_word' id='word_1_124' title='bbox 1463 1870 1537 1927; x_wconf 84' lang='lat' dir='ltr'>ad</span> <span class='ocrx_word' id='word_1_125' title='bbox 1568 1871 1854 1927; x_wconf 84' lang='lat' dir='ltr'>Romanos.</span> 
     </span>
    </p>
   </div>
   <div class='ocr_carea' id='block_1_20' title="bbox 437 1995 2016 2068">
    <p class='ocr_par' dir='ltr' id='par_1_20' title="bbox 437 1995 2016 2068">
     <span class='ocr_line' id='line_1_20' title="bbox 437 1995 2016 2068; baseline -0.001 -15"><span class='ocrx_word' id='word_1_126' title='bbox 437 1997 562 2053; x_wconf 90' lang='lat' dir='ltr'>Jam</span> <span class='ocrx_word' id='word_1_127' title='bbox 592 2013 726 2053; x_wconf 88' lang='lat' dir='ltr'>vero</span> <span class='ocrx_word' id='word_1_128' title='bbox 755 1997 824 2052; x_wconf 91' lang='lat' dir='ltr'>ad</span> <span class='ocrx_word' id='word_1_129' title='bbox 858 1995 1045 2068; x_wconf 87' lang='lat' dir='ltr'>ipsam</span> <span class='ocrx_word' id='word_1_130' title='bbox 1079 1996 1340 2068; x_wconf 73' lang='lat' dir='ltr'>epistolas</span> <span class='ocrx_word' id='word_1_131' title='bbox 1384 1997 1592 2068; x_wconf 90' lang='lat' dir='ltr'>Ignatii</span> <span class='ocrx_word' id='word_1_132' title='bbox 1618 1998 1686 2053; x_wconf 90' lang='lat' dir='ltr'>ad</span> <span class='ocrx_word' id='word_1_133' title='bbox 1721 1996 2016 2052; x_wconf 79' lang='lat' dir='ltr'>Romanos</span> 
     </span>
    </p>
   </div>
   <div class='ocr_carea' id='block_1_21' title="bbox 369 2087 2015 2160">
    <p class='ocr_par' dir='ltr' id='par_1_21' title="bbox 369 2087 2015 2160">
     <span class='ocr_line' id='line_1_21' title="bbox 369 2087 2015 2160; baseline -0.002 -16"><span class='ocrx_word' id='word_1_134' title='bbox 369 2087 932 2160; x_wconf 87' lang='lat' dir='ltr'>epigraphen,quam</span> <span class='ocrx_word' id='word_1_135' title='bbox 970 2087 1243 2142; x_wconf 65' lang='lat' dir='ltr'>Dallazani</span> <span class='ocrx_word' id='word_1_136' title='bbox 1274 2087 1679 2144; x_wconf 85' lang='lat' dir='ltr'>vehementius</span> <span class='ocrx_word' id='word_1_137' title='bbox 1699 2087 2015 2160; x_wconf 77' lang='lat' dir='ltr'>exagitant,</span> 
     </span>
    </p>
   </div>
   <div class='ocr_carea' id='block_1_22' title="bbox 369 2176 2019 2249">
    <p class='ocr_par' dir='ltr' id='par_1_22' title="bbox 369 2176 2019 2249">
     <span class='ocr_line' id='line_1_22' title="bbox 369 2176 2019 2249; baseline 0 -17"><span class='ocrx_word' id='word_1_138' title='bbox 369 2178 610 2249; x_wconf 89' lang='lat' dir='ltr'>propius</span> <span class='ocrx_word' id='word_1_139' title='bbox 644 2177 1012 2233; x_wconf 83' lang='lat' dir='ltr'>accedamus.</span> <span class='ocrx_word' id='word_1_140' title='bbox 1047 2177 1128 2232; x_wconf 89' lang='lat' dir='ltr'>De</span> <span class='ocrx_word' id='word_1_141' title='bbox 1180 2176 1339 2233; x_wconf 92' lang='lat' dir='ltr'>illius</span> <span class='ocrx_word' id='word_1_142' title='bbox 1382 2178 1762 2249; x_wconf 78' lang='lat' dir='ltr'>longitudine,</span> <span class='ocrx_word' id='word_1_143' title='bbox 1799 2181 1900 2233; x_wconf 91' lang='lat' dir='ltr'>aut</span> <span class='ocrx_word' id='word_1_144' title='bbox 1948 2177 2019 2232; x_wconf 91' lang='lat' dir='ltr'>de</span> 
     </span>
    </p>
   </div>
   <div class='ocr_carea' id='block_1_23' title="bbox 371 2265 2022 2339">
    <p class='ocr_par' dir='ltr' id='par_1_23' title="bbox 371 2265 2022 2339">
     <span class='ocr_line' id='line_1_23' title="bbox 371 2265 2022 2339; baseline -0.001 -18"><span class='ocrx_word' id='word_1_145' title='bbox 371 2283 544 2338; x_wconf 89' lang='lat' dir='ltr'>prava</span> <span class='ocrx_word' id='word_1_146' title='bbox 572 2265 734 2321; x_wconf 85' lang='lat' dir='ltr'>Pauli</span> <span class='ocrx_word' id='word_1_147' title='bbox 778 2266 1104 2322; x_wconf 81' lang='lat' dir='ltr'>imitatione</span> <span class='ocrx_word' id='word_1_148' title='bbox 1149 2265 1294 2321; x_wconf 88' lang='lat' dir='ltr'>nihil</span> <span class='ocrx_word' id='word_1_149' title='bbox 1344 2267 1622 2339; x_wconf 86' lang='lat' dir='ltr'>amplius,</span> <span class='ocrx_word' id='word_1_150' title='bbox 1655 2268 1734 2322; x_wconf 92' lang='lat' dir='ltr'>uti</span> <span class='ocrx_word' id='word_1_151' title='bbox 1768 2266 2022 2323; x_wconf 90' lang='lat' dir='ltr'>ostendi-</span> 
     </span>
    </p>
   </div>
   <div class='ocr_carea' id='block_1_24' title="bbox 371 2357 2020 2429">
    <p class='ocr_par' dir='ltr' id='par_1_24' title="bbox 371 2357 2020 2429">
     <span class='ocr_line' id='line_1_24' title="bbox 371 2357 2020 2429; baseline -0.001 -18"><span class='ocrx_word' id='word_1_152' title='bbox 371 2373 525 2427; x_wconf 85' lang='lat' dir='ltr'>mus,</span> <span class='ocrx_word' id='word_1_153' title='bbox 561 2360 809 2428; x_wconf 91' lang='lat' dir='ltr'>possunt</span> <span class='ocrx_word' id='word_1_154' title='bbox 838 2373 971 2412; x_wconf 88' lang='lat' dir='ltr'>cum</span> <span class='ocrx_word' id='word_1_155' title='bbox 1004 2357 1231 2428; x_wconf 81' lang='lat' dir='ltr'>lgnatio</span> <span class='ocrx_word' id='word_1_156' title='bbox 1262 2357 1684 2429; x_wconf 82' lang='lat' dir='ltr'>exspostulare.</span> <span class='ocrx_word' id='word_1_157' title='bbox 1715 2357 1860 2423; x_wconf 88' lang='lat' dir='ltr'>Quid</span> <span class='ocrx_word' id='word_1_158' title='bbox 1884 2372 2020 2428; x_wconf 86' lang='lat' dir='ltr'>ergo</span> 
     </span>
    </p>
   </div>
   <div class='ocr_carea' id='block_1_25' title="bbox 369 2445 2020 2519">
    <p class='ocr_par' dir='ltr' id='par_1_25' title="bbox 369 2445 2020 2519">
     <span class='ocr_line' id='line_1_25' title="bbox 369 2445 2020 2519; baseline 0 -18"><span class='ocrx_word' id='word_1_159' title='bbox 369 2445 429 2501; x_wconf 90' lang='lat' dir='ltr'>in</span> <span class='ocrx_word' id='word_1_160' title='bbox 458 2462 525 2501; x_wconf 90' lang='lat' dir='ltr'>ea</span> <span class='ocrx_word' id='word_1_161' title='bbox 557 2446 858 2518; x_wconf 85' lang='lat' dir='ltr'>arguunt?</span> <span class='ocrx_word' id='word_1_162' title='bbox 910 2445 1098 2517; x_wconf 85' lang='lat' dir='ltr'>Illam,</span> <span class='ocrx_word' id='word_1_163' title='bbox 1153 2447 1446 2518; x_wconf 87' lang='lat' dir='ltr'>inquiunt,</span> <span class='ocrx_word' id='word_1_164' title='bbox 1495 2451 1582 2503; x_wconf 88' lang='lat' dir='ltr'>tot</span> <span class='ocrx_word' id='word_1_165' title='bbox 1628 2447 2020 2519; x_wconf 90' lang='lat' dir='ltr'>epithetorum</span> 
     </span>
    </p>
   </div>
   <div class='ocr_carea' id='block_1_26' title="bbox 372 2533 2021 2608">
    <p class='ocr_par' dir='ltr' id='par_1_26' title="bbox 372 2533 2021 2608">
     <span class='ocr_line' id='line_1_26' title="bbox 372 2533 2021 2608; baseline 0.001 -18"><span class='ocrx_word' id='word_1_166' title='bbox 372 2533 656 2601; x_wconf 86' lang='lat' dir='ltr'>laudis,in</span> <span class='ocrx_word' id='word_1_167' title='bbox 694 2553 874 2592; x_wconf 91' lang='lat' dir='ltr'>unum</span> <span class='ocrx_word' id='word_1_168' title='bbox 927 2537 1118 2592; x_wconf 91' lang='lat' dir='ltr'>locum</span> <span class='ocrx_word' id='word_1_169' title='bbox 1170 2536 1318 2592; x_wconf 90' lang='lat' dir='ltr'>male</span> <span class='ocrx_word' id='word_1_170' title='bbox 1367 2544 1780 2608; x_wconf 85' lang='lat' dir='ltr'>congestorum</span> <span class='ocrx_word' id='word_1_171' title='bbox 1832 2536 2021 2592; x_wconf 84' lang='lat' dir='ltr'>farra-</span> 
     </span>
    </p>
   </div>
   <div class='ocr_carea' id='block_1_27' title="bbox 374 2625 2022 2699">
    <p class='ocr_par' dir='ltr' id='par_1_27' title="bbox 374 2625 2022 2699">
     <span class='ocr_line' id='line_1_27' title="bbox 374 2625 2022 2699; baseline 0.001 -20"><span class='ocrx_word' id='word_1_172' title='bbox 374 2625 589 2696; x_wconf 82' lang='lat' dir='ltr'>ginem.</span> <span class='ocrx_word' id='word_1_173' title='bbox 613 2625 722 2681; x_wconf 90' lang='lat' dir='ltr'>Sed</span> <span class='ocrx_word' id='word_1_174' title='bbox 748 2627 965 2682; x_wconf 87' lang='lat' dir='ltr'>similia</span> <span class='ocrx_word' id='word_1_175' title='bbox 996 2626 1216 2682; x_wconf 90' lang='lat' dir='ltr'>Paulus</span> <span class='ocrx_word' id='word_1_176' title='bbox 1239 2627 1504 2683; x_wconf 88' lang='lat' dir='ltr'>adhibuit</span> <span class='ocrx_word' id='word_1_177' title='bbox 1522 2627 1779 2699; x_wconf 87' lang='lat' dir='ltr'>epitheta</span> <span class='ocrx_word' id='word_1_178' title='bbox 1808 2626 2022 2696; x_wconf 87' lang='lat' dir='ltr'>laudis,</span> 
     </span>
    </p>
   </div>
   <div class='ocr_carea' id='block_1_28' title="bbox 376 2715 2024 2787">
    <p class='ocr_par' dir='ltr' id='par_1_28' title="bbox 376 2715 2024 2787">
     <span class='ocr_line' id='line_1_28' title="bbox 376 2715 2024 2787; baseline 0 -17"><span class='ocrx_word' id='word_1_179' title='bbox 376 2731 508 2770; x_wconf 92' lang='lat' dir='ltr'>cum</span> <span class='ocrx_word' id='word_1_180' title='bbox 552 2715 611 2769; x_wconf 91' lang='lat' dir='ltr'>in</span> <span class='ocrx_word' id='word_1_181' title='bbox 658 2715 915 2787; x_wconf 88' lang='lat' dir='ltr'>Epistola</span> <span class='ocrx_word' id='word_1_182' title='bbox 973 2716 1044 2770; x_wconf 92' lang='lat' dir='ltr'>ad</span> <span class='ocrx_word' id='word_1_183' title='bbox 1098 2715 1392 2771; x_wconf 82' lang='lat' dir='ltr'>Romanos</span> <span class='ocrx_word' id='word_1_184' title='bbox 1441 2717 1643 2772; x_wconf 88' lang='lat' dir='ltr'>scribit</span> <span class='ocrx_word' id='word_1_185' title='bbox 1671 2715 1760 2771; x_wconf 76' lang='lat'>2&quot;:</span> <span class='ocrx_word' id='word_1_186' title='bbox 1799 2715 2024 2771; x_wconf 81' lang='lat' dir='ltr'>Dilectis</span> 
     </span>
    </p>
   </div>
   <div class='ocr_carea' id='block_1_29' title="bbox 376 2803 2023 2876">
    <p class='ocr_par' dir='ltr' id='par_1_29' title="bbox 376 2803 2023 2876">
     <span class='ocr_line' id='line_1_29' title="bbox 376 2803 2023 2876; baseline -0.001 -17"><span class='ocrx_word' id='word_1_187' title='bbox 376 2805 494 2871; x_wconf 86' lang='lat' dir='ltr'>Dei,</span> <span class='ocrx_word' id='word_1_188' title='bbox 527 2806 730 2860; x_wconf 79' lang='lat' dir='ltr'>vocatis</span> <span class='ocrx_word' id='word_1_189' title='bbox 758 2806 983 2874; x_wconf 77' lang='lat' dir='ltr'>sanctis,</span> <span class='ocrx_word' id='word_1_190' title='bbox 1016 2808 1073 2860; x_wconf 92' lang='lat' dir='ltr'>et</span> <span class='ocrx_word' id='word_1_191' title='bbox 1099 2803 1159 2860; x_wconf 90' lang='lat' dir='ltr'>in</span> <span class='ocrx_word' id='word_1_192' title='bbox 1193 2805 1383 2876; x_wconf 90' lang='lat' dir='ltr'>prima</span> <span class='ocrx_word' id='word_1_193' title='bbox 1413 2806 1480 2859; x_wconf 88' lang='lat' dir='ltr'>ad</span> <span class='ocrx_word' id='word_1_194' title='bbox 1519 2804 1871 2870; x_wconf 88' lang='lat' dir='ltr'>Corinthios,</span> <span class='ocrx_word' id='word_1_195' title='bbox 1894 2819 2023 2858; x_wconf 79' lang='lat' dir='ltr'>san-</span> 
     </span>
    </p>
   </div>
   <div class='ocr_carea' id='block_1_30' title="bbox 371 2892 2028 2963">
    <p class='ocr_par' dir='ltr' id='par_1_30' title="bbox 371 2892 2028 2963">
     <span class='ocr_line' id='line_1_30' title="bbox 371 2892 2028 2963; baseline -0.001 -15"><span class='ocrx_word' id='word_1_196' title='bbox 371 2892 630 2963; x_wconf 77' lang='lat' dir='ltr'>ctiﬁcatis</span> <span class='ocrx_word' id='word_1_197' title='bbox 661 2896 722 2950; x_wconf 86' lang='lat' dir='ltr'>in</span> <span class='ocrx_word' id='word_1_198' title='bbox 765 2893 982 2950; x_wconf 76' lang='lat' dir='ltr'>Christo</span> <span class='ocrx_word' id='word_1_199' title='bbox 1029 2896 1178 2962; x_wconf 56' lang='grc' dir='ltr'>ἔθευ,</span> <span class='ocrx_word' id='word_1_200' title='bbox 1225 2897 1434 2950; x_wconf 85' lang='lat' dir='ltr'>vocatis</span> <span class='ocrx_word' id='word_1_201' title='bbox 1480 2896 1708 2950; x_wconf 84' lang='lat' dir='ltr'>sanctis.</span> <span class='ocrx_word' id='word_1_202' title='bbox 1745 2899 1868 2950; x_wconf 88' lang='lat' dir='ltr'>Non</span> <span class='ocrx_word' id='word_1_203' title='bbox 1900 2893 2028 2949; x_wconf 83' lang='lat' dir='ltr'>inﬁ-</span> 
     </span>
    </p>
   </div>
   <div class='ocr_carea' id='block_1_31' title="bbox 375 2982 2028 3055">
    <p class='ocr_par' dir='ltr' id='par_1_31' title="bbox 375 2982 2028 3055">
     <span class='ocr_line' id='line_1_31' title="bbox 375 2982 2028 3055; baseline -0.001 -17"><span class='ocrx_word' id='word_1_204' title='bbox 375 2982 596 3038; x_wconf 88' lang='lat' dir='ltr'>ciamur</span> <span class='ocrx_word' id='word_1_205' title='bbox 618 2985 851 3054; x_wconf 88' lang='lat' dir='ltr'>quidem</span> <span class='ocrx_word' id='word_1_206' title='bbox 869 2985 927 3038; x_wconf 92' lang='lat' dir='ltr'>in</span> <span class='ocrx_word' id='word_1_207' title='bbox 953 2983 1046 3038; x_wconf 90' lang='lat' dir='ltr'>his</span> <span class='ocrx_word' id='word_1_208' title='bbox 1065 2983 1340 3055; x_wconf 84' lang='lat' dir='ltr'>Epistolis</span> <span class='ocrx_word' id='word_1_209' title='bbox 1367 2984 1560 3039; x_wconf 90' lang='lat' dir='ltr'>multo</span> <span class='ocrx_word' id='word_1_210' title='bbox 1583 2984 1856 3054; x_wconf 82' lang='lat' dir='ltr'>pauciora</span> <span class='ocrx_word' id='word_1_211' title='bbox 1875 2998 2028 3050; x_wconf 89' lang='lat' dir='ltr'>esse,</span> 
     </span>
    </p>
   </div>
   <div class='ocr_carea' id='block_1_32' title="bbox 375 3072 2026 3144">
    <p class='ocr_par' dir='ltr' id='par_1_32' title="bbox 375 3072 2026 3144">
     <span class='ocr_line' id='line_1_32' title="bbox 375 3072 2026 3144; baseline -0.001 -17"><span class='ocrx_word' id='word_1_212' title='bbox 375 3089 550 3143; x_wconf 90' lang='lat' dir='ltr'>quam</span> <span class='ocrx_word' id='word_1_213' title='bbox 582 3073 640 3126; x_wconf 91' lang='lat' dir='ltr'>in</span> <span class='ocrx_word' id='word_1_214' title='bbox 674 3072 993 3144; x_wconf 85' lang='lat' dir='ltr'>lgnatianis</span> <span class='ocrx_word' id='word_1_215' title='bbox 1043 3073 1285 3129; x_wconf 87' lang='lat' dir='ltr'>laudum</span> <span class='ocrx_word' id='word_1_216' title='bbox 1318 3073 1598 3143; x_wconf 84' lang='lat' dir='ltr'>epitheta.</span> <span class='ocrx_word' id='word_1_217' title='bbox 1635 3074 1847 3128; x_wconf 90' lang='lat' dir='ltr'>Verum</span> <span class='ocrx_word' id='word_1_218' title='bbox 1880 3088 2026 3143; x_wconf 69' lang='lat' dir='ltr'>prte-</span> 
     </span>
    </p>
   </div>
   <div class='ocr_carea' id='block_1_33' title="bbox 2131 579 3801 651">
    <p class='ocr_par' dir='ltr' id='par_1_33' title="bbox 2131 579 3801 651">
     <span class='ocr_line' id='line_1_33' title="bbox 2131 579 3801 651; baseline -0.001 -17"><span class='ocrx_word' id='word_1_219' title='bbox 2131 579 2616 650; x_wconf 89' lang='lat' dir='ltr'>inscriptionibus</span> <span class='ocrx_word' id='word_1_220' title='bbox 2660 579 2920 636; x_wconf 83' lang='lat' dir='ltr'>adderet.</span> <span class='ocrx_word' id='word_1_221' title='bbox 2971 581 3092 636; x_wconf 93' lang='lat' dir='ltr'>lmo</span> <span class='ocrx_word' id='word_1_222' title='bbox 3125 581 3258 635; x_wconf 90' lang='lat' dir='ltr'>inde</span> <span class='ocrx_word' id='word_1_223' title='bbox 3288 585 3448 637; x_wconf 87' lang='lat' dir='ltr'>certo</span> <span class='ocrx_word' id='word_1_224' title='bbox 3480 579 3801 651; x_wconf 85' lang='lat' dir='ltr'>colligitur</span> 
     </span>
    </p>
   </div>
   <div class='ocr_carea' id='block_1_34' title="bbox 2130 669 3798 743">
    <p class='ocr_par' dir='ltr' id='par_1_34' title="bbox 2130 669 3798 743">
     <span class='ocr_line' id='line_1_34' title="bbox 2130 669 3798 743; baseline 0.001 -18"><span class='ocrx_word' id='word_1_225' title='bbox 2130 669 2294 726; x_wconf 90' lang='lat' dir='ltr'>illum</span> <span class='ocrx_word' id='word_1_226' title='bbox 2330 671 2493 728; x_wconf 88' lang='lat' dir='ltr'>nulla</span> <span class='ocrx_word' id='word_1_227' title='bbox 2513 670 2705 727; x_wconf 88' lang='lat' dir='ltr'>artein</span> <span class='ocrx_word' id='word_1_228' title='bbox 2727 670 2988 742; x_wconf 87' lang='lat' dir='ltr'>epistolis</span> <span class='ocrx_word' id='word_1_229' title='bbox 3001 672 3203 728; x_wconf 90' lang='lat' dir='ltr'>suisea</span> <span class='ocrx_word' id='word_1_230' title='bbox 3221 673 3422 728; x_wconf 90' lang='lat' dir='ltr'>omnia</span> <span class='ocrx_word' id='word_1_231' title='bbox 3445 671 3798 743; x_wconf 87' lang='lat' dir='ltr'>scripsisse,</span> 
     </span>
    </p>
   </div>
   <div class='ocr_carea' id='block_1_35' title="bbox 2131 763 3797 838">
    <p class='ocr_par' dir='ltr' id='par_1_35' title="bbox 2131 763 3797 838">
     <span class='ocr_line' id='line_1_35' title="bbox 2131 763 3797 838; baseline 0.001 -20"><span class='ocrx_word' id='word_1_232' title='bbox 2131 780 2257 835; x_wconf 69' lang='lat' dir='ltr'>quae</span> <span class='ocrx_word' id='word_1_233' title='bbox 2281 763 2648 821; x_wconf 90' lang='lat' dir='ltr'>incredibilis</span> <span class='ocrx_word' id='word_1_234' title='bbox 2679 764 2895 820; x_wconf 87' lang='lat' dir='ltr'>Christi</span> <span class='ocrx_word' id='word_1_235' title='bbox 2913 781 3078 820; x_wconf 90' lang='lat' dir='ltr'>amor</span> <span class='ocrx_word' id='word_1_236' title='bbox 3107 769 3165 820; x_wconf 89' lang='lat' dir='ltr'>et</span> <span class='ocrx_word' id='word_1_237' title='bbox 3185 765 3450 838; x_wconf 82' lang='lat' dir='ltr'>martyrii</span> <span class='ocrx_word' id='word_1_238' title='bbox 3483 763 3797 821; x_wconf 88' lang='lat' dir='ltr'>subeundi</span> 
     </span>
    </p>
   </div>
   <div class='ocr_carea' id='block_1_36' title="bbox 2133 853 3554 928">
    <p class='ocr_par' dir='ltr' id='par_1_36' title="bbox 2133 853 3554 928">
     <span class='ocr_line' id='line_1_36' title="bbox 2133 853 3554 928; baseline 0.001 -19"><span class='ocrx_word' id='word_1_239' title='bbox 2133 855 2306 910; x_wconf 88' lang='lat' dir='ltr'>ardor</span> <span class='ocrx_word' id='word_1_240' title='bbox 2335 854 2664 912; x_wconf 88' lang='lat' dir='ltr'>immensus</span> <span class='ocrx_word' id='word_1_241' title='bbox 2696 853 2811 928; x_wconf 86' lang='lat' dir='ltr'>ipsi</span> <span class='ocrx_word' id='word_1_242' title='bbox 2841 853 3134 928; x_wconf 83' lang='lat' dir='ltr'>extemplo</span> <span class='ocrx_word' id='word_1_243' title='bbox 3166 855 3554 926; x_wconf 88' lang='lat' dir='ltr'>inspirabant.</span> 
     </span>
    </p>
   </div>
   <div class='ocr_carea' id='block_1_37' title="bbox 2130 959 3790 1035">
    <p class='ocr_par' dir='ltr' id='par_1_37' title="bbox 2130 959 3790 1035">
     <span class='ocr_line' id='line_1_37' title="bbox 2130 959 3790 1035; baseline 0.001 -19"><span class='ocrx_word' id='word_1_244' title='bbox 2130 959 2160 1032; x_wconf 88' lang='lat'>§</span> <span class='ocrx_word' id='word_1_245' title='bbox 2193 961 2291 1017; x_wconf 92' lang='lat' dir='ltr'>IlI.</span> <span class='ocrx_word' id='word_1_246' title='bbox 2323 963 2400 1017; x_wconf 79' lang='lat' dir='ltr'>De</span> <span class='ocrx_word' id='word_1_247' title='bbox 2430 961 2854 1035; x_wconf 78' lang='lat' dir='ltr'>repetitionibus</span> <span class='ocrx_word' id='word_1_248' title='bbox 2911 979 3028 1034; x_wconf 65' lang='lat' dir='ltr'>qua</span> <span class='ocrx_word' id='word_1_249' title='bbox 3065 963 3123 1018; x_wconf 89' lang='lat' dir='ltr'>in</span> <span class='ocrx_word' id='word_1_250' title='bbox 3154 961 3406 1034; x_wconf 81' lang='lat' dir='ltr'>epistolis</span> <span class='ocrx_word' id='word_1_251' title='bbox 3458 968 3790 1019; x_wconf 81' lang='lat' dir='ltr'>occurrunt.</span> 
     </span>
    </p>
   </div>
   <div class='ocr_carea' id='block_1_38' title="bbox 2202 1066 3793 1142">
    <p class='ocr_par' dir='ltr' id='par_1_38' title="bbox 2202 1066 3793 1142">
     <span class='ocr_line' id='line_1_38' title="bbox 2202 1066 3793 1142; baseline 0.002 -20"><span class='ocrx_word' id='word_1_252' title='bbox 2202 1066 2482 1125; x_wconf 87' lang='lat' dir='ltr'>Ultimum</span> <span class='ocrx_word' id='word_1_253' title='bbox 2543 1069 2740 1126; x_wconf 77' lang='lat' dir='ltr'>Dalltei</span> <span class='ocrx_word' id='word_1_254' title='bbox 2773 1074 2976 1126; x_wconf 87' lang='lat' dir='ltr'>contra</span> <span class='ocrx_word' id='word_1_255' title='bbox 3022 1069 3238 1142; x_wconf 86' lang='lat' dir='ltr'>lgnatii</span> <span class='ocrx_word' id='word_1_256' title='bbox 3296 1068 3573 1142; x_wconf 89' lang='lat' dir='ltr'>epistolas</span> <span class='ocrx_word' id='word_1_257' title='bbox 3610 1085 3793 1141; x_wconf 85' lang='lat' dir='ltr'>argu-</span> 
     </span>
    </p>
   </div>
   <div class='ocr_carea' id='block_1_39' title="bbox 2130 1158 3786 1232">
    <p class='ocr_par' dir='ltr' id='par_1_39' title="bbox 2130 1158 3786 1232">
     <span class='ocr_line' id='line_1_39' title="bbox 2130 1158 3786 1232; baseline 0.002 -20"><span class='ocrx_word' id='word_1_258' title='bbox 2130 1161 2397 1213; x_wconf 88' lang='lat' dir='ltr'>mentum</span> <span class='ocrx_word' id='word_1_259' title='bbox 2420 1163 2510 1215; x_wconf 87' lang='lat' dir='ltr'>est</span> <span class='ocrx_word' id='word_1_260' title='bbox 2530 1160 2574 1196; x_wconf 79' lang='grc'>²⁸</span> <span class='ocrx_word' id='word_1_261' title='bbox 2599 1176 2612 1215; x_wconf 92' lang='lat'>:</span> <span class='ocrx_word' id='word_1_262' title='bbox 2640 1181 2668 1210; x_wconf 75' lang='grc' dir='ltr'>κ</span> <span class='ocrx_word' id='word_1_263' title='bbox 2691 1159 2890 1230; x_wconf 87' lang='lat' dir='ltr'>Neque</span> <span class='ocrx_word' id='word_1_264' title='bbox 2915 1158 3056 1214; x_wconf 86' lang='lat' dir='ltr'>illud</span> <span class='ocrx_word' id='word_1_265' title='bbox 3083 1158 3372 1232; x_wconf 88' lang='lat' dir='ltr'>Ignatium</span> <span class='ocrx_word' id='word_1_266' title='bbox 3408 1159 3786 1232; x_wconf 85' lang='lat' dir='ltr'>episcopum,</span> 
     </span>
    </p>
   </div>
   <div class='ocr_carea' id='block_1_40' title="bbox 2129 1247 3789 1322">
    <p class='ocr_par' dir='ltr' id='par_1_40' title="bbox 2129 1247 3789 1322">
     <span class='ocr_line' id='line_1_40' title="bbox 2129 1247 3789 1322; baseline 0.002 -20"><span class='ocrx_word' id='word_1_267' title='bbox 2129 1247 2318 1303; x_wconf 64' lang='lat' dir='ltr'>aetatis</span> <span class='ocrx_word' id='word_1_268' title='bbox 2350 1254 2651 1320; x_wconf 72' lang='lat' dir='ltr'>provectas,</span> <span class='ocrx_word' id='word_1_269' title='bbox 2675 1254 2732 1305; x_wconf 89' lang='lat' dir='ltr'>et</span> <span class='ocrx_word' id='word_1_270' title='bbox 2749 1249 2904 1322; x_wconf 90' lang='lat' dir='ltr'>apud</span> <span class='ocrx_word' id='word_1_271' title='bbox 2921 1249 3216 1321; x_wconf 88' lang='lat' dir='ltr'>apostolos</span> <span class='ocrx_word' id='word_1_272' title='bbox 3235 1250 3546 1306; x_wconf 88' lang='lat' dir='ltr'>educatum</span> <span class='ocrx_word' id='word_1_273' title='bbox 3573 1251 3789 1306; x_wconf 81' lang='lat' dir='ltr'>decere</span> 
     </span>
    </p>
   </div>
   <div class='ocr_carea' id='block_1_41' title="bbox 2127 1337 3787 1414">
    <p class='ocr_par' dir='ltr' id='par_1_41' title="bbox 2127 1337 3787 1414">
     <span class='ocr_line' id='line_1_41' title="bbox 2127 1337 3787 1414; baseline 0.002 -22"><span class='ocrx_word' id='word_1_274' title='bbox 2127 1337 2378 1407; x_wconf 89' lang='lat' dir='ltr'>videtur,</span> <span class='ocrx_word' id='word_1_275' title='bbox 2412 1342 2567 1412; x_wconf 90' lang='lat' dir='ltr'>quod</span> <span class='ocrx_word' id='word_1_276' title='bbox 2625 1340 2724 1396; x_wconf 90' lang='lat' dir='ltr'>ille</span> <span class='ocrx_word' id='word_1_277' title='bbox 2755 1341 2926 1397; x_wconf 88' lang='lat' dir='ltr'>toties</span> <span class='ocrx_word' id='word_1_278' title='bbox 2960 1339 3161 1396; x_wconf 88' lang='lat' dir='ltr'>eadem</span> <span class='ocrx_word' id='word_1_279' title='bbox 3192 1347 3402 1414; x_wconf 65' lang='lat' dir='ltr'>praster</span> <span class='ocrx_word' id='word_1_280' title='bbox 3430 1340 3534 1396; x_wconf 90' lang='lat' dir='ltr'>viri</span> <span class='ocrx_word' id='word_1_281' title='bbox 3582 1340 3787 1413; x_wconf 78' lang='lat' dir='ltr'>gravis</span> 
     </span>
    </p>
   </div>
   <div class='ocr_carea' id='block_1_42' title="bbox 2129 1429 3786 1502">
    <p class='ocr_par' dir='ltr' id='par_1_42' title="bbox 2129 1429 3786 1502">
     <span class='ocr_line' id='line_1_42' title="bbox 2129 1429 3786 1502; baseline 0.003 -20"><span class='ocrx_word' id='word_1_282' title='bbox 2129 1443 2352 1484; x_wconf 74' lang='lat' dir='ltr'>mer-em</span> <span class='ocrx_word' id='word_1_283' title='bbox 2385 1431 2599 1502; x_wconf 87' lang='lat' dir='ltr'>repetit</span> <span class='ocrx_word' id='word_1_284' title='bbox 2645 1436 2819 1501; x_wconf 90' lang='lat' dir='ltr'>atque</span> <span class='ocrx_word' id='word_1_285' title='bbox 2857 1429 3130 1487; x_wconf 89' lang='lat' dir='ltr'>inculcat.</span> <span class='ocrx_word' id='word_1_286' title='bbox 3165 1454 3186 1484; x_wconf 74' lang='grc' dir='ltr'><strong>ι</strong></span> <span class='ocrx_word' id='word_1_287' title='bbox 3239 1431 3487 1502; x_wconf 87' lang='lat' dir='ltr'>Dignam</span> <span class='ocrx_word' id='word_1_288' title='bbox 3520 1447 3661 1486; x_wconf 85' lang='lat' dir='ltr'>sane</span> <span class='ocrx_word' id='word_1_289' title='bbox 3693 1435 3786 1487; x_wconf 83' lang='lat' dir='ltr'>tot</span> 
     </span>
    </p>
   </div>
   <div class='ocr_carea' id='block_1_43' title="bbox 2129 1518 3784 1593">
    <p class='ocr_par' dir='ltr' id='par_1_43' title="bbox 2129 1518 3784 1593">
     <span class='ocr_line' id='line_1_43' title="bbox 2129 1518 3784 1593; baseline 0.002 -20"><span class='ocrx_word' id='word_1_290' title='bbox 2129 1518 2295 1573; x_wconf 89' lang='lat' dir='ltr'>vanis</span> <span class='ocrx_word' id='word_1_291' title='bbox 2327 1518 3116 1593; x_wconf 84' lang='lat' dir='ltr'>tutilibusqueargumentis,</span> <span class='ocrx_word' id='word_1_292' title='bbox 3141 1521 3200 1577; x_wconf 93' lang='lat' dir='ltr'>in</span> <span class='ocrx_word' id='word_1_293' title='bbox 3229 1525 3349 1576; x_wconf 87' lang='lat' dir='ltr'>tam</span> <span class='ocrx_word' id='word_1_294' title='bbox 3374 1521 3548 1592; x_wconf 82' lang='lat' dir='ltr'>longa</span> <span class='ocrx_word' id='word_1_295' title='bbox 3569 1520 3784 1590; x_wconf 84' lang='lat' dir='ltr'>dispu-</span> 
     </span>
    </p>
   </div>
   <div class='ocr_carea' id='block_1_44' title="bbox 2127 1607 3776 1680">
    <p class='ocr_par' dir='ltr' id='par_1_44' title="bbox 2127 1607 3776 1680">
     <span class='ocr_line' id='line_1_44' title="bbox 2127 1607 3776 1680; baseline 0.001 -17"><span class='ocrx_word' id='word_1_296' title='bbox 2127 1607 2348 1664; x_wconf 87' lang='lat' dir='ltr'>tatione</span> <span class='ocrx_word' id='word_1_297' title='bbox 2371 1624 2676 1680; x_wconf 88' lang='lat' dir='ltr'>perperam</span> <span class='ocrx_word' id='word_1_298' title='bbox 2707 1610 3116 1678; x_wconf 87' lang='lat' dir='ltr'>accumulalis,</span> <span class='ocrx_word' id='word_1_299' title='bbox 3155 1608 3404 1666; x_wconf 69' lang='lat' dir='ltr'>Dallaaus</span> <span class='ocrx_word' id='word_1_300' title='bbox 3434 1609 3776 1666; x_wconf 89' lang='lat' dir='ltr'>coronidem</span> 
     </span>
    </p>
   </div>
   <div class='ocr_carea' id='block_1_45' title="bbox 2129 1697 3776 1772">
    <p class='ocr_par' dir='ltr' id='par_1_45' title="bbox 2129 1697 3776 1772">
     <span class='ocr_line' id='line_1_45' title="bbox 2129 1697 3776 1772; baseline 0.001 -20"><span class='ocrx_word' id='word_1_301' title='bbox 2129 1697 2395 1769; x_wconf 87' lang='lat' dir='ltr'>imponit.</span> <span class='ocrx_word' id='word_1_302' title='bbox 2428 1697 2706 1771; x_wconf 89' lang='lat' dir='ltr'>Nunquid</span> <span class='ocrx_word' id='word_1_303' title='bbox 2756 1698 2914 1754; x_wconf 91' lang='lat' dir='ltr'>enim</span> <span class='ocrx_word' id='word_1_304' title='bbox 2956 1699 3215 1772; x_wconf 86' lang='lat' dir='ltr'>episcopi</span> <span class='ocrx_word' id='word_1_305' title='bbox 3249 1704 3526 1770; x_wconf 68' lang='lat' dir='ltr'>provectae</span> <span class='ocrx_word' id='word_1_306' title='bbox 3559 1700 3776 1769; x_wconf 67' lang='lat' dir='ltr'>aetatis,</span> 
     </span>
    </p>
   </div>
   <div class='ocr_carea' id='block_1_46' title="bbox 2129 1783 3782 1858">
    <p class='ocr_par' dir='ltr' id='par_1_46' title="bbox 2129 1783 3782 1858">
     <span class='ocr_line' id='line_1_46' title="bbox 2129 1783 3782 1858; baseline 0.002 -18"><span class='ocrx_word' id='word_1_307' title='bbox 2129 1790 2186 1840; x_wconf 89' lang='lat' dir='ltr'>et</span> <span class='ocrx_word' id='word_1_308' title='bbox 2214 1785 2371 1856; x_wconf 88' lang='lat' dir='ltr'>apud</span> <span class='ocrx_word' id='word_1_309' title='bbox 2405 1783 2700 1856; x_wconf 88' lang='lat' dir='ltr'>apostolos</span> <span class='ocrx_word' id='word_1_310' title='bbox 2729 1786 2986 1848; x_wconf 87' lang='lat' dir='ltr'>educati.</span> <span class='ocrx_word' id='word_1_311' title='bbox 3019 1802 3109 1841; x_wconf 89' lang='lat' dir='ltr'>res</span> <span class='ocrx_word' id='word_1_312' title='bbox 3143 1786 3397 1856; x_wconf 86' lang='lat' dir='ltr'>easdem,</span> <span class='ocrx_word' id='word_1_313' title='bbox 3431 1786 3661 1858; x_wconf 90' lang='lat' dir='ltr'>quoties</span> <span class='ocrx_word' id='word_1_314' title='bbox 3685 1803 3782 1843; x_wconf 66' lang='lat' dir='ltr'>exv</span> 
     </span>
    </p>
   </div>
   <div class='ocr_carea' id='block_1_47' title="bbox 2048 1846 3780 1948">
    <p class='ocr_par' dir='ltr' id='par_1_47' title="bbox 2048 1846 3780 1948">
     <span class='ocr_line' id='line_1_47' title="bbox 2048 1846 3780 1948; baseline 0.004 -21"><span class='ocrx_word' id='word_1_315' title='bbox 2048 1846 2095 1912; x_wconf 80' lang='grc' dir='ltr'>Β</span> <span class='ocrx_word' id='word_1_316' title='bbox 2129 1846 2308 1945; x_wconf 77' lang='lat' dir='ltr'>pedit,</span> <span class='ocrx_word' id='word_1_317' title='bbox 2349 1846 2548 1931; x_wconf 75' lang='lat' dir='ltr'>minus</span> <span class='ocrx_word' id='word_1_318' title='bbox 2580 1891 2758 1947; x_wconf 89' lang='lat' dir='ltr'>quam</span> <span class='ocrx_word' id='word_1_319' title='bbox 2800 1874 2898 1931; x_wconf 89' lang='lat' dir='ltr'>alii</span> <span class='ocrx_word' id='word_1_320' title='bbox 2930 1846 3245 1948; x_wconf 82' lang='lat' dir='ltr'>scriptores</span> <span class='ocrx_word' id='word_1_321' title='bbox 3293 1846 3565 1948; x_wconf 70' lang='lat' dir='ltr'>repetunt</span> <span class='ocrx_word' id='word_1_322' title='bbox 3597 1882 3653 1932; x_wconf 90' lang='lat' dir='ltr'>et</span> <span class='ocrx_word' id='word_1_323' title='bbox 3683 1876 3780 1934; x_wconf 84' lang='lat' dir='ltr'>in-</span> 
     </span>
    </p>
   </div>
   <div class='ocr_carea' id='block_1_48' title="bbox 2126 1962 3773 2038">
    <p class='ocr_par' dir='ltr' id='par_1_48' title="bbox 2126 1962 3773 2038">
     <span class='ocr_line' id='line_1_48' title="bbox 2126 1962 3773 2038; baseline 0.002 -20"><span class='ocrx_word' id='word_1_324' title='bbox 2126 1962 2351 2018; x_wconf 81' lang='lat' dir='ltr'>culcant</span> <span class='ocrx_word' id='word_1_325' title='bbox 2371 1965 2398 2018; x_wconf 66' lang='grc' dir='ltr'>’ἰ</span> <span class='ocrx_word' id='word_1_326' title='bbox 2427 1964 2592 2020; x_wconf 90' lang='lat' dir='ltr'>Certe</span> <span class='ocrx_word' id='word_1_327' title='bbox 2651 1964 2866 2021; x_wconf 86' lang='lat' dir='ltr'>Paulus</span> <span class='ocrx_word' id='word_1_328' title='bbox 2897 1965 3046 2038; x_wconf 89' lang='lat' dir='ltr'>ipse,</span> <span class='ocrx_word' id='word_1_329' title='bbox 3077 1974 3140 2020; x_wconf 88' lang='lat' dir='ltr'>ut</span> <span class='ocrx_word' id='word_1_330' title='bbox 3181 1969 3419 2022; x_wconf 68' lang='lat' dir='ltr'>caeteros</span> <span class='ocrx_word' id='word_1_331' title='bbox 3448 1970 3773 2036; x_wconf 88' lang='lat' dir='ltr'>taceamus,</span> 
     </span>
    </p>
   </div>
   <div class='ocr_carea' id='block_1_49' title="bbox 2128 2053 3777 2124">
    <p class='ocr_par' dir='ltr' id='par_1_49' title="bbox 2128 2053 3777 2124">
     <span class='ocr_line' id='line_1_49' title="bbox 2128 2053 3777 2124; baseline 0.003 -17"><span class='ocrx_word' id='word_1_332' title='bbox 2128 2053 2185 2107; x_wconf 91' lang='lat' dir='ltr'>in</span> <span class='ocrx_word' id='word_1_333' title='bbox 2215 2053 2473 2124; x_wconf 86' lang='lat' dir='ltr'>Epistola</span> <span class='ocrx_word' id='word_1_334' title='bbox 2503 2055 2574 2109; x_wconf 92' lang='lat' dir='ltr'>ad</span> <span class='ocrx_word' id='word_1_335' title='bbox 2633 2053 2913 2124; x_wconf 85' lang='lat' dir='ltr'>Ephesios</span> <span class='ocrx_word' id='word_1_336' title='bbox 2945 2071 3076 2111; x_wconf 89' lang='lat' dir='ltr'>cum</span> <span class='ocrx_word' id='word_1_337' title='bbox 3123 2055 3400 2111; x_wconf 83' lang='lat' dir='ltr'>dixisset:</span> <span class='ocrx_word' id='word_1_338' title='bbox 3437 2055 3655 2110; x_wconf 83' lang='lat' dir='ltr'>Induite</span> <span class='ocrx_word' id='word_1_339' title='bbox 3683 2072 3777 2112; x_wconf 87' lang='lat' dir='ltr'>vos</span> 
     </span>
    </p>
   </div>
   <div class='ocr_carea' id='block_1_50' title="bbox 2130 2144 3776 2216">
    <p class='ocr_par' dir='ltr' id='par_1_50' title="bbox 2130 2144 3776 2216">
     <span class='ocr_line' id='line_1_50' title="bbox 2130 2144 3776 2216; baseline 0.003 -19"><span class='ocrx_word' id='word_1_340' title='bbox 2130 2146 2474 2199; x_wconf 81' lang='lat' dir='ltr'>armaturam</span> <span class='ocrx_word' id='word_1_341' title='bbox 2531 2144 2634 2200; x_wconf 80' lang='lat' dir='ltr'>Dei</span> <span class='ocrx_word' id='word_1_342' title='bbox 2661 2144 2730 2213; x_wconf 77' lang='grc'>³⁵,</span> <span class='ocrx_word' id='word_1_343' title='bbox 2779 2144 3011 2201; x_wconf 88' lang='lat' dir='ltr'>duobus</span> <span class='ocrx_word' id='word_1_344' title='bbox 3053 2149 3188 2216; x_wconf 90' lang='lat' dir='ltr'>post</span> <span class='ocrx_word' id='word_1_345' title='bbox 3229 2145 3495 2201; x_wconf 86' lang='lat' dir='ltr'>versibus</span> <span class='ocrx_word' id='word_1_346' title='bbox 3535 2163 3776 2202; x_wconf 86' lang='lat' dir='ltr'>rursum</span> 
     </span>
    </p>
   </div>
   <div class='ocr_carea' id='block_1_51' title="bbox 2131 2233 3774 2307">
    <p class='ocr_par' dir='ltr' id='par_1_51' title="bbox 2131 2233 3774 2307">
     <span class='ocr_line' id='line_1_51' title="bbox 2131 2233 3774 2307; baseline 0.001 -18"><span class='ocrx_word' id='word_1_347' title='bbox 2131 2233 2368 2290; x_wconf 87' lang='lat' dir='ltr'>scribit:</span> <span class='ocrx_word' id='word_1_348' title='bbox 2429 2234 2686 2307; x_wconf 85' lang='lat' dir='ltr'>Accipite</span> <span class='ocrx_word' id='word_1_349' title='bbox 2717 2240 3074 2292; x_wconf 85' lang='lat' dir='ltr'>armaturam</span> <span class='ocrx_word' id='word_1_350' title='bbox 3111 2235 3209 2291; x_wconf 88' lang='lat' dir='ltr'>Dei</span> <span class='ocrx_word' id='word_1_351' title='bbox 3239 2235 3305 2291; x_wconf 82' lang='lat'>3°.</span> <span class='ocrx_word' id='word_1_352' title='bbox 3338 2235 3502 2300; x_wconf 88' lang='lat' dir='ltr'>Quod</span> <span class='ocrx_word' id='word_1_353' title='bbox 3535 2237 3774 2307; x_wconf 89' lang='lat' dir='ltr'>quidem</span> 
     </span>
    </p>
   </div>
   <div class='ocr_carea' id='block_1_52' title="bbox 2133 2323 3778 2398">
    <p class='ocr_par' dir='ltr' id='par_1_52' title="bbox 2133 2323 3778 2398">
     <span class='ocr_line' id='line_1_52' title="bbox 2133 2323 3778 2398; baseline 0.001 -18"><span class='ocrx_word' id='word_1_354' title='bbox 2133 2323 2181 2380; x_wconf 90' lang='lat' dir='ltr'>si</span> <span class='ocrx_word' id='word_1_355' title='bbox 2212 2323 2558 2396; x_wconf 88' lang='lat' dir='ltr'>interpretes</span> <span class='ocrx_word' id='word_1_356' title='bbox 2589 2324 2924 2390; x_wconf 86' lang='lat' dir='ltr'>audiamus,</span> <span class='ocrx_word' id='word_1_357' title='bbox 2950 2325 3096 2380; x_wconf 89' lang='lat' dir='ltr'>nihil</span> <span class='ocrx_word' id='word_1_358' title='bbox 3117 2325 3274 2381; x_wconf 90' lang='lat' dir='ltr'>aliud</span> <span class='ocrx_word' id='word_1_359' title='bbox 3292 2337 3377 2382; x_wconf 92' lang='lat' dir='ltr'>est</span> <span class='ocrx_word' id='word_1_360' title='bbox 3400 2342 3579 2396; x_wconf 87' lang='lat' dir='ltr'>quam</span> <span class='ocrx_word' id='word_1_361' title='bbox 3601 2343 3778 2398; x_wconf 86' lang='lat' dir='ltr'>supe-</span> 
     </span>
    </p>
   </div>
   <div class='ocr_carea' id='block_1_53' title="bbox 2134 2414 3774 2490">
    <p class='ocr_par' dir='ltr' id='par_1_53' title="bbox 2134 2414 3774 2490">
     <span class='ocr_line' id='line_1_53' title="bbox 2134 2414 3774 2490; baseline 0.002 -22"><span class='ocrx_word' id='word_1_362' title='bbox 2134 2414 2305 2469; x_wconf 85' lang='lat' dir='ltr'>rioris</span> <span class='ocrx_word' id='word_1_363' title='bbox 2354 2415 2774 2471; x_wconf 83' lang='lat' dir='ltr'>exhortationis</span> <span class='ocrx_word' id='word_1_364' title='bbox 2835 2415 3122 2488; x_wconf 86' lang='lat' dir='ltr'>repetitio.</span> <span class='ocrx_word' id='word_1_365' title='bbox 3185 2416 3306 2472; x_wconf 88' lang='lat' dir='ltr'>Etsi</span> <span class='ocrx_word' id='word_1_366' title='bbox 3359 2432 3500 2490; x_wconf 87' lang='lat' dir='ltr'>ergo</span> <span class='ocrx_word' id='word_1_367' title='bbox 3549 2416 3774 2473; x_wconf 89' lang='lat' dir='ltr'>similes</span> 
     </span>
    </p>
   </div>
   <div class='ocr_carea' id='block_1_54' title="bbox 2133 2504 3777 2577">
    <p class='ocr_par' dir='ltr' id='par_1_54' title="bbox 2133 2504 3777 2577">
     <span class='ocr_line' id='line_1_54' title="bbox 2133 2504 3777 2577; baseline 0.002 -19"><span class='ocrx_word' id='word_1_368' title='bbox 2133 2504 2288 2574; x_wconf 91' lang='lat' dir='ltr'>apud</span> <span class='ocrx_word' id='word_1_369' title='bbox 2313 2504 2603 2575; x_wconf 87' lang='lat' dir='ltr'>Ignatium</span> <span class='ocrx_word' id='word_1_370' title='bbox 2627 2513 2999 2560; x_wconf 84' lang='lat' dir='ltr'>occurrerent</span> <span class='ocrx_word' id='word_1_371' title='bbox 3019 2506 3414 2577; x_wconf 87' lang='lat' dir='ltr'>repetitiones,</span> <span class='ocrx_word' id='word_1_372' title='bbox 3441 2506 3500 2560; x_wconf 91' lang='lat' dir='ltr'>in</span> <span class='ocrx_word' id='word_1_373' title='bbox 3521 2505 3613 2561; x_wconf 88' lang='lat' dir='ltr'>his</span> <span class='ocrx_word' id='word_1_374' title='bbox 3644 2522 3777 2577; x_wconf 89' lang='lat' dir='ltr'>pro-</span> 
     </span>
    </p>
   </div>
   <div class='ocr_carea' id='block_1_55' title="bbox 2133 2593 3782 2666">
    <p class='ocr_par' dir='ltr' id='par_1_55' title="bbox 2133 2593 3782 2666">
     <span class='ocr_line' id='line_1_55' title="bbox 2133 2593 3782 2666; baseline 0.001 -16"><span class='ocrx_word' id='word_1_375' title='bbox 2133 2594 2227 2650; x_wconf 90' lang='lat' dir='ltr'>cul</span> <span class='ocrx_word' id='word_1_376' title='bbox 2258 2594 2439 2650; x_wconf 92' lang='lat' dir='ltr'>dubio</span> <span class='ocrx_word' id='word_1_377' title='bbox 2471 2593 2636 2650; x_wconf 89' lang='lat' dir='ltr'>Pauli</span> <span class='ocrx_word' id='word_1_378' title='bbox 2660 2595 2920 2666; x_wconf 84' lang='lat' dir='ltr'>vestigiis</span> <span class='ocrx_word' id='word_1_379' title='bbox 2947 2595 3049 2652; x_wconf 88' lang='lat' dir='ltr'>ille</span> <span class='ocrx_word' id='word_1_380' title='bbox 3079 2595 3274 2650; x_wconf 82' lang='lat' dir='ltr'>adhuc</span> <span class='ocrx_word' id='word_1_381' title='bbox 3304 2595 3639 2652; x_wconf 87' lang='lat' dir='ltr'>institisset.</span> <span class='ocrx_word' id='word_1_382' title='bbox 3673 2599 3782 2652; x_wconf 87' lang='lat' dir='ltr'>Ve-</span> 
     </span>
    </p>
   </div>
   <div class='ocr_carea' id='block_1_56' title="bbox 2056 2686 3782 2758">
    <p class='ocr_par' dir='ltr' id='par_1_56' title="bbox 2056 2686 3782 2758">
     <span class='ocr_line' id='line_1_56' title="bbox 2056 2686 3782 2758; baseline 0 -18"><span class='ocrx_word' id='word_1_383' title='bbox 2056 2705 2058 2707; x_wconf 56' lang='lat'><strong><em>&#39;</em></strong></span> <span class='ocrx_word' id='word_1_384' title='bbox 2134 2688 2488 2753; x_wconf 89' lang='lat' dir='ltr'>rumtamen,</span> <span class='ocrx_word' id='word_1_385' title='bbox 2523 2689 2588 2741; x_wconf 91' lang='lat' dir='ltr'>ut</span> <span class='ocrx_word' id='word_1_386' title='bbox 2614 2700 2817 2741; x_wconf 88' lang='lat' dir='ltr'>verum</span> <span class='ocrx_word' id='word_1_387' title='bbox 2841 2686 3149 2752; x_wconf 79' lang='lat' dir='ltr'>fateamur,</span> <span class='ocrx_word' id='word_1_388' title='bbox 3175 2686 3544 2758; x_wconf 89' lang='lat' dir='ltr'>repetitiones</span> <span class='ocrx_word' id='word_1_389' title='bbox 3575 2686 3782 2741; x_wconf 85' lang='lat' dir='ltr'>verbo-</span> 
     </span>
    </p>
   </div>
   <div class='ocr_carea' id='block_1_57' title="bbox 2134 2776 3778 2850">
    <p class='ocr_par' dir='ltr' id='par_1_57' title="bbox 2134 2776 3778 2850">
     <span class='ocr_line' id='line_1_57' title="bbox 2134 2776 3778 2850; baseline -0.001 -18"><span class='ocrx_word' id='word_1_390' title='bbox 2134 2792 2266 2832; x_wconf 88' lang='lat' dir='ltr'>rum</span> <span class='ocrx_word' id='word_1_391' title='bbox 2292 2776 2354 2831; x_wconf 94' lang='lat' dir='ltr'>in</span> <span class='ocrx_word' id='word_1_392' title='bbox 2397 2792 2517 2831; x_wconf 85' lang='lat' dir='ltr'>una</span> <span class='ocrx_word' id='word_1_393' title='bbox 2566 2776 2878 2849; x_wconf 90' lang='lat' dir='ltr'>eademque</span> <span class='ocrx_word' id='word_1_394' title='bbox 2904 2777 3110 2850; x_wconf 84' lang='lat' dir='ltr'>Ignatii</span> <span class='ocrx_word' id='word_1_395' title='bbox 3143 2777 3393 2850; x_wconf 86' lang='lat' dir='ltr'>epistola</span> <span class='ocrx_word' id='word_1_396' title='bbox 3437 2795 3580 2834; x_wconf 70' lang='lat' dir='ltr'>raras</span> <span class='ocrx_word' id='word_1_397' title='bbox 3616 2782 3778 2849; x_wconf 84' lang='lat' dir='ltr'>sunt,</span> 
     </span>
    </p>
   </div>
   <div class='ocr_carea' id='block_1_58' title="bbox 2134 2864 3783 2938">
    <p class='ocr_par' dir='ltr' id='par_1_58' title="bbox 2134 2864 3783 2938">
     <span class='ocr_line' id='line_1_58' title="bbox 2134 2864 3783 2938; baseline -0.001 -16"><span class='ocrx_word' id='word_1_398' title='bbox 2134 2881 2242 2922; x_wconf 86' lang='lat' dir='ltr'>nec</span> <span class='ocrx_word' id='word_1_399' title='bbox 2268 2864 2348 2920; x_wconf 90' lang='lat' dir='ltr'>ibi</span> <span class='ocrx_word' id='word_1_400' title='bbox 2381 2881 2414 2921; x_wconf 86' lang='lat' dir='ltr'>a</span> <span class='ocrx_word' id='word_1_401' title='bbox 2443 2865 2702 2922; x_wconf 89' lang='lat' dir='ltr'>Paulinis</span> <span class='ocrx_word' id='word_1_402' title='bbox 2732 2868 3010 2938; x_wconf 80' lang='lat' dir='ltr'>exemplis</span> <span class='ocrx_word' id='word_1_403' title='bbox 3041 2867 3139 2922; x_wconf 92' lang='lat' dir='ltr'>ille</span> <span class='ocrx_word' id='word_1_404' title='bbox 3171 2867 3434 2923; x_wconf 87' lang='lat' dir='ltr'>recessit.</span> <span class='ocrx_word' id='word_1_405' title='bbox 3463 2866 3783 2937; x_wconf 83' lang='lat' dir='ltr'>Repetitio-</span> 
     </span>
    </p>
   </div>
   <div class='ocr_carea' id='block_1_59' title="bbox 2138 2955 3778 3029">
    <p class='ocr_par' dir='ltr' id='par_1_59' title="bbox 2138 2955 3778 3029">
     <span class='ocr_line' id='line_1_59' title="bbox 2138 2955 3778 3029; baseline -0.004 -15"><span class='ocrx_word' id='word_1_406' title='bbox 2138 2975 2242 3014; x_wconf 91' lang='lat' dir='ltr'>nes</span> <span class='ocrx_word' id='word_1_407' title='bbox 2259 2975 2393 3016; x_wconf 89' lang='lat' dir='ltr'>vero</span> <span class='ocrx_word' id='word_1_408' title='bbox 2413 2957 2836 3015; x_wconf 85' lang='lat' dir='ltr'>sententiarum</span> <span class='ocrx_word' id='word_1_409' title='bbox 2865 2956 2996 3012; x_wconf 87' lang='lat' dir='ltr'>aliis</span> <span class='ocrx_word' id='word_1_410' title='bbox 3023 2969 3162 3012; x_wconf 81' lang='lat' dir='ltr'>sunt</span> <span class='ocrx_word' id='word_1_411' title='bbox 3186 2955 3698 3029; x_wconf 81' lang='lat' dir='ltr'>infrequentiores;</span> <span class='ocrx_word' id='word_1_412' title='bbox 3719 2957 3778 3010; x_wconf 89' lang='lat' dir='ltr'>et</span> 
     </span>
    </p>
   </div>
   <div class='ocr_carea' id='block_1_60' title="bbox 2138 3043 3777 3122">
    <p class='ocr_par' dir='ltr' id='par_1_60' title="bbox 2138 3043 3777 3122">
     <span class='ocr_line' id='line_1_60' title="bbox 2138 3043 3777 3122; baseline -0.004 -18"><span class='ocrx_word' id='word_1_413' title='bbox 2138 3051 2186 3105; x_wconf 90' lang='lat' dir='ltr'>si</span> <span class='ocrx_word' id='word_1_414' title='bbox 2221 3067 2370 3122; x_wconf 89' lang='lat' dir='ltr'>quas</span> <span class='ocrx_word' id='word_1_415' title='bbox 2401 3049 2558 3121; x_wconf 88' lang='lat' dir='ltr'>apud</span> <span class='ocrx_word' id='word_1_416' title='bbox 2591 3063 2722 3104; x_wconf 88' lang='lat' dir='ltr'>eum</span> <span class='ocrx_word' id='word_1_417' title='bbox 2775 3064 2891 3103; x_wconf 90' lang='lat' dir='ltr'>non</span> <span class='ocrx_word' id='word_1_418' title='bbox 2925 3063 3094 3103; x_wconf 89' lang='lat' dir='ltr'>ecus</span> <span class='ocrx_word' id='word_1_419' title='bbox 3125 3063 3191 3103; x_wconf 90' lang='lat' dir='ltr'>ac</span> <span class='ocrx_word' id='word_1_420' title='bbox 3221 3046 3460 3103; x_wconf 87' lang='lat' dir='ltr'>Paulum</span> <span class='ocrx_word' id='word_1_421' title='bbox 3495 3043 3777 3115; x_wconf 90' lang='lat' dir='ltr'>reperias,</span> 
     </span>
    </p>
   </div>
   <div class='ocr_carea' id='block_1_61' title="bbox 373 3135 3782 3233">
    <p class='ocr_par' dir='ltr' id='par_1_61' title="bbox 373 3135 3782 3233">
     <span class='ocr_line' id='line_1_61' title="bbox 373 3135 3782 3233; baseline -0.002 -17"><span class='ocrx_word' id='word_1_422' title='bbox 373 3135 836 3232; x_wconf 49' lang='lat' dir='ltr'>t-erquam,quod</span> <span class='ocrx_word' id='word_1_423' title='bbox 872 3161 1191 3232; x_wconf 88' lang='lat' dir='ltr'>scriptores</span> <span class='ocrx_word' id='word_1_424' title='bbox 1212 3179 1318 3218; x_wconf 92' lang='lat' dir='ltr'>suo</span> <span class='ocrx_word' id='word_1_425' title='bbox 1345 3135 1558 3233; x_wconf 77' lang='lat' dir='ltr'>quique</span> <span class='ocrx_word' id='word_1_426' title='bbox 1581 3161 1808 3231; x_wconf 77' lang='lat' dir='ltr'>ingenio</span> <span class='ocrx_word' id='word_1_427' title='bbox 1833 3135 1939 3217; x_wconf 77' lang='lat' dir='ltr'>hac</span> <span class='ocrx_word' id='word_1_428' title='bbox 1970 3161 2028 3216; x_wconf 90' lang='lat' dir='ltr'>in</span> <span class='ocrx_word' id='word_1_429' title='bbox 2080 3222 2113 3233; x_wconf 48' lang='grc' dir='ltr'><em>κ</em></span> <span class='ocrx_word' id='word_1_430' title='bbox 2140 3140 2496 3233; x_wconf 36' lang='grc' dir='ltr'>θεῗ-Ψδκίωί</span> <span class='ocrx_word' id='word_1_431' title='bbox 2536 3144 2691 3233; x_wconf 47' lang='lat' dir='ltr'>ﬁunt</span> <span class='ocrx_word' id='word_1_432' title='bbox 2731 3138 3035 3233; x_wconf 52' lang='grc' dir='ltr'>Πλοῐηθξιΐί]</span> <span class='ocrx_word' id='word_1_433' title='bbox 3097 3153 3306 3233; x_wconf 56' lang='grc' dir='ltr'>βαξξῼυξθ</span> <span class='ocrx_word' id='word_1_434' title='bbox 3351 3136 3612 3233; x_wconf 48' lang='lat' dir='ltr'>igniti-ius</span> <span class='ocrx_word' id='word_1_435' title='bbox 3649 3135 3782 3192; x_wconf 64' lang='lat' dir='ltr'>ideo</span> 
     </span>
    </p>
   </div>
   <div class='ocr_carea' id='block_1_62' title="bbox 377 3222 3783 3324">
    <p class='ocr_par' dir='ltr' id='par_1_62' title="bbox 377 3222 3783 3324">
     <span class='ocr_line' id='line_1_62' title="bbox 377 3222 3783 3324; baseline 0 -17"><span class='ocrx_word' id='word_1_436' title='bbox 377 3266 438 3307; x_wconf 89' lang='lat' dir='ltr'>re</span> <span class='ocrx_word' id='word_1_437' title='bbox 469 3222 797 3321; x_wconf 69' lang='lat' dir='ltr'>indulgent,</span> <span class='ocrx_word' id='word_1_438' title='bbox 825 3222 1010 3320; x_wconf 76' lang='lat' dir='ltr'>justis</span> <span class='ocrx_word' id='word_1_439' title='bbox 1053 3251 1316 3323; x_wconf 85' lang='lat' dir='ltr'>Ignatius</span> <span class='ocrx_word' id='word_1_440' title='bbox 1362 3222 1438 3307; x_wconf 71' lang='lat' dir='ltr'>de</span> <span class='ocrx_word' id='word_1_441' title='bbox 1467 3222 1669 3308; x_wconf 21' lang='lat' dir='ltr'>causis.</span> <span class='ocrx_word' id='word_1_442' title='bbox 1715 3251 1886 3324; x_wconf 86' lang='lat' dir='ltr'>plura</span> <span class='ocrx_word' id='word_1_443' title='bbox 1913 3269 2030 3308; x_wconf 68' lang='lat' dir='ltr'>suae</span> <span class='ocrx_word' id='word_1_444' title='bbox 2072 3222 2114 3289; x_wconf 62' lang='grc' dir='ltr'>Ω</span> <span class='ocrx_word' id='word_1_445' title='bbox 2146 3230 2503 3324; x_wconf 37' lang='lat' dir='ltr'>adhibetﬁui</span> <span class='ocrx_word' id='word_1_446' title='bbox 2532 3228 2634 3324; x_wconf 43' lang='lat' dir='ltr'>in?</span> <span class='ocrx_word' id='word_1_447' title='bbox 2659 3244 2783 3324; x_wconf 58' lang='lat' dir='ltr'>Tm</span> <span class='ocrx_word' id='word_1_448' title='bbox 2823 3229 3132 3295; x_wconf 58' lang='lat' dir='ltr'>scribebat!</span> <span class='ocrx_word' id='word_1_449' title='bbox 3165 3227 3628 3324; x_wconf 38' lang='lat' dir='ltr'>Christianorum</span> <span class='ocrx_word' id='word_1_450' title='bbox 3661 3241 3783 3280; x_wconf 68' lang='lat' dir='ltr'>mo‘</span> 
     </span>
    </p>
   </div>
   <div class='ocr_carea' id='block_1_63' title="bbox 379 3341 2031 3415">
    <p class='ocr_par' dir='ltr' id='par_1_63' title="bbox 379 3341 2031 3415">
     <span class='ocr_line' id='line_1_63' title="bbox 379 3341 2031 3415; baseline 0.001 -19"><span class='ocrx_word' id='word_1_451' title='bbox 379 3343 448 3396; x_wconf 87' lang='lat' dir='ltr'>ad</span> <span class='ocrx_word' id='word_1_452' title='bbox 485 3341 778 3398; x_wconf 81' lang='lat' dir='ltr'>Romanos</span> <span class='ocrx_word' id='word_1_453' title='bbox 809 3342 1068 3413; x_wconf 60' lang='lat' dir='ltr'>epistolas</span> <span class='ocrx_word' id='word_1_454' title='bbox 1101 3341 1476 3415; x_wconf 89' lang='lat' dir='ltr'>inscriptioni</span> <span class='ocrx_word' id='word_1_455' title='bbox 1523 3343 1830 3398; x_wconf 81' lang='lat' dir='ltr'>inserenda</span> <span class='ocrx_word' id='word_1_456' title='bbox 1863 3347 2031 3415; x_wconf 85' lang='lat' dir='ltr'>puta-</span> 
     </span>
    </p>
   </div>
   <div class='ocr_carea' id='block_1_64' title="bbox 379 3429 2032 3502">
    <p class='ocr_par' dir='ltr' id='par_1_64' title="bbox 379 3429 2032 3502">
     <span class='ocr_line' id='line_1_64' title="bbox 379 3429 2032 3502; baseline 0.002 -17"><span class='ocrx_word' id='word_1_457' title='bbox 379 3429 756 3487; x_wconf 89' lang='lat' dir='ltr'>vit.Primum</span> <span class='ocrx_word' id='word_1_458' title='bbox 787 3431 1025 3502; x_wconf 89' lang='lat' dir='ltr'>quidem</span> <span class='ocrx_word' id='word_1_459' title='bbox 1048 3431 1257 3487; x_wconf 72' lang='lat' dir='ltr'>haaoab</span> <span class='ocrx_word' id='word_1_460' title='bbox 1287 3447 1354 3489; x_wconf 92' lang='lat' dir='ltr'>eo</span> <span class='ocrx_word' id='word_1_461' title='bbox 1384 3433 1626 3488; x_wconf 83' lang='lat' dir='ltr'>extorsit</span> <span class='ocrx_word' id='word_1_462' title='bbox 1647 3449 1883 3488; x_wconf 91' lang='lat' dir='ltr'>summa</span> <span class='ocrx_word' id='word_1_463' title='bbox 1910 3433 2032 3489; x_wconf 85' lang='lat' dir='ltr'>Ro-</span> 
     </span>
    </p>
   </div>
   <div class='ocr_carea' id='block_1_65' title="bbox 379 3522 2034 3596">
    <p class='ocr_par' dir='ltr' id='par_1_65' title="bbox 379 3522 2034 3596">
     <span class='ocr_line' id='line_1_65' title="bbox 379 3522 2034 3596; baseline 0.002 -20"><span class='ocrx_word' id='word_1_464' title='bbox 379 3537 567 3577; x_wconf 68' lang='lat' dir='ltr'>manis</span> <span class='ocrx_word' id='word_1_465' title='bbox 590 3522 881 3591; x_wconf 72' lang='lat' dir='ltr'>Ecclesiae,</span> <span class='ocrx_word' id='word_1_466' title='bbox 906 3531 991 3578; x_wconf 85' lang='lat' dir='ltr'>tot</span> <span class='ocrx_word' id='word_1_467' title='bbox 1023 3527 1445 3596; x_wconf 78' lang='lat' dir='ltr'>martyrum,ac</span> <span class='ocrx_word' id='word_1_468' title='bbox 1475 3523 1534 3578; x_wconf 92' lang='lat' dir='ltr'>in</span> <span class='ocrx_word' id='word_1_469' title='bbox 1557 3523 1766 3595; x_wconf 89' lang='lat' dir='ltr'>primis</span> <span class='ocrx_word' id='word_1_470' title='bbox 1785 3523 1937 3578; x_wconf 89' lang='lat' dir='ltr'>Petri</span> <span class='ocrx_word' id='word_1_471' title='bbox 1979 3527 2034 3579; x_wconf 90' lang='lat' dir='ltr'>et</span> 
     </span>
    </p>
   </div>
   <div class='ocr_carea' id='block_1_66' title="bbox 379 3611 2035 3684">
    <p class='ocr_par' dir='ltr' id='par_1_66' title="bbox 379 3611 2035 3684">
     <span class='ocr_line' id='line_1_66' title="bbox 379 3611 2035 3684; baseline 0.001 -16"><span class='ocrx_word' id='word_1_472' title='bbox 379 3611 546 3668; x_wconf 87' lang='lat' dir='ltr'>Pauli</span> <span class='ocrx_word' id='word_1_473' title='bbox 597 3613 878 3683; x_wconf 82' lang='lat' dir='ltr'>sanguine</span> <span class='ocrx_word' id='word_1_474' title='bbox 928 3629 1275 3683; x_wconf 81' lang='lat' dir='ltr'>conspersae,</span> <span class='ocrx_word' id='word_1_475' title='bbox 1331 3629 1510 3684; x_wconf 89' lang='lat' dir='ltr'>quam</span> <span class='ocrx_word' id='word_1_476' title='bbox 1567 3614 1787 3668; x_wconf 42' lang='lat' dir='ltr'>nudum</span> <span class='ocrx_word' id='word_1_477' title='bbox 1837 3611 2035 3669; x_wconf 90' lang='lat' dir='ltr'>animo</span> 
     </span>
    </p>
   </div>
   <div class='ocr_carea' id='block_1_67' title="bbox 394 3703 2038 3776">
    <p class='ocr_par' dir='ltr' id='par_1_67' title="bbox 394 3703 2038 3776">
     <span class='ocr_line' id='line_1_67' title="bbox 394 3703 2038 3776; baseline -0.001 -17"><span class='ocrx_word' id='word_1_478' title='bbox 394 3703 963 3776; x_wconf 87' lang='lat' dir='ltr'>conceperat,0pinio</span> <span class='ocrx_word' id='word_1_479' title='bbox 986 3710 1044 3760; x_wconf 91' lang='lat' dir='ltr'>et</span> <span class='ocrx_word' id='word_1_480' title='bbox 1064 3703 1438 3760; x_wconf 82' lang='lat' dir='ltr'>existimatio.</span> <span class='ocrx_word' id='word_1_481' title='bbox 1464 3703 1679 3759; x_wconf 89' lang='lat' dir='ltr'>Deinde</span> <span class='ocrx_word' id='word_1_482' title='bbox 1710 3703 1811 3759; x_wconf 90' lang='lat' dir='ltr'>illa</span> <span class='ocrx_word' id='word_1_483' title='bbox 1840 3703 2038 3759; x_wconf 90' lang='lat' dir='ltr'>omnia</span> 
     </span>
    </p>
   </div>
   <div class='ocr_carea' id='block_1_68' title="bbox 389 3791 2039 3871">
    <p class='ocr_par' dir='ltr' id='par_1_68' title="bbox 389 3791 2039 3871">
     <span class='ocr_line' id='line_1_68' title="bbox 389 3791 2039 3871; baseline 0.002 -25"><span class='ocrx_word' id='word_1_484' title='bbox 389 3791 637 3848; x_wconf 89' lang='lat' dir='ltr'>laudum</span> <span class='ocrx_word' id='word_1_485' title='bbox 669 3794 930 3866; x_wconf 90' lang='lat' dir='ltr'>epitheta</span> <span class='ocrx_word' id='word_1_486' title='bbox 961 3794 1088 3850; x_wconf 90' lang='lat' dir='ltr'>ideo</span> <span class='ocrx_word' id='word_1_487' title='bbox 1115 3794 1593 3871; x_wconf 83' lang='lat' dir='ltr'>congessit,quod</span> <span class='ocrx_word' id='word_1_488' title='bbox 1631 3793 1863 3866; x_wconf 87' lang='lat' dir='ltr'>singula</span> <span class='ocrx_word' id='word_1_489' title='bbox 1891 3809 2039 3863; x_wconf 69' lang='lat' dir='ltr'>quie-</span> 
     </span>
    </p>
   </div>
   <div class='ocr_carea' id='block_1_69' title="bbox 389 3883 2032 3955">
    <p class='ocr_par' dir='ltr' id='par_1_69' title="bbox 389 3883 2032 3955">
     <span class='ocr_line' id='line_1_69' title="bbox 389 3883 2032 3955; baseline 0.001 -17"><span class='ocrx_word' id='word_1_490' title='bbox 389 3899 505 3954; x_wconf 90' lang='lat' dir='ltr'>que</span> <span class='ocrx_word' id='word_1_491' title='bbox 536 3883 908 3955; x_wconf 87' lang='lat' dir='ltr'>totidemipsi</span> <span class='ocrx_word' id='word_1_492' title='bbox 929 3883 1264 3938; x_wconf 85' lang='lat' dir='ltr'>viderentur</span> <span class='ocrx_word' id='word_1_493' title='bbox 1292 3899 1420 3939; x_wconf 88' lang='lat' dir='ltr'>esse</span> <span class='ocrx_word' id='word_1_494' title='bbox 1451 3888 1747 3939; x_wconf 90' lang='lat' dir='ltr'>momenta</span> <span class='ocrx_word' id='word_1_495' title='bbox 1781 3890 1837 3939; x_wconf 90' lang='lat' dir='ltr'>et</span> <span class='ocrx_word' id='word_1_496' title='bbox 1868 3884 2032 3939; x_wconf 84' lang='lat' dir='ltr'>rati0&#39;</span> 
     </span>
    </p>
   </div>
   <div class='ocr_carea' id='block_1_70' title="bbox 390 3972 2037 4045">
    <p class='ocr_par' dir='ltr' id='par_1_70' title="bbox 390 3972 2037 4045">
     <span class='ocr_line' id='line_1_70' title="bbox 390 3972 2037 4045; baseline 0 -18"><span class='ocrx_word' id='word_1_497' title='bbox 390 3989 520 4039; x_wconf 89' lang='lat' dir='ltr'>nes,</span> <span class='ocrx_word' id='word_1_498' title='bbox 549 3973 763 4042; x_wconf 88' lang='lat' dir='ltr'>quibus</span> <span class='ocrx_word' id='word_1_499' title='bbox 795 3973 1090 4029; x_wconf 83' lang='lat' dir='ltr'>Romanos</span> <span class='ocrx_word' id='word_1_500' title='bbox 1121 3973 1193 4028; x_wconf 86' lang='lat' dir='ltr'>ad</span> <span class='ocrx_word' id='word_1_501' title='bbox 1223 3980 1466 4029; x_wconf 86' lang='lat' dir='ltr'>mortem</span> <span class='ocrx_word' id='word_1_502' title='bbox 1499 3989 1670 4029; x_wconf 90' lang='lat' dir='ltr'>suam</span> <span class='ocrx_word' id='word_1_503' title='bbox 1701 3989 1815 4028; x_wconf 92' lang='lat' dir='ltr'>non</span> <span class='ocrx_word' id='word_1_504' title='bbox 1848 3972 2037 4045; x_wconf 88' lang='lat' dir='ltr'>impe-</span> 
     </span>
    </p>
   </div>
   <div class='ocr_carea' id='block_1_71' title="bbox 387 4062 1026 4119">
    <p class='ocr_par' dir='ltr' id='par_1_71' title="bbox 387 4062 1026 4119">
     <span class='ocr_line' id='line_1_71' title="bbox 387 4062 1026 4119; baseline 0.002 -1"><span class='ocrx_word' id='word_1_505' title='bbox 387 4062 653 4119; x_wconf 88' lang='lat' dir='ltr'>diendam</span> <span class='ocrx_word' id='word_1_506' title='bbox 687 4063 1026 4119; x_wconf 87' lang='lat' dir='ltr'>adduceret.</span> 
     </span>
    </p>
   </div>
   <div class='ocr_carea' id='block_1_72' title="bbox 461 4153 2035 4226">
    <p class='ocr_par' dir='ltr' id='par_1_72' title="bbox 461 4153 2035 4226">
     <span class='ocr_line' id='line_1_72' title="bbox 461 4153 2035 4226; baseline 0.001 -17"><span class='ocrx_word' id='word_1_507' title='bbox 461 4157 646 4210; x_wconf 83' lang='lat' dir='ltr'>Instat</span> <span class='ocrx_word' id='word_1_508' title='bbox 682 4154 925 4211; x_wconf 70' lang='lat' dir='ltr'>Dallaaus</span> <span class='ocrx_word' id='word_1_509' title='bbox 985 4155 1138 4210; x_wconf 88' lang='lat' dir='ltr'>viros</span> <span class='ocrx_word' id='word_1_510' title='bbox 1172 4154 1547 4226; x_wconf 87' lang='lat' dir='ltr'>apostolicos,</span> <span class='ocrx_word' id='word_1_511' title='bbox 1600 4159 1740 4226; x_wconf 90' lang='lat' dir='ltr'>puta</span> <span class='ocrx_word' id='word_1_512' title='bbox 1770 4153 2035 4226; x_wconf 82' lang='lat' dir='ltr'>Polycar-</span> 
     </span>
    </p>
   </div>
   <div class='ocr_carea' id='block_1_73' title="bbox 384 4245 2037 4318">
    <p class='ocr_par' dir='ltr' id='par_1_73' title="bbox 384 4245 2037 4318">
     <span class='ocr_line' id='line_1_73' title="bbox 384 4245 2037 4318; baseline 0.002 -20"><span class='ocrx_word' id='word_1_513' title='bbox 384 4261 552 4316; x_wconf 89' lang='lat' dir='ltr'>pum,</span> <span class='ocrx_word' id='word_1_514' title='bbox 585 4245 1028 4312; x_wconf 89' lang='lat' dir='ltr'>Clementem,et</span> <span class='ocrx_word' id='word_1_515' title='bbox 1056 4245 1221 4307; x_wconf 87' lang='lat' dir='ltr'>alios,</span> <span class='ocrx_word' id='word_1_516' title='bbox 1246 4250 1364 4300; x_wconf 89' lang='lat' dir='ltr'>tam</span> <span class='ocrx_word' id='word_1_517' title='bbox 1391 4245 1598 4316; x_wconf 81' lang='lat' dir='ltr'>longas</span> <span class='ocrx_word' id='word_1_518' title='bbox 1628 4247 1897 4318; x_wconf 89' lang='lat' dir='ltr'>epistolis</span> <span class='ocrx_word' id='word_1_519' title='bbox 1913 4246 2037 4302; x_wconf 91' lang='lat' dir='ltr'>suis</span> 
     </span>
    </p>
   </div>
   <div class='ocr_carea' id='block_1_74' title="bbox 385 4333 2034 4406">
    <p class='ocr_par' dir='ltr' id='par_1_74' title="bbox 385 4333 2034 4406">
     <span class='ocr_line' id='line_1_74' title="bbox 385 4333 2034 4406; baseline 0.002 -18"><span class='ocrx_word' id='word_1_520' title='bbox 385 4350 500 4388; x_wconf 92' lang='lat' dir='ltr'>non</span> <span class='ocrx_word' id='word_1_521' title='bbox 537 4335 851 4404; x_wconf 66' lang='lat' dir='ltr'>praefixisse</span> <span class='ocrx_word' id='word_1_522' title='bbox 875 4333 1309 4404; x_wconf 84' lang='lat' dir='ltr'>inscriptiones.</span> <span class='ocrx_word' id='word_1_523' title='bbox 1334 4334 1498 4391; x_wconf 89' lang='lat' dir='ltr'>Unde</span> <span class='ocrx_word' id='word_1_524' title='bbox 1525 4335 1700 4391; x_wconf 78' lang='lat' dir='ltr'>infert</span> <span class='ocrx_word' id='word_1_525' title='bbox 1721 4336 2034 4406; x_wconf 88' lang='lat' dir='ltr'>lgnatium,</span> 
     </span>
    </p>
   </div>
   <div class='ocr_carea' id='block_1_75' title="bbox 389 4421 2033 4496">
    <p class='ocr_par' dir='ltr' id='par_1_75' title="bbox 389 4421 2033 4496">
     <span class='ocr_line' id='line_1_75' title="bbox 389 4421 2033 4496; baseline 0.004 -22"><span class='ocrx_word' id='word_1_526' title='bbox 389 4421 492 4492; x_wconf 90' lang='lat' dir='ltr'>qui</span> <span class='ocrx_word' id='word_1_527' title='bbox 526 4424 676 4477; x_wconf 86' lang='lat' dir='ltr'>inter</span> <span class='ocrx_word' id='word_1_528' title='bbox 696 4422 947 4478; x_wconf 90' lang='lat' dir='ltr'>militum</span> <span class='ocrx_word' id='word_1_529' title='bbox 981 4425 1278 4480; x_wconf 86' lang='lat' dir='ltr'>custodias</span> <span class='ocrx_word' id='word_1_530' title='bbox 1303 4425 1554 4496; x_wconf 88' lang='lat' dir='ltr'>positus,</span> <span class='ocrx_word' id='word_1_531' title='bbox 1586 4427 1658 4480; x_wconf 87' lang='lat' dir='ltr'>ad</span> <span class='ocrx_word' id='word_1_532' title='bbox 1685 4425 2033 4496; x_wconf 74' lang='lat' dir='ltr'>martyrium</span> 
     </span>
    </p>
   </div>
   <div class='ocr_carea' id='block_1_76' title="bbox 392 4512 2040 4589">
    <p class='ocr_par' dir='ltr' id='par_1_76' title="bbox 392 4512 2040 4589">
     <span class='ocr_line' id='line_1_76' title="bbox 392 4512 2040 4589; baseline 0.003 -22"><span class='ocrx_word' id='word_1_533' title='bbox 392 4515 559 4567; x_wconf 88' lang='lat' dir='ltr'>tanta</span> <span class='ocrx_word' id='word_1_534' title='bbox 592 4512 881 4569; x_wconf 87' lang='lat' dir='ltr'>celeritate</span> <span class='ocrx_word' id='word_1_535' title='bbox 900 4515 1245 4585; x_wconf 88' lang='lat' dir='ltr'>ducebatur,</span> <span class='ocrx_word' id='word_1_536' title='bbox 1268 4515 1721 4588; x_wconf 89' lang='lat' dir='ltr'>inscriptionum</span> <span class='ocrx_word' id='word_1_537' title='bbox 1743 4517 1886 4572; x_wconf 89' lang='lat' dir='ltr'>adeo</span> <span class='ocrx_word' id='word_1_538' title='bbox 1907 4534 2040 4589; x_wconf 88' lang='lat' dir='ltr'>pro-</span> 
     </span>
    </p>
   </div>
   <div class='ocr_carea' id='block_1_77' title="bbox 2139 3319 3786 3388">
    <p class='ocr_par' dir='ltr' id='par_1_77' title="bbox 2139 3319 3786 3388">
     <span class='ocr_line' id='line_1_77' title="bbox 2139 3319 3786 3388; baseline -0.004 -11"><span class='ocrx_word' id='word_1_539' title='bbox 2139 3322 2334 3378; x_wconf 84' lang='lat' dir='ltr'>morise</span> <span class='ocrx_word' id='word_1_540' title='bbox 2383 3319 2562 3377; x_wconf 89' lang='lat' dir='ltr'>altius</span> <span class='ocrx_word' id='word_1_541' title='bbox 2593 3319 2793 3388; x_wconf 79' lang='lat' dir='ltr'>infixa,</span> <span class='ocrx_word' id='word_1_542' title='bbox 2852 3335 2922 3376; x_wconf 89' lang='lat' dir='ltr'>ex</span> <span class='ocrx_word' id='word_1_543' title='bbox 2957 3336 3156 3377; x_wconf 88' lang='lat' dir='ltr'>eorum</span> <span class='ocrx_word' id='word_1_544' title='bbox 3206 3319 3420 3377; x_wconf 89' lang='lat' dir='ltr'>animis</span> <span class='ocrx_word' id='word_1_545' title='bbox 3476 3332 3786 3388; x_wconf 90' lang='lat' dir='ltr'>nunquam</span> 
     </span>
    </p>
   </div>
   <div class='ocr_carea' id='block_1_78' title="bbox 2137 3413 2490 3471">
    <p class='ocr_par' dir='ltr' id='par_1_78' title="bbox 2137 3413 2490 3471">
     <span class='ocr_line' id='line_1_78' title="bbox 2137 3413 2490 3471; baseline -0.008 0"><span class='ocrx_word' id='word_1_546' title='bbox 2137 3413 2490 3471; x_wconf 87' lang='lat' dir='ltr'>exciderent.</span> 
     </span>
    </p>
   </div>
   <div class='ocr_carea' id='block_1_79' title="bbox 2744 3500 3181 3558">
    <p class='ocr_par' dir='ltr' id='par_1_79' title="bbox 2744 3500 3181 3558">
     <span class='ocr_line' id='line_1_79' title="bbox 2744 3500 3181 3558; baseline -0.002 -1"><span class='ocrx_word' id='word_1_547' title='bbox 2744 3500 2972 3558; x_wconf 84' lang='lat' dir='ltr'>CAPUT</span> <span class='ocrx_word' id='word_1_548' title='bbox 3005 3500 3181 3557; x_wconf 82' lang='lat' dir='ltr'>XXII.</span> 
     </span>
    </p>
   </div>
   <div class='ocr_carea' id='block_1_80' title="bbox 2140 3620 3790 3674">
    <p class='ocr_par' dir='ltr' id='par_1_80' title="bbox 2140 3620 3790 3674">
     <span class='ocr_line' id='line_1_80' title="bbox 2140 3620 3790 3674; baseline -0.004 -8"><span class='ocrx_word' id='word_1_549' title='bbox 2140 3625 2409 3666; x_wconf 70' lang='grc' dir='ltr'>ιοκΑτιωι</span> <span class='ocrx_word' id='word_1_550' title='bbox 2440 3625 2649 3674; x_wconf 77' lang='lat' dir='ltr'>lLLIUS,</span> <span class='ocrx_word' id='word_1_551' title='bbox 2681 3625 2841 3672; x_wconf 81' lang='lat' dir='ltr'><strong>QUAM</strong></span> <span class='ocrx_word' id='word_1_552' title='bbox 2871 3623 3020 3663; x_wconf 80' lang='lat' dir='ltr'><strong>NUNC</strong></span> <span class='ocrx_word' id='word_1_553' title='bbox 3067 3622 3366 3670; x_wconf 75' lang='lat' dir='ltr'>HABEMUB,</span> <span class='ocrx_word' id='word_1_554' title='bbox 3399 3621 3685 3661; x_wconf 66' lang='lat' dir='ltr'>EPISTOLE</span> <span class='ocrx_word' id='word_1_555' title='bbox 3715 3620 3790 3660; x_wconf 78' lang='lat' dir='ltr'>AD</span> 
     </span>
    </p>
   </div>
   <div class='ocr_carea' id='block_1_81' title="bbox 2459 3695 3497 3737">
    <p class='ocr_par' dir='ltr' id='par_1_81' title="bbox 2459 3695 3497 3737">
     <span class='ocr_line' id='line_1_81' title="bbox 2459 3695 3497 3737; baseline -0.002 0"><span class='ocrx_word' id='word_1_556' title='bbox 2459 3696 2831 3737; x_wconf 72' lang='lat' dir='ltr'>POLYCARPUI</span> <span class='ocrx_word' id='word_1_557' title='bbox 2853 3696 2993 3734; x_wconf 77' lang='lat' dir='ltr'>VERE</span> <span class='ocrx_word' id='word_1_558' title='bbox 3012 3696 3145 3735; x_wconf 80' lang='lat' dir='ltr'>ESSE</span> <span class='ocrx_word' id='word_1_559' title='bbox 3171 3695 3497 3735; x_wconf 67' lang='lat' dir='ltr'><strong>AUGTOREM.</strong></span> 
     </span>
    </p>
   </div>
   <div class='ocr_carea' id='block_1_82' title="bbox 2362 3777 3562 3850">
    <p class='ocr_par' dir='ltr' id='par_1_82' title="bbox 2362 3777 3562 3850">
     <span class='ocr_line' id='line_1_82' title="bbox 2362 3777 3562 3850; baseline -0.001 -16"><span class='ocrx_word' id='word_1_560' title='bbox 2362 3781 2390 3848; x_wconf 91' lang='lat'><strong>§</strong></span> <span class='ocrx_word' id='word_1_561' title='bbox 2419 3780 2463 3835; x_wconf 93' lang='grc' dir='ltr'><strong>Ι.</strong></span> <span class='ocrx_word' id='word_1_562' title='bbox 2496 3778 2564 3834; x_wconf 86' lang='lat' dir='ltr'>Id</span> <span class='ocrx_word' id='word_1_563' title='bbox 2589 3780 2854 3850; x_wconf 84' lang='lat' dir='ltr'>probatur</span> <span class='ocrx_word' id='word_1_564' title='bbox 2885 3779 3218 3834; x_wconf 78' lang='lat' dir='ltr'>auctoritate</span> <span class='ocrx_word' id='word_1_565' title='bbox 3242 3777 3562 3848; x_wconf 81' lang='lat' dir='ltr'>Polycarpi.</span> 
     </span>
    </p>
   </div>
   <div class='ocr_carea' id='block_1_83' title="bbox 2212 3880 3789 3960">
    <p class='ocr_par' dir='ltr' id='par_1_83' title="bbox 2212 3880 3789 3960">
     <span class='ocr_line' id='line_1_83' title="bbox 2212 3880 3789 3960; baseline -0.006 -15"><span class='ocrx_word' id='word_1_566' title='bbox 2212 3893 2294 3945; x_wconf 88' lang='lat' dir='ltr'>De</span> <span class='ocrx_word' id='word_1_567' title='bbox 2325 3887 2515 3960; x_wconf 74' lang='lat' dir='ltr'>prima</span> <span class='ocrx_word' id='word_1_568' title='bbox 2545 3887 2924 3959; x_wconf 89' lang='lat' dir='ltr'>epistolarum</span> <span class='ocrx_word' id='word_1_569' title='bbox 2961 3884 3164 3957; x_wconf 88' lang='lat' dir='ltr'>lgnatii</span> <span class='ocrx_word' id='word_1_570' title='bbox 3215 3884 3401 3940; x_wconf 89' lang='lat' dir='ltr'>classe</span> <span class='ocrx_word' id='word_1_571' title='bbox 3443 3883 3611 3939; x_wconf 86' lang='lat' dir='ltr'>nobis</span> <span class='ocrx_word' id='word_1_572' title='bbox 3641 3880 3789 3938; x_wconf 90' lang='lat' dir='ltr'>nihil</span> 
     </span>
    </p>
   </div>
   <div class='ocr_carea' id='block_1_84' title="bbox 2144 3973 3788 4050">
    <p class='ocr_par' dir='ltr' id='par_1_84' title="bbox 2144 3973 3788 4050">
     <span class='ocr_line' id='line_1_84' title="bbox 2144 3973 3788 4050; baseline -0.004 -17"><span class='ocrx_word' id='word_1_573' title='bbox 2144 3977 2396 4050; x_wconf 89' lang='lat' dir='ltr'>amplius</span> <span class='ocrx_word' id='word_1_574' title='bbox 2447 3981 2782 4049; x_wconf 87' lang='lat' dir='ltr'>superesset</span> <span class='ocrx_word' id='word_1_575' title='bbox 2839 3975 3179 4042; x_wconf 89' lang='lat' dir='ltr'>dicendum,</span> <span class='ocrx_word' id='word_1_576' title='bbox 3233 3973 3346 4029; x_wconf 91' lang='lat' dir='ltr'>nisi</span> <span class='ocrx_word' id='word_1_577' title='bbox 3405 3973 3788 4028; x_wconf 89' lang='lat' dir='ltr'>doctissimus</span> 
     </span>
    </p>
   </div>
   <div class='ocr_carea' id='block_1_85' title="bbox 2143 4064 3790 4140">
    <p class='ocr_par' dir='ltr' id='par_1_85' title="bbox 2143 4064 3790 4140">
     <span class='ocr_line' id='line_1_85' title="bbox 2143 4064 3790 4140; baseline -0.005 -15"><span class='ocrx_word' id='word_1_578' title='bbox 2143 4069 2437 4137; x_wconf 82' lang='lat' dir='ltr'>Usserius,</span> <span class='ocrx_word' id='word_1_579' title='bbox 2471 4069 2574 4140; x_wconf 89' lang='lat' dir='ltr'>qui</span> <span class='ocrx_word' id='word_1_580' title='bbox 2595 4069 2704 4125; x_wconf 89' lang='lat' dir='ltr'>has</span> <span class='ocrx_word' id='word_1_581' title='bbox 2735 4068 2990 4138; x_wconf 88' lang='lat' dir='ltr'>ejusdem</span> <span class='ocrx_word' id='word_1_582' title='bbox 3022 4065 3223 4121; x_wconf 83' lang='lat' dir='ltr'>classis</span> <span class='ocrx_word' id='word_1_583' title='bbox 3256 4065 3534 4137; x_wconf 75' lang='lat' dir='ltr'>epistulas</span> <span class='ocrx_word' id='word_1_584' title='bbox 3565 4064 3790 4135; x_wconf 85' lang='lat' dir='ltr'>lgnatio</span> 
     </span>
    </p>
   </div>
   <div class='ocr_carea' id='block_1_86' title="bbox 2143 4146 3790 4220">
    <p class='ocr_par' dir='ltr' id='par_1_86' title="bbox 2143 4146 3790 4220">
     <span class='ocr_line' id='line_1_86' title="bbox 2143 4146 3790 4220; baseline -0.004 -15"><span class='ocrx_word' id='word_1_585' title='bbox 2143 4155 2484 4206; x_wconf 83' lang='lat' dir='ltr'>constanter</span> <span class='ocrx_word' id='word_1_586' title='bbox 2535 4151 2854 4220; x_wconf 81' lang='lat' dir='ltr'>adjudicet,</span> <span class='ocrx_word' id='word_1_587' title='bbox 2902 4148 3060 4203; x_wconf 89' lang='lat' dir='ltr'>illam</span> <span class='ocrx_word' id='word_1_588' title='bbox 3123 4164 3248 4217; x_wconf 70' lang='lat' dir='ltr'>quas</span> <span class='ocrx_word' id='word_1_589' title='bbox 3283 4149 3348 4200; x_wconf 90' lang='lat' dir='ltr'>ad</span> <span class='ocrx_word' id='word_1_590' title='bbox 3403 4146 3790 4217; x_wconf 83' lang='lat' dir='ltr'>Polycarpum</span> 
     </span>
    </p>
   </div>
   <div class='ocr_carea' id='block_1_87' title="bbox 2142 4232 3783 4312">
    <p class='ocr_par' dir='ltr' id='par_1_87' title="bbox 2142 4232 3783 4312">
     <span class='ocr_line' id='line_1_87' title="bbox 2142 4232 3783 4312; baseline -0.007 -16"><span class='ocrx_word' id='word_1_591' title='bbox 2142 4241 2366 4312; x_wconf 87' lang='lat' dir='ltr'>scripta</span> <span class='ocrx_word' id='word_1_592' title='bbox 2395 4244 2506 4308; x_wconf 88' lang='lat' dir='ltr'>est,</span> <span class='ocrx_word' id='word_1_593' title='bbox 2557 4240 2776 4295; x_wconf 90' lang='lat' dir='ltr'>eisdem</span> <span class='ocrx_word' id='word_1_594' title='bbox 2811 4239 3036 4310; x_wconf 81' lang='lat' dir='ltr'>lgnatio</span> <span class='ocrx_word' id='word_1_595' title='bbox 3084 4236 3255 4308; x_wconf 89' lang='lat' dir='ltr'>plane</span> <span class='ocrx_word' id='word_1_596' title='bbox 3295 4236 3645 4307; x_wconf 87' lang='lat' dir='ltr'>penitusque</span> <span class='ocrx_word' id='word_1_597' title='bbox 3677 4232 3783 4286; x_wconf 89' lang='lat' dir='ltr'>ab-</span> 
     </span>
    </p>
   </div>
   <div class='ocr_carea' id='block_1_88' title="bbox 2135 4321 3788 4403">
    <p class='ocr_par' dir='ltr' id='par_1_88' title="bbox 2135 4321 3788 4403">
     <span class='ocr_line' id='line_1_88' title="bbox 2135 4321 3788 4403; baseline -0.008 -15"><span class='ocrx_word' id='word_1_598' title='bbox 2135 4332 2484 4403; x_wconf 88' lang='lat' dir='ltr'>judicasset.</span> <span class='ocrx_word' id='word_1_599' title='bbox 2517 4333 2795 4397; x_wconf 88' lang='lat' dir='ltr'>Quamvis</span> <span class='ocrx_word' id='word_1_600' title='bbox 2843 4339 3035 4389; x_wconf 85' lang='lat' dir='ltr'>autem</span> <span class='ocrx_word' id='word_1_601' title='bbox 3071 4344 3138 4384; x_wconf 89' lang='lat' dir='ltr'>ea</span> <span class='ocrx_word' id='word_1_602' title='bbox 3168 4345 3296 4398; x_wconf 68' lang='lat' dir='ltr'>quas</span> <span class='ocrx_word' id='word_1_603' title='bbox 3330 4327 3401 4381; x_wconf 92' lang='lat' dir='ltr'>de</span> <span class='ocrx_word' id='word_1_604' title='bbox 3432 4322 3636 4397; x_wconf 81' lang='lat' dir='ltr'>lgnatii</span> <span class='ocrx_word' id='word_1_605' title='bbox 3667 4321 3788 4392; x_wconf 90' lang='lat' dir='ltr'>epi-</span> 
     </span>
    </p>
   </div>
   <div class='ocr_carea' id='block_1_89' title="bbox 2143 4416 3793 4492">
    <p class='ocr_par' dir='ltr' id='par_1_89' title="bbox 2143 4416 3793 4492">
     <span class='ocr_line' id='line_1_89' title="bbox 2143 4416 3793 4492; baseline -0.006 -14"><span class='ocrx_word' id='word_1_606' title='bbox 2143 4422 2309 4478; x_wconf 88' lang='lat' dir='ltr'>tolis</span> <span class='ocrx_word' id='word_1_607' title='bbox 2341 4422 2624 4479; x_wconf 88' lang='lat' dir='ltr'>hactenus</span> <span class='ocrx_word' id='word_1_608' title='bbox 2679 4418 3126 4492; x_wconf 84' lang='lat' dir='ltr'>disputavimus,</span> <span class='ocrx_word' id='word_1_609' title='bbox 3178 4416 3339 4472; x_wconf 87' lang='lat' dir='ltr'>illam</span> <span class='ocrx_word' id='word_1_610' title='bbox 3382 4431 3494 4470; x_wconf 92' lang='lat' dir='ltr'>non</span> <span class='ocrx_word' id='word_1_611' title='bbox 3523 4429 3694 4469; x_wconf 88' lang='lat' dir='ltr'>secus</span> <span class='ocrx_word' id='word_1_612' title='bbox 3725 4428 3793 4468; x_wconf 88' lang='lat' dir='ltr'>ac</span> 
     </span>
    </p>
   </div>
   <div class='ocr_carea' id='block_1_90' title="bbox 2144 4503 3795 4584">
    <p class='ocr_par' dir='ltr' id='par_1_90' title="bbox 2144 4503 3795 4584">
     <span class='ocr_line' id='line_1_90' title="bbox 2144 4503 3795 4584; baseline -0.006 -17"><span class='ocrx_word' id='word_1_613' title='bbox 2144 4510 2310 4580; x_wconf 88' lang='lat' dir='ltr'>alias,</span> <span class='ocrx_word' id='word_1_614' title='bbox 2342 4511 2456 4584; x_wconf 86' lang='lat' dir='ltr'>ipsi</span> <span class='ocrx_word' id='word_1_615' title='bbox 2515 4510 2886 4566; x_wconf 87' lang='lat' dir='ltr'>tribuendam</span> <span class='ocrx_word' id='word_1_616' title='bbox 2948 4523 3077 4564; x_wconf 91' lang='lat' dir='ltr'>esse</span> <span class='ocrx_word' id='word_1_617' title='bbox 3124 4507 3571 4572; x_wconf 87' lang='lat' dir='ltr'>demonstrent;</span> <span class='ocrx_word' id='word_1_618' title='bbox 3621 4503 3693 4558; x_wconf 90' lang='lat' dir='ltr'>de</span> <span class='ocrx_word' id='word_1_619' title='bbox 3727 4518 3795 4558; x_wconf 89' lang='lat' dir='ltr'>ea</span> 
     </span>
    </p>
   </div>
   <div class='ocr_carea' id='block_1_91' title="bbox 387 4593 3794 4679">
    <p class='ocr_par' dir='ltr' id='par_1_91' title="bbox 387 4593 3794 4679">
     <span class='ocr_line' id='line_1_91' title="bbox 387 4593 3794 4679; baseline -0.002 -26"><span class='ocrx_word' id='word_1_620' title='bbox 387 4598 643 4656; x_wconf 84' lang='lat' dir='ltr'>lixarum</span> <span class='ocrx_word' id='word_1_621' title='bbox 674 4619 791 4658; x_wconf 90' lang='lat' dir='ltr'>non</span> <span class='ocrx_word' id='word_1_622' title='bbox 824 4618 953 4659; x_wconf 88' lang='lat' dir='ltr'>esse</span> <span class='ocrx_word' id='word_1_623' title='bbox 985 4607 1405 4660; x_wconf 86' lang='lat' dir='ltr'>auctorem.At</span> <span class='ocrx_word' id='word_1_624' title='bbox 1426 4623 1598 4677; x_wconf 89' lang='lat' dir='ltr'>porro</span> <span class='ocrx_word' id='word_1_625' title='bbox 1612 4621 1740 4661; x_wconf 89' lang='lat' dir='ltr'>cum</span> <span class='ocrx_word' id='word_1_626' title='bbox 1771 4605 2037 4679; x_wconf 68' lang='lat' dir='ltr'>plurimae</span> <span class='ocrx_word' id='word_1_627' title='bbox 2071 4609 2116 4676; x_wconf 88' lang='lat' dir='ltr'><strong>D</strong></span> <span class='ocrx_word' id='word_1_628' title='bbox 2147 4601 2573 4658; x_wconf 89' lang='lat' dir='ltr'>tamenidcireo</span> <span class='ocrx_word' id='word_1_629' title='bbox 2587 4600 2928 4657; x_wconf 89' lang='lat' dir='ltr'>censuimus</span> <span class='ocrx_word' id='word_1_630' title='bbox 2943 4593 3794 4671; x_wconf 85' lang='lat' dir='ltr'>privatimessedisserendum,</span> 
     </span>
    </p>
   </div>
   <div class='ocr_carea' id='block_1_92' title="bbox 387 4691 2035 4766">
    <p class='ocr_par' dir='ltr' id='par_1_92' title="bbox 387 4691 2035 4766">
     <span class='ocr_line' id='line_1_92' title="bbox 387 4691 2035 4766; baseline 0.003 -20"><span class='ocrx_word' id='word_1_631' title='bbox 387 4691 852 4762; x_wconf 87' lang='lat' dir='ltr'>apostolicorum</span> <span class='ocrx_word' id='word_1_632' title='bbox 882 4693 1138 4751; x_wconf 90' lang='lat' dir='ltr'>virorum</span> <span class='ocrx_word' id='word_1_633' title='bbox 1173 4711 1240 4750; x_wconf 91' lang='lat' dir='ltr'>ac</span> <span class='ocrx_word' id='word_1_634' title='bbox 1271 4695 1562 4766; x_wconf 70' lang='lat' dir='ltr'>praecipue</span> <span class='ocrx_word' id='word_1_635' title='bbox 1589 4695 2035 4766; x_wconf 86' lang='lat' dir='ltr'>Asiasticorum,</span> 
     </span>
    </p>
   </div>
   <div class='ocr_carea' id='block_1_93' title="bbox 387 4781 2038 4856">
    <p class='ocr_par' dir='ltr' id='par_1_93' title="bbox 387 4781 2038 4856">
     <span class='ocr_line' id='line_1_93' title="bbox 387 4781 2038 4856; baseline 0.003 -18"><span class='ocrx_word' id='word_1_636' title='bbox 387 4781 515 4852; x_wconf 90' lang='lat' dir='ltr'>qui,</span> <span class='ocrx_word' id='word_1_637' title='bbox 559 4786 706 4840; x_wconf 88' lang='lat' dir='ltr'>teste</span> <span class='ocrx_word' id='word_1_638' title='bbox 756 4784 1066 4853; x_wconf 64' lang='lat' dir='ltr'>Ciceronis,</span> <span class='ocrx_word' id='word_1_639' title='bbox 1112 4790 1282 4842; x_wconf 91' lang='lat' dir='ltr'>erant</span> <span class='ocrx_word' id='word_1_640' title='bbox 1339 4786 1757 4856; x_wconf 86' lang='lat' dir='ltr'>redundantes,</span> <span class='ocrx_word' id='word_1_641' title='bbox 1812 4787 1883 4842; x_wconf 88' lang='lat' dir='ltr'>ad</span> <span class='ocrx_word' id='word_1_642' title='bbox 1930 4802 2038 4843; x_wconf 87' lang='lat' dir='ltr'>nos</span> 
     </span>
    </p>
   </div>
   <div class='ocr_carea' id='block_1_94' title="bbox 386 4872 2039 4947">
    <p class='ocr_par' dir='ltr' id='par_1_94' title="bbox 386 4872 2039 4947">
     <span class='ocr_line' id='line_1_94' title="bbox 386 4872 2039 4947; baseline 0.004 -21"><span class='ocrx_word' id='word_1_643' title='bbox 386 4888 574 4943; x_wconf 90' lang='lat' dir='ltr'>usque</span> <span class='ocrx_word' id='word_1_644' title='bbox 606 4872 870 4945; x_wconf 68' lang='lat' dir='ltr'>epistolae</span> <span class='ocrx_word' id='word_1_645' title='bbox 901 4892 1015 4931; x_wconf 92' lang='lat' dir='ltr'>non</span> <span class='ocrx_word' id='word_1_646' title='bbox 1049 4876 1438 4947; x_wconf 86' lang='lat' dir='ltr'>pervenerint,</span> <span class='ocrx_word' id='word_1_647' title='bbox 1473 4877 1608 4947; x_wconf 89' lang='lat' dir='ltr'>quis</span> <span class='ocrx_word' id='word_1_648' title='bbox 1638 4878 1852 4934; x_wconf 88' lang='lat' dir='ltr'>audeat</span> <span class='ocrx_word' id='word_1_649' title='bbox 1878 4893 2039 4933; x_wconf 85' lang='lat' dir='ltr'>asse-</span> 
     </span>
    </p>
   </div>
   <div class='ocr_carea' id='block_1_95' title="bbox 387 4962 2035 5038">
    <p class='ocr_par' dir='ltr' id='par_1_95' title="bbox 387 4962 2035 5038">
     <span class='ocr_line' id='line_1_95' title="bbox 387 4962 2035 5038; baseline 0.002 -22"><span class='ocrx_word' id='word_1_650' title='bbox 387 4978 513 5018; x_wconf 89' lang='lat' dir='ltr'>rere</span> <span class='ocrx_word' id='word_1_651' title='bbox 545 4962 678 5019; x_wconf 89' lang='lat' dir='ltr'>illas</span> <span class='ocrx_word' id='word_1_652' title='bbox 706 4981 819 5020; x_wconf 88' lang='lat' dir='ltr'>non</span> <span class='ocrx_word' id='word_1_653' title='bbox 839 4967 1066 5033; x_wconf 89' lang='lat' dir='ltr'>eodem,</span> <span class='ocrx_word' id='word_1_654' title='bbox 1099 4981 1164 5020; x_wconf 89' lang='lat' dir='ltr'>ac</span> <span class='ocrx_word' id='word_1_655' title='bbox 1188 4967 1544 5038; x_wconf 87' lang='lat' dir='ltr'>Ignatianas,</span> <span class='ocrx_word' id='word_1_656' title='bbox 1578 4965 1730 5035; x_wconf 85' lang='lat' dir='ltr'>style</span> <span class='ocrx_word' id='word_1_657' title='bbox 1751 4968 1839 5021; x_wconf 87' lang='lat' dir='ltr'>vel</span> <span class='ocrx_word' id='word_1_658' title='bbox 1868 4965 2035 5021; x_wconf 89' lang='lat' dir='ltr'>simi-</span> 
     </span>
    </p>
   </div>
   <div class='ocr_carea' id='block_1_96' title="bbox 388 5051 2034 5126">
    <p class='ocr_par' dir='ltr' id='par_1_96' title="bbox 388 5051 2034 5126">
     <span class='ocr_line' id='line_1_96' title="bbox 388 5051 2034 5126; baseline 0.001 -20"><span class='ocrx_word' id='word_1_659' title='bbox 388 5051 546 5109; x_wconf 89' lang='lat' dir='ltr'>libus</span> <span class='ocrx_word' id='word_1_660' title='bbox 601 5054 1083 5126; x_wconf 87' lang='lat' dir='ltr'>inscriptionibus</span> <span class='ocrx_word' id='word_1_661' title='bbox 1139 5055 1318 5111; x_wconf 78' lang='lat' dir='ltr'>fuisse</span> <span class='ocrx_word' id='word_1_662' title='bbox 1375 5056 1694 5111; x_wconf 74' lang='lat' dir='ltr'>exaratus?</span> <span class='ocrx_word' id='word_1_663' title='bbox 1750 5055 1886 5111; x_wconf 87' lang='lat' dir='ltr'>Utut</span> <span class='ocrx_word' id='word_1_664' title='bbox 1938 5054 2034 5126; x_wconf 83' lang='lat' dir='ltr'>sit,</span> 
     </span>
    </p>
   </div>
   <div class='ocr_carea' id='block_1_97' title="bbox 388 5141 2036 5217">
    <p class='ocr_par' dir='ltr' id='par_1_97' title="bbox 388 5141 2036 5217">
     <span class='ocr_line' id='line_1_97' title="bbox 388 5141 2036 5217; baseline 0 -22"><span class='ocrx_word' id='word_1_665' title='bbox 388 5149 538 5196; x_wconf 89' lang='lat' dir='ltr'>certe</span> <span class='ocrx_word' id='word_1_666' title='bbox 566 5141 826 5215; x_wconf 88' lang='lat' dir='ltr'>Ignatius</span> <span class='ocrx_word' id='word_1_667' title='bbox 858 5144 916 5199; x_wconf 90' lang='lat' dir='ltr'>in</span> <span class='ocrx_word' id='word_1_668' title='bbox 979 5145 1139 5199; x_wconf 88' lang='lat' dir='ltr'>Pauli</span> <span class='ocrx_word' id='word_1_669' title='bbox 1175 5143 1448 5215; x_wconf 80' lang='lat' dir='ltr'>Epistolis</span> <span class='ocrx_word' id='word_1_670' title='bbox 1481 5145 1734 5217; x_wconf 84' lang='lat' dir='ltr'>egregia,</span> <span class='ocrx_word' id='word_1_671' title='bbox 1781 5145 1864 5199; x_wconf 91' lang='lat' dir='ltr'>uti</span> <span class='ocrx_word' id='word_1_672' title='bbox 1889 5144 2036 5198; x_wconf 83' lang='lat' dir='ltr'>dixi-</span> 
     </span>
    </p>
   </div>
   <div class='ocr_carea' id='block_1_98' title="bbox 387 5232 2038 5304">
    <p class='ocr_par' dir='ltr' id='par_1_98' title="bbox 387 5232 2038 5304">
     <span class='ocr_line' id='line_1_98' title="bbox 387 5232 2038 5304; baseline 0.001 -19"><span class='ocrx_word' id='word_1_673' title='bbox 387 5245 544 5294; x_wconf 89' lang='lat' dir='ltr'>mus,</span> <span class='ocrx_word' id='word_1_674' title='bbox 579 5232 1034 5302; x_wconf 82' lang='lat' dir='ltr'>inscriptionum</span> <span class='ocrx_word' id='word_1_675' title='bbox 1087 5250 1330 5288; x_wconf 88' lang='lat' dir='ltr'>suarum</span> <span class='ocrx_word' id='word_1_676' title='bbox 1363 5233 1574 5288; x_wconf 89' lang='lat' dir='ltr'>habuit</span> <span class='ocrx_word' id='word_1_677' title='bbox 1613 5233 1900 5304; x_wconf 73' lang='lat' dir='ltr'>exempla,</span> <span class='ocrx_word' id='word_1_678' title='bbox 1933 5248 2038 5288; x_wconf 88' lang='lat' dir='ltr'>nec</span> 
     </span>
    </p>
   </div>
   <div class='ocr_carea' id='block_1_99' title="bbox 387 5319 2039 5396">
    <p class='ocr_par' dir='ltr' id='par_1_99' title="bbox 387 5319 2039 5396">
     <span class='ocr_line' id='line_1_99' title="bbox 387 5319 2039 5396; baseline 0.002 -22"><span class='ocrx_word' id='word_1_679' title='bbox 387 5320 459 5374; x_wconf 91' lang='lat' dir='ltr'>de</span> <span class='ocrx_word' id='word_1_680' title='bbox 512 5319 628 5377; x_wconf 91' lang='lat' dir='ltr'>ullo</span> <span class='ocrx_word' id='word_1_681' title='bbox 680 5323 795 5378; x_wconf 89' lang='lat' dir='ltr'>alio</span> <span class='ocrx_word' id='word_1_682' title='bbox 843 5322 1083 5378; x_wconf 89' lang='lat' dir='ltr'>meliora</span> <span class='ocrx_word' id='word_1_683' title='bbox 1135 5327 1395 5396; x_wconf 86' lang='lat' dir='ltr'>accipere</span> <span class='ocrx_word' id='word_1_684' title='bbox 1455 5329 1699 5395; x_wconf 88' lang='lat' dir='ltr'>poterat.</span> <span class='ocrx_word' id='word_1_685' title='bbox 1761 5323 2039 5387; x_wconf 88' lang='lat' dir='ltr'>Quamvis</span> 
     </span>
    </p>
   </div>
   <div class='ocr_carea' id='block_1_100' title="bbox 361 5413 2038 5486">
    <p class='ocr_par' dir='ltr' id='par_1_100' title="bbox 361 5413 2038 5486">
     <span class='ocr_line' id='line_1_100' title="bbox 361 5413 2038 5486; baseline 0.001 -21"><span class='ocrx_word' id='word_1_686' title='bbox 361 5417 583 5467; x_wconf 52' lang='lat' dir='ltr'>autem</span> <span class='ocrx_word' id='word_1_687' title='bbox 626 5413 696 5467; x_wconf 89' lang='lat' dir='ltr'>ad</span> <span class='ocrx_word' id='word_1_688' title='bbox 759 5414 1102 5486; x_wconf 82' lang='lat' dir='ltr'>martyrium</span> <span class='ocrx_word' id='word_1_689' title='bbox 1135 5431 1369 5470; x_wconf 80' lang='lat' dir='ltr'>summa</span> <span class='ocrx_word' id='word_1_690' title='bbox 1427 5414 1730 5470; x_wconf 80' lang='lat' dir='ltr'>velocitate</span> <span class='ocrx_word' id='word_1_691' title='bbox 1763 5428 2038 5486; x_wconf 89' lang='lat' dir='ltr'>propera-</span> 
     </span>
    </p>
   </div>
   <div class='ocr_carea' id='block_1_101' title="bbox 381 5500 2040 5576">
    <p class='ocr_par' dir='ltr' id='par_1_101' title="bbox 381 5500 2040 5576">
     <span class='ocr_line' id='line_1_101' title="bbox 381 5500 2040 5576; baseline 0.001 -21"><span class='ocrx_word' id='word_1_692' title='bbox 381 5503 498 5570; x_wconf 89' lang='lat' dir='ltr'>ret,</span> <span class='ocrx_word' id='word_1_693' title='bbox 531 5502 589 5557; x_wconf 91' lang='lat' dir='ltr'>id</span> <span class='ocrx_word' id='word_1_694' title='bbox 641 5511 835 5560; x_wconf 88' lang='lat' dir='ltr'>tamen</span> <span class='ocrx_word' id='word_1_695' title='bbox 875 5522 992 5562; x_wconf 89' lang='lat' dir='ltr'>non</span> <span class='ocrx_word' id='word_1_696' title='bbox 1039 5505 1334 5572; x_wconf 78' lang='lat' dir='ltr'>obstabat,</span> <span class='ocrx_word' id='word_1_697' title='bbox 1385 5503 1706 5576; x_wconf 85' lang='lat' dir='ltr'>quominus</span> <span class='ocrx_word' id='word_1_698' title='bbox 1757 5505 1908 5561; x_wconf 80' lang='lat' dir='ltr'>duas</span> <span class='ocrx_word' id='word_1_699' title='bbox 1950 5500 2040 5558; x_wconf 78' lang='lat' dir='ltr'>vel</span> 
     </span>
    </p>
   </div>
   <div class='ocr_carea' id='block_1_102' title="bbox 2147 4683 3796 4764">
    <p class='ocr_par' dir='ltr' id='par_1_102' title="bbox 2147 4683 3796 4764">
     <span class='ocr_line' id='line_1_102' title="bbox 2147 4683 3796 4764; baseline -0.008 -14"><span class='ocrx_word' id='word_1_700' title='bbox 2147 4695 2298 4764; x_wconf 88' lang='lat' dir='ltr'>quod</span> <span class='ocrx_word' id='word_1_701' title='bbox 2327 4691 2544 4748; x_wconf 84' lang='lat' dir='ltr'>Usserii</span> <span class='ocrx_word' id='word_1_702' title='bbox 2570 4690 2889 4748; x_wconf 89' lang='lat' dir='ltr'>auctoritas</span> <span class='ocrx_word' id='word_1_703' title='bbox 2902 4689 3058 4746; x_wconf 92' lang='lat' dir='ltr'>viros</span> <span class='ocrx_word' id='word_1_704' title='bbox 3071 4689 3360 4760; x_wconf 90' lang='lat' dir='ltr'>quosdam</span> <span class='ocrx_word' id='word_1_705' title='bbox 3383 4683 3796 4742; x_wconf 85' lang='lat' dir='ltr'>celeberrimos</span> 
     </span>
    </p>
   </div>
   <div class='ocr_carea' id='block_1_103' title="bbox 2147 4777 3796 4854">
    <p class='ocr_par' dir='ltr' id='par_1_103' title="bbox 2147 4777 3796 4854">
     <span class='ocr_line' id='line_1_103' title="bbox 2147 4777 3796 4854; baseline -0.007 -14"><span class='ocrx_word' id='word_1_706' title='bbox 2147 4801 2287 4841; x_wconf 86' lang='lat' dir='ltr'>suas</span> <span class='ocrx_word' id='word_1_707' title='bbox 2335 4784 2578 4840; x_wconf 85' lang='lat' dir='ltr'>traxerit</span> <span class='ocrx_word' id='word_1_708' title='bbox 2633 4785 2691 4837; x_wconf 90' lang='lat' dir='ltr'>in</span> <span class='ocrx_word' id='word_1_709' title='bbox 2725 4788 2940 4854; x_wconf 86' lang='lat' dir='ltr'>partes.</span> <span class='ocrx_word' id='word_1_710' title='bbox 2995 4780 3110 4837; x_wconf 88' lang='lat' dir='ltr'>Hos</span> <span class='ocrx_word' id='word_1_711' title='bbox 3161 4780 3313 4836; x_wconf 88' lang='lat' dir='ltr'>inter</span> <span class='ocrx_word' id='word_1_712' title='bbox 3359 4782 3416 4834; x_wconf 89' lang='lat' dir='ltr'>et</span> <span class='ocrx_word' id='word_1_713' title='bbox 3447 4791 3709 4847; x_wconf 87' lang='lat' dir='ltr'>purpura</span> <span class='ocrx_word' id='word_1_714' title='bbox 3737 4777 3796 4829; x_wconf 88' lang='lat' dir='ltr'>et</span> 
     </span>
    </p>
   </div>
   <div class='ocr_carea' id='block_1_104' title="bbox 2146 4865 3794 4946">
    <p class='ocr_par' dir='ltr' id='par_1_104' title="bbox 2146 4865 3794 4946">
     <span class='ocr_line' id='line_1_104' title="bbox 2146 4865 3794 4946; baseline -0.008 -14"><span class='ocrx_word' id='word_1_715' title='bbox 2146 4875 2413 4932; x_wconf 83' lang='lat' dir='ltr'>doctrina</span> <span class='ocrx_word' id='word_1_716' title='bbox 2469 4873 2692 4946; x_wconf 89' lang='lat' dir='ltr'>primas</span> <span class='ocrx_word' id='word_1_717' title='bbox 2721 4876 2881 4928; x_wconf 89' lang='lat' dir='ltr'>tenet</span> <span class='ocrx_word' id='word_1_718' title='bbox 2927 4869 3431 4927; x_wconf 87' lang='lat' dir='ltr'>eminentissimus</span> <span class='ocrx_word' id='word_1_719' title='bbox 3474 4865 3794 4923; x_wconf 85' lang='lat' dir='ltr'>cardinalis</span> 
     </span>
    </p>
   </div>
   <div class='ocr_carea' id='block_1_105' title="bbox 2150 4957 3795 5035">
    <p class='ocr_par' dir='ltr' id='par_1_105' title="bbox 2150 4957 3795 5035">
     <span class='ocr_line' id='line_1_105' title="bbox 2150 4957 3795 5035; baseline -0.009 -13"><span class='ocrx_word' id='word_1_720' title='bbox 2150 4965 2329 5030; x_wconf 87' lang='lat' dir='ltr'>Bona,</span> <span class='ocrx_word' id='word_1_721' title='bbox 2362 4963 2464 5035; x_wconf 90' lang='lat' dir='ltr'>qui</span> <span class='ocrx_word' id='word_1_722' title='bbox 2491 4961 2783 5034; x_wconf 86' lang='lat' dir='ltr'>judicium</span> <span class='ocrx_word' id='word_1_723' title='bbox 2808 4961 3026 5017; x_wconf 87' lang='lat' dir='ltr'>Usserii</span> <span class='ocrx_word' id='word_1_724' title='bbox 3061 4965 3315 5026; x_wconf 85' lang='lat' dir='ltr'>secutus,</span> <span class='ocrx_word' id='word_1_725' title='bbox 3341 4959 3412 5013; x_wconf 91' lang='lat' dir='ltr'>de</span> <span class='ocrx_word' id='word_1_726' title='bbox 3443 4974 3509 5014; x_wconf 90' lang='lat' dir='ltr'>ea</span> <span class='ocrx_word' id='word_1_727' title='bbox 3541 4957 3624 5012; x_wconf 88' lang='lat' dir='ltr'>sic</span> <span class='ocrx_word' id='word_1_728' title='bbox 3659 4971 3795 5027; x_wconf 89' lang='lat' dir='ltr'>pro-</span> 
     </span>
    </p>
   </div>
   <div class='ocr_carea' id='block_1_106' title="bbox 2147 5047 3796 5123">
    <p class='ocr_par' dir='ltr' id='par_1_106' title="bbox 2147 5047 3796 5123">
     <span class='ocr_line' id='line_1_106' title="bbox 2147 5047 3796 5123; baseline -0.007 -14"><span class='ocrx_word' id='word_1_729' title='bbox 2147 5053 2379 5109; x_wconf 89' lang='lat' dir='ltr'>nuntiat</span> <span class='ocrx_word' id='word_1_730' title='bbox 2411 5051 2455 5089; x_wconf 70' lang='lat'><strong>”</strong></span> <span class='ocrx_word' id='word_1_731' title='bbox 2486 5069 2499 5108; x_wconf 91' lang='lat'>:</span> <span class='ocrx_word' id='word_1_732' title='bbox 2528 5074 2557 5102; x_wconf 85' lang='lat'><strong>«</strong></span> <span class='ocrx_word' id='word_1_733' title='bbox 2617 5053 2782 5107; x_wconf 86' lang='lat' dir='ltr'>Addo</span> <span class='ocrx_word' id='word_1_734' title='bbox 2815 5051 2971 5123; x_wconf 84' lang='lat' dir='ltr'>quod</span> <span class='ocrx_word' id='word_1_735' title='bbox 3017 5050 3167 5104; x_wconf 87' lang='lat' dir='ltr'>hanc</span> <span class='ocrx_word' id='word_1_736' title='bbox 3199 5047 3508 5116; x_wconf 88' lang='lat' dir='ltr'>epistolam</span> <span class='ocrx_word' id='word_1_737' title='bbox 3539 5062 3651 5100; x_wconf 92' lang='lat' dir='ltr'>non</span> <span class='ocrx_word' id='word_1_738' title='bbox 3694 5060 3796 5114; x_wconf 80' lang='lat' dir='ltr'>ge-</span> 
     </span>
    </p>
   </div>
   <div class='ocr_carea' id='block_1_107' title="bbox 2148 5129 3799 5209">
    <p class='ocr_par' dir='ltr' id='par_1_107' title="bbox 2148 5129 3799 5209">
     <span class='ocr_line' id='line_1_107' title="bbox 2148 5129 3799 5209; baseline -0.008 -12"><span class='ocrx_word' id='word_1_739' title='bbox 2148 5143 2397 5198; x_wconf 90' lang='lat' dir='ltr'>nuinum</span> <span class='ocrx_word' id='word_1_740' title='bbox 2436 5140 2641 5209; x_wconf 75' lang='lat' dir='ltr'>Ignatii</span> <span class='ocrx_word' id='word_1_741' title='bbox 2677 5142 2856 5195; x_wconf 80' lang='lat' dir='ltr'>fetum</span> <span class='ocrx_word' id='word_1_742' title='bbox 2890 5155 3040 5207; x_wconf 84' lang='lat' dir='ltr'>esse,</span> <span class='ocrx_word' id='word_1_743' title='bbox 3073 5137 3175 5192; x_wconf 80' lang='lat' dir='ltr'>sed</span> <span class='ocrx_word' id='word_1_744' title='bbox 3210 5135 3652 5206; x_wconf 83' lang='lat' dir='ltr'>supposititium</span> <span class='ocrx_word' id='word_1_745' title='bbox 3691 5129 3799 5185; x_wconf 85' lang='lat' dir='ltr'>viri</span> 
     </span>
    </p>
   </div>
   <div class='ocr_carea' id='block_1_108' title="bbox 2147 5222 3798 5295">
    <p class='ocr_par' dir='ltr' id='par_1_108' title="bbox 2147 5222 3798 5295">
     <span class='ocr_line' id='line_1_108' title="bbox 2147 5222 3798 5295; baseline -0.008 -8"><span class='ocrx_word' id='word_1_746' title='bbox 2147 5232 2360 5287; x_wconf 87' lang='lat' dir='ltr'>eruditi</span> <span class='ocrx_word' id='word_1_747' title='bbox 2394 5230 2618 5286; x_wconf 88' lang='lat' dir='ltr'>dudum</span> <span class='ocrx_word' id='word_1_748' title='bbox 2673 5229 3095 5284; x_wconf 82' lang='lat' dir='ltr'>observarunt:</span> <span class='ocrx_word' id='word_1_749' title='bbox 3129 5232 3186 5280; x_wconf 90' lang='lat' dir='ltr'>et</span> <span class='ocrx_word' id='word_1_750' title='bbox 3217 5227 3287 5281; x_wconf 92' lang='lat' dir='ltr'>ad</span> <span class='ocrx_word' id='word_1_751' title='bbox 3335 5226 3388 5278; x_wconf 91' lang='lat' dir='ltr'>id</span> <span class='ocrx_word' id='word_1_752' title='bbox 3425 5222 3798 5295; x_wconf 89' lang='lat' dir='ltr'>probandum</span> 
     </span>
    </p>
   </div>
   <div class='ocr_carea' id='block_1_109' title="bbox 2151 5316 3797 5389">
    <p class='ocr_par' dir='ltr' id='par_1_109' title="bbox 2151 5316 3797 5389">
     <span class='ocr_line' id='line_1_109' title="bbox 2151 5316 3797 5389; baseline -0.012 -12"><span class='ocrx_word' id='word_1_753' title='bbox 2151 5321 2336 5377; x_wconf 89' lang='lat' dir='ltr'>multa</span> <span class='ocrx_word' id='word_1_754' title='bbox 2367 5322 2619 5377; x_wconf 63' lang='lat' dir='ltr'>alterunt</span> <span class='ocrx_word' id='word_1_755' title='bbox 2674 5336 2786 5375; x_wconf 89' lang='lat' dir='ltr'>non</span> <span class='ocrx_word' id='word_1_756' title='bbox 2823 5317 2984 5389; x_wconf 89' lang='lat' dir='ltr'>parvi</span> <span class='ocrx_word' id='word_1_757' title='bbox 3047 5316 3322 5389; x_wconf 88' lang='lat' dir='ltr'>ponderi</span> <span class='ocrx_word' id='word_1_758' title='bbox 3373 5317 3797 5384; x_wconf 79' lang='lat' dir='ltr'>argumenta.»</span> 
     </span>
    </p>
   </div>
   <div class='ocr_carea' id='block_1_110' title="bbox 2148 5400 3796 5478">
    <p class='ocr_par' dir='ltr' id='par_1_110' title="bbox 2148 5400 3796 5478">
     <span class='ocr_line' id='line_1_110' title="bbox 2148 5400 3796 5478; baseline -0.008 -10"><span class='ocrx_word' id='word_1_759' title='bbox 2148 5412 2258 5468; x_wconf 89' lang='lat' dir='ltr'>Sed</span> <span class='ocrx_word' id='word_1_760' title='bbox 2284 5411 2332 5468; x_wconf 90' lang='lat' dir='ltr'>si</span> <span class='ocrx_word' id='word_1_761' title='bbox 2357 5413 2479 5467; x_wconf 91' lang='lat' dir='ltr'>viro</span> <span class='ocrx_word' id='word_1_762' title='bbox 2529 5417 2648 5466; x_wconf 87' lang='lat' dir='ltr'>tam</span> <span class='ocrx_word' id='word_1_763' title='bbox 2677 5409 2907 5465; x_wconf 90' lang='lat' dir='ltr'>erudito</span> <span class='ocrx_word' id='word_1_764' title='bbox 2948 5423 3053 5478; x_wconf 88' lang='lat' dir='ltr'>per</span> <span class='ocrx_word' id='word_1_765' title='bbox 3110 5409 3293 5462; x_wconf 89' lang='lat' dir='ltr'>otium</span> <span class='ocrx_word' id='word_1_766' title='bbox 3341 5403 3602 5458; x_wconf 84' lang='lat' dir='ltr'>licuisset</span> <span class='ocrx_word' id='word_1_767' title='bbox 3638 5400 3796 5455; x_wconf 81' lang='lat' dir='ltr'>Illam</span> 
     </span>
    </p>
   </div>
   <div class='ocr_carea' id='block_1_111' title="bbox 2151 5491 3804 5569">
    <p class='ocr_par' dir='ltr' id='par_1_111' title="bbox 2151 5491 3804 5569">
     <span class='ocr_line' id='line_1_111' title="bbox 2151 5491 3804 5569; baseline -0.008 -11"><span class='ocrx_word' id='word_1_768' title='bbox 2151 5503 2482 5558; x_wconf 84' lang='lat' dir='ltr'>accuratius</span> <span class='ocrx_word' id='word_1_769' title='bbox 2512 5500 2934 5568; x_wconf 84' lang='lat' dir='ltr'>examinare,in</span> <span class='ocrx_word' id='word_1_770' title='bbox 2961 5498 3139 5554; x_wconf 89' lang='lat' dir='ltr'>aliam</span> <span class='ocrx_word' id='word_1_771' title='bbox 3182 5494 3382 5569; x_wconf 88' lang='lat' dir='ltr'>procul</span> <span class='ocrx_word' id='word_1_772' title='bbox 3402 5492 3580 5549; x_wconf 89' lang='lat' dir='ltr'>dubio</span> <span class='ocrx_word' id='word_1_773' title='bbox 3600 5491 3804 5547; x_wconf 86' lang='lat' dir='ltr'>ivisset</span> 
     </span>
    </p>
   </div>
   <div class='ocr_carea' id='block_1_112' title="bbox 463 5619 2027 5704">
    <p class='ocr_par' dir='ltr' id='par_1_112' title="bbox 463 5627 2027 5704">
     <span class='ocr_line' id='line_1_112' title="bbox 463 5627 2027 5704; baseline -0.001 -18"><span class='ocrx_word' id='word_1_774' title='bbox 463 5627 510 5663; x_wconf 77' lang='grc'>³⁸</span> <span class='ocrx_word' id='word_1_775' title='bbox 561 5645 694 5702; x_wconf 81' lang='lat' dir='ltr'>pag.</span> <span class='ocrx_word' id='word_1_776' title='bbox 754 5633 878 5689; x_wconf 74' lang='grc'><strong>415.</strong></span> <span class='ocrx_word' id='word_1_777' title='bbox 925 5633 975 5670; x_wconf 73' lang='grc'>³⁷</span> <span class='ocrx_word' id='word_1_778' title='bbox 1033 5648 1168 5704; x_wconf 81' lang='lat' dir='ltr'>pag.</span> <span class='ocrx_word' id='word_1_779' title='bbox 1211 5630 1333 5688; x_wconf 79' lang='grc'><strong>417.</strong></span> <span class='ocrx_word' id='word_1_780' title='bbox 1394 5630 1443 5665; x_wconf 81' lang='grc'>³⁸</span> <span class='ocrx_word' id='word_1_781' title='bbox 1493 5645 1622 5702; x_wconf 86' lang='lat' dir='ltr'>cap.</span> <span class='ocrx_word' id='word_1_782' title='bbox 1680 5631 1771 5700; x_wconf 88' lang='grc'>31,</span> <span class='ocrx_word' id='word_1_783' title='bbox 1805 5647 1862 5704; x_wconf 92' lang='lat' dir='ltr'>p.</span> <span class='ocrx_word' id='word_1_784' title='bbox 1916 5629 2027 5686; x_wconf 81' lang='grc'>421</span> 
     </span>
    </p>
   </div>
   <div class='ocr_carea' id='block_1_113' title="bbox 2140 5619 3801 5704">
    <p class='ocr_par' dir='ltr' id='par_1_113' title="bbox 2140 5619 3801 5702">
     <span class='ocr_line' id='line_1_113' title="bbox 2140 5619 3801 5702; baseline -0.009 -14"><span class='ocrx_word' id='word_1_785' title='bbox 2140 5633 2145 5660; x_wconf 82' lang='lat'><strong><em>&#39;</em></strong></span> <span class='ocrx_word' id='word_1_786' title='bbox 2197 5628 2414 5702; x_wconf 78' lang='lat' dir='ltr'>Ephes.</span> <span class='ocrx_word' id='word_1_787' title='bbox 2465 5645 2542 5698; x_wconf 77' lang='lat' dir='ltr'>vr,</span> <span class='ocrx_word' id='word_1_788' title='bbox 2600 5630 2687 5685; x_wconf 90' lang='grc'>11.</span> <span class='ocrx_word' id='word_1_789' title='bbox 2746 5627 2792 5666; x_wconf 76' lang='grc'>³⁸</span> <span class='ocrx_word' id='word_1_790' title='bbox 2837 5625 3009 5695; x_wconf 88' lang='lat' dir='ltr'>Ibid.,</span> <span class='ocrx_word' id='word_1_791' title='bbox 3071 5623 3156 5679; x_wconf 89' lang='grc'><strong>13.</strong></span> <span class='ocrx_word' id='word_1_792' title='bbox 3217 5625 3262 5660; x_wconf 66' lang='grc' dir='ltr'>τι</span> <span class='ocrx_word' id='word_1_793' title='bbox 3316 5621 3437 5678; x_wconf 73' lang='lat' dir='ltr'>Iter.</span> <span class='ocrx_word' id='word_1_794' title='bbox 3500 5619 3801 5690; x_wconf 83' lang='lat' dir='ltr'>Liturgic.,</span> 
     </span>
    </p>
   </div>
   <div class='ocr_carea' id='block_1_114' title="bbox 393 5704 800 5774">
    <p class='ocr_par' dir='ltr' id='par_1_114' title="bbox 393 5704 800 5774">
     <span class='ocr_line' id='line_1_114' title="bbox 393 5704 800 5774; baseline 0.005 -16"><span class='ocrx_word' id='word_1_795' title='bbox 393 5717 520 5774; x_wconf 84' lang='lat' dir='ltr'>cap.</span> <span class='ocrx_word' id='word_1_796' title='bbox 542 5718 683 5772; x_wconf 72' lang='grc' dir='ltr'><strong>χχιι,</strong></span> <span class='ocrx_word' id='word_1_797' title='bbox 717 5704 746 5772; x_wconf 87' lang='lat'><strong>§</strong></span> <span class='ocrx_word' id='word_1_798' title='bbox 775 5706 800 5760; x_wconf 97' lang='grc'>1</span> 
     </span>
    </p>
   </div>
  </div>
