4112 6132
262 285 296 345 5
309 279 381 346 45

1236 251 1691 338 edoceam
1738 270 2276 336 DIiSERTATlO.
2324 307 2402 318 -
2444 273 2653 338 PARS
2700 273 2750 337 Ι.

3564 273 3681 336 546

260 417 650 479 sententiam.
685 413 907 472 Invicto
975 427 1231 485 namque
1274 410 1592 484 ipsiusmet
1622 408 1919 484 Polycarpi
1951 409 2003 478 Α
2033 409 2297 482 exprimi,
2331 425 2396 466 ac
2445 413 2698 466 Graecam
2751 409 2929 480 hujus
2976 425 3170 466 vocem
3209 405 3358 472 ίδῖως
3391 426 3491 483 per
3521 394 3680 467 Lati-

263 509 635 575 testimonio,
671 523 781 577 quo
836 509 988 560 certe
1021 503 1246 557 nullum
1281 503 1474 573 majus
1509 518 1665 557 nunc
1697 502 1920 556 deside-

267 601 384 656 rari
417 603 631 670 potest,
667 595 990 651 luculenter
1023 593 1302 665 probatur
1335 591 1481 646 hanc
1511 591 1817 662 epistolam
1851 591 1921 645 ab

273 688 504 761 lgnatio
538 686 718 740 fuisse
749 683 1051 755 scriptam.
1099 681 1375 737 Testatur
1405 685 1560 736 enim
1617 680 1677 735 in
1713 697 1821 734 sua
1853 679 1923 734 ad

273 779 682 848 Philippenses
732 773 981 845 epistola
1011 787 1072 827 se
1104 771 1175 826 ab
1222 787 1288 826 eo
1326 771 1622 841 accepisse
1655 769 1880 826 litteras
1909 784 1922 824 :

275 891 302 921 α
335 865 671 938 Scripsistis
713 865 784 919 ad
848 878 936 917 me
965 866 1022 918 et
1051 878 1150 916 vos
1200 866 1258 916 et
1291 861 1571 933 lgnatius,
1606 865 1714 916 etc.
1750 859 1927 931 Atqui

275 961 375 1016 illa
399 959 676 1031 epistola,
713 972 888 1028 quam
924 954 1014 1008 his
1041 952 1234 1006 verbis
1291 952 1531 1018 indicat,
1566 952 1767 1006 eadem
1799 950 1930 1021 ipsa

278 1057 390 1117 est,
417 1051 488 1104 de
513 1065 630 1121 qua
646 1063 799 1102 nunc
821 1043 1069 1116 quaestio
1091 1042 1532 1097 rrovetur.Nam
1567 1056 1930 1113 quaecunque

281 1140 639 1212 Polycarpus
702 1137 771 1191 de
825 1134 1073 1206 epistola
1111 1133 1319 1204 Ignatii
1361 1131 1541 1188 nostri
1575 1133 1644 1186 ad
1685 1147 1747 1185 se
1797 1131 1932 1186 data

287 1228 654 1295 memoravit,
693 1227 793 1282 illa
819 1226 1016 1281 omnia
1047 1226 1106 1280 in
1133 1241 1198 1280 ea
1230 1240 1406 1296 quam
1448 1223 1756 1286 habemus,
1789 1238 1930 1277 nus-

287 1338 462 1392 quam
498 1334 630 1374 vero
684 1317 742 1372 in
789 1316 908 1370 ulla
939 1315 1052 1370 alia
1102 1314 1493 1387 reperiuntur.
1539 1313 1772 1369 Scimus
1803 1312 1935 1384 qui-

286 1411 416 1466 dem
450 1409 514 1464 in
561 1407 708 1462 hanc
739 1405 1000 1478 epistolae
1031 1403 1326 1476 Polycarpi
1386 1408 1610 1474 partem
1643 1402 1934 1473 ultimam,

288 1515 463 1572 quam
527 1497 859 1565 citavimus,
917 1494 1200 1550 nonnulla
1247 1511 1282 1550 a
1340 1493 1694 1564 quibusdam
1752 1492 1937 1548 fuisse

289 1590 537 1661 objecta.
597 1587 712 1643 Sed
764 1585 884 1641 hinc
937 1584 1136 1640 omnia
1185 1587 1308 1639 tam
1343 1582 1496 1638 clare
1535 1582 1818 1639 diluimus
1865 1583 1935 1651 ³³,

291 1693 538 1750 eamque
587 1675 843 1748 epistolae
875 1683 1094 1748 partem
1129 1689 1243 1730 non
1286 1671 1482 1728 minus
1517 1689 1691 1745 quam
1729 1672 1873 1729 alias
1906 1689 1939 1728 θ.

2034 515 2166 554 nam
2194 502 2413 572 pmprie
2444 501 2515 555 ab
2549 499 2648 555 illo
2683 500 2862 554 fuisse
2895 500 3202 555 redditam.
3237 500 3356 556 Vox
3379 501 3680 570 igiturilla

2033 591 2250 660 proprie
2274 588 2418 644 nihil
2451 590 2610 645 aliud
2636 589 2786 662 apud
2812 592 3232 662 Hieronymum
3267 589 3344 644 ibi
3363 590 3680 661 significat,

2036 696 2212 750 quam
2264 680 2556 749 privatim,
2591 679 2833 736 aeorsim
2897 696 2961 734 ac
2999 681 3338 751 separatim.
3370 682 3555 750 Atque
3586 697 3680 737 ce-

2038 771 2168 825 dem
2205 770 2374 840 plane
2405 788 2579 826 sensu
2620 769 2718 826 illa
2749 773 2953 827 eodem
2984 772 3045 826 in
3087 771 3234 825 libro
3259 787 3372 826 non
3407 771 3585 828 semel
3611 773 3681 828 ab

2037 860 2162 931 ipso
2196 866 2477 930 usurpata
2521 860 2754 932 legitur.
2796 862 2885 916 Sic
2931 861 3142 934 quippe
3190 862 3407 917 ibidem
3440 862 3510 917 de
3559 862 3683 918 Cle-

2041 954 2235 1006 mente
2292 951 2681 1006 Alexandrino
2731 951 3012 1006 disserit:
3067 972 3095 1000 «
3149 951 3227 1006 De
3285 953 3682 1010 canonibus...

2038 1039 2185 1095 liber
2216 1057 2389 1108 unus,
2424 1058 2596 1112 quem
2630 1040 2858 1111 proprie
2913 1041 3238 1096 Alexandro
3271 1041 3686 1116 Hierosolymi-

2043 1135 2177 1186 tano
2218 1131 2488 1202 episcopo
2545 1129 2950 1205 προσεφώνησε,
3002 1153 3028 1180 ››
3090 1136 3146 1185 et
3198 1132 3267 1186 de
3314 1132 3614 1203 Apollonio
3663 1148 3678 1188 :

2048 1225 2067 1270 ἀ
2103 1220 2430 1292 Septimum
2467 1221 2694 1292 proprie
2713 1221 2994 1275 adversus
3017 1219 3387 1291 Apollonium
3421 1221 3678 1277 elabora-

2043 1310 2143 1364 vit.
2179 1331 2207 1360 ››
2242 1309 2403 1365 Unde
2440 1311 2802 1382 Sophronius
2853 1310 2910 1364 in
2960 1309 3154 1365 Graeca
3191 1310 3365 1380 hujus
3398 1310 3529 1365 libri
3560 1328 3684 1367 ver-

2045 1399 2210 1455 sione
2238 1399 2381 1454 illud
2427 1400 2670 1454 verbum
2699 1398 2924 1470 pra/iris
2954 1415 3052 1469 per
3083 1415 3282 1455 vocem
3318 1395 3524 1469 ίόίκως,
3559 1417 3689 1472 quae

2046 1489 2200 1545 idem
2229 1506 2293 1546 ac
2329 1489 2656 1545 Eusebiana
2691 1485 2840 1550 ἰδίως
2875 1495 3065 1560 sonat,
3100 1488 3373 1546 reddidit.

2365 1589 2516 1657 §Ill.
2555 1587 2790 1652 Obiectio
2841 1588 3042 1644 Usserii
3069 1587 3329 1642 diluitur.

2119 1686 2333 1758 Objicit
2365 1695 2555 1743 tamen
2587 1687 2853 1743 Usserius
2885 1687 3004 1742 ha'c
3035 1687 3370 1760 Hieronymi
3403 1690 3602 1745 verba:
3627 1690 3687 1746 in

291 1769 609 1842 Polycarpo
641 1765 921 1838 scriptam
955 1781 1104 1833 esse,
1147 1768 1329 1832 tanta,
1364 1764 1449 1820 uti
1491 1768 1788 1836 putamus,
1817 1762 1934 1819 evi-

2065 1793 2170 1849 qua
2200 1781 2257 1832 et
2286 1777 2358 1831 de
2389 1775 2700 1848 Evangelio
2728 1775 2796 1844 ³⁵,
2829 1797 2859 1827 ››
2892 1781 3025 1840 etc.,
3058 1777 3130 1832 ad
3164 1776 3472 1848 epistolam
3501 1782 3690 1848 Smyr-

296 1859 493 1916 dentia
518 1873 551 1912 a
571 1856 739 1912 nobis
764 1855 1228 1912 demonstratum
1255 1857 1446 1922 est,ut
1476 1853 1718 1910 sinceris
1737 1869 1932 1910 rerum

290 1946 752 2005 aestimatoribus
780 1945 840 2002 id
882 1944 1120 2001 omnino
1153 1959 1503 2016 persuasum
1535 1943 1656 1999 fore
1687 1944 1937 2000 conﬁda-

291 2055 446 2097 mus.

419 2188 448 2256 §
473 2184 550 2241 II.
583 2181 735 2240 Idem
751 2179 992 2237 Eusebii
1021 2181 1442 2307 etbﬁltz'eronymi
1467 2181 1796 2240 auctoritate

974 2268 1073 2307 υνο
1171 2270 1261 2307 ur.

970 2268 1261 2326 prooamr.

365 2408 543 2459 Porro
598 2404 794 2458 autem
827 2397 1084 2473 epistolas
1116 2399 1184 2455 ad
1229 2399 1608 2473 Polycarpum
1641 2405 1939 2457 auctorem

296 2509 422 2551 esse
447 2493 762 2564 Ignatium,
816 2506 932 2546 non
967 2488 1262 2562 Polycarpi
1296 2493 1526 2546 tantum
1562 2490 1939 2559 testimoniis,

297 2586 397 2641 sed
431 2582 666 2639 Eusebii
698 2581 864 2636 etiam
897 2580 1244 2636 auctoritate
1277 2579 1450 2652 plane
1482 2579 1941 2638 demonstratur.

301 2671 413 2727 Ubi
443 2673 596 2727 enim
628 2670 841 2744 Ignatii
874 2669 1153 2741 epistolas
1204 2674 1471 2727 accurate
1529 2675 1587 2726 et
1635 2670 1944 2742 diligenter

313 2768 595 2828 recenset,
619 2761 736 2815 haec
776 2761 872 2816 ille
903 2761 1144 2817 totidem
1181 2761 1374 2817 verbis
1408 2762 1586 2818 tradit
1614 2763 1658 2798 ³³
1693 2778 1706 2818 :
1741 2784 1769 2814 «
1801 2762 1943 2818 Cum

315 2852 596 2908 Troadem
623 2854 886 2921 venisset,
907 2853 1041 2908 inde
1062 2853 1133 2908 ad
1163 2853 1704 2926 Philadelphienses
1723 2855 1948 2911 litteras

306 2940 486 3004 dedit,
519 2944 573 2995 et
603 2941 671 2996 ad
717 2941 1148 3012 Smyrnzeorum
1183 2941 1522 3013 Ecclesiam,
1561 2943 1948 3016 privatimque

295 3033 368 3088 ad
430 3030 812 3104 Polycarpum
872 3048 1070 3088 eorum
1120 3033 1484 3105 episcopum,
1547 3029 1724 3103 ἰδίως)
1781 3053 1840 3087 τε
1867 3030 1948 3106 τῷ

2055 1867 2196 1922 nisis
2217 1867 2412 1922 datam
2435 1865 2674 1922 omnino
2692 1866 2926 1934 referri;
2953 1866 3314 1938 proindeque
3332 1866 3491 1923 illam
3519 1884 3695 1925 unam

2051 1973 2118 2012 ac
2140 1957 2404 2012 eamdem
2435 1971 2565 2011 esse
2589 1971 2722 2012 cum
2756 1971 2848 2024 ea,
2881 1971 3006 2026 quae
3029 1956 3100 2010 ad
3137 1954 3516 2027 Polycarpum
3549 1957 3692 2012 scri-

2051 2052 2146 2120 pta
2169 2046 2402 2103 dicitur.
2437 2047 2598 2113 Quod
2633 2044 3288 2118 quidem,inquitidem
3323 2045 3595 2102 Usseriua
3626 2049 3691 2119 ³ο,

2051 2137 2132 2192 ita
2163 2153 2362 2193 verum
2404 2142 2512 2202 est,
2550 2140 2612 2192 ut
2642 2159 2670 2186 «
2722 2135 3014 2190 Honorius
3054 2135 3599 2206 Augustodunensis
3632 2136 3696 2194 in

2051 2226 2200 2282 libre
2235 2231 2310 2282 De
2332 2225 2706 2282 luminaribus
2740 2224 2998 2280 Ecclesiw
3029 2222 3144 2295 (cui
3176 2223 3693 2297 Hieronymianum

2054 2317 2408 2388 scriptorum
2441 2315 2771 2386 catalogum
2806 2315 2865 2369 in
2917 2313 3206 2386 epitomen
3239 2330 3272 2369 a
3302 2330 3364 2370 se
3394 2315 3693 2373 redactum

2055 2405 2327 2478 inseruit)
2360 2403 2680 2476 Epistolam
2735 2403 2804 2459 ad
2839 2403 3221 2475 Polycarpum
3256 2403 3314 2458 in
3347 2421 3524 2461 censu
3559 2407 3699 2462 scri-

2057 2501 2290 2570 ptorum
2325 2495 2531 2568 Ignatii
2559 2494 2726 2565 plane
2752 2494 3306 2564 praetermittendam
3331 2510 3459 2550 esse
3483 2498 3702 2567 judica-

2057 2586 2155 2643 vit,
2185 2608 2212 2635 «
2233 2585 2344 2641 Sed
2377 2601 2492 2639 non
2524 2584 2719 2654 magni
2753 2581 3027 2655 ponderis
3049 2586 3137 2638 est
3166 2585 3482 2640 auctoritas
3512 2585 3703 2643 Hono-

2060 2677 2150 2743 rii,
2185 2676 2285 2749 qui
2339 2675 2397 2730 in
2451 2675 2560 2730 hac
2609 2674 2739 2730 libri
2811 2675 3252 2748 Hieronymiani
3310 2677 3564 2747 epitome
3625 2679 3706 2734 ita

2060 2783 2210 2837 saepe
2243 2781 2344 2837 per
2373 2780 2621 2820 errorem
2657 2764 2858 2836 lapsus
2903 2770 3014 2830 est,
3039 2768 3100 2818 ut
3131 2765 3226 2819 vix
3267 2764 3388 2820 ulla
3419 2767 3562 2822 ﬁdes
3592 2767 3703 2838 ipsi

2061 2856 2261 2912 haberi
2297 2853 2498 2926 possit.
2533 2853 2765 2924 Majoris
2793 2858 2988 2909 autem
3028 2855 3300 2910 momenti
3323 2859 3411 2911 est
3439 2857 3704 2912 testimo-

2063 2951 2228 3004 nium
2263 2947 2500 3003 alterius
2533 2944 2787 3001 auctoris
2811 2945 2979 3018 longe
2999 2945 3711 3018 vetustioris,quiutram-

2064 3055 2176 3111 quc
2207 3036 2518 3109 epistolam
2576 3035 2879 3090 manifeste
2926 3035 3200 3090 distinxit
3246 3034 3306 3090 in
3357 3036 3599 3092 bomilia
3640 3038 3712 3093 De

299 3118 503 3190 τα·5της
523 3118 927 3197 προηγουμὲνῳ
951 3117 1314 3196 [Ιολυκάρπῳ.
1332 3142 1355 3172 ι)
1386 3122 1667 3178 Eusebius
1693 3139 1949 3194 namque

2066 3145 2172 3185 uno
2201 3127 2489 3198 utriusque
2515 3126 2858 3181 Testamenli
2888 3123 3232 3196 lcgistalore,
3266 3141 3439 3195 quam
3474 3126 3714 3183 Photius

300 3211 380 3266 ibi
415 3216 536 3266 tres
566 3210 776 3281 Ignatii
833 3209 1116 3282 epistolas
1147 3216 1344 3282 aperte
1385 3212 1698 3283 distinguit
1729 3233 1743 3281 ;
1778 3217 1953 3284 atque

303 3299 456 3356 hanc
490 3317 618 3373 quae
649 3300 721 3355 ad
753 3299 1161 3372 Polycarpum,
1187 3304 1304 3358 tam
1329 3302 1399 3358 ab
1433 3319 1500 3358 ea
1531 3318 1656 3372 qua:
1679 3303 1747 3358 ad
1770 3303 1958 3376 Smyr-

305 3409 483 3459 nazos,
517 3407 694 3462 quam
727 3391 800 3446 ab
832 3391 934 3447 illa
964 3408 1090 3464 quae
1123 3392 1194 3447 ad
1239 3391 1780 3464 Philadelphienses
1812 3393 1955 3448 scri-

301 3489 400 3554 pta
431 3486 541 3549 est,
575 3481 857 3537 discernit
885 3485 942 3537 et
996 3481 1384 3538 discriminat.
1418 3483 1553 3546 Quae
1601 3483 1840 3554 quidem
1867 3482 1953 3537 di-

303 3571 543 3628 stinctio
595 3588 664 3627 ex
698 3572 788 3627 his
827 3588 954 3642 quae
1010 3572 1484 3645 subsequuntur,
1517 3573 1703 3630 multo
1733 3573 1957 3630 clarius

309 3660 748 3733 dilucidiusque
799 3663 1152 3734 perspicitur
1186 3679 1198 3717 :
1264 3683 1291 3711 «
1322 3663 1502 3726 Quem
1533 3679 1668 3718 cum
1720 3668 1956 3736 aposto-

312 3750 493 3806 licum
543 3751 758 3816 virum,
810 3750 895 3806 sic
967 3749 1065 3806 ille
1122 3751 1514 3824 prosequitur,
1577 3767 1706 3808 esse
1789 3753 1961 3824 plane

315 3845 675 3913 agnosceret,
707 3840 821 3912 ipsi
869 3845 1150 3912 tanquam
1183 3841 1372 3897 bonus
1421 3859 1489 3897 ac
1538 3843 1726 3898 fidelis
1759 3847 1962 3914 pastor

317 3948 549 4004 gregem
583 3931 955 3988 Antiochense
978 3931 1244 3988 Ecclesiae
1269 3932 1719 4004 commendavit,
1748 3949 1962 4004 rogans

319 4029 378 4076 ut
410 4021 571 4077 omni
603 4038 742 4077 cura
772 4021 936 4076 illum
979 4021 1167 4077 fovere
1197 4020 1391 4078 vellet.
1427 4023 1588 4079 Idem
1623 4022 1682 4077 in
1718 4021 1965 4094 epistola

317 4113 386 4167 ad
417 4116 747 4184 Smyrnzeea
797 4112 868 4166 de
896 4115 1195 4167 Servatore
1241 4120 1442 4167 nostro
1482 4112 1754 4184 loquens,
1789 4135 1817 4164 ››
1849 4117 1960 4168 etc.

320 4202 385 4258 Et
424 4207 580 4258 certe
605 4201 662 4256 in
687 4201 930 4272 epistola
970 4201 1041 4256 ad
1074 4203 1400 4275 Smyrneeos
1431 4201 1660 4258 nullum
1699 4202 1769 4258 de
1787 4201 1961 4274 Poly-

322 4307 494 4363 carpo
530 4291 773 4346 verbum
831 4290 967 4347 facit
1002 4308 1016 4360 ;
1046 4307 1236 4364 neque
1294 4290 1380 4346 illi
1418 4290 1736 4348 Ecclesium
1794 4307 1965 4348 suam

320 4381 745 4438 Antiochenam
767 4383 1158 4439 commendat.
1197 4383 1332 4447 Qum
1365 4397 1500 4438 cum
1533 4380 1592 4437 in
1615 4380 1864 4447 epistola
1891 4382 1966 4437 ad

321 4471 702 4544 Polycarpum
752 4478 1077 4538 occurrant,
1111 4469 1270 4526 illam
1315 4470 1515 4542 procul
1561 4471 1740 4527 dubio
1771 4471 1843 4527 ab
1874 4479 1964 4540 ea,

2066 3219 2494 3291 Chrysostomo,
2545 3214 2642 3272 alii
2699 3231 2834 3270 vero
2893 3214 3127 3270 cuidam
3186 3215 3450 3286 ejusdem
3525 3217 3714 3273 aetatis

2066 3307 2340 3380 scriptori
2388 3306 2688 3378 assignant
2716 3303 2785 3360 "7.

2140 3398 2420 3454 Praeterea
2477 3411 2610 3451 cum
2660 3393 2956 3450 Honorius
3016 3393 3232 3450 librum
3287 3394 3624 3467 Hieronymi
3653 3395 3711 3451 in

2067 3489 2358 3560 epitomen
2394 3484 2729 3556 redegerit;
2765 3483 2836 3539 ad
2870 3482 3060 3548 illum,
3094 3482 3194 3555 qui
3227 3485 3491 3539 omnium
3525 3485 3717 3540 mani-

2069 3579 2180 3632 bus
2211 3575 2434 3642 teritur,
2469 3589 2698 3644 semper
2729 3572 3095 3628 redeundum
3120 3575 3228 3627 est.
3260 3572 3320 3627 Si
3340 3589 3467 3643 quae
3501 3588 3632 3628 vero
3655 3573 3715 3627 in

2071 3663 2401 3738 Hieronymi
2459 3679 2693 3735 quoque
2740 3661 2934 3718 verbis
2987 3661 3180 3717 subsit
3234 3661 3582 3727 obscuritas,
3644 3662 3718 3717 ad

2069 3755 2385 3812 Eusebium
2426 3759 2709 3824 tanquam
2744 3753 2815 3807 ad
2865 3753 3111 3820 fontem,
3137 3767 3206 3806 ex
3234 3767 3350 3822 quo
3382 3769 3488 3806 sua
3519 3753 3720 3808 Hiero-

2071 3863 2281 3915 nymus
2311 3844 2528 3910 hausit,
2562 3843 2778 3898 debent
2813 3859 3018 3899 omnes
3053 3858 3368 3898 recurrere.
3409 3843 3582 3914 Atqui
3606 3847 3718 3898 Eu-

2072 3935 2273 3991 sebius
2331 3932 2639 4004 epistolam
2675 3931 2748 3987 ad
2804 3931 3192 4003 Pelycarpum
3253 3931 3324 3986 ab
3373 3930 3618 4000 epistola
3649 3931 3721 3986 ad

2071 4027 2402 4098 Smyrnaeoa
2430 4021 2822 4094 apertissime,
2854 4026 2920 4075 ut
2953 4020 3230 4087 vidimus,
3264 4019 3556 4077 distinxit.
3591 4021 3721 4076 Hie-

2075 4129 2356 4186 ronymus
2377 4128 2512 4184 ergo
2552 4112 2706 4166 idem
2738 4111 2891 4165 inter
2923 4117 3230 4180 utramque
3263 4109 3472 4165 statuit
3509 4109 3722 4164 discri-

2078 4221 2231 4260 men.
2259 4205 2444 4274 Atque
2501 4201 2639 4256 hinc
2693 4199 2917 4271 liquido
2964 4197 3266 4270 colligitur
3309 4198 3409 4254 illa
3459 4200 3723 4268 ejusdem

2076 4292 2413 4366 Hieronymi
2441 4291 2617 4347 verba
2649 4306 2718 4346 :«
2754 4289 2819 4344 In
2853 4305 2970 4362 qua
3012 4293 3069 4344 et
3096 4289 3166 4344 de
3188 4287 3525 4360 Evangelio,
3559 4312 3588 4340 »
3617 4298 3726 4346 etc.

2079 4399 2194 4439 non
2218 4382 2290 4437 ad
2316 4379 2638 4453 posteriora
2673 4378 2750 4434 ad
2778 4378 3169 4450 Polycarpum,
3189 4378 3291 4434 sed
3324 4377 3392 4433 ad
3429 4377 3734 4450 superiora

2078 4473 2148 4530 ad
2177 4473 2490 4545 Smyrnaea:
2533 4484 2659 4526 esse
2692 4468 3015 4525 referenda.

323 4537 450 4634 qua".
509 4537 581 4616 ad
608 4564 936 4633 Smyrnaaos
966 4537 1184 4632 scripta
1241 4537 1350 4626 est,
1385 4560 1672 4617 Eusebius
1726 4537 1970 4633 apertis;-
2003 4537 2048 4603 D
2150 4566 2244 4629 At,
2274 4537 2548 4634 inquies,
2584 4559 2703 4616 haec
2756 4559 2940 4614 textui
2989 4557 3442 4631 Hieronymiano
3487 4559 3604 4614 vim
3638 4559 3727 4615 fa-

325 4653 474 4708 sime
496 4651 828 4722 distinguit.

388 4740 591 4811 Neque
623 4739 738 4795 alia
787 4738 1124 4812 Hieronymi
1155 4741 1446 4797 sententia
1475 4740 1658 4797 fuisse
1688 4741 1919 4798 videtur
1953 4753 1969 4808 ;

317 4834 402 4888 ait
437 4830 595 4888 enim
627 4831 673 4866 "
706 4846 720 4886 :
751 4851 780 4882 «
813 4829 953 4886 Inde
978 4829 1284 4902 egrediens
1313 4831 1550 4903 scripsit
1581 4832 1652 4887 ad
1685 4831 1974 4889 Philadel-

325 4921 545 4993 phreos,
603 4927 658 4977 et
709 4918 783 4975 ad
841 4921 1192 4993 Smyrnaeos,
1226 4924 1283 4976 et
1330 4919 1562 4993 proprie
1601 4921 1672 4976 ad
1704 4921 1973 4994 Polycar-

323 5024 487 5080 pum,
521 5009 943 5064 commendans
991 5007 1075 5063 illi
1120 5008 1574 5065 Antiochensem
1610 5007 1924 5065 Ecclesiam
1957 5035 1972 5078 ;

322 5098 381 5153 in
417 5115 533 5171 qua
560 5106 614 5154 et
671 5099 742 5154 de
773 5096 1082 5171 Evangelia
1114 5099 1268 5170 quod
1303 5115 1492 5170 nuper
1522 5116 1554 5154 a
1597 5114 1688 5154 me
1721 5097 1975 5155 transla-

317 5193 445 5244 tum
505 5193 611 5256 est,
665 5204 844 5260 super
892 5204 1144 5261 persona
1212 5187 1424 5244 Christi
1487 5189 1651 5260 ponit
1708 5190 1974 5244 testimo-

316 5280 515 5334 nium.
551 5301 581 5328 »
613 5276 825 5334 Nullus
875 5279 1128 5350 perfecto
1181 5295 1295 5334 non
1327 5277 1486 5334 videt
1516 5276 1611 5335 his
1634 5277 1976 5351 Hieronymi

323 5369 517 5424 verbis
545 5368 780 5425 Eusebii
810 5385 1076 5438 sensum,
1115 5372 1178 5425 ut
1208 5367 1407 5425 omnia
1438 5384 1583 5443 pene
1613 5369 1743 5442 ejus
1774 5369 1970 5437 verba,

2083 4653 2265 4710 ciunt.
2298 4652 2411 4709 Sed
2452 4650 2503 4706 si
2550 4666 2722 4706 verus
2765 4647 2860 4704 ille
2896 4649 2973 4704 sit
3023 4649 3336 4704 verborum
3388 4647 3732 4718 Hieronymi

2083 4758 2313 4811 sensus,
2369 4740 2534 4796 nulla
2565 4754 2636 4794 ex
2685 4755 2821 4795 vera
2851 4754 3054 4795 eorum
3114 4736 3500 4810 explicatione
3547 4735 3725 4791 textui

2083 4831 2210 4902 ejus
2254 4830 2341 4885 vis
2391 4829 2650 4886 affertur.
2697 4827 2895 4899 Neque
2949 4827 3146 4883 forsan
3203 4843 3237 4881 a
3285 4841 3422 4881 vero
3479 4823 3730 4878 multum

2084 4919 2400 4986 aberrabit,
2459 4918 2559 4990 qui
2600 4917 2812 4973 dixerit
2852 4917 2910 4972 in
2941 4914 3280 4986 Hieronymi
3326 4917 3488 4969 textu
3525 4913 3735 4967 factam

2083 5010 2268 5066 fuisse
2289 5026 2322 5064 a
2345 5007 2601 5063 librariis
2619 5005 3139 5078 transpositionem
3159 5023 3172 5072 ;
3194 5003 3301 5059 nisi
3328 5002 3735 5074 Hieronymus,

2085 5101 2184 5172 qui
2207 5099 2433 5155 Graecos
2465 5102 2734 5152 auctores
2785 5100 2952 5150 tanta
2981 5093 3272 5149 celeritate
3305 5091 3547 5148 reddere
3579 5088 3733 5148 sole-

2097 5191 2218 5256 bat,
2252 5205 2360 5244 sua
2390 5188 2516 5259 ipse
2543 5185 2720 5242 verba
2750 5184 3199 5255 transposuerit.

2154 5277 2425 5345 Instabis,
2443 5275 2656 5348 stylum
2676 5272 2886 5346 lgnatii
2915 5273 2976 5328 in
2991 5272 3240 5345 epistola
3258 5272 3325 5328 ad
3344 5271 3732 5346 Polycarpum

2088 5383 2203 5424 non
2229 5364 2609 5440 deprehendi,
2640 5360 2903 5434 nullique
2934 5361 3236 5434 probabile
3259 5360 3386 5417 ﬁeri
3418 5361 3735 5432 Igaatium,

355 5561 362 5567 ο
394 5537 442 5573 ⁸²
473 5536 646 5608 Supr.
682 5553 810 5608 cap.
844 5538 898 5610 4,
971 5537 1018 5572 ⁸³
1048 5537 1258 5594 Euseb.
1293 5537 1394 5610 libi.
1428 5553 1515 5610 in,
1555 5538 1720 5610 ῌίει.,
1753 5551 1881 5610 cap.
1915 5536 2023 5610 36,,
2057 5534 2231 5610 §2_et
2261 5548 2385 5610 seq.
2462 5529 2508 5566 “
2553 5529 2659 5588 lib.
2719 5533 2799 5586 De
2831 5529 3025 5610 scgipt.
3080 5529 3266 5588 coclea.
3341 5528 3388 5566 ε’
3430 5532 3574 5601 Sup.
3640 5528 3738 5585 cit.

325 5609 370 5646 “
399 5610 476 5666 De
507 5603 682 5679 Ig'nat.
715 5603 1036 5682 epistfcap.
1059 5610 1115 5679 8,
1149 5627 1204 5682 p.
1236 5611 1289 5666 8.
1366 5609 1410 5646 ³⁷
1442 5603 1723 5666 Biblioth.
1757 5603 1884 5665 cod.
1917 5608 2025 5663 277
2054 5613 2109 5663 et
2139 5603 2359 5676 Synod.
2388 5619 2467 5660 vn
2499 5617 2722 5677 gener.,
2757 5605 2869 5658 act.
2899 5603 2956 5658 6.
