4112 6132
378 325 492 383 54⁵1
1445 306 1508 365 S.
1556 296 1953 362 IGNATIUS.
1999 327 2078 341 —
2121 287 2731 353 PROLEGOMENA.
3678 286 3798 346 548

372 475 510 517 cum
532 457 603 513 ad
628 452 1013 524 Polycarpum
1040 442 1312 517 privatim
1337 441 1506 496 daret
1536 434 1845 507 epistolam
1878 433 1935 489 in
1962 444 2032 485 ea
2064 432 2115 498 Α
2146 444 2261 483 non
2292 427 2540 482 servavit
2568 423 2782 491 solum,
2818 442 2847 471 η
2877 426 2984 477 etc,
3021 421 3193 477 Ροιιιιο
3226 417 3516 475 Eusebius
3546 419 3647 491 qui
3672 420 3796 475 hac

376 550 448 606 ad
472 551 651 603 totam
679 548 1091 611 Smyrnensem
1119 531 1434 587 Ecclesiam
1463 542 1637 582 suum
1669 522 2025 578 convertisse
2134 515 2396 588 Dionysii
2429 515 2602 568 verba
2624 511 2844 578 retulit,
2877 512 2960 566 sic
2983 510 3360 581 prosequitur
3390 507 3439 542 ³⁸
3474 526 3487 564 ;
3527 529 3553 561 ι
3588 514 3653 564 In
3681 508 3794 565 hac

378 597 730 694 sermo-nem.
765 597 877 684 éed
911 627 1002 681 his
1042 621 1210 679 facile
1260 617 1686 689 respondemus
1717 613 1869 668 hanc
1900 609 2024 680 epi-
2139 608 2268 677 ipsa
2297 604 2472 660 etiam
2500 603 2747 673 epistola
2778 599 3050 655 meminit
3070 597 3387 654 Clementis
3420 598 3682 671 epistolas
3723 598 3797 654 ad

379 726 585 782 stolam
605 721 913 784 eodem,ac
930 714 1075 770 alias
1090 709 1375 784 genuinas
1400 698 2029 779 Ignatiilitteras,scri-
2138 694 2491 761 Corinthios,
2524 708 2702 764 quam
2733 707 2802 747 ex
2823 689 3016 763 prisca
3046 689 3477 745 consuetudine
3510 689 3570 744 in
3596 688 3795 745 Eccle-

377 822 540 889 ptam
568 826 698 868 esse
728 806 898 878 stylo.
932 802 1249 860 Ecclesiam
1282 814 1417 852 vero
1448 796 1865 865 Smyrnensem
1892 804 2031 845 cum
2140 784 2229 842 sia
2248 782 2362 855 legi
2394 782 2632 839 solitam
2665 785 2931 836 testatur.
2952 801 2980 829 ››
3014 777 3173 834 Nulli
3198 779 3397 851 itaque
3427 778 3644 834 mirum
3667 794 3799 835 esse

2158 876 2173 889 ‘
2218 876 2228 889 ‘
2296 880 2304 889 -
2403 874 2412 884 '
2466 876 2481 889 π
2586 872 2644 889 γι·
2875 870 2886 889 ε
2928 886 3081 889 .-μ-ᾼ-
3128 886 3349 889 μη-ηη-
3394 870 3455 889 ...1
3521 868 3765 889 ﬁ-|_-—_—_

376 906 458 962 ibi
480 900 820 972 alloquitur,
841 894 987 951 nihil
1010 895 1218 964 praeter
1236 886 1518 958 temporis
1532 882 1622 940 sui
1648 896 1869 938 morem
1895 893 2031 935 eum

387 994 591 1050 fecisse
647 993 869 1043 certum
900 988 1007 1040 est.
1049 980 1194 1035 Nam
1246 975 1559 1048 Dionysius
1596 970 1930 1027 Corinthius
1961 967 2031 1022 ad

381 1087 642 1140 Boterem
675 1088 980 1132 summurn
1029 1068 1368 1141 pontiﬁcem
1428 1062 1718 1134 privatam
1770 1058 2036 1113 scribens

388 1168 716 1243 epistolam,
751 1165 807 1219 in
869 1178 935 1217 ea
965 1160 1037 1215 ad
1089 1158 1413 1213 Romanam
1458 1149 1774 1206 Ecclesiam
1819 1147 2036 1218 stylum

390 1263 475 1319 sic
503 1254 789 1316 convertit
818 1266 992 1307 suum
1025 1266 1038 1304 :
1073 1269 1102 1299 «
1137 1246 1267 1301 Haec
1300 1242 1463 1299 vobis
1492 1237 1854 1297 consuetudo
1877 1239 2036 1291 est...

390 1357 578 1425 Atque
608 1349 763 1404 hunc
796 1357 1016 1401 morem
1059 1340 1266 1394 beatus
1315 1336 1627 1408 episcOpus
1656 1334 1849 1385 vester
1877 1331 2041 1383 Soter

2143 876 2333 942 debet,
2368 874 2415 929 si
2462 872 2744 943 Ignalius,
2789 870 2890 943 qui
2921 886 3088 927 suam
3122 886 3357 941 quoque
3388 870 3459 925 ad
3521 868 3799 940 Polyrar-

2144 982 2284 1038 pum
2341 962 2652 1035 epistolam
2702 962 2761 1016 in
2822 958 3168 1032 Smyrnensi
3226 958 3482 1015 Ecclesia
3558 957 3798 1030 publice

2144 1054 2451 1127 legendam
2515 1052 2633 1108 fore
2679 1051 2832 1106 haud
2892 1049 3184 1105 immerito
3241 1049 3678 1121 suspicabatur,
3724 1047 3800 1103 ad

2146 1160 2347 1201 omnes
2372 1142 2688 1197 universim
2715 1140 3079 1198 Christianos
3099 1154 3273 1195 suum
3300 1139 3359 1194 in
3392 1137 3495 1194 illa
3525 1137 3803 1193 direxerit

2151 1248 2508 1290 sermonem.

400 1469 3781 1520 ρ-..-η--υη--η---α-----η-.-.-.-...-

1730 1633 2002 1730 PARS
2079 1628 2574 1725 SECUNDA-

519 1880 606 1938 De
663 1856 1258 1945 interpolationibus
1323 1844 2021 1945 genuinarum‘jgnatii
2099 1841 2534 1945 epistolarumﬁ
2581 1858 2653 1900 ac
2711 1839 2787 1901 de
2846 1838 2986 1900 aliis
3042 1836 3323 1918 epistolis
3380 1837 3502 1918 ipsi
3534 1838 3689 1900 falso

1546 1921 1854 2008 ascriptis,
1888 1940 2228 2005 earumque
2255 1921 2642 1982 auctoribus.

929 2148 1163 2209 CAPUT
1215 2142 1523 2201 PRIMUM.

502 2292 573 2332 DE
630 2273 1209 2328 INTERPOLATIONIBUS
1262 2265 1655 2311 EPISTULABUM
1704 2260 1940 2302 lGNATII.

399 2390 427 2457 ς
460 2387 501 2440 Ι.
543 2379 827 2451 ignauum
855 2374 1060 2457 harum
1108 2360 1599 2457 interpolationum
1640 2371 1768 2440 ⁸η.οη
1809 2365 1922 2409 esse
1954 2365 2051 2404 au-

682 2430 886 2505 ctorem
925 2446 1117 2499 contra
1153 2430 1356 2495 Morini
1404 2430 1761 2488 sententiam.

475 2558 745 2619 Secunda
781 2548 1163 2625 epistolarum
1213 2540 1421 2614 Ignalii
1454 2535 1658 2592 classis
1688 2531 1947 2593 easdem,
1982 2528 2054 2582 de

405 2615 620 2724 quibus
651 2615 939 2701 hactenus
998 2633 1404 2697 disservimus,
1457 2627 1642 2696 ipsius
1694 2622 1916 2676 litteras
1950 2615 2049 2672 sed

406 2710 475 2797 va
490 2740 589 2795 riis
623 2727 1172 2804 interpolationibus
1203 2730 1376 2793 atque
1394 2710 1810 2773 additanientis
1831 2711 2053 2770 auctas,

424 2795 673 2899 aliisque
697 2795 1213 2893 depravationibus
1248 2811 1394 2865 l’cede
1424 2809 1729 2874 corruptas
1750 2803 1807 2855 et
1837 2795 2059 2852 adulte-

411 2885 1033 2982 ratas‘complectitur.
1087 2903 1307 2958 Harum
1360 2901 1553 2952 autem
1593 2887 1963 2945 additionum
2002 2885 2060 2937 et

412 3003 859 3076 eorruptionum
906 2999 1205 3052 auctorem
1239 3004 1353 3043 non
1394 3000 1522 3040 esse
1571 2979 1882 3052 tgnatium,
1916 2974 2058 3029 adeo

413 3062 636 3154 certum
669 3097 760 3146 est
788 3108 801 3154 ;
837 3091 902 3141 ut
930 3085 1105 3139 etiam
1142 3087 1273 3134 ante
1323 3074 1590 3144 vulgatae
1622 3068 1695 3124 ab
1746 3062 1973 3122 Usserio
2006 3063 2063 3116 et

416 3182 618 3240 Vossio
651 3152 1043 3250 genuinarum
1079 3166 1290 3241 lgnatii
1335 3159 1719 3235 epistolarum
1751 3152 2059 3216 editiones,

413 3271 560 3328 illud
585 3240 724 3322 viris
764 3240 1123 3335 quibusdam
1166 3253 1351 3311 doctis
1385 3260 1438 3306 et
1476 3245 1724 3305 eruditis
1769 3240 2059 3297 fuerilob-

419 3362 736 3417 servatum.
752 3352 869 3408 Nos
887 3354 1038 3404 certe
1056 3362 1166 3401 non
1187 3344 1302 3414 fugi
1317 3336 1753 3395 tdoctissiuium
1774 3328 2061 3386 Morinum

418 3449 631 3509 alicubi
679 3443 1006 3503 asseruisse
1046 3441 1092 3476 ³⁵
1131 3456 1143 3493 :
1195 3459 1225 3489 «
1255 3433 1577 3505 Antiquam
1629 3425 2062 3498 lgnatianarum

413 3534 793 3611 epistolarum
826 3529 1135 3588 editionem
1169 3523 1492 3597 genuinum
1509 3525 1729 3576 textum
1763 3510 1930 3570 nobis
1963 3525 2059 3564 ex-
2092 3496 2134 3562 C

412 3628 615 3683 hibero
658 3637 863 3678 novam
899 3634 1029 3674 vero
1060 3630 1330 3673 mancum
1366 3621 1419 3665 et
1458 3605 1949 3679 interpolatum.»
1981 3600 2060 3653 Ac

415 3732 490 3772 ne
519 3715 650 3786 quis
705 3728 841 3768 eum
896 3709 1014 3764 haec
1079 3712 1295 3761 temere
1327 3701 1543 3757 dixisse
1590 3698 1841 3769 putaret,
1869 3688 2061 3747 conti-

415 3782 791 3861 nuo-addidit
822 3814 836 3853 :
891 3795 1125 3852 «Multa
1157 3794 1501 3862 conjecturas
1536 3803 1672 3842 meis
1713 3782 2062 3855 argumenta

418 3897 557 3951 dare
589 3906 847 3966 possem.
885 3910 913 3937 »
949 3888 1089 3942 Rem
1120 3899 1260 3940 sane
1290 3880 1566 3937 omnibus
1597 3879 1817 3947 gratam
1841 3876 1898 3927 et
1929 3885 2058 3939 per-

415 3960 613 4040 utilem
665 3977 1034 4052 praestitisset
1064 3974 1148 4029 vir
1182 3971 1278 4026 ille
1307 3968 1575 4037 eximius,
1608 3965 1657 4021 si
1703 3980 1772 4019 ea
1803 3960 2061 4016 dedisset

418 4051 786 4145 argumenta,
811 4067 1027 4139 quibus
1059 4062 1389 4135 opinionem
1434 4056 1575 4112 adeo
1602 4051 1974 4125 singularem,
2006 4051 2063 4103 et

414 4141 603 4217 avero
654 4168 771 4214 tam
823 4156 1071 4211 alienam
1130 4149 1359 4207 defendi
1416 4161 1588 4218 posse
1649 4141 2058 4197 arbitrabatur.

420 4252 563 4308 Nam
600 4251 862 4305 sinceras
902 4262 969 4299 ac
1001 4242 1287 4315 genuinas
1318 4235 1526 4308 Ignatii
1558 4233 1744 4289 nostri
1782 4227 2061 4301 epistolas

414 4345 472 4395 in
506 4337 867 4394 editionibus
897 4331 1116 4389 Usserii
1151 4334 1209 4384 et
1237 4325 1429 4383 Vossii
1468 4322 1731 4380 exhiberi
1763 4318 1935 4376 certis
1966 4316 2059 4372 in-

412 4430 700 4501 victisque
726 4428 1018 4483 rationum
1050 4420 1368 4478 momentis
1405 4416 1578 4489 plane
1598 4414 2059 4470 demonstratur.

667 4539 693 4605 §
728 4533 799 4589 II.
833 4532 891 4587 Id
924 4529 1094 4586 variis
1136 4526 1480 4600 argumenti:
1529 4523 1813 4595 probatur.

492 4643 756 4699 Primum
806 4638 963 4695 enim
996 4631 1353 4703 testimonia,
1405 4649 1531 4705 quae
1565 4633 1762 4686 Patres
1811 4627 2060 4698 antiqui,

417 4738 564 4809 puta
593 4729 900 4793 Eusebius,
934 4722 1313 4790 Athanasius,
1350 4721 1760 4793 Hieronymus,
1795 4716 2063 4773 Theodo-

418 4831 601 4894 retus,
637 4820 851 4892 aliique
875 4816 1070 4890 plures
1093 4831 1161 4870 ex
1191 4810 1399 4885 Ignatii
1419 4809 1683 4883 epistolis
1715 4808 2062 4872 citaverunt,

417 4915 477 4970 in
528 4913 623 4983 iis,
658 4928 773 4967 non
820 4912 1012 4965 autem
1062 4905 1119 4961 in
1178 4900 1663 4973 interpolatarum
1710 4895 2067 4956 editionibus

417 5004 645 5061 sincera
679 5006 737 5058 et
768 5000 997 5069 integra
1028 4995 1538 5068 repraesentantur.

490 5091 759 5150 Secundo
811 5086 1142 5145 additiones
1185 5081 1321 5151 illae,
1359 5097 1506 5153 quas
1537 5079 1834 5149 Usserius,
1866 5081 1930 5132 ut
1978 5090 2068 5131 eo-

419 5201 551 5240 rum
583 5200 617 5239 a
647 5180 867 5255 quibus
912 5172 1273 5248 interpolatae
1306 5174 1466 5238 sunt,
1502 5169 1733 5225 fraudes
1756 5168 1943 5239 magis
1976 5182 2065 5221 es-

418 5278 551 5331 sent
567 5270 907 5335 manifestis,
932 5265 1115 5321 voluit
1138 5264 1195 5318 in
1212 5261 1467 5318 editione
1488 5277 1589 5316 sua
1620 5276 1750 5317 esse
1768 5258 1945 5314 minio
1966 5256 2065 5313 de-

413 5363 685 5436 scriptas,
722 5356 869 5415 nihil
914 5354 1077 5411 aliud
1134 5356 1294 5424 sunt,
1341 5367 1518 5424 quam
1550 5350 1677 5407 loca
1728 5365 1894 5405 sacra
1921 5345 2068 5403 Scri-

2079 2134 2126 2199 B
2154 2135 2335 2202 pturae
2358 2129 2659 2199 Ignatiano
2683 2125 2865 2181 textui
2899 2124 3396 2195 superaddita,vel
3421 2124 3667 2196 phrases
3696 2134 3800 2186 aut

2156 2216 2526 2290 periphrases
2587 2229 2689 2270 nec
2738 2214 2935 2287 aperte
2964 2227 3067 2267 nec
3098 2211 3507 2268 convenienter
3565 2212 3648 2269 illi
3694 2214 3803 2270 ad-

2150 2308 2344 2379 jectaz.

2228 2393 2420 2449 Tertio
2476 2391 2534 2446 in
2575 2391 2645 2446 iis
2677 2388 2952 2456 heretici,
2989 2389 3091 2460 qui
3123 2388 3331 2461 Ignalii
3365 2394 3628 2462 tempore
3662 2409 3813 2449 non-

2156 2485 2297 2540 dum
2322 2481 2665 2537 exstiterant
2698 2496 2813 2533 non
2846 2477 3035 2532 solum
3085 2477 3534 2550 impugnantur,
3569 2482 3671 2536 sed
3711 2499 3817 2538 no-

2160 2573 2419 2629 minibus
2450 2569 2627 2625 etiam
2661 2566 3034 2639 appellantur
3056 2567 3204 2622 suis.
3227 2568 3313 2622 Ibi
3349 2568 3592 2640 insuper
3626 2571 3696 2625 de
3721 2588 3812 2627 re-

2162 2663 2272 2717 bus
2324 2659 2531 2732 lgnaiii
2565 2668 2817 2728 tempore
2852 2656 3113 2710 nondum
3147 2656 3401 2723 usitatis,
3436 2674 3502 2714 ac
3545 2660 3809 2728 ejusdem

2163 2749 2350 2805 etatis
2392 2746 2664 2802 doctrinae
2698 2761 2762 2799 ac
2795 2743 3116 2814 disciplina:
3149 2746 3459 2803 contrariis
3492 2752 3549 2803 et
3580 2751 3813 2820 opposi-

2164 2841 2239 2896 tis
2272 2853 2463 2895 sermo
2494 2834 2837 2891 instituitur.
2873 2831 3009 2887 Tale
3040 2837 3130 2888 est
3160 2832 3303 2888 illud
3341 2836 3493 2906 quod
3527 2837 3608 2891 ibi
3641 2837 3812 2893 indu-

2167 2929 2421 2984 bitanter
2452 2924 2802 2988 afﬁrmatur,
2838 2920 3081 2976 Paulum
3128 2927 3185 2977 et
3222 2922 3475 2993 reliquos
3507 2926 3810 2996 apostolos

2166 3016 2384 3087 nuptiis
2431 3013 2608 3069 fuisse
2639 3011 2910 3067 sociatos.
2943 3012 3102 3065 Talia
3131 3020 3272 3066 sunt
3296 3028 3423 3083 quae
3453 3013 3522 3067 de
3558 3014 3811 3084 impera-

2166 3107 2389 3162 toribus
2415 3103 2748 3169 traduntur,
2770 3103 2825 3154 et
2856 3099 2970 3155 alia
3002 3099 3192 3171 plura,
3215 3117 3342 3172 quae
3374 3101 3648 3157 omnibus
3680 3121 3815 3161 cum

2168 3194 2286 3251 sint
2300 3192 2486 3257 obvia,
2502 3190 2577 3245 iis
2595 3188 2965 3244 recensendis
2980 3188 3203 3244 diutius
3220 3206 3333 3245 non
3352 3190 3814 3252 immorabimur.

2240 3282 2384 3337 Hinc
2434 3280 2633 3350 itaque
2684 3276 2907 3348 liquido
2944 3275 3298 3351 intelligitur
3361 3279 3512 3334 idem
3555 3281 3820 3351 epistolis

2169 3370 2372 3445 lgnatii
2407 3367 2724 3440 contigisse
2771 3364 2927 3437 quod
2968 3366 3037 3421 de
3092 3366 3214 3422 suis
3257 3370 3569 3442 Dionysius
3617 3372 3818 3427 Corin-

2172 3461 2332 3517 thius
2364 3465 2646 3515 memorat
2678 3457 2723 3491 ⁴⁰
2756 3472 2768 3511 :
2805 3478 2833 3505 ‹‹
2867 3454 3174 3527 Epistolas,
3208 3458 3421 3528 inquit,
3457 3461 3689 3533 scripsi,
3722 3479 3815 3517 ro-

2173 3555 2364 3623 gatus,
2400 3567 2431 3605 a
2460 3546 2775 3603 fratribus:
2809 3547 2908 3600 sed
2942 3544 3069 3600 illas
3108 3547 3359 3602 ministri
3419 3549 3654 3620 quidam
3690 3553 3813 3609 dia-

2172 3639 2289 3696 boli
2321 3638 2558 3694 zizaniis
2589 3636 3324 3707 compleverunt,quasdam
3359 3654 3426 3692 ex
3450 3640 3565 3695 illis
3588 3658 3814 3714 expun-

2171 3738 2373 3803 gentes
2407 3747 2421 3797 ;
2453 3727 2719 3799 quedam
2747 3724 3107 3795 adjicientes.
3140 3747 3168 3775 »
3202 3726 3340 3791 Quis
3373 3735 3565 3787 autem
3603 3736 3818 3806 episto-

2171 3820 2258 3875 las
2278 3816 2482 3889 lgnatii
2501 3812 2934 3879 adulteraverit,
2949 3813 3277 3885 harumque
3292 3815 3817 3889 interpolationum

2173 3908 2773 3979 depravationumque
2803 3905 3002 3957 auctor
3034 3903 3229 3967 fuerit,
3262 3905 3309 3959 si
3345 3904 3627 3979 inquiras,
3665 3913 3823 3971 dice-

2172 4014 2307 4053 mus
2350 3995 2520 4051 nobis
2548 3992 2849 4065 probabile
2870 3991 3109 4048 omnino
3138 3992 3319 4049 videri
3352 3996 3518 4054 illum
3544 4003 3822 4061 eumdem

2172 4098 2321 4150 esse,
2356 4081 2457 4154 qui
2486 4078 2696 4153 Ignatii
2721 4079 2958 4134 nomine
2993 4078 3139 4134 alias
3166 4081 3484 4152 publicavit
3513 4089 3797 4159 epistolas

2173 4175 2244 4231 de
2273 4172 2491 4245 quibus
2519 4186 2671 4226 nunc
2702 4172 2792 4225 est
2821 4136 3254 4226 disserendum.
3517 4136 3820 4162 “Hm”,

2827 4293 3063 4351 CAPUT
3101 4294 3172 4350 II.

2425 4422 2495 4463 DE
2521 4420 2665 4460 ALIIS
2685 4419 2972 4459 EPISTOLIB
3002 4420 3225 4461 IGNATIO
3256 4421 3568 4464 ASCRIP’I‘IS.

2173 4522 2217 4588 §.
2254 4519 2298 4572 ῐ.
2333 4513 2585 4586 Analysis
2617 4510 3244 4595 Iterumnepistolarum,
3276 4523 3328 4595 et
3382 4516 3563 4585 primo
3594 4516 3826 4589 quidem

2553 4584 2801 4655 epistola
2820 4583 3006 4639 Mariae
3034 4583 3108 4639 ad
3136 4583 3438 4656 Ignatium.

2246 4719 2308 4773 In
2340 4713 2511 4770 tertia
2531 4711 2915 4785 epistolarum
2937 4711 3147 4784 Ignatii
3182 4711 3371 4768 classe
3405 4713 3527 4771 alias
3564 4716 3827 4787 quinque

2174 4804 2559 4866 collocantur,
2581 4801 2801 4873 quibus
2826 4799 2948 4869 illa,
2982 4816 3159 4873 quam
3184 4802 3365 4859 Maria
3395 4818 3461 4859 ex
3494 4803 3828 4865 Cassobelis

2100 4866 2144 4930 θ
2176 4895 2245 4952 ad
2272 4891 2565 4966 Ignatium
2590 4866 3229 4961 scripsissedicilur,in
3264 4892 3623 4951 editionibus
3658 4896 3829 4953 Usse-

2176 4984 2268 5054 rii,
2298 4981 2523 5049 Vossii,
2553 4995 2620 5036 ac
2648 4977 2913 5035 Cotelerii
2955 4979 3190 5051 praefixa
3224 4986 3331 5038 est.
3382 4982 3498 5038 Hac
3540 4989 3735 5043 autem
3768 4989 3826 5044 in

2176 5071 2428 5147 epistola
2463 5069 2642 5127 Maria
2697 5068 2992 5141 Ignatium
3027 5069 3331 5126 certiorem
3359 5072 3497 5129 facit
3548 5075 3828 5134 Christia-

2177 5179 2312 5220 nam
2347 5161 2520 5217 tidem
2546 5159 2604 5215 in
2653 5160 2884 5228 regione
2906 5174 3014 5215 sua
3035 5158 3213 5216 fuisse
3243 5170 3573 5234 susceptam
3613 5170 3828 5240 ;atque

2174 5252 2389 5309 idcirco
2411 5266 2543 5306 cum
2566 5249 2937 5321 deprecatur,
2963 5250 3429 5323 obtestaturque,
3456 5256 3520 5308 ut
3541 5254 3739 5311 mittat
3757 5256 3825 5312 ad

2178 5360 2239 5401 se
2260 5340 2467 5399 Marim
2491 5338 2836 5412 episcopum
2872 5338 3218 5413 Neapoleos,
3252 5340 3586 5414 Eulogium,
3608 5349 3667 5402 et
3696 5348 3830 5404 Zar-

490 5542 535 5577 ⁸⁸
566 5541 671 5597 lib.
702 5556 759 5596 ιν
791 5539 1016 5603 Πέδιον..
1050 5555 1177 5610 cap.
1207 5537 1279 5594 23
1352 5536 1399 5573 ”
1430 5537 1501 5594 De
1529 5550 1670 5591 sacr.
1703 5530 1977 5597 ordinat,
2022 5544 2056 5600 p

2218 5541 2307 5591 ιιι,
2354 5521 2585 5579 exercit.
2632 5519 2686 5588 3,
2732 5536 2859 5594 cap.
2911 5520 2965 5590 3,
3011 5537 3067 5594 p.
3121 5521 3211 5580 46.
3287 5523 3333 5562 ⁸ο
3375 5525 3564 5599 Apud.
3616 5525 3830 5587 Euseb-

420 5614 527 5671 lib.
563 5630 614 5669 iv
648 5614 878 5683 Emam,
911 5626 1036 5686 cap.
1065 5611 1153 5667 23.
