4112 6132
367 294 485 353 549

1309 294 1381 352 D.
1430 291 1755 353 NOURRII
1800 290 2349 352 DISSERTATIO.
2398 319 2471 345 --
2515 292 2725 355 PARS
2766 291 2840 354 ll.

3664 294 3784 359 550

362 428 487 485 lum
520 426 925 502 presbyterum
960 443 975 483 :
1009 450 1037 478 «
1095 426 1178 483 Ne
1218 424 1532 498 praesidiis,
1580 426 1795 498 inquit,
1837 424 2020 485 divini
2050 426 2105 493 Α
2134 425 2271 498 cipi.
2293 428 2658 498 Quapropter
2677 429 2881 482 contra
2903 427 3157 500 quatuor
3186 426 3415 482 diversa
3433 427 3585 484 circa
3618 444 3784 485 eam-

364 520 521 574 verbi
577 518 910 573 antistitum
946 520 1000 571 et
1038 515 1581 572 administratorum
1615 515 1806 570 simus
1835 514 2016 569 desti-

363 611 495 665 tuti.
532 630 560 657 »
584 608 824 663 Fatetur
862 607 1097 678 quidem
1127 606 1488 675 eosjuvenes
1520 621 1671 673 esse,
1705 604 1809 660 sed
1845 608 2018 675 negat

366 700 690 771 quidquam
718 696 769 752 ei
826 697 956 752 ideo
991 699 1108 750 fore
1139 695 1468 750 timendum
1505 712 1518 762 ;
1580 710 1713 750 cum
1755 693 2016 762 Samuel,

368 787 591 853 Daniel,
621 786 932 853 Jeremias,
973 784 1270 851 Salomon,
1301 784 1515 851 Josias,
1543 790 1601 839 et
1653 784 1822 839 David
1848 783 1905 837 in
1933 788 2017 838 te-

366 893 507 932 nera
548 872 917 944 juvenilique
950 877 1114 927 aetate
1172 871 1373 943 populi
1406 871 1713 927 lsraelitici
1764 872 2015 942 judices,

372 981 558 1037 reges,
620 968 798 1034 atque
854 962 1028 1017 etiam
1085 960 1379 1032 prophetas
1426 961 1727 1016 constituti
1779 962 2012 1016 fuerint.

368 1053 540 1110 Addit
571 1069 687 1107 non
722 1051 886 1107 illum
909 1051 1181 1120 docendi,
1214 1050 1316 1106 sed
1342 1052 1630 1106 memoriae
1661 1066 1837 1106 causa
1859 1049 2016 1105 seilli

366 1144 481 1198 haec
541 1141 815 1197 retulisse
873 1141 1161 1210 exempla.
1195 1139 1457 1210 Denique
1492 1140 1717 1211 Ignatio
1765 1145 1822 1195 et
1866 1140 2017 1197 clero

368 1233 496 1302 ejus
527 1246 661 1285 cum
697 1230 843 1295 suis,
875 1234 1000 1284 tum
1032 1228 1280 1284 aliorum
1313 1228 1575 1284 ﬁdelium
1608 1231 1803 1286 verbis
1843 1237 1900 1285 et
1930 1246 2021 1286 no-

371 1322 527 1376 mine
561 1319 813 1375 breviter
842 1317 1136 1388 salutatis,
1168 1318 1390 1373 claudit
1418 1318 1751 1390 epistolam.

368 1467 395 1533 ᾗ
421 1463 496 1520 ll.
531 1462 787 1533 Analysis
816 1460 1064 1517 aliarum
1092 1460 1485 1535 epistularum
1513 1477 1640 1535 qua
1688 1461 1902 1532 Ignatii
1930 1480 2024 1521 ηο.

904 1534 1057 1588 mine
1078 1532 1486 1589 inscribuntur.

438 1695 702 1768 Ignatius
760 1697 998 1765 accepta
1027 1693 1222 1749 Mariae
1255 1692 1521 1766 epistola,
1576 1694 1728 1751 hanc
1758 1696 2022 1752 eamdem

2127 516 2259 570 dem
2283 515 2496 572 Christi
2520 517 2885 573 divinitatem
2906 522 2962 572 et
2986 515 3782 586 Incarnationem,haeresum

2126 621 2336 675 genera
2361 606 2603 662 totidem
2654 606 2812 663 elicit
2849 605 3274 661 conclusiones.
3325 606 3450 661 Non
3495 607 3779 665 difﬁtetur

2126 700 2322 750 tamen
2352 696 2746 752 Antiochenos
2765 697 2837 752 ab
2870 696 2941 750 iis
2972 695 3269 751 erroribus
3300 695 3471 769 longe
3494 713 3621 753 esse
3644 696 3779 754 alie-

2130 802 2235 840 nos
2260 802 2274 852 ;
2306 802 2409 841 nec
2438 785 2554 841 alia
2583 796 2772 841 mente
2804 785 3001 841 isthaec
3034 786 3104 841 ad
3137 802 3236 841 eos
3266 803 3327 841 se
3356 786 3663 857 scripsisse
3683 786 3773 843 di-

2128 875 2227 942 cit,
2277 875 2391 931 nisi
2440 882 2505 931 ut
2534 893 2729 933 eorum
2765 877 2994 932 animos
3042 877 3324 932 adversus
3356 876 3603 933 hereses
3652 883 3771 933 tam

2130 991 2433 1046 perversae
2460 984 2825 1048 praeverteret
2852 994 2918 1032 ac
2951 978 3338 1047 prwinuniret.
3362 977 3571 1033 Subdit
3601 994 3662 1032 se
3683 994 3772 1044 ea,

2129 1081 2255 1134 qua:
2290 1082 2546 1136 praesens
2577 1068 2821 1134 dixerat,
2854 1068 3155 1121 absentem
3205 1066 3477 1127 scribere.
3528 1065 3775 1135 illosque

2128 1154 2279 1209 Petri
2302 1162 2359 1210 et
2384 1154 2543 1210 Pauli
2566 1155 2889 1227 discipulos
2907 1155 3184 1219 fuisse,ac
3200 1155 3479 1211 Evodium
3496 1156 3779 1212 habuisse

2128 1242 2467 1313 episcopum
2527 1250 2583 1300 et
2633 1252 2972 1316 pastorem;
3034 1246 3392 1316 proindeque
3445 1246 3593 1313 vitae,
3646 1261 3776 1317 quis

2128 1335 2430 1386 tantorum
2461 1332 2717 1388 virorum
2753 1333 2995 1387 decebat
3026 1332 3351 1403 ﬂlios,ipsis
3383 1349 3615 1406 semper
3645 1349 3775 1388 esse

2132 1421 2439 1491 agendam.
2499 1422 2819 1493 Eapropter
2872 1421 3033 1476 varia
3087 1421 3204 1477 illis
3243 1423 3424 1478 tradit
3461 1421 3589 1477 vita;
3621 1422 3780 1478 Chri-

2132 1510 2336 1565 stiana;
2386 1512 2757 1577 documenta,
2790 1527 2857 1566 ac
2904 1510 3181 1566 omnibus
3211 1516 3269 1567 et
3297 1527 3403 1567 suo
3429 1518 3486 1567 et
3524 1512 3774 1570 aliorum

2133 1598 2369 1656 nomine
2398 1599 2693 1668 salutatis,
2730 1599 2815 1655 illi
2847 1600 3083 1655 tandem
3117 1616 3292 1670 quem
3341 1601 3399 1656 in
3440 1602 3777 1674 episcopatu

2129 1689 2493 1746 Antiocheno
2552 1705 2955 1746 successorem
2986 1688 3300 1748 habiturus
3331 1696 3475 1760 erat,
3523 1692 3774 1749 salutem

374 1801 489 1858 qua
520 1799 765 1857 magnas
800 1781 1007 1838 anime
1049 1783 1239 1853 ipsius
1269 1782 1513 1839 virtutes
1546 1791 1876 1856 perspectas
1910 1785 2020 1841 ha-
2053 1799 2098 1864 Β
2131 1780 2291 1836 dicit.

374 1876 519 1944 buit,
553 1870 858 1944 respondit
914 1871 1025 1926 sibi
1060 1871 1244 1927 fuisse
1300 1872 1720 1943 gratissimam.
1779 1875 2020 1938 Quantis

372 1978 531 2031 vero,
565 1978 695 2033 quin
735 1960 973 2032 quidem
1004 1958 1412 2015 lubentissime
1444 1976 1547 2031 pro
1578 1959 1806 2017 Christo
1838 1961 2019 2034 patie-

374 2055 570 2123 batur,
603 2053 1023 2107 tormentorum
1055 2048 1368 2120 generibus
1394 2054 1716 2118 vexaretur,
1741 2067 1873 2108 cum
1905 2056 2020 2109 Ma-

371 2143 468 2199 riae
492 2142 771 2214 deinceps
794 2140 1425 2210 signiﬁcasset,cuncta
1443 2156 1569 2211 qum
1601 2140 2020 2211 postulaverat,

366 2238 669 2305 gratanter
690 2248 753 2286 se
774 2230 1109 2302 implevisse
1132 2232 1399 2285 testatur.
1424 2230 1516 2285 Ait
1539 2234 1732 2286 autem
1767 2248 1829 2287 se
1846 2233 2017 2287 etiam

369 2324 635 2392 exempla
664 2321 883 2386 omnia,
916 2335 1042 2390 quas
1074 2335 1142 2373 ex
1174 2318 1487 2390 Scripturis
1509 2318 1689 2375 sacris
1721 2320 2019 2389 retulerat,

370 2429 482 2467 non
519 2413 648 2466 sine
678 2409 976 2480 voluptate
1008 2408 1301 2463 audivisse
1326 2411 1461 2477 ;§nec
1489 2408 1589 2463 illa
1613 2407 2019 2480 ipsa,quorum

375 2506 591 2556 certam
628 2500 699 2553 ab
733 2515 801 2553 ea
840 2498 1079 2553 haberet
1110 2498 1694 2563 demonstrationem,
1728 2500 2023 2569 putavisse

376 2591 486 2645 sibi
512 2590 571 2644 in
604 2588 814 2643 iisdem
847 2587 1167 2658 Scripturis
1215 2603 1343 2642 esse
1373 2587 1559 2643 oculis
1582 2590 2020 2656 perscrutanda.

377 2678 591 2733 Dehinc
623 2692 985 2749 qua-cunque
1038 2676 1108 2730 de
1152 2692 1239 2741 ea,
1299 2692 1427 2730 cum
1478 2676 1667 2731 Romae
1719 2678 1829 2732 sub
1881 2678 2020 2733 Lino

383 2770 676 2840 pontiﬁce,
729 2768 1048 2824 Clementis
1108 2776 1490 2837 anlecessore,
1542 2774 2021 2837 commoraretur,

390 2857 515 2927 ipse
548 2857 821 2921 audierat,
854 2873 984 2911 vera
1014 2873 1180 2924 esse;
1214 2857 1495 2928 illamque
1538 2859 1787 2928 majores
1822 2863 2025 2930 postea

388 2947 449 2999 in
482 2944 804 3001 Christiana
849 2946 1201 3017 perfectione
1234 2948 1441 3001 fecisse
1471 2963 1832 3017 progressus,
1868 2953 2023 3002 certo

388 3051 450 3089 se
483 3035 786 3106 agnovisse
823 3036 1099 3090 declarat.
1133 3034 1276 3090 Hinc
1298 3040 1517 3106 quanto
1550 3052 1677 3091 eam
1713 3036 2023 3106 invisendi,

377 3124 835 3179 nisiobstraretu
854 3124 1419 3193 militariscustodia,
1453 3124 2022 3196 nflagrabatdeside-

2200 1903 2490 1976 Philippis
2521 1919 2757 1959 rursum
2795 1907 3030 1960 exarata
3052 1909 3141 1960 est
3170 1904 3417 1977 epistola
3447 1909 3676 1978 quarta,
3720 1908 3779 1962 et

2130 1993 2266 2048 data
2295 1993 2368 2048 ad
2390 1997 2678 2049 Heronem
2711 1992 3234 2065 diaconum,quem
3260 1999 3461 2050 auctor
3502 1994 3777 2067 plurimis

2131 2098 2360 2137 morum
2385 2082 2671 2137 institutis
2695 2082 2776 2136 ita
2807 2081 3040 2148 imbuit,
3069 2086 3132 2137 ut
3154 2082 3439 2138 nonnulla
3459 2084 3774 2139 adversum

2130 2178 2383 2243 quatuor
2415 2171 2817 2227 haereticorum
2851 2171 3411 2243 genera,identidem
3436 2173 3776 2227 admisceat.

2129 2260 2385 2315 Subinde
2435 2276 2568 2315 eum
2603 2260 2897 2331 quomodo
2920 2277 2955 2313 a
2984 2275 3046 2314 se
3074 2261 3357 2315 educatus
3387 2260 3578 2327 fuerit,
3613 2277 3680 2316 ac
3712 2278 3777 2317 se

2130 2348 2345 2404 imitari
2398 2353 2682 2419 oporteat,
2736 2348 3239 2417 commonefacit;
3303 2350 3777 2421 praenuntiatque

2131 2438 2323 2509 ipsum
2356 2437 2410 2490 in
2445 2436 2779 2508 episcopatu
2832 2436 3213 2501 Antiocheno,
3276 2455 3389 2508 quo
3431 2456 3491 2494 se
3531 2440 3773 2511 dignum

2135 2532 2408 2595 priestare
2440 2524 2710 2589 debebat,
2740 2525 2849 2578 sibi
2875 2527 2993 2578 fore
3012 2526 3483 2596 subrogandum.
3519 2527 3775 2583 Posthaac

2132 2615 2325 2685 ipsum
2360 2613 2768 2684 episcoporum
2791 2613 2932 2677 Viti,
2968 2617 3158 2668 Dama:
3189 2620 3245 2668 et
3277 2614 3494 2684 Polybii
3544 2618 3780 2672 nomine

2132 2705 2371 2770 salutat,
2397 2708 2640 2775 oratque
2658 2709 2722 2758 ut
2752 2705 2877 2760 suis
2898 2705 3155 2760 vicissim
3176 2708 3367 2762 verbis
3398 2710 3776 2781 presbyteris,

2132 2793 2410 2861 diaconis,
2449 2793 2780 2864 populoque
2811 2794 3264 2864 Antiocheno,et
3293 2788 3647 2866 quibusdam
3677 2814 3779 2852 no-

2132 2882 2421 2947 minatim,
2467 2882 2754 2954 praecipue
2784 2898 2916 2937 vero
2943 2881 3137 2937 Mariae
3164 2900 3231 2938 ex
3265 2884 3595 2941 Cassobelis
3627 2902 3781 2940 nun-

2132 2974 2237 3028 tiet
2266 2971 2520 3026 salutem
2556 2990 2571 3038 ;
2604 2987 2671 3024 ac
2704 2971 2941 3025 tandem
3000 2971 3241 3042 longum
3274 2972 3358 3027 illi
3393 2975 3450 3028 in
3510 2973 3778 3030 Ecclesia

2134 3065 2471 3130 utilitatem,
2504 3078 2740 3119 cursum
2772 3062 2902 3118 vita)
2932 3068 3094 3135 optat
3122 3070 3296 3136 atque
3328 3072 3619 3139 precatur.

377 3214 483 3279 rio,
518 3212 724 3283 aperit.
744 3213 979 3267 Interim
1010 3228 1142 3268 vero
1170 3217 1233 3267 ut
1263 3169 1486 3284 eos,qui
1519 3169 1736 3269 Christi
1758 3216 2023 3270 nativita-
2051 3169 2101 3234 ὓ
2149 3189 2500 3284 “Principio
2530 3187 2790 3284 θΡίβίΟῙω
2819 3186 3061 3284 “mal”,
3095 3206 3226 3262 (1³³³
3256 3191 3349 3284 ⁸οά-
3371 3191 3775 3284 Ρλβξιίρρθηεθε

376 3304 494 3356 tem
515 3306 571 3357 et
588 3302 918 3372 passionem
936 3301 993 3355 in
1008 3317 1181 3356 carne
1196 3302 2025 3375 negabant,fugiat,vehemen-

378 3398 465 3446 ter
485 3392 856 3447 adhortatur.
882 3392 1031 3446 Tum
1056 3391 1292 3446 demum
1318 3392 1409 3457 iis,
1434 3392 1534 3461 qui
1559 3393 1708 3447 sicut
1728 3392 1857 3463 ipsa
1870 3393 2023 3448 salu-

372 3480 573 3535 tissuaa
587 3479 1547 3552 satagebant,consalutatis,eidem
1562 3480 2025 3553 presbyterorum

376 3583 612 3624 suorum
666 3585 732 3624 ac
762 3570 1167 3636 diaconorum,
1201 3569 1258 3623 in
1311 3569 1517 3639 primis
1548 3574 1745 3625 autem
1781 3573 2023 3628 Heronis

377 3664 432 3714 et
460 3658 744 3727 Cassiani,
774 3659 1153 3731 ejusdemque
1182 3676 1313 3715 cum
1350 3660 1546 3715 uxoris
1598 3669 1716 3715 tum
1765 3659 2020 3717 ﬁliorum

382 3747 616 3803 nomine
642 3747 896 3803 salutem
928 3748 1211 3821 impertit.

449 3837 717 3893 Secunda
747 3835 990 3909 epistola
1041 3837 1323 3910 Philippis
1385 3838 1457 3893 ad
1478 3837 1840 3895 Tharsenses
1890 3840 2026 3896 data

378 3930 485 3993 est,
520 3943 635 3998 qua
667 3932 948 3982 auctorse
978 3944 1011 3982 a
1034 3928 1566 4000 militibus,quibus
1595 3929 2025 3985 AntiochiaRo-

378 4032 533 4071 mam
566 4016 1089 4084 ducebatur,variis
1119 4017 1478 4074 cruciatibus
1506 4018 1784 4089 torqueri,
1817 4020 1917 4075 sed
1950 4020 2021 4075 ad

376 4107 577 4162 omnia
608 4112 889 4164 tormenta
920 4125 1022 4179 pro
1051 4108 1280 4163 Christo
1315 4108 1655 4178 perferenda
1679 4122 1938 4181 paratum
1964 4126 2026 4166 se

377 4211 504 4252 esse
535 4197 785 4253 nuntiat.
834 4198 944 4253 Eos
975 4198 1186 4253 deinde
1215 4198 1506 4263 obsecrat,
1540 4205 1600 4252 ut
1633 4198 1693 4253 in
1725 4198 1838 4253 fide
1859 4199 2025 4255 Chri-

378 4282 570 4339 stiana
615 4284 767 4339 firmi
800 4289 1192 4356 perseverent,
1253 4289 1427 4356 atque
1459 4284 1531 4339 ab
1562 4284 1634 4340 iis
1684 4285 2022 4355 haeresihns,

378 4390 521 4445 quas
547 4373 646 4429 ille
666 4379 932 4430 recenset
960 4383 1014 4431 et
1034 4376 1111 4429 im
1122 4374 1575 4446 pugnat,sedulo
1606 4379 1870 4444 caveant,
1919 4377 2023 4431 ad-

378 4468 597 4518 monet.
629 4466 876 4535 Insuper
897 4468 1096 4519 autem
1139 4463 1272 4519 illos
1304 4462 1594 4529 hortatur,
1628 4469 1693 4519 ut
1717 4464 2022 4534 nonnulla,

2132 3280 2351 3336 directa
2373 3284 2483 3344 est,
2507 3281 2706 3334 auctor
2726 3293 2787 3333 se
2818 3279 3107 3349 omnium,
3141 3297 3267 3352 quas
3301 3281 3372 3336 ab
3407 3281 3525 3338 illis
3550 3299 3781 3355 accepe-

2133 3373 2242 3438 rat,
2276 3368 2692 3425 beneﬁciorum
2726 3383 3043 3424 memorem
3066 3384 3194 3425 esse
3216 3371 3581 3442 testiﬁcatur,
3605 3381 3782 3449 atque

2133 3459 2206 3515 ad
2239 3475 2336 3515 eos
2369 3474 2430 3514 se
2462 3458 2611 3512 hanc
2638 3455 2851 3512 idcirco
2883 3472 3155 3513 exarasse
3185 3459 3518 3531 epistolam,
3555 3467 3783 3537 utquid

2133 3550 2285 3607 circa
2327 3545 2634 3603 Trinitatis
2674 3552 2847 3618 atque
2894 3547 3321 3604 Incarnationis
3376 3554 3655 3623 mysteria
3706 3556 3780 3612 ab

2133 3639 2409 3695 omnibus
2440 3640 2597 3692 esset
2644 3636 3022 3701 credendum,
3072 3635 3263 3707 palam
3304 3638 3531 3695 faceret.
3571 3644 3782 3699 Probat

2133 3729 2328 3799 itaque
2360 3733 2476 3782 tres
2519 3727 2572 3780 in
2608 3724 2888 3781 Trinitate
2936 3741 3066 3781 esse
3098 3742 3399 3796 personas,
3433 3729 3611 3786 unius
3642 3732 3779 3803 qui-

2133 3818 2265 3873 dem
2300 3813 2577 3882 nominis,
2610 3813 2993 3885 ejusdemque
3041 3813 3301 3883 honoris,
3335 3817 3435 3872 sed
3470 3835 3500 3873 a
3531 3834 3593 3875 se
3624 3820 3779 3875 invi-

2134 3923 2258 3963 cem
2282 3906 2633 3970 distinctas;
2684 3902 2981 3957 Christum
3022 3919 3154 3959 vero
3186 3920 3418 3961 carnem
3453 3906 3778 3966 humanam

2131 4022 2265 4062 vere
2292 4002 2707 4074 assumpsisse,
2739 4017 2990 4073 eumque
3020 4017 3171 4069 vere,
3205 4019 3318 4057 non
3352 4004 3483 4060 ﬁcte
3512 4010 3568 4060 et
3596 4007 3781 4063 simu-

2132 4095 2244 4151 late
2277 4099 2602 4161 mortuum,
2652 4096 2709 4147 et
2768 4090 3080 4147 emortuis
3137 4092 3509 4152 suscitatum.
3568 4095 3781 4151 Subdit

2134 4183 2430 4241 diabolum
2481 4182 2731 4253 lapidem
2766 4196 2999 4236 omnem
3035 4182 3313 4252 movisse,
3346 4188 3411 4239 ut
3437 4184 3673 4241 Judaaos
3705 4185 3779 4241 ad

2133 4274 2426 4330 Christum
2490 4272 2951 4344 cruciﬁgendum
2976 4270 3297 4343 impelleret
3328 4292 3342 4341 ;
3378 4275 3481 4330 sed
3507 4290 3640 4329 cum
3671 4274 3781 4332 hac

2136 4362 2325 4432 ipsius
2356 4365 2540 4417 morte
2567 4365 2787 4417 certam
2816 4359 3129 4431 perniciem
3153 4360 3517 4436 exitiumque
3547 4363 3662 4420 sibi
3690 4365 3783 4421 in—

2138 4451 2273 4508 ferri
2308 4450 2614 4517 sensisset,
2672 4454 2812 4506 tunc
2840 4449 3005 4505 illum
3040 4450 3176 4507 totis
3207 4450 3450 4521 viribus,
3502 4454 3783 4525 omnique

376 4568 506 4624 quae
536 4556 722 4618 notat,
750 4552 890 4607 νίιία
920 4552 1155 4625 fugiant,
1187 4576 1202 4619 ς
1263 4568 1329 4607 nn
1360 4552 1724 4609 continenter
1751 4553 2030 4611 omnibus
2058 4548 2106 4613 Ι)
2137 4545 2347 4597 conatu
2401 4539 2619 4595 frustra
2666 4537 2801 4594 huic
2833 4539 3007 4595 morti
3047 4539 3368 4598 obstitisse.
3417 4542 3784 4616 Quapropter

374 4641 693 4713 cujuslibet
721 4642 1074 4699 conditionis
1106 4642 1444 4699 hominibus
1493 4644 1656 4700 varia
1684 4644 1861 4701 tradit
1898 4644 2025 4701 vita

373 4748 725 4802 morumque
749 4736 1056 4804 precepts.
1088 4732 1349 4788 Tandem
1375 4741 1437 4787 ut
1467 4733 1653 4789 Deum
1685 4749 1790 4805 pro
1819 4750 1884 4789 se
1898 4750 2027 4790 exo-

371 4827 697 4895 rent,rogat
718 4824 1013 4895 ;ipsisque
1031 4828 1343 4894 postquam
1368 4822 1680 4879 Ecclesium
1705 4840 1873 4879 suam
1906 4829 2026 4881 An-

372 4912 702 4969 tiochenam
726 4913 1218 4979 commendasset,
1236 4912 1414 4968 variis
1437 4912 1890 4969 salutationibus
1918 4915 2025 4970 ab-

374 5002 546 5057 solvit
575 5000 910 5073 epistolam.

444 5090 640 5145 Tertia
672 5094 742 5145 ad
778 5089 1170 5146 Antiochenos
1199 5090 1443 5157 directa,
1475 5090 1752 5161 Philippis
1791 5108 2025 5165 quoque

374 5177 592 5250 scripta
621 5183 730 5235 est.
764 5179 826 5235 In
846 5194 915 5234 ea
943 5184 1165 5247 auctor,
1194 5195 1263 5235 ex
1291 5195 1411 5251 quo
1443 5195 1646 5250 pacem
1678 5180 1796 5236 illis
1828 5182 2024 5239 reddi-

373 5271 493 5322 tam
525 5266 981 5338 accepisset,sua
1010 5268 1125 5323 sibi
1155 5267 1390 5324 vincula
1419 5266 1571 5323 levia
1599 5272 1658 5323 et
1688 5275 1917 5341 portatu
1943 5272 2025 5327 fa-

372 5353 506 5411 cilia
529 5371 659 5411 esse
690 5356 1162 5427 proﬁtetur.lllos
1185 5361 1381 5412 autem
1412 5357 1698 5427 obsecrat,
1731 5374 1803 5413 ne
1850 5360 2026 5418 variis

370 5443 705 5517 gentilium,
740 5445 841 5517 qui
902 5447 1102 5518 plures
1131 5446 1272 5502 deos
1302 5445 1629 5502 adorabant
1657 5463 1672 5515 ;
1705 5464 1893 5520 neque
1920 5450 2026 5506 Ju-

374 5533 654 5599 dmorum,
693 5533 793 5606 qui
823 5551 1008 5591 unum
1038 5538 1263 5591 tantum
1287 5550 1417 5591 esse
1437 5535 1765 5604 credentes,
1799 5537 2023 5595 divini-

377 5627 553 5679 tatem
585 5621 801 5682 Christi
834 5623 1153 5696 negabant,
1175 5623 1482 5698 patiantur
1511 5639 1573 5679 se
1602 5627 1901 5684 erroribus
1931 5629 2024 5685 de-

2136 4629 2432 4687 diabolum
2454 4628 2629 4701 longa
2658 4628 3008 4701 apostrOphe
3035 4628 3375 4701 alloquitur,
3407 4632 3783 4704 ostenditque

2132 4723 2327 4779 varios
2357 4720 2429 4777 ab
2460 4735 2527 4776 eo
2553 4719 2626 4775 de
2683 4717 2898 4775 Christi
2930 4718 3231 4776 divinitate
3272 4725 3329 4776 et
3359 4721 3783 4803 incarnatione,

2134 4835 2333 4878 secum
2366 4818 2615 4873 invicem
2657 4824 3004 4888 pugnantes,
3047 4818 3219 4874 malis
3277 4819 3500 4874 artibus
3558 4834 3781 4875 errores

2136 4907 2542 4966 disseminatos
2571 4921 2584 4971 ;
2618 4906 2717 4961 sed
2736 4904 2821 4959 illi
2854 4904 3045 4978 plura,
3081 4922 3208 4979 quas
3241 4912 3519 4973 recenset,
3553 4908 3624 4963 de
3652 4908 3783 4978 ipso

2137 4995 2565 5054 incarnationis
2612 4995 2893 5067 mysterio
2926 4994 3105 5051 fuisse
3136 4996 3493 5067 incomperta
3539 4996 3789 5051 demon-

2134 5089 2451 5145 strat.Post
2480 5084 2632 5141 hanc
2660 5089 2858 5140 autem
2892 5083 3108 5139 diaboli
3151 5083 3638 5156 apostrophen,in
3664 5100 3785 5155 qua

2135 5177 2263 5233 fuse
2292 5176 2364 5231 de
2397 5174 2588 5229 tribus
2617 5172 2836 5227 Christi
2862 5172 2922 5226 in
2955 5171 3185 5229 deserto
3217 5173 3640 5241 tentationibus
3661 5173 3786 5230 dis-

2137 5265 2300 5331 serit,
2325 5259 2609 5318 nonnulla
2638 5260 2710 5316 de
2740 5260 3022 5317 festorum
3055 5260 3280 5329 diebus,
3307 5262 3787 5334 Quadragesima,

2134 5362 2436 5429 Paschale,
2469 5376 2536 5417 ac
2569 5362 2642 5416 de
2701 5363 2859 5415 recta
2886 5360 3111 5417 vivendi
3143 5361 3366 5417 ratione
3404 5360 3620 5419 ibidem
3652 5361 3794 5418 sub-

2136 5451 2561 5508 nectit.Dehinc
2590 5448 3011 5507 Antiochenam
3044 5448 3363 5507 Ecclesiam
3391 5450 3791 5524 Philippensi-

2137 5542 2244 5597 bus
2289 5539 2683 5608 commendat,
2726 5538 3021 5611 variisque
3064 5539 3519 5599 salutationibus
3541 5540 3784 5613 additis,

2135 5632 2286 5687 hanc
2318 5628 2625 5701 epistolam
2655 5628 2810 5685 circa
2840 5629 3149 5705 Rhegium,
3180 5646 3313 5690 cum
3336 5630 3461 5702 jam
3494 5632 3623 5690 navi
3646 5631 3782 5687 sub-
