4112 6132
312 317 430 425 i551

1400 349 1466 410 S.
1513 341 1919 408 IGNATIUS.
1964 370 2043 382 —
2083 338 2692 400 PitOLEGOMENA.

3627 340 3750 399 532

317 495 617 554 vehendus
661 497 832 559 esset,
867 505 928 545 se
978 487 1210 543 dedisse
1268 481 1642 540 testificatur.
1703 475 1967 547 Denique
1995 473 2047 541 Α
2081 475 2249 544 ret,et
2275 490 2409 530 cum
2444 474 2566 546 ipse
2587 477 2742 531 esset
2764 474 2872 530 sub
2901 494 2928 524 «
2953 471 3738 542 militaricustodia,»idest,

324 607 457 646 cum
490 586 740 642 salutem
793 581 1072 653 corporis,
1110 578 1316 633 animae
1349 579 1403 629 ct
1457 571 1705 644 spiritus
1763 567 1972 624 iisdem

332 675 805 748 Philippensibus
836 673 1114 742 Optasset,
1137 665 1441 739 epistolam
1467 663 1757 734 obsignat.

974 811 1205 870 CAPUT
1233 810 1330 866 ΙΙΙ.

326 964 628 1011 PROBATUR
663 960 770 1003 HAS
802 958 984 1000 OMNES
1027 952 1326 995 EPISTOLAS
1350 949 1552 990 FALSAS
1583 948 1712 988 ESSE
1739 946 1805 986 ET
1835 946 1974 986 SUB-

329 1037 332 1040 ’
1025 1026 1282 1068 ΒΠΙΤΙΑΒ.

327 1151 422 1222 §[.
467 1146 743 1204 Probatur
798 1144 909 1222 has
952 1155 1135 1222 omnes
1167 1134 1494 1222 'gleneratim
1551 1129 1808 1203 epistolas
1865 1142 1976 1182 esse

825 1215 998 1286 falsas
1027 1217 1078 1266 et
1110 1209 1476 1265 adulterinas.

400 1349 515 1404 Has
536 1360 741 1402 omnes
771 1339 1048 1412 epistolas
1075 1332 1415 1392 subdititias
1445 1346 1594 1394 esse,
1630 1326 1977 1399 Ignatioque

330 1443 526 1496 nostro
543 1449 845 1507 perperam
867 1429 1171 1500 ascriptus,
1193 1423 1370 1479 variis
1393 1421 1687 1476 rationum
1707 1431 1976 1473 momen-

330 1532 561 1603 tis,quae
593 1506 692 1584 eas
716 1521 1036 1581 universim
1083 1514 1542 1588 singulatimque
1573 1512 1859 1582 spectant,
1893 1506 1975 1561 fa-

329 1601 850 1682 cile—convincitur.
913 1611 1104 1667 Primo
1135 1609 1292 1664 enim
1327 1604 1635 1671 Eusebius,
1696 1601 1974 1670 Hierony-

329 1727 482 1775 mus,
516 1708 730 1778 aliique
761 1703 1076 1774 scriptores
1134 1693 1520 1754 eruditissimi
1574 1707 1674 1747 eas
1705 1696 1974 1746 tantum-

331 1801 502 1856 modo
534 1795 834 1868 epistolas,
864 1807 990 1864 quaa
1020 1789 1078 1844 in
1112 1785 1465 1843 editionibus
1499 1781 1717 1838 Usserii
1741 1784 1797 1836 et
1827 1783 1971 1833 Vos-

329 1891 400 1947 sii
451 1886 821 1951 exhibentur,
854 1881 1079 1952 Ignatio
1112 1875 1474 1948 adjudicant.
1521 1871 1655 1927 Atsi
1689 1887 1815 1942 quae
1847 1886 1880 1924 a

331 1980 403 2035 ab
431 1992 496 2032 eo
541 1978 734 2031 essent
766 1971 1014 2042 scriptae,
1063 1972 1359 2024 tantorum
1411 1963 1670 2035 profecto
1717 1960 1973 2015 virorum

329 2083 530 2126 curam
585 2068 642 2120 et
675 2060 1058 2134 diligentiam,
1101 2068 1504 2124 summunque
1530 2052 1589 2106 in
1619 2049 1974 2122 investigan-

329 2159 422 2232 dis
455 2155 716 2230 priorum
737 2149 1008 2207 Ecclesiae
1026 2151 1262 2212 Patrum
1288 2140 1797 2199 lucubrationibus
1819 2137 1975 2194 labo-

327 2228 600 2306 reminou
634 2242 1054 2314 fugissent,nec
1076 2243 1189 2292 tam
1225 2233 1338 2290 alto
1361 2231 1592 2288 silentio
1624 2230 1695 2284 ab
1728 2228 1813 2284 eis
1836 2228 1974 2282 fuls-

326 2342 457 2396 sent
480 2332 904 2409 praetermissae.

397 2407 699 2497 Praeterea,
751 2423 806 2478 id
844 2434 1076 2494 quoque
1106 2415 1315 2489 probat
1368 2413 1520 2468 idem
1553 2409 1817 2466 omnium
1869 2407 1973 2462 ha-

326 2535 526 2574 rumce
555 2513 937 2588 epistolarum
973 2506 1184 2580 stylus,
1219 2505 1289 2558 ab
1323 2501 1644 2575 Iguatiano,
1667 2514 1842 2571 quem
1871 2513 1972 2552 au-

327 2616 452 2667 ctor
482 2608 696 2662 frustra
726 2600 945 2656 imitari
980 2601 1223 2654 conatus
1245 2598 1355 2662 est,
1388 2590 1627 2648 omnino
1652 2588 1899 2645 alienus.

398 2698 659 2767 Denique
693 2691 942 2749 maxima
962 2693 1052 2744 est
1080 2687 1186 2741 has
1219 2683 1370 2739 inter
1399 2679 1674 2754 epistolas
1707 2675 1972 2748 cognatio

329 2800 386 2852 et
416 2785 716 2848 connexio.
751 2785 898 2842 Nam
946 2778 1220 2847 secunda,
1253 2775 1423 2832 tertia
1453 2779 1510 2831 et
1540 2775 1750 2846 quarta
1779 2787 1844 2826 ex
1876 2786 1973 2825 ea-

331 2887 462 2940 dem
498 2872 859 2948 Philippensi
892 2871 1035 2926 urbe
1067 2870 1215 2923 data:
1245 2865 1538 2937 leguntur,
1573 2867 1630 2919 et
1659 2863 1717 2916 in
1769 2864 1976 2933 quarta

333 2971 518 3030 Maria
547 2985 614 3024 ex
658 2960 1005 3030 Cassobelis,
1038 2958 1110 3014 ad
1140 2972 1317 3027 quam
1350 2953 1533 3025 prima
1555 2951 1798 3025 cpistola
1829 2951 1975 3006 scri-

331 3069 430 3137 pta
462 3066 568 3126 est,
628 3052 978 3112 nominatim
1035 3047 1339 3104 salutatur.
1376 3045 1434 3137 Si
1469 3060 1604 3116 ergo
1625 3060 1754 3137 ‘una
1783 3057 1852 3096 ex
1883 3041 1973 3137 his

328 3129 615 3224 epistolis,
644 3146 726 3199 sic
758 3141 871 3198 sibi
897 3139 1142 3194 invicem
1174 3136 1470 3200 connexis,
1503 3131 1832 3188 adulterina
1876 3129 1972 3193 sit,

325 3217 382 3296 et
414 3239 558 3294 alias
580 3244 1028 3305 quoqueomnes
1061 3226 1420 3283 adulterinas
1444 3238 1571 3279 esse
1594 3217 1974 3292 oportet.Jam

325 3331 523 3400 itaque
574 3340 688 3378 non
719 3335 892 3375 unam
926 3321 1180 3388 tantum,
1215 3317 1310 3371 sed
1346 3329 1546 3368 omnes
1589 3308 1970 3377 adulterinas,

326 3416 504 3473 falsas
555 3420 606 3468 et
653 3409 992 3482 suppositas
1047 3422 1176 3462 esse
1215 3401 1555 3476 singulatim
1607 3400 1970 3471 probandum

326 3509 435 3563 est.

320 3643 348 3710 §
375 3641 446 3696 Ιι.
479 3637 758 3712 Epistolas
782 3634 1016 3712 AMariae
1062 3647 1131 3712 ea:
1163 3629 1461 3686 Cassobelis
1491 3625 1894 3712 adhlgnatium
1923 3631 1970 3680 el

609 3710 814 3780 [gnatii
843 3706 911 3762 ad
943 3705 1181 3762 Mariam
1213 3718 1330 3758 esse
1360 3705 1685 3772 suppositas.

393 3836 654 3893 Primum
687 3831 996 3905 epistolam
1032 3827 1225 3884 Maria:
1259 3843 1326 3881 ex
1356 3825 1681 3882 Cassobelis
1706 3825 1775 3881 ad
1811 3826 1974 3897 Igna-

321 3930 556 3997 tium,et
588 3923 800 3997 Ignatii
834 3922 902 3977 ad
934 3919 1177 3975 Mariam
1212 3916 1648 3989 responsionem
1683 3915 1970 3972 adulteri-

323 4035 428 4076 nas
454 4032 582 4072 esse
605 4013 742 4069 inde
769 4011 1240 4074 demonstratur;
1268 4005 1426 4079 quod
1449 4005 1629 4061 Maria
1661 4021 1787 4076 quas
1811 4011 1976 4078 Igna-

321 4109 470 4166 tium
499 4104 767 4161 omnium
790 4099 1255 4157 Christianorum
1281 4096 1518 4152 nomine
1537 4096 1774 4159 salutat,
1804 4097 1875 4152 ab
1904 4111 1972 4153 eo

321 4204 520 4256 tamen
554 4201 618 4251 ut
648 4193 848 4250 Marim
881 4187 1970 4260 etEulogium,licetjuvenes,alterum

321 4304 440 4345 sua:
461 4283 780 4354 Neapoleos
805 4280 1167 4352 episcopum,
1193 4277 1442 4332 alterum
1474 4276 1876 4348 presbyterum
1901 4278 1973 4335 ad

324 4393 442 4432 sua:
473 4375 669 4429 mittat
699 4370 972 4428 Ecclesiae
1000 4367 1600 4434 administrationem,
1628 4382 1738 4422 sua
1767 4366 1974 4424 solane

323 4462 554 4536 privata
580 4457 923 4514 auctoritate
954 4453 1212 4526 postulat
1243 4474 1258 4523 ;
1292 4455 1468 4526 idque
1495 4453 1751 4526 lgnatius
1782 4453 1865 4510 illi
1887 4455 1972 4511 ul-

2090 581 2222 621 cum
2245 565 2312 620 ad
2349 567 2689 638 martyrium
2725 568 3052 621 duceretur.
3089 571 3153 620 At
3183 582 3354 620 nemo
3386 571 3474 621 est
3498 566 3599 636 qui
3633 582 3735 620 ne-

2087 658 2232 713 sciat
2263 658 2549 729 lgnatium
2581 657 2755 727 longo
2791 663 2921 728 post
2951 657 3266 712 Clementis
3325 655 3736 728 pontiﬁcatum

2087 750 2347 819 tempore
2379 747 2652 818 martyrio
2686 747 2872 802 fuisse
2903 755 3270 803 coronatum.

2191 841 2218 906 §
2251 838 2347 894 ΙΙΙ.
2379 837 2538 893 Alias
2569 854 2778 910 quoque
2807 836 3074 908 epistolas
3107 854 3219 894 esse
3249 837 3624 894 adulterinas.

2157 927 2418 1000 Epistola
2450 929 2707 984 secunda
2726 946 2891 984 suam
2924 944 3154 1000 quoque
3186 927 3498 982 falsitatem
3533 931 3736 998 aperte

2086 1021 2277 1093 prodit
2309 1041 2323 1090 ;
2359 1021 2416 1076 in
2474 1037 2540 1077 ea
2572 1022 2863 1094 siquidem
2921 1026 3120 1076 auctor
3151 1020 3419 1076 haeresim
3476 1019 3737 1087 Sabellii,

2087 1129 2212 1183 quae
2247 1111 2449 1182 ignatii
2482 1116 2745 1183 tempore
2803 1113 3061 1167 nondum
3095 1111 3283 1167 fuerat
3322 1110 3735 1179 disseminata,

2087 1218 2202 1258 non
2232 1202 2840 1257 obscureconfutavit.

2156 1291 2377 1347 Deinde
2429 1291 2647 1346 Paulus
2692 1291 2796 1346 hoc
2848 1289 2970 1346 solo
3003 1291 3260 1360 nomine,
3289 1290 3594 1362 Apostolus,
3649 1289 3733 1345 ibi

2085 1381 2380 1440 laudatur.
2435 1381 2604 1452 Atqui
2647 1399 2778 1436 cum
2817 1383 3020 1454 lgnatii
3053 1386 3313 1452 tempore
3344 1397 3409 1436 eo
3439 1398 3538 1453 per
3567 1387 3734 1435 anto-

2087 1471 2413 1527 nomasiam
2447 1472 2793 1543 cognomine
2825 1471 3007 1526 fuisse
3037 1470 3417 1542 appellatum,
3451 1487 3582 1525 vero
3617 1486 3733 1524 non

2084 1562 2314 1616 videtur
2344 1562 2556 1618 simile.

2159 1650 2404 1706 Falsitas
2439 1651 2614 1707 tertias
2647 1649 2908 1722 epistolae
2966 1651 3101 1706 inde
3132 1651 3415 1721 arguitur,
3440 1650 3598 1722 quod
3629 1652 3742 1705 An-

2085 1740 2357 1797 tiochena
2382 1739 2636 1796 Ecclesia
2666 1747 2941 1796 vocetur:
2975 1762 2999 1793 ι(
3059 1740 3273 1796 Christi
3305 1758 3450 1796 nova
3496 1742 3666 1804 oliva,
3702 1762 3730 1791 »

2004 1841 2049 1909 Β
2084 1837 2142 1888 et
2169 1831 2342 1923 paul_o
2375 1837 2505 1923 post
2527 1831 2870 1923 Antiocheni
2911 1835 3148 1923 Petrum
3181 1837 3238 1886 et
3270 1831 3510 1887 Paulum
3547 1831 3738 1902 magi-

2084 1926 2258 1988 stros,
2292 1920 2573 1976 Evodium
2596 1935 2727 1975 vero
2759 1919 3096 1990 episcopum
3123 1919 3402 1975 habuisse
3431 1920 3730 1975 dicuntur.

2081 2011 2189 2068 Sed
2245 2011 2478 2067 Petrum
2539 2026 2693 2064 anno
2725 2009 2936 2064 Christi
2969 2010 3037 2062 39
3091 2008 3450 2064 Antiochiam
3480 2009 3728 2075 venisse,

2085 2103 2280 2173 ibique
2338 2101 2652 2159 Ecclesiam
2690 2100 2990 2164 fundasse,
3049 2103 3223 2169 atque
3262 2097 3401 2154 illuc
3451 2098 3729 2166 Paulum,

2084 2193 2298 2250 comite
2329 2190 2988 2259 Barnaba,adventasse,
3022 2188 3258 2258 scriptis
3291 2187 3573 2243 traditum
3619 2193 3729 2247 est.

2085 2287 2207 2351 Quo
2239 2300 2374 2356 ergo
2435 2286 2603 2355 pacto
2635 2281 2755 2335 haec
2795 2281 2997 2336 eadem
3031 2279 3288 2335 Ecclesia
3319 2279 3474 2335 circa
3505 2296 3728 2335 annum

2090 2378 2328 2447 108.quo
2361 2373 2623 2445 Ignatius
2656 2373 2728 2428 ad
2763 2371 3109 2440 martyrium
3145 2373 3515 2445 properabat,
3545 2375 3734 2444 potuit

2082 2488 2110 2517 ‹‹
2145 2465 2360 2521 Christi
2386 2480 2531 2520 nova
2559 2461 2709 2518 oliva
2738 2490 2764 2516 ιο
2797 2460 3126 2534 appellari?

2153 2557 2432 2612 Praeterea
2491 2557 2694 2608 auctor
2758 2551 2976 2606 ibidem
3035 2549 3254 2607 salutat
3311 2551 3736 2616 subdiaconos,

2084 2647 2352 2715 lectores,
2384 2648 2672 2709 cantores,
2698 2641 2993 2708 ostiarios,
3025 2641 3734 2713 laborantes,exorcistas,

2083 2736 2358 2794 custodes
2389 2738 2727 2790 sanctarum
2760 2736 3082 2804 portarum,
3105 2735 3214 2787 etc.
3250 2731 3424 2801 Atqui
3449 2733 3619 2800 juxta
3641 2735 3740 2790 do-

2083 2825 2483 2884 ctissimorum
2515 2823 2850 2879 criticorum
2882 2821 3232 2876 sententiam
3265 2820 3603 2889 biordines,
3637 2840 3732 2880 eo-

2085 2933 2332 2989 rumque
2385 2915 2624 2972 nomina
2657 2913 2842 2985 primo
2887 2911 3154 2968 Ecclesiae
3188 2912 3400 2968 saeculo
3434 2913 3729 2984 incognita

2086 3010 2340 3064 fuerunt.
2376 3004 2652 3071 Quamvis
2677 3007 2868 3059 autem
2902 3002 3168 3072 quidam,
3193 3002 3366 3058 variis
3396 3004 3725 3058 Laodicenis

2085 3097 2312 3170 synodi,
2374 3093 2701 3166 Epiphanii,
2740 3091 3355 3162 Constitutionumque
3385 3093 3729 3164 apostolica-

2010 3214 2051 3281 ρ
2092 3204 2221 3244 rum
2262 3183 2637 3281 testimoniis,
2689 3182 2998 3281 diligenter
3041 3181 3393 3281 ponderatis,
3425 3181 3731 3253 originem,

2091 3274 2444 3346 initiumque
2478 3273 2688 3328 horum
2720 3270 3014 3337 ordinum,
3075 3270 3222 3326 nulli
3255 3271 3531 3326 hactenus
3573 3288 3734 3328 com-

2087 3372 2252 3440 perta
2285 3366 2465 3422 fuisse
2497 3366 2768 3420 asserunt
2790 3382 2803 3431 ;
2824 3361 2966 3418 illud
2991 3366 3185 3418 tamen
3219 3367 3440 3419 certum
3455 3364 3734 3435 estquod,

2081 3455 2344 3528 siignatii
2389 3460 2655 3526 tempore
2687 3451 2932 3524 quidam
2989 3450 3063 3506 iis
3117 3452 3425 3508 ordinibus
3487 3453 3741 3508 fuissent

2083 3545 2318 3613 initiati,
2355 3545 2456 3599 ille
2485 3543 2547 3598 in
2576 3543 2730 3598 veris
2750 3541 2872 3597 suis
2902 3541 3163 3612 epistolis
3183 3540 3442 3612 aliquam
3476 3541 3738 3610 illorum,

2085 3637 2258 3695 sicuti
2280 3635 2575 3708 virginum
2601 3639 2661 3690 et
2681 3633 3012 3702 viduarum,
3036 3632 3268 3688 fecisset
3289 3632 3670 3688 mentionem.

2153 3727 2315 3794 Quod
2348 3726 2405 3780 in
2440 3727 2649 3796 quarta
2679 3722 2930 3795 epistola
2962 3721 3179 3793 legitur
3218 3721 3587 3792 Onesimum,
3621 3722 3736 3778 Da-

2085 3833 2244 3874 mam
2277 3824 2331 3872 et
2351 3813 2658 3886 Polybium
2683 3812 2752 3867 ad
2778 3811 3065 3880 Ignatium
3099 3810 3472 3865 invisendutn
3505 3810 3564 3865 in
3602 3810 3739 3867 Phi-

2082 3907 2417 3979 lippensem
2470 3904 2675 3958 urbem
2711 3917 2773 3956 se
2805 3899 3145 3970 contulisse,
3172 3898 3227 3954 id
3263 3899 3576 3956 falsitatem
3609 3902 3741 3972 ejus

2084 3995 2395 4052 manifeste
2419 3991 2786 4048 declarat.Ex
2815 3988 3084 4061 genuinis
3110 3987 3265 4045 enim
3293 3990 3504 4062 lgnatii
3524 3991 3742 4062 episto-

2096 4087 2147 4142 is
2177 4091 2296 4140 tres
2329 4082 2462 4140 illos
2521 4081 2832 4153 episcopos
2861 4079 2931 4134 ad
2999 4079 3293 4151 Ignatium
3339 4079 3727 4136 salutandum

2082 4177 2397 4249 Smyrnam
2428 4172 2653 4228 venisse
2679 4169 2984 4226 discimus.
3019 4171 3087 4225 At
3115 4170 3348 4226 eosdem
3374 4172 3740 4242 persecutio.

2084 4282 2226 4320 num
2258 4269 2516 4334 tempore
2547 4259 2812 4316 eamdem
2847 4273 3053 4314 rursus
3085 4259 3156 4314 de
3198 4269 3377 4313 causa
3407 4258 3481 4314 ad
3533 4258 3738 4314 urbem

2083 4354 2521 4427 Philippensem
2571 4349 2943 4417 adventasse,
2975 4345 3146 4418 nulli,
3179 4352 3241 4403 ut
3301 4352 3601 4421 putamus,
3636 4348 3734 4404 ﬁet

2083 4443 2382 4502 credibile.

320 4529 412 4610 tro
439 4548 726 4605 concedit.
755 4546 918 4612 Quod
951 4560 1092 4600 sane
1115 4547 1401 4614 quantum
1424 4543 1557 4598 usui
1588 4543 1972 4616 moribusque
2003 4559 2052 4624 ι)
2156 4536 2437 4592 ΡΓίΒιθτθθι
2466 4530 2704 4624 (illidat?
2746 4529 3478 4624 Μθιῠίοδωονυωμθττονεε,
3519 4545 3733 4603 nempe

326 4641 563 4698 illorum
597 4642 926 4706 temporum
952 4631 1316 4688 contrarium
1342 4632 1438 4703 sit,
1462 4648 1632 4689 nemo
1662 4649 1776 4690 non
1797 4634 1974 4697 videt.

399 4723 876 4792 Secundo,Maria
896 4729 956 4778 ut
973 4721 1234 4793 Ignatius
1265 4719 1574 4792 postulatis
1605 4722 1732 4780 suis
1751 4741 1976 4783 annue-

324 4823 434 4885 ret,
474 4814 636 4872 varia
691 4813 912 4885 profert
961 4811 1271 4883 Scriptura
1331 4825 1509 4866 sacrae
1565 4813 1854 4885 exempla,
1903 4816 1975 4872 de

324 4922 574 4982 quorum
605 4902 849 4959 veritate
898 4917 966 4958 ex
996 4898 1124 4958 sola
1152 4901 1283 4970 ejus
1313 4898 1616 4971 relatione,
1650 4917 1754 4958 nec
1784 4905 1970 4975 perle-

322 5002 432 5058 ctis
465 4995 780 5068 Scripturae
807 4993 1060 5068 paginis,
1115 5007 1418 5063 nunquam
1449 4990 1545 5045 ille
1575 5007 1638 5047 se
1666 4994 1975 5052 dubitasse

321 5097 595 5150 testatur.
622 5087 762 5158 Quis
785 5091 978 5143 autem
1008 5084 1209 5141 credat
1238 5082 1528 5153 lgnatium
1560 5084 1829 5157 exempla
1849 5085 1969 5152 illa,

323 5198 455 5256 quae
485 5181 685 5238 nullus
728 5178 788 5234 in
837 5173 1156 5247 Scripturis
1188 5189 1303 5229 non
1336 5171 1577 5228 omnino
1627 5175 1974 5245 peregrinus

324 5274 580 5346 ignorat,
609 5269 698 5327 vel
747 5266 1030 5332 nescisse,
1062 5263 1149 5320 vel
1178 5261 1460 5318 memoria
1491 5277 1605 5318 non
1635 5263 1972 5332 retinuisse,

326 5367 500 5436 atque
527 5361 694 5418 illum
746 5361 909 5414 tanta
939 5353 1317 5426 simplicitate
1347 5368 1580 5410 omnem
1615 5353 1847 5410 mulieri
1878 5371 1970 5410 as-

328 5453 541 5509 serenti
570 5450 855 5507 tribuisse
887 5447 1082 5502 fidem.

357 5601 362 5616 ι
393 5541 607 5609 Tertio,
663 5542 880 5596 Auctor
927 5537 1187 5594 afﬁrmat
1216 5551 1279 5592 se
1322 5534 1474 5592 hanc
1503 5533 1812 5608 scripsisse
1841 5533 1966 5607 epi-

321 5629 558 5700 stolam,
592 5645 727 5686 cum
757 5629 1026 5685 Clemens
1050 5629 1372 5685 Romanam
1403 5625 1556 5683 Petri
1579 5625 1778 5682 sed-em
1809 5628 1964 5682 tene-

394 5731 438 5770 “
470 5730 645 5803 Epist.
679 5727 749 5784 ad
769 5726 1019 5785 Antioch.

2088 4640 2342 4692 carnem,
2373 4623 2594 4690 vinum,
2656 4620 2909 4678 feminas
2939 4618 3315 4676 detestabiles
3346 4627 3403 4676 et
3431 4635 3737 4676 exsecran-

2084 4717 2190 4772 das
2223 4735 2238 4783 ;
2272 4713 2640 4770 damnandus
2670 4710 2910 4783 nuptias
2947 4727 2961 4778 ;
2995 4709 3182 4783 legem
3207 4714 3263 4765 et
3305 4709 3643 4781 prophetas,
3676 4710 3733 4765 id

2083 4810 2172 4862 est
2207 4808 2387 4860 Vetus
2434 4802 2871 4858 Testamentum
2903 4814 3033 4856 esse
3062 4799 3468 4870 rejiciendum,
3508 4799 3587 4854 ibi
3613 4815 3745 4854 exa-

2084 4895 2342 4972 gitantur
2361 4895 2418 4948 et
2439 4889 2785 4946 refutantur.
2807 4889 2931 4945 Huc
2955 4889 3179 4946 accedit
3209 4889 3362 4960 quod
3399 4895 3600 4944 auctor
3617 4887 3740 4943 Ma-

2085 4987 2230 5043 riam
2263 4999 2330 5039 ex
2355 4979 2706 5046 Cassobelis,
2739 4995 2866 5050 quae
2897 4979 2968 5035 ad
3024 4978 3337 5050 Ignatium,
3370 4981 3427 5033 et
3455 4978 3528 5034 ad
3560 4993 3738 5048 quam

2085 5073 2346 5149 Iguatius
2405 5068 2713 5143 epistolam
2780 5069 3093 5142 scripsisse
3137 5069 3343 5134 fertur,
3396 5067 3564 5138 jubet
3613 5070 3740 5122 suis

2083 5165 2275 5223 verbis
2306 5160 2570 5219 salutari.
2603 5161 2675 5216 At
2705 5162 3014 5231 utramque
3045 5157 3195 5216 hanc
3235 5155 3540 5229 epistolam
3567 5156 3742 5212 adul-

2086 5255 2333 5313 terinam
2365 5267 2493 5309 esse
2516 5251 2642 5321 jam
2675 5248 3236 5304 demonstravimus.

2158 5344 2364 5403 Ultima
2385 5355 2617 5414 quoque
2637 5338 2889 5411 epistola
2919 5337 3216 5394 evidentes
3247 5337 3600 5406 apertasque
3623 5352 3742 5407 prae

2083 5455 2147 5496 se
2178 5437 2288 5493 fert
2319 5431 2589 5491 falsitatis
2620 5434 2790 5488 notas
2821 5434 2880 5486 et
2907 5429 3295 5485 characteres.
3316 5425 3543 5482 Prolixa
3563 5443 3739 5483 nam-

2083 5544 2197 5602 que
2220 5527 2291 5584 ad
2320 5527 2644 5581 demonem
2676 5520 2952 5578 allocutio
2985 5523 3042 5576 et
3072 5516 3428 5590 apostrophe
3461 5517 3614 5574 fetus
3647 5521 3743 5574 est

2083 5617 2267 5691 inepti
2296 5613 2730 5682 declamatoris,
2781 5610 2882 5684 qui
2913 5608 3090 5667 verba
3115 5607 3327 5682 Ignatii
3355 5606 3426 5667 “.
3460 5629 3488 5658 «
3542 5607 3742 5663 Latuit
