4112 6132
337 336 452 398 558

1259 338 1332 399 D.
1378 336 1711 399 NOURRlI
1760 334 2299 396 DlSSERTATIO.
2337 369 2410 380 —-
2453 336 2655 399 PARS
2704 336 2782 398 II.

3639 335 3756 393 554

339 470 665 545 principem
696 469 892 526 saeculi
923 469 1101 541 hujus
1131 469 1438 543 virginitas
1465 471 1679 540 Mariae,
1707 492 1734 520 »
1757 469 1985 528 insulsa
2015 471 2068 538 Α
2099 471 2281 540 ribus,
2316 487 2464 543 quas
2495 473 2566 527 ad
2598 488 2727 528 eam
2759 471 2995 544 scripsit
3043 470 3310 544 epistolis
3357 470 3754 529 Christiferam

343 560 794 632 ampliﬁcatione
828 576 1107 616 exornare
1139 565 1383 616 conatus
1415 567 1523 616 est.

416 651 703 714 Secundo,
747 666 873 720 quae
927 650 997 704 de
1047 648 1231 716 festis,
1284 650 1762 722 Quadragesima,
1817 654 1992 721 atque

345 739 630 794 Paschate
659 737 736 792 ibi
763 737 1073 804 habentur,
1094 739 1214 794 haec
1235 755 1302 793 ex
1325 739 1823 794 Constitutionum
1845 755 1989 809 apo-

343 828 684 884 stolicarum
715 826 900 897 libris,
930 845 1076 898 quos
1109 828 1366 900 lgnatius
1397 845 1697 899 nunquam
1747 827 1989 900 legerat,

348 919 660 986 desumpta
691 921 852 972 sunt.

414 1006 674 1076 Denique
720 1011 917 1060 auctor
965 1005 1045 1059 ibi
1093 1005 1543 1063 Manichaeorum
1596 1011 1768 1078 atque
1811 1006 1992 1062 Patri-

349 1096 760 1168 passianorum
793 1112 1046 1150 errorem
1082 1096 1312 1151 refellit.
1354 1099 1426 1151 At
1468 1101 1718 1152 Praxeas
1767 1097 1993 1169 Ignatio

350 1185 669 1256 posterior:
696 1207 722 1235 «
757 1188 988 1240 Primus
1021 1202 1088 1240 ex
1115 1185 1267 1254 Asia,
1294 1186 1482 1256 inquit
1504 1186 1897 1242 Tertullianus
1924 1186 1992 1254 ⁴²,

351 1274 673 1331 secundum
705 1273 813 1330 hoc
853 1289 1039 1346 genus
1072 1275 1467 1346 perversitatis
1498 1275 1696 1331 intulit
1727 1277 1995 1332 Romana)

355 1365 549 1419 humo.
575 1385 605 1413 »
636 1367 763 1418 Haec
795 1363 970 1435 igitur
1001 1363 1265 1434 epistola,
1299 1369 1470 1434 atque
1499 1364 1620 1420 aliae
1670 1366 1997 1437 superiores

353 1453 545 1507 nothos
578 1455 718 1508 sunt
747 1455 803 1507 et
834 1453 1070 1524 spuriae,
1102 1456 1159 1507 et
1191 1453 1414 1525 Ignatio
1451 1458 1648 1510 nostro
1691 1471 1996 1526 perperam

351 1546 406 1598 et
436 1541 753 1598 falsissime
783 1542 1181 1598 ascribuntur.

987 1666 1219 1723 CAPUT
1266 1666 1359 1723 IV.

518 1808 588 1847 DE
614 1804 756 1846 ALIIB
783 1806 1066 1846 EPISTOLIS
1090 1807 1328 1860 ιΑτιΝιε,
1363 1808 1577 1848 lSNATlI
1609 1809 1831 1849 NOMINB

923 1878 1260 1918 INBCRIPTIS.

655 1969 685 2041 §
718 1974 760 2026 Ι.
792 1969 1052 2041 Analysis
1081 1970 1282 2025 harum
1315 1970 1691 2042 epistolarum.

421 2075 638 2138 Quarta
668 2073 1048 2145 epistolarum
1082 2075 1290 2146 Ignatii
1319 2075 1526 2132 classis
1555 2078 1670 2134 duo
1701 2076 1860 2132 illius
1877 2079 2000 2149 epi-

351 2163 522 2220 stolia
551 2163 624 2218 ad
655 2162 935 2218 Joannem
969 2163 1298 2235 apostolum
1350 2170 1408 2220 et
1454 2165 1894 2237 evangelistam,
1943 2172 2000 2224 et

349 2254 586 2309 tertium
619 2253 690 2307 ad
725 2253 1028 2323 Deiparam
1063 2251 1378 2326 Virginem,
1413 2255 1796 2326 ejusdemque
1818 2255 1998 2328 Virgi-

357 2344 444 2399 nis
477 2358 828 2413 responsum
861 2343 1141 2398 continet.

425 2433 488 2488 ln
521 2433 712 2506 primo
743 2436 948 2487 auctor
973 2431 1283 2498 Joannem,
1315 2437 1382 2486 ut
1413 2432 1486 2486 ad
1519 2448 1580 2488 se
1627 2433 1820 2487 venire
1868 2450 1999 2504 pro-

357 2527 552 2596 peret;
585 2537 652 2576 ac
685 2521 936 2575 Mariam
975 2521 1067 2575 Dei
1099 2519 1461 2590 genitricem,
1494 2526 1550 2576 et
1603 2523 1845 2576 Mariam
1895 2522 2002 2576 Sa-

355 2612 527 2676 lome,
560 2626 735 2682 quam
767 2609 994 2664 eximiis
1025 2608 1298 2664 laudibus
1331 2608 1573 2679 extollit,
1607 2625 1798 2664 secum
1823 2611 2005 2664 addu-

365 2705 478 2768 cat,
507 2700 879 2754 vehementer
908 2697 1275 2753 adhortatur.

437 2791 502 2842 In
555 2788 798 2842 secundo
854 2789 1050 2841 autem
1108 2785 1376 2857 epistolio
1439 2785 1653 2841 Joanni
1714 2786 2005 2857 significat

373 2880 583 2948 quanto
610 2876 906 2944 Deiparam
959 2873 1221 2938 Mariam,
1270 2875 1553 2931 Jacobum
1603 2875 1840 2930 fratrem
1890 2875 2002 2931 Do-

368 2966 528 3032 mini,
569 2964 827 3036 aliosque
857 2964 1152 3036 apostolos
1183 2964 1415 3019 videndi
1461 2962 1750 3020 desiderio
1807 2969 2002 3019 tenea~

365 3059 475 3112 tur.

423 3144 559 3200 Orat
599 3144 842 3199 Mariam
876 3143 933 3198 in
969 3143 1160 3212 tertio,
1199 3148 1262 3198 ut
1291 3160 1490 3199 eorum
1544 3160 1670 3215 quae
1721 3145 1792 3199 dc
1838 3145 2002 3214 Jesu,

359 3233 551 3288 divino
601 3235 731 3304 ejus
793 3233 954 3300 Filio,
1007 3233 1290 3301 audierat,
1342 3249 1403 3289 se
1459 3233 1632 3289 faciat
1673 3234 2000 3289 certiorem.

357 3321 537 3377 Maria
566 3328 761 3377 autem
798 3331 1005 3393 quarlo
1037 3321 1305 3394 epistolio
1341 3323 1672 3393 respondet,
1701 3327 1758 3379 et
1787 3339 1852 3378 ea
1877 3339 2007 3378 om-

355 3411 451 3466 nia
479 3427 612 3466 vere
637 3427 787 3477 esse,
821 3415 878 3465 et
908 3411 979 3466 ab
1007 3412 1134 3482 ipso
1166 3411 1474 3481 credenda,
1517 3415 1692 3482 atque
1752 3411 1822 3466 ad
1871 3427 2005 3466 eum

345 3517 407 3556 se
441 3505 748 3555 venturam
783 3515 913 3556 esse
964 3499 1291 3571 pollicetur.

528 3628 555 3693 §
593 3625 665 3679 II.
699 3624 831 3680 Illas
862 3623 1204 3680 adulterinas
1242 3640 1360 3680 esse
1402 3624 1828 3680 demonstratur.

429 3749 641 3806 Nullus
686 3749 804 3804 fere
851 3753 962 3814 est,
1016 3749 1114 3819 qui
1169 3765 1324 3803 nunc
1373 3749 1490 3803 haec
1541 3748 1809 3821 epistolis
1863 3750 2010 3805 falso

360 3839 569 3910 Ignatii
604 3837 842 3894 nomine
872 3837 1112 3893 inscribi
1147 3855 1260 3893 non
1295 3839 1564 3892 fateatur.
1599 3838 1668 3892 Et
1699 3844 1852 3894 certe
1877 3840 2012 3911 quis

357 3927 445 3982 vel
478 3943 548 3982 ex
576 3927 704 3982 sola
733 3925 906 3997 paulo
939 3927 1234 3982 attentiori
1263 3926 1508 3982 lectione
1552 3943 1748 3984 eorum
1800 3928 2016 3983 falsita-

357 4021 476 4073 tem
509 4017 814 4072 confestim
845 4032 960 4072 non
983 4015 1379 4087 deprehendat
1403 4015 1644 4086 ?Neque
1665 4017 1820 4072 enim
1851 4020 2014 4090 lgna-

355 4107 474 4161 tius
506 4107 575 4161 ad
610 4106 850 4161 Mariam
888 4105 985 4160 Dei
1016 4105 1378 4176 genitricem,
1413 4122 1608 4176 neque
1634 4105 1728 4161 Dei
1760 4108 2015 4177 genitrix

355 4196 424 4249 ad
465 4195 754 4267 lgnatium
787 4195 1071 4264 ejusmodi
1101 4194 1370 4265 epistolia
1402 4195 1674 4266 scripturi
1723 4203 1908 4261 erant,
1943 4197 2014 4251 ab

358 4300 562 4340 eorum
591 4283 879 4354 gravitate
910 4288 969 4337 et
997 4282 1230 4352 ingenio
1261 4288 1379 4338 tam
1410 4283 1619 4338 aliena.
1645 4284 1796 4349 Quid
1821 4284 2018 4355 quod?

362 4372 464 4428 illa
501 4371 767 4441 epistolis
807 4372 1011 4426 Latine
1058 4376 1283 4426 tantum
1329 4372 1545 4442 scripta
1591 4373 1876 4428 hactenus
1926 4373 2017 4428 in-

363 4468 536 4517 venta
571 4467 731 4530 sunt,
791 4479 896 4518 nec
943 4466 1139 4517 Graeca
1189 4477 1448 4534 unquam
1494 4463 1672 4519 fuisse
1723 4466 2016 4520 videntur.

2036 1851 2084 1912 B

2094 561 2329 616 salutat.
2366 583 2392 610 ι»
2425 562 2533 616 Sed
2574 577 2644 615 ex
2673 578 2810 617 voce
2841 561 2941 617 illa
2996 585 3022 613 ‹‹
3057 561 3395 633 quamdam,
3432 584 3459 611 ››
3512 578 3642 634 quae
3689 560 3746 615 in

2095 650 2514 721 manuscriptis
2543 651 2844 706 codicibus
2874 650 3108 722 legitur,
3163 665 3370 706 omnes
3392 650 3558 706 facile
3580 649 3756 705 intel-

2094 739 2286 811 ligunt
2315 738 2590 810 epistolas
2622 739 2723 794 Dei
2753 739 3054 811 genitricis
3103 739 3297 795 Mariae
3350 756 3384 795 a
3429 739 3752 807 Bernardo,

2097 832 2270 885 tanta:
2301 845 2438 901 erga
2476 845 2604 884 eam
2641 829 2872 899 pietatis
2903 834 2960 885 et
2988 828 3313 885 devotionis
3338 828 3622 902 viro,jam
3653 827 3755 881 fri.

2098 920 2234 990 gida
2273 917 2658 989 appellatione
2708 935 2821 973 non
2872 919 3050 974 tuisse
3100 919 3324 974 citatas.
3379 917 3754 973 Probabiliuﬂ

2100 1008 2292 1078 itaque
2322 1011 2410 1061 est
2439 1005 2749 1077 epistolam
2785 1007 3238 1078 pseudo-Ignatii
3272 1007 3343 1061 ad
3394 1007 3632 1061 Mariam
3683 1023 3753 1062 ex

2099 1096 2446 1163 Cassobelis,
2475 1099 2527 1152 in
2559 1099 2728 1168 cujus
2753 1097 3128 1168 inscriptione
3149 1097 3492 1154 Christifera
3512 1097 3747 1167 dicitur,

2101 1205 2133 1243 a
2167 1186 2442 1242 melliﬂuo
2475 1187 2706 1242 doctore
2752 1185 2996 1242 laudari.
3047 1187 3222 1243 Porro
3268 1203 3403 1243 cum
3447 1187 3548 1242 ille
3597 1187 3748 1242 hanc

2100 1275 2408 1349 epistolam
2439 1276 2772 1330 criticorum
2806 1276 3159 1348 ponderibus
3193 1293 3303 1331 non
3334 1276 3748 1342 examinasset,

2101 1364 2263 1420 illam
2295 1364 2515 1436 lgnatio
2549 1369 2748 1420 nostro
2774 1365 2939 1434 juxta
2968 1365 3261 1437 vulgarem
3322 1365 3417 1421 sui
3472 1365 3751 1436 temporis

2105 1470 2329 1510 morem
2360 1453 2615 1511 tribuere
2651 1470 2764 1509 non
2799 1454 3110 1510 dubitavit.

2754 1561 2987 1618 CAPUT
3028 1563 3093 1616 V.

2106 1687 2203 1733 QUI
2234 1687 2481 1726 FUERINT
2500 1687 2987 1726 INTERPOLATORES
3037 1686 3422 1726 GENUINARUM
3471 1687 3758 1726 Ειηετοω-

2252 1759 2373 1797 RUM
2403 1758 2628 1809 IGNATII,
2663 1758 2731 1796 ET
2769 1758 3259 1798 ADULTERINARUM
3309 1757 3612 1798 AUCTORES.

2114 1871 2143 1942 §
2177 1871 2218 1924 Ι.
2263 1868 2404 1924 Num
2447 1867 2515 1923 ab
2557 1873 2783 1924 auctore
2823 1869 3288 1923 Constitutionum
3329 1868 3760 1938 apostolicarum

2726 1943 2840 1995 sint
2870 1943 3146 2010 pro/ecta.

2181 2045 2662 2117 Interpolationes
2693 2045 3074 2117 epistolarum
3106 2046 3344 2117 Ignatii,
3398 2051 3455 2100 et
3501 2044 3760 2116 epistola)

2111 2138 2256 2192 falso
2288 2137 2416 2207 ejus
2448 2135 2686 2190 nomine
2718 2136 3012 2207 inscriptae
3046 2151 3226 2189 unum
3261 2135 3652 2205 eumdemque
3674 2133 3757 2187 vi-

2110 2227 2322 2282 dentur
2354 2225 2566 2280 habere
2596 2229 2914 2279 auctorem.
2951 2223 3014 2277 In
3039 2223 3111 2276 iis
3144 2221 3434 2292 siquidem
3459 2221 3755 2287 omnibus,

2107 2314 2261 2370 idem
2295 2313 2501 2383 stylus,
2536 2314 2690 2367 idem
2740 2311 3077 2383 impostoris
3111 2310 3380 2381 maleque
3410 2309 3599 2365 feriati
3651 2309 3755 2364 ho-

2111 2404 2291 2459 minis
2312 2402 2632 2473 ingenium,
2658 2417 2862 2456 omnes
2884 2399 3134 2470 denique
3160 2400 3426 2469 ejusdem
3456 2397 3758 2469 scriptoris

2111 2493 2475 2548 characteres
2509 2489 2677 2545 facile
2695 2488 3230 2561 deprehenduntur.
3256 2487 3528 2544 Usserius
3560 2491 3758 2543 autem

2112 2581 2431 2637 arbitratur
2461 2595 2594 2634 eum
2627 2595 2776 2648 esse,
2811 2581 2911 2648 qui
2945 2577 3122 2633 falsos
3155 2576 3551 2647 apostolorum
3585 2593 3756 2632 cano-

2113 2687 2236 2735 nes,
2254 2667 2832 2739 Constitutionesque
2851 2665 3200 2738 apostolicae
3221 2665 3562 2736 divulgavit.
3582 2665 3759 2728 Quam

2111 2757 2346 2830 quidem
2387 2755 2720 2826 opinionem
2752 2758 2814 2810 ut
2848 2755 3137 2824 probaret,
3175 2754 3332 2808 varia
3368 2769 3433 2806 ex
3483 2752 3760 2806 omnibus

2113 2847 2205 2902 his
2235 2844 2743 2901 lucubrationibus
2775 2843 3018 2897 adduxit
3065 2843 3213 2909 loca,
3265 2858 3515 2912 quorum
3569 2841 3762 2911 plera-

2113 2952 2226 3008 que
2252 2953 2284 2990 a
2307 2932 2592 2991 Cotelerio
2623 2933 2679 2986 in
2713 2932 2986 2987 editionis
3015 2947 3136 2986 suae
3175 2929 3540 3001 marginibus
3588 2930 3767 2984 citata

2114 3030 2253 3083 sunt
2286 3043 2300 3092 ;
2332 3032 2502 3095 atque
2533 3038 2601 3078 ea
2628 3022 2808 3095 paria,
2842 3022 3070 3092 sibique
3103 3020 3348 3075 invicem
3391 3019 3607 3074 similia
3636 3035 3766 3074 esse

2115 3119 2518 3173 demonstrare
2541 3120 2785 3170 conatus
2811 3118 2920 3168 est.
2946 3111 3162 3166 Verum
3183 3127 3252 3166 ex
3279 3112 3386 3166 hoc
3417 3117 3766 3181 argumento

2045 3211 2087 3277 C
2120 3208 2264 3263 illud
2297 3210 2524 3261 tantum
2547 3204 2876 3268 conficitur,
2898 3218 3080 3256 unum
3104 3201 3384 3256 horumce
3407 3199 3763 3271 scriptorum

2109 3301 2402 3352 auctorem
2434 3295 2506 3348 ab
2538 3293 2651 3348 alio
2683 3293 2852 3364 plura
2887 3291 3064 3346 fuisse
3098 3294 3431 3346 mutuatum
3462 3306 3476 3356 ;
3506 3289 3610 3345 sed
3631 3289 3766 3344 inde

2113 3402 2296 3442 unum
2328 3383 2718 3453 eamdemque
2752 3381 2960 3436 horum
2993 3380 3255 3435 omnium
3287 3396 3413 3435 esse
3466 3384 3765 3436 auctorem

2115 3475 2276 3530 nullo
2309 3487 2570 3544 unquam
2607 3473 2777 3526 modo
2811 3469 3042 3540 probari
3077 3486 3110 3524 a
3137 3484 3435 3539 quoquam
3460 3468 3692 3539 poterit.

2325 3570 2445 3640 §lI.
2483 3570 2599 3637 Quo
2627 3576 2865 3636 tempore
2895 3568 2954 3621 in
2996 3566 3173 3621 lucem
3218 3564 3549 3633 prodierint.

2188 3672 2260 3725 At
2299 3675 2452 3722 certe
2499 3665 2772 3721 Usserius
2827 3681 2860 3718 a
2917 3678 3050 3718 vero
3108 3662 3346 3733 propius
3393 3662 3578 3726 abest,
3633 3676 3768 3715 cum

2116 3755 2625 3827 interpolationes,
2657 3751 3050 3822 epistolasque
3098 3749 3230 3804 illas
3285 3753 3441 3804 sexto
3500 3748 3768 3804 Ecclesia:

2118 3844 2329 3902 saeculo
2362 3842 2687 3916 publicatae
2719 3857 2846 3895 esse
2877 3841 3108 3895 asserit.
3143 3842 3398 3894 Exeunte
3423 3837 3637 3892 etenim
3663 3855 3772 3893 sa:-

2117 3935 2249 3992 culo
2283 3933 2487 4005 quinto
2518 3947 2666 3986 verse
2695 3929 2904 4001 Ignatii
2935 3928 3194 4000 epistolae
3223 3927 3540 3982 laudantur
3579 3943 3612 3980 a
3662 3926 3772 3981 Ge-

2119 4024 2266 4081 lasio
2298 4028 2353 4078 et
2379 4021 2778 4088 Theodoreto;
2826 4019 2985 4073 falsae
3027 4033 3161 4073 vero
3203 4022 3260 4072 et
3307 4015 3696 4086 supposititize
3743 4032 3776 4069 a

2118 4113 2414 4185 Stephano
2445 4111 2670 4166 Gobaro
2703 4109 2859 4164 circa
2890 4123 3105 4163 annum
3143 4107 3266 4172 580,
3324 4110 3500 4176 atque
3547 4120 3646 4159 eas
3703 4103 3776 4158 ab

2122 4201 2426 4258 Anastasio
2479 4198 2842 4254 Antiocheno
2893 4196 3225 4268 patriarcha
3291 4193 3517 4248 circiter
3558 4207 3776 4247 annum

2119 4291 2246 4355 595,
2278 4293 2334 4344 et
2363 4288 2434 4343 ab
2466 4287 2598 4343 aliis
2629 4287 2903 4357 deinceps
2936 4285 3140 4339 citatas
3174 4284 3423 4355 legimus
3458 4283 3523 4336 ιι.

2196 4379 2368 4434 Porro
2398 4380 2593 4430 autem
2626 4375 2674 4431 si
2707 4375 2835 4430 falsi
2860 4390 3133 4442 canones,
3163 4390 3227 4428 ac
3253 4369 3775 4443 pseudepigraphe

2121 4465 2582 4523 Constitutiones
2616 4464 3037 4536 apostolorum,
3071 4463 3304 4530 saeculo,
3327 4469 3389 4515 ut
3411 4461 3648 4531 quidam
3675 4475 3775 4514 au-

367 4551 629 4623 Denique
678 4551 831 4622 apud
887 4568 1092 4607 omnes
1139 4552 1416 4624 antiquos
1464 4557 1745 4623 auctores,
1801 4554 1902 4625 qui
1945 4555 2016 4608 de
2051 4571 2094 4634 D
2126 4558 2382 4620 tumant,
2412 4559 2637 4626 quarto,
2669 4552 2757 4608 vel
2789 4559 2920 4607 ante
2941 4556 3171 4607 sextum
3196 4549 3474 4606 saeculum
3500 4550 3556 4603 in
3591 4547 3776 4603 lucem

363 4641 563 4712 lgnatii
593 4640 857 4713 epistolis
887 4657 990 4698 seu
1023 4642 1174 4698 veris
1206 4657 1306 4697 seu
1351 4641 1538 4710 falsis,
1588 4643 1708 4698 sive
1755 4643 2010 4715 interpo-

363 4730 519 4799 latis,
553 4731 672 4786 sive
712 4730 954 4787 sinceris
1008 4730 1233 4802 aliquid
1291 4731 1510 4801 scripto
1568 4733 2010 4801 mandaverunt,

370 4820 597 4876 nullum
621 4819 883 4890 omnino,
908 4837 981 4876 ne
1002 4821 1311 4875 minimum
1333 4819 1570 4891 quidem
1595 4821 1666 4876 de
1693 4820 1781 4876 his
1803 4822 2014 4894 episto-

366 4909 463 4964 liis
483 4909 727 4964 verbum
759 4907 1026 4964 occurrit.

441 4996 643 5068 Neque
707 4996 923 5052 dixeris
958 4996 1018 5050 in
1072 4995 1265 5052 Dextri
1309 4995 1592 5052 Chronico
1641 5012 1844 5053 eorum
1893 4997 2016 5053 ﬁeri

369 5086 750 5140 mentionem.
785 5085 932 5140 Nam
963 5101 1112 5156 opus
1144 5084 1286 5140 illud
1320 5085 1575 5141 auctoris
1605 5090 1696 5140 est
1728 5086 1893 5141 valde
1927 5103 2019 5142 re-

363 5172 572 5238 centis,
606 5171 949 5243 nulliusque
979 5173 1235 5228 nominis
1264 5171 1355 5228 vel
1387 5173 1773 5239 auctoritatis,
1793 5178 1850 5230 et
1884 5178 2021 5230 Dex-

363 5265 456 5314 tro
487 5260 778 5317 fallaciter
810 5259 1184 5316 attributum.

443 5350 678 5405 Scimus
707 5349 947 5422 quidem
981 5349 1181 5406 divum
1214 5350 1574 5406 Bernardum
1606 5351 1911 5421 scripsisse
1942 5351 2016 5408 ‘3:

374 5460 403 5490 «
440 5443 684 5510 Magnus
702 5439 800 5495 ille
819 5439 1195 5509 lgnatius.....
1215 5438 1460 5495 Mariam
1479 5441 1794 5511 quamdam
1815 5440 1875 5496 in
1899 5441 2023 5512 plu-

2125 4645 2485 4719 prodierunt,
2517 4659 2585 4698 ex
2624 4643 2697 4698 iis
2746 4641 2946 4715 procul
3002 4642 3182 4697 dubio
3233 4639 3775 4713 pseudo-lgnatium

2122 4735 2223 4790 illa
2252 4734 2449 4790 omnia
2481 4749 2608 4804 quae
2641 4733 2713 4787 ab
2746 4731 2979 4788 Usserio
3011 4736 3067 4787 et
3097 4731 3383 4786 Cotelerio
3426 4730 3774 4795 referuntur,

2124 4823 2569 4894 transcripsisse
2599 4837 2837 4876 necesse
2866 4825 2974 4875 est.

2197 4912 2358 4979 Quod
2393 4910 2624 4966 tandem
2658 4910 2731 4965 ad
2763 4913 3013 4981 quatuor
3041 4906 3332 4979 epistolis,
3355 4921 3482 4976 quis
3511 4905 3572 4959 in
3605 4919 3779 4973 quar-

2125 5007 2185 5057 ta
2213 4999 2596 5071 epistolarum
2631 4998 2846 5070 Ignatii
2877 4997 3062 5053 classe
3093 4996 3473 5061 collocantur,
3507 4991 3778 5063 pertinet,

2127 5108 2194 5146 ea
2225 5089 2426 5162 procul
2455 5088 2634 5144 dubio
2665 5105 2697 5143 a
2731 5088 2950 5152 Latino,
2984 5086 3070 5141 uti
3117 5083 3581 5148 observavimus,
3638 5080 3781 5136 scri-

2128 5183 2290 5251 ptore
2321 5179 2477 5233 edita
2510 5177 2694 5231 fuisse
2715 5192 2849 5230 vero
2871 5175 3101 5229 videtur
3121 5171 3517 5228 simillimum.
3543 5169 3665 5232 Quo
3687 5184 3782 5222 au-

2129 5274 2245 5322 tem
2276 5270 2536 5336 tempore
2569 5263 2666 5320 ille
2695 5262 2930 5332 vixerit,
2964 5278 3080 5316 non
3122 5265 3210 5316 est
3259 5264 3596 5329 promptum
3637 5257 3782 5310 defi-

2132 5356 2295 5423 nire;
2330 5372 2467 5410 nam
2499 5353 2787 5408 incertum
2831 5354 2920 5406 est
2972 5355 3170 5404 utrum
3223 5347 3553 5402 Bernardus
3599 5359 3784 5400 unum

2131 5459 2201 5500 ex
2232 5444 2303 5500 iis
2337 5441 2683 5500 laudaverit.
2717 5440 2983 5496 Citantur
3014 5439 3252 5509 quidem
3286 5436 3345 5490 in
3377 5434 3786 5507 speudo-Dex-

447 5565 493 5640 ‘_’
527 5565 628 5640 lib.
664 5565 871 5622 Contra
902 5569 1080 5621 Prax.
1115 5583 1242 5638 cap.
1277 5567 1327 5622 1.
1404 5565 1450 5601 ⁸⁸
1478 5567 1664 5622 Serm.
1697 5566 1754 5636 7,
1786 5569 1845 5623 in
1877 5571 2085 5626 Psalm.
2138 5570 2246 5640 Qui
2296 5570 2528 5639 habitat,
2579 5572 2685 5624 etc.
2766 5566 2813 5602 “
2860 5567 3022 5639 Apud
3074 5564 3344 5621 Photium
3388 5561 3447 5617 in
3500 5559 3779 5617 Biblioth.

379 5638 506 5694 cod.
535 5638 663 5694 232.

697 5763 962 5822 Par-nos.
1011 5761 1119 5822 Gn.
1167 5763 1244 5826 V.

3376 5758 3451 5815 18
