4112 6132
340 333 458 393 555

1412 325 1478 385 S.
1525 322 1925 385 IGNATIUS.
1975 351 2050 367 -
2095 322 2702 385 PROLEGOMENA.

3637 329 3770 419 sse.

316 464 419 520 -tri
449 461 768 528 Chronico;
803 460 904 516 sed
941 458 1171 531 quando
1202 456 1346 513 illud
1378 458 1664 529 scriptum
1697 455 1776 512 sit
1827 471 2001 513 nemo
2030 457 2084 524 Α
2115 455 2219 512 illa
2271 472 2484 512 manus
2534 456 2893 528 recentioris,
2938 461 2997 514 et
3039 459 3255 515 Gracia
3299 425 3772 532 pseudo-Ignatil

344 551 712 625 exploratum
744 549 937 605 habet.
974 549 1031 604 Si
1063 546 1206 618 quid
1237 562 1371 603 vero
1401 545 1662 602 dandum
1705 547 2004 617 conjectu-

345 642 452 714 ris,
484 657 552 698 ex
581 640 793 698 horum
825 636 1230 711 epistoliorum
1262 637 1410 706 styto
1450 639 1507 691 et
1537 635 1867 706 Latinitate,
1897 651 2004 691 nos

2114 544 2380 616 epistolis
2411 545 2582 618 longe
2615 547 2952 618 posterioris
2996 563 3127 604 esse
3179 564 3291 605 non
3354 549 3607 605 absurde
3654 550 3770 605 dici

2115 651 2285 707 posse
2315 635 2633 692 credimus.

1635 1051 1950 1146 PARS
2017 1051 2481 1146 TERTIA.

518 1284 605 1344 De
637 1280 1018 1343 editionibus
1049 1285 1110 1341 et
1138 1278 1531 1342 versionibus
1563 1277 1844 1338 omnium
1879 1275 2109 1356 Ignatii
2137 1276 2569 1356 epistolarum,
2600 1283 2729 1339 tam
2761 1278 3176 1358 genuinarum
3205 1297 3394 1359 quam
3426 1279 3611 1340 adul-

1147 1359 1516 1438 terinarum,
1549 1378 1622 1421 ac
1652 1358 1838 1422 variis
1867 1359 1931 1418 in
1957 1375 2062 1418 eas
2106 1359 2272 1419 notis
2302 1363 2364 1418 et
2394 1359 2954 1421 observationibus.

880 1599 1112 1655 CAPUT
1143 1596 1456 1654 PRIMUM.

341 1710 414 1751 DE
446 1706 801 1750 EDITIONIBUS
830 1707 898 1745 ET
927 1704 1300 1745 νειιειοΝιΒυε
1329 1701 1728 1742 EPISTOLARUM
1761 1700 1995 1740 IGNATII.

736 1762 766 1835 §
805 1765 851 1818 Ι.
885 1762 954 1816 De
983 1759 1320 1816 editionibus
1362 1757 1602 1813 Latinis.

415 1871 631 1936 Prima,
659 1886 786 1942 qua:
808 1869 867 1922 in
905 1884 1118 1924 manus
1149 1874 1378 1922 nostras
1400 1867 1577 1935 venit,
1610 1863 1990 1937 epistolarum

341 1961 784 2032 Ignatianarum
815 1956 1014 2024 editio,
1057 1955 1296 2011 Parisiis
1338 1972 1490 2010 anno
1547 1955 1705 2022 1494,
1757 1954 1994 2024 prodiit,

2108 1597 2490 1666 posteaquam
2522 1595 2788 1668 vulgatas
2819 1597 3028 1669 lgnatii
3065 1597 3344 1670 epistolas
3391 1615 3526 1655 cum
3576 1601 3762 1657 tribus

2109 1699 2286 1738 manu
2321 1685 2573 1741 exaratis
2605 1685 2928 1754 codicibus,
2964 1687 3065 1758 qui
3097 1689 3404 1759 antiquam
3436 1688 3761 1745 versionem

2110 1773 2368 1828 Latinam
2399 1774 2769 1841 exhibebant,
2807 1776 3170 1843 contulisset,
3199 1779 3348 1834 duos
3379 1778 3525 1834 alios
3554 1779 3756 1835 itidem

2108 1865 2540 1936 manuscriptos
2596 1866 2847 1932 codices,
2895 1869 2990 1923 sed
3042 1869 3215 1939 pretii
3277 1869 3460 1924 multo
3521 1871 3760 1941 majoris

2107 1952 2397 2007 fortunate
2427 1953 2672 2020 invenit,
2707 1971 2889 2010 unum
2935 1956 2994 2010 in
3046 1956 3282 2027 publica
3329 1957 3552 2027 collegii
3601 1962 3757 2013 Gun-

341 2048 560 2119 illaque
601 2051 718 2102 tres
767 2049 999 2101 tantum
1052 2042 1353 2115 epistolas,
1400 2044 1549 2098 duas
1593 2042 1663 2097 ad
1713 2041 2000 2097 Joannem
2033 2039 2079 2102 B
2109 2041 2267 2098 welli
2302 2047 2359 2096 et
2388 2042 2507 2097 Caii
2567 2042 2725 2113 apud
2781 2045 3306 2115 Cantabringenses
3365 2046 3759 2115 bibliotheca;

342 2137 695 2210 apostolum,
732 2135 960 2190 tertiam
989 2134 1060 2188 ad
1093 2132 1193 2188 Dei
1211 2131 1551 2205 genitricem
1578 2131 1815 2186 Mariam
1841 2147 1998 2187 com-

359 2226 653 2299 plectitur.
688 2229 861 2279 Anno
895 2227 1088 2278 autem
1125 2222 1261 2276 1498
1293 2221 1476 2276 Faber
1503 2220 1867 2292 Stapulensis
1901 2238 2003 2275 un-

361 2315 549 2371 decim
581 2314 724 2369 alias
751 2311 1026 2384 vulgavit,
1060 2327 1188 2382 quas
1219 2309 1490 2380 deinceps
1521 2310 1911 2380 Argentorati,
1946 2313 2003 2364 et

357 2402 616 2471 Basileze,
649 2417 716 2457 ac
746 2401 979 2456 tandem
1005 2414 1160 2455 anno
1183 2399 1340 2463 1575,
1366 2397 1424 2451 in
1457 2397 1571 2452 ﬁne
1591 2396 1843 2468 Operum
1870 2397 2001 2453 Dio-

261 2558 264 2562 .
355 2491 507 2562 nysii
539 2490 889 2562 Areopagitas
920 2489 1088 2545 edita
1119 2491 1278 2544 sunt.
1312 2487 1518 2542 Postea
1539 2486 2000 2558 Symphorianus

353 2579 731 2652 Champerius
763 2578 998 2634 easdem
1035 2593 1187 2632 anno
1234 2576 1374 2631 1676
1416 2575 1591 2647 praelo
1643 2576 1999 2631 Ascensiano

350 2686 585 2725 rursum
617 2668 888 2739 subjecit,
922 2683 988 2723 ac
1019 2666 1296 2737 epistolas
1339 2665 1410 2719 ad
1463 2667 1768 2732 Joannem,
1819 2667 1876 2718 et
1926 2665 1994 2718 ad

349 2758 592 2814 Mariam
652 2757 986 2828 Deiparam,
1051 2760 1225 2825 atque
1276 2769 1451 2808 unam
1512 2753 1583 2808 ad
1641 2753 1882 2808 Mariam
1932 2769 1999 2808 ex

348 2846 702 2914 Cassobelis,
739 2846 1024 2900 hactenus
1055 2843 1354 2910 ineditam,
1388 2842 1472 2897 eis
1515 2841 1837 2911 subjunxit.
1871 2841 1999 2896 Haec

347 2942 549 2993 autem
609 2934 942 3006 Champerii
992 2932 1167 2988 editio
1220 2931 1394 2986 variis
1446 2931 1598 3002 typis
1647 2931 1996 3002 Antuerpiaa,

348 3024 613 3094 Basileaa,
641 3024 912 3091 Coloniae,
949 3021 1219 3091 Parasiis,
1249 3019 1497 3091 aliisque
1527 3020 1586 3075 in
1618 3020 1866 3074 urbibus
1896 3037 1996 3074 ex-

351 3131 494 3170 cusa
524 3117 634 3169 est.
669 3113 846 3169 Porro
878 3112 963 3165 hae
993 3126 1196 3166 omnes
1228 3109 1513 3165 editiones
1547 3109 1993 3164 Latinetantum

347 3203 714 3274 prodierunt.
1392 3206 1394 3209 ’

487 3309 514 3375 §
549 3308 620 3363 II.
652 3307 728 3362 De
759 3305 1095 3362 editionibus
1127 3305 1350 3375 Gracis,
1391 3310 1442 3361 et
1490 3304 1846 3360 versionibus.

2109 2130 2359 2186 alterum
2393 2132 2450 2185 in
2487 2130 2711 2203 privata
2743 2136 2804 2187 D.
2841 2132 3114 2188 Richardi
3147 2133 3492 2188 Montacutii
3535 2133 3762 2189 Norwi-

2107 2220 2301 2275 censis
2333 2236 2520 2290 nuper
2548 2220 2807 2291 epis00pi
2847 2221 3202 2277 bibliotheca
3249 2223 3585 2294 repositum.
3636 2225 3754 2278 Duo

2103 2311 2297 2364 autem
2339 2309 2734 2380 antiquissimi
2769 2309 2850 2364 illi
2875 2310 3256 2382 epistolarum
3292 2311 3494 2381 lgnatii
3526 2313 3752 2368 codices

2106 2397 2394 2466 Latinam,
2428 2415 2544 2468 qua
2573 2399 2866 2469 genuinus
2898 2415 3096 2454 earum
3127 2403 3323 2456 textus
3355 2401 3578 2471 absque
3612 2401 3748 2457 ullis

2105 2485 2652 2557 interpolationibus
2681 2486 2772 2542 vel
2803 2487 3215 2544 additamentis
3285 2489 3567 2556 redditur,
3624 2506 3753 2545 ver-

2104 2575 2330 2630 sionem
2364 2580 2799 2647 repraesentant.
2832 2577 2912 2630 Ex
2941 2575 3034 2631 his
3065 2577 3262 2648 itaque
3292 2578 3522 2633 duobus
3566 2578 3758 2648 libris,

2105 2667 2282 2735 atque
2315 2663 2443 2718 aliis
2462 2664 2650 2720 tribus
2669 2682 2848 2736 supra
2869 2665 3228 2724 memoratis.
3253 2681 3458 2721 novam
3493 2666 3760 2722 omnium

2104 2752 2541 2824 Ignatiauarum
2576 2753 2952 2825 epistolarum
3011 2754 3351 2824 editionem,
3401 2757 3637 2826 praeﬁxa
3686 2757 3758 2812 iis

2105 2841 2402 2914 Polycarpi
2435 2843 2507 2898 ad
2529 2842 2935 2916 Philippenses
2952 2842 3219 2914 epistola,
3248 2843 3332 2899 sic
3353 2845 3754 2901 adornandam

2102 2930 2380 3002 suscepit.
2415 2931 2672 2986 Primum
2704 2931 2981 3003 genuinis
3014 2932 3226 3003 lgnatii
3257 2933 3523 3004 epistolis
3580 2935 3757 2989 inter-

2100 3020 2332 3090 polatis,
2365 3020 2556 3075 Graece
2585 3025 2641 3075 et
2675 3021 2875 3076 Latine
2905 3023 3148 3091 excusis,
3183 3025 3388 3078 Lucum
3422 3023 3578 3079 dedit
3611 3024 3750 3091 ;sed

2100 3109 2343 3179 antiqua
2373 3124 2576 3164 earum
2608 3111 2812 3164 Latina
2843 3110 3108 3166 versione
3138 3112 3209 3166 ad
3244 3115 3361 3167 tres
3386 3112 3748 3185 supradictos

2098 3195 2326 3252 codices
2359 3197 2787 3267 manuscriptos
2814 3199 3124 3255 emendata
3152 3216 3296 3255 usus
3327 3205 3450 3268 est;
3483 3207 3656 3272 atque
3687 3209 3753 3256 ut

2097 3284 2586 3357 interpolationes
2610 3286 2682 3341 ab
2705 3287 2981 3343 omnibus
3007 3287 3235 3343 facilius
3257 3289 3611 3359 deprehendi
3632 3306 3761 3361 pos-

416 3373 765 3470 Valentinus
816 3412 1051 3469 Paczeus
1111 3428 1262 3468 anno
1312 3373 1450 3467 17557
1524 3412 1632 3466 has
1714 3410 1993 3482 epistolas
2024 3405 2066 3472 C
2105 3377 2260 3482 fin}:
2289 3373 3087 3482 TEflifloffafafidusfit-
3122 3376 3238 3482 llas
3281 3378 3594 3482 excipiunt
3633 3379 3755 3479 epi-

343 3505 534 3560 Grsece
566 3526 594 3554 «
628 3519 697 3559 ex
723 3502 1135 3574 antiquissimo
1174 3501 1524 3557 Ferdinandi
1565 3502 1827 3572 Augusti,
1870 3501 1991 3555 sive

344 3595 702 3665 Augustanaa
757 3591 1125 3647 Bibliotheca:
1169 3590 1386 3658 codice,
1430 3613 1457 3639 »
1503 3589 1700 3644 addita
1740 3590 1990 3646 Perionii

337 3681 625 3749 versione,
661 3681 862 3737 edidit.
897 3681 959 3736 In
993 3679 1101 3735 hac
1131 3683 1326 3735 autem
1360 3678 1633 3746 editione,
1667 3694 1843 3749 quam
1879 3678 1991 3734 Mo-

339 3771 520 3828 rellus
552 3771 644 3826 bis
676 3787 830 3827 anno
863 3769 998 3825 1558
1027 3777 1083 3824 et
1115 3769 1254 3824 1562
1285 3769 1530 3836 recudit,
1564 3784 1641 3823 em
1672 3773 1860 3823 solum
1893 3785 1987 3823 ex-

337 3865 494 3917 stant
548 3859 830 3931 epistolas,
892 3875 1039 3932 quas
1086 3859 1289 3924 Faber,
1333 3859 1416 3912 uti
1463 3857 1739 3924 diximus,
1795 3857 1989 3912 Latine

337 3949 757 4022 divulgaverat.
792 3947 1012 4004 Dehinc
1043 3949 1303 4002 Andreas
1335 3947 1625 4002 Gesnerus
1653 3946 1891 4001 easdem
1924 3963 1991 4002 ex

337 4039 733 4109 manuscripto
763 4036 1134 4092 Bibliothecae
1171 4037 1231 4091 D.
1282 4034 1526 4106 Gaspari
1575 4051 1608 4090 a
1636 4034 1986 4106 Nydpbrych

335 4127 548 4183 iterum
595 4127 807 4196 Graece,
868 4131 1040 4197 atque
1097 4126 1272 4182 etiam
1325 4125 1544 4190 Latine,
1594 4147 1622 4174 ‹‹
1674 4125 1988 4195 interprete

330 4220 554 4271 Joanne
593 4217 872 4271 Brumero
905 4214 1240 4286 publicavit.
1266 4236 1294 4265 »
1324 4213 1726 4269 Arbitrabatur
1755 4214 1986 4284 quidem

331 4321 393 4360 se
426 4305 683 4375 primum
715 4304 848 4359 illas
881 4304 1099 4375 publici
1133 4302 1510 4374 fecissejuris
1536 4323 1549 4371 ;
1575 4304 1673 4358 sed
1705 4303 1818 4375 ipsi
1849 4321 1982 4374 pro-

334 4391 428 4446 cul
472 4391 649 4446 dubio
696 4393 873 4447 editio
932 4392 1116 4447 Pacmi
1175 4391 1473 4463 incognita
1529 4407 1658 4446 esse
1714 4391 1981 4447 debebat.

328 4485 556 4536 Rursus
611 4497 744 4537 vero
802 4498 954 4535 anno
1025 4482 1162 4535 1566
1223 4483 1609 4552 Hieronymus
1658 4480 1983 4537 Vairnelius

325 4567 552 4637 Sylvius
583 4569 817 4623 easdem
851 4567 1154 4638 epistolas,
1190 4569 1261 4623 ad
1307 4569 1591 4639 quosdam
1649 4571 1978 4624 manuscri-

323 4661 456 4729 ptos
507 4656 737 4713 codices
784 4656 1146 4726 emendatas,
1201 4673 1349 4711 nova
1398 4657 1661 4712 versione
1712 4659 1978 4728 donatas,

322 4745 713 4818 pluribusque
755 4745 1261 4800 observationibus
1313 4749 1535 4814 auctas,
1591 4739 1752 4825 novis
1794 4746 1975 4802 edidit
2007 4762 2054 4824 ι)

320 4837 570 4894 Plautini
624 4836 797 4910 typis.
857 4839 1022 4892 Anno
1087 4841 1280 4892 autem
1332 4838 1468 4892 1608
1517 4823 1796 4905 Martialis
1843 4843 1968 4894 Maz-

319 4931 528 4982 strzeus
565 4925 720 4994 illas,
755 4926 918 4981 novis
951 4926 1305 4996 quibusdam
1357 4927 1511 4982 notis
1556 4928 1974 4999 superadditis,

317 5020 530 5083 iterum
564 5015 621 5070 in
653 5016 864 5088 vulgus
902 5014 1164 5086 protulit.
1216 5014 1477 5070 Posthac
1526 5015 1762 5072 Genava:
1824 5035 1976 5073 anno

316 5105 456 5159 1623
511 5104 786 5161 Nicolaus
845 5103 1121 5161 Vedelius
1171 5104 1492 5160 Academia
1548 5106 1860 5175 professor,
1920 5113 1977 5163 et

313 5195 661 5251 Calvinianas
717 5199 885 5251 secta:
938 5194 1226 5261 minister,
1286 5195 1571 5267 castigata
1631 5200 1759 5267 post
1834 5197 1970 5251 Mre-

309 5288 542 5340 straaum
595 5283 874 5338 Vairnelli
923 5282 1100 5355 Sylvii
1151 5283 1437 5349 versione,
1489 5283 1727 5338 easdem
1777 5284 1972 5341 Graeco

309 5369 626 5443 Latinoque
661 5372 996 5428 charactere
1021 5371 1218 5428 emisit
1251 5373 1312 5425 in
1358 5369 1576 5425 lucem.

734 5480 764 5550 §
794 5478 886 5535 ΠΙ.
923 5479 998 5534 De
1039 5477 1282 5532 editione
1311 5477 1536 5534 Usseriz'.

367 5581 620 5637 Jacobus
678 5584 948 5639 Usserius
1009 5582 1486 5654 archiepiscopus
1565 5587 1966 5646 Armachanus

2103 3461 2265 3517 stolae
2297 3461 2440 3517 falso
2474 3463 2683 3535 lgnatii
2718 3463 2954 3525 nomine
2987 3464 3303 3536 inscriptae,
3353 3466 3571 3537 quibus
3620 3468 3749 3537 epi-

2097 3549 2304 3604 stolam
2341 3550 2529 3605 Mariaa
2552 3551 2925 3608 Cassobelitas
2951 3553 3024 3608 ad
3046 3553 3338 3624 Ignatium
3359 3553 3454 3609 ille
3477 3555 3746 3626 praeﬁxit,

2097 3643 2154 3694 et
2186 3639 2362 3693 trium
2396 3641 2867 3710 supradictorum
2903 3643 3167 3698 codicum
3191 3659 3298 3715 ope
3321 3645 3508 3700 varios
3532 3646 3747 3701 Latinae

2097 3744 2299 3783 earum
2357 3731 2645 3784 versionis
2706 3747 2898 3787 naevos
2954 3732 3282 3802 abstergere
3339 3740 3585 3789 conatus
3635 3741 3747 3790 est.

2097 3817 2312 3874 Ultimo
2345 3820 2575 3874 tandem
2615 3819 2741 3876 loco
2775 3823 3013 3892 ponitur
3045 3823 3476 3894 antiquissima,
3514 3825 3598 3880 uti
3656 3827 3750 3881 di-

2094 3908 2518 3977 ximus,versio
2572 3911 2957 3980 genuinarum
3008 3912 3217 3983 lgnatii
3268 3913 3674 3982 epistolarum,
3715 3932 3746 3971 e

2095 4014 2346 4069 quarum
2379 4015 2621 4056 numero
2653 4000 2904 4072 epistola
2934 4001 3008 4057 ad
3036 4001 3420 4074 Polycarpum
3448 4005 3743 4061 immerito

2095 4087 2446 4145 excluditur.

2543 4217 2570 4284 ε
2601 4216 2688 4271 IV.
2724 4216 2795 4272 De
2823 4216 3061 4274 editione
3109 4219 3294 4274 Vossii.

2163 4357 2305 4409 Cum
2336 4357 2576 4412 Vossius
2607 4357 2716 4412 iter
2745 4357 2803 4412 in
2838 4358 3061 4414 Italiam
3093 4365 3309 4430 ageret,
3358 4365 3416 4416 et
3463 4360 3741 4416 Florenti-

2092 4459 2226 4497 nam
2280 4445 2624 4499 Ferdinandi
2681 4446 2728 4500 ΙΙ
2778 4449 3020 4502 Etruriae
3075 4449 3263 4519 ducis,
3317 4449 3737 4507 Bibliothecam

2092 4531 2491 4601 perlustraret,
2569 4534 2769 4589 incidit
2837 4537 2896 4590 in
2967 4539 3221 4593 codicem
3300 4539 3495 4595 Graeca
3567 4557 3742 4597 manu

2089 4628 2410 4687 exaratum,
2470 4621 2569 4692 qui
2629 4625 2863 4679 easdem
2913 4630 3090 4696 atque
3135 4627 3205 4681 ab
3263 4628 3494 4683 Usserio
3541 4628 3740 4684 Latine

2089 4708 2296 4775 editas,
2325 4709 2633 4779 genuinas,
2665 4716 2721 4766 et
2751 4714 2876 4768 siue
2907 4714 3458 4786 interpolationibus
3481 4723 3538 4773 et
3568 4719 3733 4773 addi-

2084 4797 2360 4851 tamentis
2406 4799 2681 4868 epistolas
2737 4803 2942 4872 lgnatii
2993 4805 3349 4861 continebat.
3398 4806 3591 4861 Codex
3639 4807 3740 4863 ille

2089 4887 2323 4939 centum
2351 4889 2483 4940 ante
2516 4887 2687 4942 annis
2719 4905 2752 4943 a
2781 4889 3091 4956 Turriano,
3141 4896 3206 4946 ut
3253 4893 3507 4948 creditur
3551 4893 3735 4961 visus,

2087 4986 2192 5025 nec
2221 4988 2388 5028 veras
2419 4975 2626 5044 lgnatii
2660 4975 2934 5046 epistolas
2965 4999 2995 5032 a
3027 4979 3192 5034 falsis
3223 4981 3736 5052 supposititiisque

2085 5059 2414 5132 distinguit,
2448 5079 2553 5118 nec
2586 5063 2812 5137 integer
2841 5071 2961 5136 est;
3010 5069 3226 5140 quippe
3275 5069 3372 5139 qui
3423 5069 3729 5141 epistolam

2085 5154 2272 5206 sancti
2306 5152 2574 5221 martyris
2606 5154 2676 5208 ad
2709 5155 3002 5212 Romanos
3027 5175 3142 5213 non
3166 5159 3436 5214 exhibeat
3453 5160 3730 5230 amplius.

2087 5238 2322 5296 Vossius
2353 5240 2550 5312 itaque
2581 5243 2652 5297 ad
2684 5260 2824 5299 suos
2850 5247 3054 5314 redux,
3081 5264 3288 5303 novam
3314 5248 3734 5304 Amstelodami

2082 5343 2236 5383 anno
2270 5330 2407 5384 1646
2436 5330 2817 5402 epistolarum
2872 5335 3084 5406 lgnatii
3132 5335 3444 5391 editionem
3486 5339 3741 5394 adorna-

2083 5416 2188 5484 vit,
2217 5434 2338 5488 qua
2363 5422 2589 5477 Graecas
2619 5437 2687 5476 ex
2718 5421 2814 5476 illo
2846 5422 3180 5479 Florentino
3210 5426 3434 5497 codice,
3499 5427 3740 5483 Latinas

2081 5521 2214 5560 vero
2245 5522 2312 5561 ex
2337 5508 2753 5579 antiquissima
2784 5511 3075 5580 versione,
3109 5513 3181 5570 ab
3218 5515 3449 5571 Usserio
3478 5515 3738 5587 vulgata,

2077 5596 2278 5651 emisit
2308 5595 2369 5653 in
2395 5597 2724 5666 publicum.
2757 5600 2858 5656 His
2900 5615 3035 5658 vero
3085 5603 3353 5674 epistolis
3407 5604 3555 5663 alias
3601 5621 3736 5662 cum
