4112 6132
421 344 536 405 557

1343 348 1415 407 D.
1463 346 1800 408 NOURRII
1843 343 2390 406 DISSERTATIO.
2433 379 2508 393 —
2552 348 2755 410 PARS
2799 349 2906 410 III.

3715 359 3833 418 558

417 477 780 534 adulterinas
827 482 953 534 tum
1006 479 1390 552 interpolatae
1448 497 1582 536 cum
1633 481 1758 537 suis
1803 478 2066 549 antiquis
2096 481 2151 547 Α
2181 479 2447 550 ejusdem
2475 485 2666 538 textus
2717 482 3190 554 illustrationem,
3223 491 3396 560 atque
3437 488 3598 548 illius
3627 501 3830 550 contra

414 566 782 623 versionibus
816 567 1040 624 Latinis
1074 568 1362 639 adiunxit.

413 691 442 762 §
488 693 545 746 V.
605 691 682 745 De
732 691 976 747 editione
1032 692 1350 763 appendicis
1409 694 1738 760 Usserianae,
1777 692 2054 759 Cotelerii,

1062 769 1113 818 et
1141 765 1406 820 aliorum.

481 867 877 939 Subsequenti
913 887 1064 925 anno
1092 870 1390 941 Usserius,
1412 871 1532 927 visa
1562 871 1753 926 Vossii
1788 870 2058 936 editione,

414 957 780 1028 Ignatianam
842 959 1091 1014 Londini
1145 960 1441 1015 accuravit
1495 961 1895 1031 appendicem,
1944 976 2061 1030 qua

405 1045 689 1116 genuinas
745 1051 1154 1104 tantummodo
1206 1048 1413 1121 Ignatii
1455 1050 1733 1121 epistolas
1781 1049 1974 1104 Graece
2004 1052 2060 1103 et

400 1135 597 1190 Latine
645 1136 990 1208 complexus
1022 1143 1132 1193 est.
1167 1139 1228 1194 In
1260 1155 1327 1194 ea
1373 1140 1560 1208 primo
1609 1143 1873 1194 Graecum
1909 1141 2055 1192 Vos-

405 1224 579 1279 sianas
613 1225 1126 1282 editionistextum
1161 1244 1226 1283 ex
1262 1229 1462 1284 Latina
1480 1229 1741 1284 versione
1773 1225 2058 1298 antiquis-

402 1313 572 1384 sima,
609 1319 667 1370 et
695 1315 855 1370 Junii
890 1317 1194 1387 Vossiique
1248 1318 1603 1389 conjecturis
1634 1315 1920 1389 corrigere
1951 1330 2054 1386 ag-

403 1419 664 1474 gressus,
696 1421 764 1460 ex
795 1406 1026 1461 duabus
1057 1407 1268 1464 deinde
1309 1409 1646 1466 earumdem,
1672 1405 2047 1478 epistolarum

399 1493 770 1568 versionibus
829 1494 1058 1564 Latinis,
1093 1496 1275 1552 altera
1323 1496 1746 1568 antiquissima,
1807 1495 1984 1550 altera
2016 1511 2050 1549 a

395 1583 585 1656 Sylvio
615 1585 978 1654 edita,unam
1017 1586 1117 1640 ille
1151 1587 1502 1659 composuit.
1526 1586 1812 1652 Quoniam
1847 1588 2045 1641 autem

392 1672 637 1744 epistola
691 1675 756 1728 ad
793 1673 1088 1730 Romanos
1139 1691 1207 1729 ex
1256 1676 1656 1746 manuscripto
1706 1675 2043 1735 Florentino

394 1763 581 1818 fuerat
613 1762 1020 1832 avulsa,illam
1054 1781 1185 1820 cum
1219 1766 1434 1822 Graecis
1466 1767 1726 1836 martyrii
1756 1768 2040 1838 Ignatiani

2181 573 2508 640 novatores,
2559 572 2616 626 in
2668 572 2994 644 primisque
3041 575 3363 632 Scultetum
3423 579 3823 640 defensionem

2177 662 2316 713 sunt
2355 659 2544 715 editae.
2607 661 2719 716 Sed
2751 662 2959 734 cuique
2991 670 3267 734 praeterea
3324 667 3588 738 epistola
3651 689 3818 729 suam

2175 747 2462 820 analysin,
2495 748 2684 821 iisque
2723 751 2999 807 omnibus
3029 755 3311 826 synopsin
3341 755 3484 812 Vitas
3534 759 3744 830 Iguatii
3769 770 3825 817 et

2173 838 2436 892 omnium
2470 839 2848 910 epistolarum
2881 841 3209 914 apologiam
3244 846 3634 914 prmmisit.At
3667 854 3820 906 certe

2171 923 2222 977 si
2254 923 2349 979 ille
2382 926 2437 980 in
2491 928 2666 982 rebus
2698 929 2915 985 criticis
2960 933 3147 1002 magis
3179 933 3389 988 fuisset
3444 938 3816 1008 exercitatus,

2169 1012 2254 1067 vel
2286 1019 2416 1082 post
2451 1014 2664 1071 Usserii
2698 1017 3006 1089 Vassiique
3038 1020 3341 1087 editiones,
3365 1040 3532 1079 suam
3560 1026 3819 1083 dedisset

2168 1101 2519 1174 apologiam,
2552 1121 2854 1176 nunquam
2889 1109 3145 1178 profecto
3187 1111 3561 1180 adulterinas,
3597 1131 3815 1188 suppo-

2165 1190 2496 1263 sititiasque
2527 1195 2994 1267 epistolas,zeque
3024 1214 3088 1253 ac
3122 1215 3285 1254 veras
3320 1201 3544 1271 lgnatio
3577 1204 3813 1273 adjudi-

2162 1280 2381 1335 caudas
2413 1297 2541 1336 esse
2563 1298 2735 1337 suum
2769 1283 2826 1338 in
2862 1285 3126 1340 animum
3160 1288 3503 1345 induxisset.

2231 1368 2501 1426 Nicolaus
2536 1371 2808 1428 Vedelius
2859 1377 2988 1444 post
3009 1374 3272 1447 singulas
3296 1395 3559 1450 quasque
3589 1381 3810 1452 episto-

2156 1457 2243 1514 las
2276 1459 2508 1531 longam
2542 1461 3026 1531 dissertationem,
3059 1465 3234 1521 variis
3283 1469 3571 1538 capitibus
3602 1473 3810 1531 distin-

2157 1549 2790 1622 ctam,subjunxit,qua
2817 1551 3165 1609 Calvinianae
3199 1572 3320 1612 suae
3351 1562 3522 1614 secta:
3553 1576 3803 1629 errores,

2154 1643 2210 1692 et
2238 1637 2353 1693 alia
2383 1639 2650 1710 quaedam
2709 1640 3011 1709 doctrinas,
3045 1641 3492 1718 disciplinaeque
3539 1651 3805 1708 ecclesia-

2153 1727 2310 1782 stica
2341 1727 2533 1798 capita
2581 1729 2859 1785 adversus
2888 1730 3310 1788 Bellarminum
3362 1751 3426 1790 ac
3485 1739 3801 1796 Baronium

391 1853 566 1924 Actis,
600 1817 1938 1929 aintuastati;nauigat."ita}
1986 1873 2047 1914 se
2077 1854 2122 1918 Β
2155 1817 3237 1929 Ρτειῖῗὲθῗὲῗῇξυεξθίῖίέζ,9³ξ⁸¹⁰θ
3286 1829 3482 1929 “ut”?
3535 1829 3744 1929 ad”???
3783 1846 3797 1884 ³

396 1943 656 2014 repertis,
703 1943 1038 2016 ibidemque
1072 1945 1328 2016 primum
1379 1945 1694 2017 publicatis
1751 1945 2041 2016 collatam,

393 2033 736 2104 mendisque
756 2039 1138 2106 expurgatam
1158 2034 1342 2091 voluit
1373 2037 1595 2092 caeteris
1609 2035 1884 2092 omnibus
1905 2037 2041 2092 sub-

390 2123 558 2178 necti.

452 2211 775 2268 Cotelerius
809 2213 865 2267 in
900 2230 1007 2269 sua
1037 2214 1289 2286 Operum
1341 2215 1438 2272 SS.
1467 2216 1719 2284 Patrum,
1755 2215 1853 2288 qui
1888 2220 2032 2270 tem-

385 2300 624 2372 poribus
657 2301 989 2374 apostolicis
1008 2303 1613 2369 ﬂoruerunt,editione
1636 2321 1839 2360 omnes
1871 2308 2035 2375 Igna-

382 2392 444 2445 tii
477 2390 779 2462 epistolas,
831 2408 1019 2458 veras,
1048 2392 1448 2464 interpolatae,
1482 2393 1839 2460 subdititias,
1865 2394 2034 2449 adul-

380 2482 619 2548 terinas,
673 2481 774 2535 sed
811 2497 843 2536 a
873 2497 934 2536 se
962 2480 1213 2536 invicem
1246 2482 1573 2550 distinctas,
1608 2487 1664 2538 et
1717 2499 1824 2538 suo
1851 2499 2029 2553 quas-

381 2583 487 2638 que
517 2567 835 2626 collocatas
883 2569 940 2624 in
975 2570 1200 2640 ordine,
1250 2571 1403 2642 typis
1454 2571 1663 2626 iterum
1711 2571 2028 2625 mandavit.

380 2657 534 2713 Duas
561 2657 640 2714 ibi
695 2674 896 2714 earum
927 2658 1087 2713 dedit
1137 2658 1432 2714 versiones
1473 2659 1730 2727 Latinas,
1773 2674 2026 2730 quarum

383 2747 572 2819 prima
598 2747 898 2818 genuinas,
941 2748 1198 2802 secunda
1247 2748 1584 2819 suppositas
1614 2748 2028 2818 interpretatus

391 2839 497 2890 est.
529 2835 634 2890 Se'l
669 2835 818 2905 prior
849 2836 1068 2892 ultimae
1126 2837 1409 2893 versionis
1439 2836 1789 2902 Usserianas,
1826 2842 2024 2910 poste-

390 2924 512 2978 rior
541 2924 867 2981 versionum
897 2925 1143 2998 Sylviiet
1168 2925 1429 2982 Maestrasi
1453 2925 1644 2997 potius
1673 2926 2028 2982 emendatior

382 3013 784 3087 interpretatio
817 3017 1065 3073 dicenda
1095 3026 1384 3088 est,quam
1411 3034 1575 3074 nova.

450 3103 710 3176 Denique
761 3105 1020 3174 epistola:
1053 3106 1264 3179 lgnatii
1303 3107 1358 3160 in
1395 3107 1670 3162 omnibus
1701 3105 2022 3162 Bibliothe-

387 3211 584 3249 carum
623 3199 862 3250 Patrum
896 3197 1251 3252 editionibus
1302 3197 1629 3253 habuerunt
1659 3197 1852 3254 locum
1880 3217 1894 3268 ;
1919 3203 2023 3259 sed
2062 3203 2104 3270 C

381 3283 588 3338 nullibi
626 3284 741 3340 nisi
788 3284 847 3340 in
879 3285 1282 3342 Greco-latina
1341 3287 1493 3358 typis
1537 3289 1748 3344 Graecis
1798 3306 2022 3346 excusas

375 3381 530 3428 sunt.
597 3374 661 3429 In
721 3373 853 3429 aliis
902 3391 1036 3430 vero
1093 3375 1265 3430 varias
1335 3376 1685 3432 exhibentur
1729 3378 2025 3436 versiones

373 3463 594 3518 Latinae.
633 3479 646 3530 ;
689 3468 744 3517 et
795 3463 1029 3534 quidem
1080 3466 1136 3518 in
1199 3463 1780 3537 Orthodoxograpbia
1837 3469 2023 3525 versio

372 3552 616 3622 antiqua
656 3551 761 3617 ;in
804 3551 1168 3607 Bibliotheca
1217 3554 1527 3609 Parisiensi
1560 3559 1616 3610 et
1673 3555 2020 3627 Coloniensi,

371 3645 427 3693 et
459 3640 868 3696 Graeco-latina
901 3641 1300 3713 interpretatio
1331 3641 1505 3712 Sylvii
1535 3645 1791 3715 reposita
1821 3650 1923 3701 est.
1958 3652 2020 3702 ln

372 3727 728 3784 bibliotheca
759 3731 995 3784 demum
1029 3731 1405 3802 Lugdunensi
1454 3732 1580 3786 dus:
1611 3743 1748 3787 sunt
1780 3751 2014 3790 earum-

372 3818 501 3872 dem
537 3817 914 3888 epistolarum
949 3820 1481 3892 interpretationes,
1519 3838 1766 3892 quarum
1805 3840 1920 3879 una
1950 3841 2018 3880 ex

371 3905 572 3976 Sylvii,
605 3907 791 3962 altera
821 3923 887 3961 ex
929 3905 1120 3963 Vossii
1156 3908 1408 3964 editione
1440 3910 1753 3982 desumpta
1783 3913 2017 3982 quidem

367 3995 480 4049 fuit
509 4015 524 4059 :,
559 3995 662 4050 sed
696 3995 806 4051 illae
838 3997 896 4051 in
929 3996 1050 4051 haec
1089 3997 1408 4069 posteriore
1440 4000 1809 4056 fraudulento
1844 4001 2018 4057 falso-

367 4102 481 4156 que
511 4085 898 4157 genuinarum
944 4087 1150 4159 lgnatii
1183 4087 1561 4159 epistolarum
1595 4089 1764 4146 titulo
1808 4091 2016 4148 inscri-

366 4173 609 4232 buntur.

1021 4284 1250 4341 CAPUT
1294 4285 1364 4340 Il.

806 4409 1014 4450 IGNATII
1057 4409 1347 4449 EPISTOLAS
1399 4410 1556 4449 NOTIS
1614 4411 1679 4450 ΕΤ
1733 4411 2009 4452 OBSERVA'

1049 4480 1336 4520 TIONIBUS.

361 4408 430 4446 DE
463 4408 647 4448 VARUS
694 4408 751 4447 IN

2153 1927 2180 1956 ‹‹
2216 1905 2393 1962 Notas
2423 1906 2682 1973 criticas,
2717 1912 2773 1963 et
2817 1909 3249 1967 observationes
3298 1916 3581 1985 quaedam
3611 1917 3799 1990 philo-

2149 1995 2370 2069 logicas
2395 1997 2452 2052 in
2483 1997 2760 2068 epistolas
2815 2004 3036 2070 septem
3070 2018 3380 2072 germanas
3413 2005 3637 2076 Ignatii.
3673 2033 3696 2062 ι
3733 2015 3798 2066 In

2149 2086 2222 2141 iis
2261 2087 2616 2158 quandoque
2647 2087 2974 2145 versionem
3006 2095 3564 2166 suam,quandoque
3589 2100 3797 2168 genui-

2148 2191 2249 2230 nas
2289 2176 2498 2247 Ignatii
2544 2175 2822 2247 epistolas
2873 2182 3070 2234 tuetur
3097 2185 3155 2236 et
3185 2182 3414 2248 asserit,
3449 2187 3796 2258 quandoque

2145 2281 2346 2320 earum
2377 2265 2854 2336 interpolationes
2897 2266 3136 2336 indicat,
3174 2271 3523 2342 quandoque
3556 2275 3792 2332 tandem

2143 2355 2362 2407 textum
2394 2367 2592 2408 earum
2624 2352 2872 2423 explicat
2901 2358 3002 2408 aut
3031 2355 3290 2428 corrigit.

2213 2439 2417 2496 Billius
2451 2456 2684 2511 quoque
2731 2442 3042 2511 quasdam,
3097 2448 3160 2498 ut
3207 2445 3328 2514 ipse
3387 2449 3488 2514 ait,
3519 2449 3790 2506 observa-

2139 2528 2438 2584 tiunculas
2488 2531 2559 2584 ad
2621 2530 2912 2602 lgnatiani
2970 2535 3157 2588 textus
3189 2534 3392 2602 Graeci,
3427 2539 3513 2594 vel
3569 2539 3792 2597 Latina:

2140 2616 2302 2672 illius
2333 2618 2617 2674 versionis
2666 2621 3130 2677 emendationem
3173 2626 3496 2694 posteritati
3532 2629 3787 2701 reliquit.
3877 2615 3885 2620 A

2137 2764 2164 2830 §
2218 2763 2290 2819 II.
2354 2763 2427 2817 De
2477 2762 2932 2890 adnotationibtis
2986 2767 3234 2849 .Usserii’,
3287 2769 3457 2825 Vossii
3527 2775 3578 2827 el
3635 2775 3788 2832 Cote-

2912 2851 3038 2890 em.

2912 2851 3038 2893 ενα.

2212 2967 2478 3025 Usserius
2539 2984 2674 3026 vero
2729 2969 2926 3042 plures
2964 2971 3150 3028 edidit
3199 2974 3629 3048 adnotationes,
3669 3002 3690 3032 ι
3727 2983 3786 3038 ἱῑι

2138 3057 2376 3127 quibus,
2398 3057 2592 3129 inquit
2622 3058 2744 3128 ille,
2776 3058 3109 3116 Graecorum
3140 3063 3584 3136 exemplarium,
3609 3079 3662 3124 et
3693 3071 3785 3126 in-

2135 3150 2224 3200 ter
2253 3150 2400 3214 se,et
2431 3163 2564 3202 cum
2599 3150 2843 3218 utraque
2860 3152 3051 3204 vetere
3073 3151 3279 3207 Latina
3306 3153 3785 3226 interpretatione

2134 3235 2490 3306 comparatio
2549 3236 2899 3291 continetur.
2964 3260 2991 3287 ››
3020 3239 3130 3294 Sed
3190 3257 3322 3296 cum
3357 3242 3467 3298 illae
3499 3247 3784 3316 genuinas

2135 3327 2367 3379 tantum
2397 3324 2678 3395 epistolas
2720 3327 2926 3397 Ignatii
2967 3333 3326 3399 spectarent,
3358 3333 3502 3390 alias
3533 3335 3592 3391 in
3626 3353 3784 3393 com-

2137 3416 2430 3471 mentitias
2461 3421 2520 3472 et
2549 3415 2912 3473 adulterinas
2941 3419 3000 3473 in
3032 3421 3361 3492 Appendice
3389 3441 3499 3481 sua
3529 3428 3783 3496 posthac

2133 3507 2337 3563 edidit.
2373 3507 2598 3564 Priores
2639 3515 2706 3563 ut:
2754 3510 2982 3580 praefert
3013 3511 3246 3583 titulus,
3285 3517 3572 3586 quasdam
3607 3521 3780 3591 Igna-

2133 3595 2276 3650 tiani
2307 3599 2503 3651 textus
2544 3599 2958 3665 correctiones,
2990 3605 3091 3655 aut
3123 3602 3409 3658 variantes
3453 3608 3781 3664 manuscri-

2131 3687 2365 3753 ptorum
2390 3684 2658 3739 codicum
2686 3684 2964 3741 lectiones
2996 3687 3656 3750 exhibent.Posteriores
3691 3713 3782 3751 ve-

2131 3788 2192 3826 ro
2213 3771 2301 3828 vel
2330 3771 2579 3827 aliarum
2619 3773 3002 3843 epistolarum
3033 3776 3371 3846 falsitatem,
3407 3791 3506 3836 aut
3538 3781 3773 3842 illarum

2129 3875 2263 3916 cum
2320 3859 2664 3931 apostolicis
2740 3864 3268 3922 Constitutionibus
3324 3867 3773 3931 similitudinem

2129 3949 2484 4020 patefaciunt
2512 3954 2569 4004 et
2598 3950 3019 4009 demonstrant.

2195 4037 2685 4094 Adnotationibus
2716 4041 2906 4096 Vossii
2939 4043 3101 4098 solus
3133 4047 3521 4116 genuinarum
3555 4050 3770 4121 episto-

2123 4125 2313 4182 larum
2345 4130 2533 4182 textus
2565 4127 2910 4200 castigatur,
2941 4135 3039 4186 aut
3086 4135 3373 4190 enodatur
3419 4153 3433 4203 ;
3467 4141 3768 4197 nonnullis

2123 4216 2450 4282 tamen,sed
2485 4215 2862 4287 paucissimis
2893 4221 3284 4288 quarumdam
3316 4224 3528 4282 veritas
3551 4229 3765 4299 episto-

2124 4303 2302 4359 larum
2329 4303 2633 4358 asseritur.
2685 4307 3001 4376 Postquam
3035 4313 3231 4365 autem
3283 4311 3622 4373 Blondellus
3650 4335 3766 4374 non

2122 4391 2285 4447 nulla
2323 4392 2532 4446 harum
2586 4393 3156 4453 animadversionum
3210 4407 3402 4458 errata
3454 4406 3765 4478 arguisset,

2120 4486 2263 4538 tunc
2301 4481 2545 4538 Vossius
2575 4482 2842 4553 epistola,
2875 4485 2946 4540 ad
3007 4487 3279 4546 Rivetum
3336 4493 3494 4565 data,
3525 4501 3703 4569 atque
3733 4517 3766 4556 a

361 4573 390 4638 §
439 4569 482 4624 Ι.
517 4572 606 4659 ’ρο
641 4570 903 4659 fallisuel
948 4572 1429 4659 nobs-ornationis?
1472 4573 2013 4659 'Vairnet‘iinﬁylvii,
2047 4569 2088 4632 D
2117 4571 2428 4628 Pearsonio
2478 4572 2534 4626 in
2576 4570 2732 4628 calce
2763 4571 3167 4633 Vindiciarum
3224 4596 3460 4638 suarum
3507 4585 3762 4659 vulgata,

507 4643 793 4697 Martiali:
816 4642 1088 4712 Maestrwi,
1123 4643 1342 4698 Nicolai
1375 4644 1586 4701 Vedelii
1605 4654 1658 4700 et
1688 4642 1866 4703 Βὶιιίὶξ

433 4748 513 4802 Ex
545 4748 615 4803 iis
634 4748 733 4820 qui
765 4749 1022 4821 aliquam
1044 4751 1429 4823 epistolarum
1455 4753 1663 4824 Ignatii
1697 4754 2009 4810 editionem

358 4837 810 4906 adornaverunt,
872 4838 1112 4910 plurimi
1180 4839 1315 4895 illas
1375 4841 1528 4894 notis
1589 4842 2010 4898 observationi-

355 4925 578 4994 busque
623 4926 750 4981 suis
799 4925 1096 4983 illustrare
1139 4928 1401 4999 aggressi
1433 4933 1594 4985 sunt.
1644 4933 1723 4985 Ac
1754 4931 2008 5002 primum

354 5015 593 5087 quidem
629 5015 961 5072 Vairnelius
985 5015 1214 5088 Sylvius
1227 5018 1493 5088 quaedam
1512 5019 1569 5073 in
1589 5035 1687 5074 eas
1719 5021 2005 5088 observat,

355 5103 430 5158 ad
460 5107 652 5159 textus
681 5104 861 5160 Graaci
923 5110 1024 5160 aut
1074 5106 1359 5162 versionis
1393 5123 1511 5162 sua:
1562 5107 2004 5179 explicationem

352 5192 742 5247 conducentia
780 5211 792 5258 ;
828 5194 926 5248 sed
989 5210 1109 5264 qua:
1141 5195 1211 5248 ad
1273 5199 1498 5250 textum
1549 5202 1834 5268 spectant,
1863 5215 2004 5270 pau-

351 5281 512 5336 ciora
575 5286 735 5348 sunt,
797 5283 1158 5354 minorisque
1208 5287 1506 5340 momenti.
1570 5286 1649 5341 Ea
1697 5291 1892 5342 tamen
1942 5288 2002 5342 in

352 5369 628 5425 omnibus
663 5371 898 5426 Patrum
939 5372 1316 5428 Bibliothecis
1351 5373 1644 5444 publicata
1674 5375 1925 5430 luerunt.

2123 4661 2197 4718 ad
2230 4661 2362 4718 illas
2389 4666 2620 4717 strenue
2653 4666 3106 4734 propugnandas
3138 4683 3453 4741 aggressus
3486 4680 3592 4730 est.

2193 4751 2493 4806 Postremo
2523 4750 2843 4807 Cotelerius
2874 4751 2933 4808 in
2965 4770 3168 4812 omnes
3200 4758 3404 4828 Ignatii
3431 4765 3610 4818 nostri
3643 4766 3763 4836 epi-

2119 4839 2300 4896 stolas
2332 4844 2499 4896 notas
2532 4839 2727 4896 emisit
2755 4845 2932 4912 atque
2963 4844 3417 4905 observationes.
3452 4851 3606 4914 Quas
3629 4869 3762 4909 vero

2120 4930 2178 4984 in
2211 4929 2494 5000 genuinas
2526 4929 2623 4984 ille
2655 4930 2915 5001 protulit,
2949 4949 3030 4988 eae
3060 4937 3281 4991 caeteris
3313 4939 3590 4994 omnibus
3624 4950 3761 4997 sunt

2117 5017 2426 5090 longiores,
2460 5017 2650 5089 iisque
2681 5035 2794 5074 non
2825 5019 3016 5076 solum
3049 5027 3241 5080 textus
3273 5024 3622 5096 illustratur,
3657 5037 3759 5085 sed

2115 5106 2203 5162 his
2260 5106 2634 5178 potissimum
2693 5109 2953 5178 epistolas
2989 5111 3214 5182 Ignatio
3261 5113 3651 5171 vindicantur.
3688 5121 3752 5174 In

2115 5194 2246 5251 aliis
2277 5211 2447 5266 Porro
2461 5195 3174 5255 adnotationibustextum
3207 5203 3467 5258 auctoris
3489 5220 3554 5259 ex
3589 5206 3761 5263 variis

2114 5285 2360 5340 aliorum
2392 5287 2626 5338 Patrum
2659 5285 3015 5341 testimoniis
3048 5290 3336 5361 praecipue
3367 5293 3654 5362 explanat,
3690 5314 3758 5352 ac

2112 5373 2463 5444 quibusdam
2509 5371 2563 5425 in
2592 5369 2736 5425 locis
2768 5371 2837 5425 de
2871 5373 3221 5448 virginitate,
3256 5378 3326 5434 de
3358 5381 3762 5452 apostolorum

423 5459 709 5515 Martialis
760 5459 1077 5517 Maestraeus
1133 5461 1332 5532 plures
1372 5478 1606 5533 quoque
1650 5462 1707 5517 in
1764 5465 1996 5521 easdem
2107 5459 2841 5533 conjugio,nonnullisque
2873 5462 2944 5516 de
2968 5461 3253 5522 hareticis
3284 5484 3612 5526 sermonem
3649 5473 3765 5529 dis-

348 5546 889 5604 animadversiones
920 5549 1194 5619 vulgavit,
1227 5566 1477 5622 quarum
1509 5550 1639 5605 alite
1669 5551 1739 5606 ad
1772 5555 1991 5607 textum

346 5636 643 5708 Graecum,
674 5638 1122 5710 versionemque
1167 5655 1335 5696 suam
1386 5639 1682 5712 pertinent
1712 5659 1728 5714 ;
1763 5640 1886 5698 alia
1919 5643 1992 5699 ad

2107 5551 2591 5624 putationemque
2623 5548 2897 5605 instituit.
2931 5551 3216 5610 Caeterum
3263 5573 3472 5614 omnes
3511 5559 3622 5616 illa:
3659 5563 3763 5618 do-

2108 5639 2358 5698 ctissimi
2390 5638 2498 5695 viri
2551 5638 2986 5698 observationes
3015 5643 3277 5712 ejusdem
3336 5651 3477 5704 sunt
3505 5653 3758 5721 generis.
