4112 6132
321 409 439 471 559

321 588 673 696 ign-Qun;
698 619 838 693 quid
890 588 1361 670 dissimulamus,
1395 599 1538 656 illud
1570 590 1786 651 eruditi
1818 588 1975 642 desi-

325 719 628 780 derant,ut
656 730 690 768 a
713 705 1010 782 proposito
1039 695 1293 756 auctoris
1311 692 1400 748 sui
1426 693 1590 744 textu
1611 681 1806 739 minus
1829 691 1941 744 saep

327 764 762 879 illewdigressiis
794 764 1136 860 fuisset,nec
1155 785 1278 842 suis
1309 787 1426 837 tam
1445 775 1612 832 facile
1634 764 1982 827 indulsisset

973 1003 1200 1065 CAPUT
1241 999 1336 1056 IlI.

343 1166 594 1220 QUEDAM
635 1158 800 1202 NOVE
840 1141 1288 1195 OBSERVATIONES
1327 1138 1386 1177 IN
1425 1129 1636 1174 lGNATIl
1676 1121 1986 1166 EPISTOLAS.

771 1268 802 1341 §
832 1267 876 1322 l.
917 1265 990 1318 De
1022 1254 1228 1314 Christi
1255 1247 1564 1306 divinitate.

415 1404 518 1462 His
569 1401 875 1455 doctorum
926 1383 1232 1442 hominum
1266 1364 1776 1432 observationibus
1817 1359 1864 1415 si
1898 1355 1998 1413 ali-

350 1495 488 1569 quid
552 1488 800 1558 adjicere
857 1475 1028 1534 nobis
1081 1471 1272 1536 liceat,
1332 1464 1521 1534 primo
1581 1449 1998 1510 adnotabimus

936 1565 945 1569 -
1133 1559 1145 1569 .
1198 1559 1208 1568 .
1289 1554 1325 1569 ..
1370 1552 1382 1564 .
1679 1541 1748 1569 AL
1787 1535 1998 1569 Imm“

353 1535 687 1656 :iipremain
712 1535 951 1628 vChristi
982 1559 1212 1620 Domini
1260 1535 1631 1608 divinitatem
1679 1541 1750 1597 ab
1785 1535 2002 1610 lgnatio

1040 1655 1048 1656 ί
1370 1645 1380 1655 ·
1448 1650 1457 1656 -
1512 1633 1725 1656 Lm—A:
1772 1637 1789 1656 ι
1837 1625 2001 1656 una-

357 1625 556 1732 nostro
589 1669 743 1724 clare
775 1666 831 1717 et
862 1655 1165 1729 perspicue
1204 1645 1385 1703 asseri
1412 1650 1465 1696 et
1496 1633 1799 1693 defendi.A
1836 1625 2004 1684 nobis

359 1765 514 1820 enim
541 1761 662 1829 jam
695 1749 1163 1806 demonstratum
1223 1739 1312 1791 est
1351 1728 1518 1786 Verbi
1565 1722 1743 1779 divini
1774 1715 2005 1774 aeterni-

1149 1828 1152 1829 ⁷
1313 1827 1318 1829 “
1522 1821 1532 1829 ⁸
1610 1813 1620 1829 ‘
1653 1814 1663 1824 ⁸
1739 1801 2004 1829 ____1:-__:

359 1801 638 1909 :a‘teinJab
668 1801 970 1908 illowplane
1001 1828 1241 1886 omnino
1273 1827 1330 1876 et
1379 1821 1574 1887 aperte
1610 1813 1700 1867 his
1731 1801 2009 1879 explicari

359 1936 552 1996 verbis
584 1950 598 1988 :
629 1932 728 1987 ’Ὁς
759 1925 898 1979 ἐστιν
928 1919 1092 1974 αἰ)τοῦ
1134 1913 1302 1989 λόγος
1349 1903 1545 1973 ἀΐδιος,
1579 1901 1681 1956 οὐκ
1703 1896 1810 1952 ἀπὸ
1852 1897 2012 1966 σιγῆς

365 2019 672 2100 προελθών,
708 2040 737 2068 ‹‹
769 2015 864 2086 qui
888 2016 977 2067 est
1006 2006 1197 2079 ipsius
1227 2000 1470 2057 verbum
1519 1997 1801 2047 aeternum
1836 2000 1951 2038 non
1983 1997 2016 2035 a

1045 2095 1079 2100 --
1214 2094 1259 2100 --
1359 2088 1368 2098 -
1425 2085 1436 2096 -
1474 2082 1737 2100 ηιμ-ι---
1765 2081 1847 2100 --ι
1880 2071 1994 2100 v-..

368 2071 616 2174 silentio“
632 2071 1010 2181 progrediens
1032 2071 1102 2150 λδ.
1139 2116 1167 2143 ››
1199 2088 1374 2160 Atqui
1393 2085 1442 2141 si
1471 2082 1739 2138 Christus
1763 2081 1851 2130 est
1880 2071 2017 2125 Ver-

372 2209 516 2263 bum
547 2196 703 2256 Patri
734 2211 838 2251 suo
871 2191 1248 2248 coaeternum,
1272 2179 1323 2234 is
1355 2176 1478 2247 ipse
1507 2177 1564 2228 et
1584 2166 1850 2240 ejusdem
1881 2174 2016 2216 cum

380 2297 509 2367 ipso
558 2293 801 2353 natura,
845 2281 1121 2348 idemque
1170 2286 1235 2326 ac
1280 2267 1377 2322 ille
1434 2263 1512 2319 sit
1572 2261 1739 2323 Deus,
1780 2249 2020 2309 omnino

381 2393 620 2438 necesse
650 2379 759 2430 est.

449 2427 785 2540 Neque—ibi
835 2463 1083 2518 tantum,
1117 2451 1218 2508 sed
1270 2448 1326 2502 in
1379 2442 1511 2500 aliis
1540 2438 1715 2495 etiam
1763 2427 2024 2504 epistolis

381 2558 503 2616 suis
541 2516 821 2610 iasmdem
865 2541 1078 2600 Christi
1133 2535 1491 2594 divinitatem
1551 2516 2028 2582 constantissime

380 2609 637 2703 doe'etiet
696 2637 1014 2712 praedicat:
1051 2652 1078 2680 ‹‹
1113 2625 1404 2690 Glorifico,
1459 2616 1655 2688 inquit
1707 2610 1775 2679 ⁵⁸,
1821 2609 2027 2664 Jesum

377 2737 674 2795 Christum
697 2695 913 2785 ‘Deum.
948 2745 975 2772 »
1009 2719 1164 2778 Alibi
1197 2729 1369 2770 vero:
1416 2731 1444 2761 «
1476 2708 1636 2764 Unus
1654 2708 1741 2758 est
1769 2695 2029 2755 medicus

381 2823 636 2883 carnalis
665 2825 722 2876 et
741 2810 1086 2890 spiritualis,
1105 2808 1290 2861 factus
1321 2805 1376 2856 et
1410 2815 1523 2854 non
1557 2791 1835 2856 iactus,in
1859 2798 2032 2842 carne

380 2875 631 2972 οξυζῖἶ
664 2875 691 2961 :i
726 2875 856 2961 Haec
876 2875 1093 2974 quippe
1111 2884 1731 2961 ultimalgnatiiverba
1763 2880 1836 2934 ab
1865 2875 2036 2930 Atha.

377 3004 570 3067 nasio,
632 2963 1284 3054 Theoderelo.,-Gelasio
1329 2983 1534 3035 contra
1578 2971 1852 3041 antiquos
1894 2963 2036 3019 divi-

381 3052 581 3150 nitatis
610 3052 820 3142 Christi
856 3052 1298 3150 impugnatores
1331 3061 1698 3133 citata,illam
1731 3052 2037 3114 itainvicte

385 3146 698 3253 eaplicant,
745 3178 873 3228 uta
913 3146 1074 3222 nullo
1123 3162 1410 3216 hactenus
1457 3146 1743 3208 infirmari
1776 3155 2038 3214 unquam

387 3265 710 3343 potuerint.

463 3349 852 3419 Quamobrem
875 3341 1111 3416 quidem
1129 3354 1159 3393 e
1190 3331 1634 3392 Socinianorum
1667 3320 2039 3389 secta,neote-

389 3445 549 3501 ricus
581 3439 847 3510 scriptor,
879 3447 1013 3487 cum
1066 3426 1391 3484 claritatem
1422 3417 1670 3487 hujusce
1719 3405 2040 3467 testimonii

395 3535 576 3593 nullis
612 3528 808 3601 impiae
857 3521 1072 3580 mentis
1104 3517 1331 3575 artibus
1389 3514 1702 3567 obscurare
1731 3504 1946 3574 posset,
1976 3513 2043 3553 eo

396 3625 554 3684 venit
588 3587 1078 3691 imp‘udentim,ut
1107 3607 1357 3664 scribere
1391 3615 1570 3656 ausus
1597 3596 1674 3652 sit
1707 3595 1803 3650 :ln
1836 3587 2043 3661 Ignatii

393 3712 658 3789 epistolis
694 3704 1118 3781 propositiones
1138 3683 1843 3770 quasdamincommodas
1874 3683 1929 3734 et
1955 3678 2044 3731 in-

1144 3787 1154 3789 “
1224 3786 1237 3789 “
1495 3780 1505 3788 ⁵
1747 3771 1762 3789 ἱ
1779 3787 1794 3789 -
1833 3767 1904 3789 ΠΙ.
1920 3764 2043 3789 ..ε-ιζ

395 3764 652 3789 νΓ’“”““’”“
694 3764 712 3781 ι
803 3764 820 3779 ι
1157 3764 1172 3770 -

394 3805 588 3862 salsas
640 3794 904 3870 reperiri,
939 3807 1003 3846 ac
1035 3786 1278 3860 proinde
1328 3796 1462 3837 eum
1493 3780 1551 3832 in
1597 3791 1704 3830 sua
1731 3771 1800 3827 de
1831 3764 2047 3823 Christi

391 3862 1034 3949 divinitate-sententia
1083 3875 1251 3932 facile
1308 3870 1497 3941 decipi
1572 3862 1831 3938 potuisse
1889 3878 1918 3906 «
1978 3870 2044 3910 ex

392 3979 706 4040 traditione
735 3971 992 4041 alicujus
1026 3957 1513 4039 pseudo-Christi,
1545 3958 1603 4010 et
1650 3949 2050 4024 pseudo-apo-

398 4066 556 4125 stoli.
599 4087 618 4114 ι

615 4151 817 4208 nullus
843 4159 1102 4218 unquam
1135 4140 1196 4194 in
1226 4131 1548 4209 Ignatianis
1575 4124 1838 4200 epistolis
1869 4119 2051 4176 ullam

403 4241 833 4301 incommodam
868 4229 1274 4290 autinsulsam
1313 4219 1762 4295 prepositionem
1799 4210 2056 4281 assigna-

403 4335 511 4388 bit.
546 4329 764 4384 Deinde
797 4322 1066 4396 quamvis
1100 4315 1363 4389 Ignatius
1397 4307 1611 4366 alicubi
1643 4306 1700 4359 in
1729 4302 1904 4358 rebus
1934 4295 2053 4352 exi-

405 4421 538 4492 guis
565 4417 649 4471 vel
701 4392 921 4469 nullius
955 4405 1239 4464 momenti
1285 4399 1508 4471 aliquid
1570 4392 1811 4450 humani
1847 4401 2056 4460 passus

406 4509 600 4574 esset;
635 4508 856 4559 certum
911 4505 1107 4554 tamen
1139 4500 1226 4550 est
1276 4492 1465 4545 virum
1517 4485 1707 4552 illum,
1756 4496 1886 4536 vere
1919 4491 2056 4547 apo-

407 4595 703 4662 stolicum,
763 4595 822 4646 et
881 4586 1156 4656 martyrio
1206 4581 1458 4652 jamJam
1518 4572 1937 4632 coronandum,
1996 4565 2056 4619 in

407 4699 639 4744 summo
679 4698 744 4736 ac
795 4677 1086 4751 praecipuo
1133 4672 1313 4727 totius
1362 4666 1701 4724 Christianae
1759 4655 2058 4729 religionis

409 4775 593 4846 capite
625 4789 658 4827 a
692 4743 852 4825 nullo
885 4743 1369 4836 pseudo-Christo
1401 4759 1504 4810 aut
1552 4743 2059 4824 pseudo-apostolo

411 4867 596 4922 fuisse
646 4861 978 4930 deceptum.
1010 4847 1350 4907 Temeraria:
1399 4860 1533 4915 ergo
1583 4842 1693 4896 illa
1743 4837 2060 4908 impiorum

417 4954 724 5012 hominum
787 4941 1197 5016 responsiones
1259 4932 1633 5007 explodendaa
1691 4936 1843 4998 sunt,
1893 4925 2062 4996 eique

415 5013 1250 5101 doctrinaainhzsrendum,pro
1275 5041 1392 5096 qua
1413 5039 1529 5078 non
1561 5019 1751 5077 solum
1775 5013 2061 5087 Ignatius,

416 5134 513 5189 sed
548 5125 841 5186 innumeri
863 5125 1148 5192 martyres
1171 5116 1516 5186 sanguinem
1541 5125 1716 5164 suum
1740 5102 2066 5162 constantia

420 5216 753 5278 admirabili
785 5212 1080 5286 planeque
1109 5205 1309 5262 divina
1341 5199 1745 5274 profuderunt.

670 5341 697 5405 §
726 5338 795 5393 ll.
833 5337 904 5390 De
933 5347 1092 5388 sacro
1146 5327 1586 5384 Christianorum
1619 5321 1820 5377 altari.

1405 379 1470 439 S.
1513 360 1912 436 IGNATIUS.
1959 389 2037 404 —-
2079 339 2694 415 PROLEGOMENA.

3619 310 3745 377 560

2095 485 2268 542 debet
2299 475 2587 540 adnotari,
2635 468 2791 542 quod
2838 463 3104 538 Ignatius
3136 459 3206 514 de
3247 469 3413 512 sacro
3462 448 3748 506 Christia-

2095 537 2302 632 norum
2335 565 2504 625 altari
2536 537 2603 618 ad
2638 537 2917 631 Ephesios
2949 550 3189 610 scribit:
3228 567 3255 598 ι
3280 546 3338 600 Si
3371 543 3502 614 quis
3529 555 3644 594 non
3667 537 3748 591 sit

1949 688 1978 728 e
2087 667 2245 721 intra
2276 660 2480 723 altare,
2505 655 2602 707 τοῦ
2635 641 3043 716 θυσιαστηρίου,
3077 639 3340 711 privatur
3377 646 3524 703 pane
3564 627 3690 684 Dei.
3720 648 3740 677 ι

2091 713 2791 813 E-t-adhl’hiladelphmos
2825 753 2841 789 :
2875 713 2915 783 «i
2962 731 3088 787 Una
3117 726 3273 783 enim
3331 736 3464 777 caro
3518 713 3749 773 Domini

2098 839 2283 899 nostri
2311 837 2453 893 Jesu
2484 826 2726 894 Christi,
2757 831 2813 881 et
2845 838 2994 878 unus
3024 817 3173 874 calix
3202 815 3261 869 in
3303 810 3582 866 unionem
3615 820 3751 860 san-

2095 929 2293 1006 guinis
2342 924 2552 996 ipsius,
2586 932 2771 974 unum
2814 911 3017 978 altare,
3046 903 3102 960 ἓν
3149 899 3553 970 θυσιαστήριον.
3587 915 3613 947 ι
3650 892 3755 948 His

2097 986 2130 1006 υ
2366 986 2384 996 .
2538 986 2546 989 .

2097 1021 2158 1076 in
2192 1017 2335 1074 locis
2383 1027 2582 1069 vocem
2641 1000 3024 1072 θυσιαστήριον
3073 995 3132 1050 in
3164 1010 3272 1049 sua
3327 986 3584 1062 propria,
3618 998 3755 1037 vera

2099 1127 2164 1166 ac
2188 1104 2442 1180 genuina
2459 1084 3193 1172 signiﬁcatione,nimirum
3222 1097 3321 1152 pro
3345 1093 3512 1133 sacra
3529 1087 3757 1140 mensa,

2100 1161 2158 1166 ν-
2188 1161 2249 1180 υ-
2513 1161 2544 1172 ν

2097 1198 2160 1254 in
2193 1212 2310 1268 qua
2355 1189 2570 1247 Christi
2603 1197 2817 1255 corpus
2845 1175 3208 1240 immolatur,
3241 1163 3513 1238 usurpari
3544 1161 3755 1217 certis-

2103 1249 2322 1345 sinfum
2374 1289 2478 1337 est.
2530 1249 2990 1343 Unde-profecto
3038 1263 3367 1318 refutantur
3413 1249 3760 1320 Calviniani,

2105 1378 2204 1451 qui
2232 1387 2432 1429 verum
2483 1363 2696 1425 Christi
2731 1373 2946 1430 corpus
2988 1353 3046 1408 in
3105 1344 3460 1407 eucharistia
3508 1358 3635 1398 esse
3667 1353 3763 1393 ne-

2110 1468 2338 1540 gantes,
2372 1473 2569 1515 vocem
2615 1464 2849 1525 quoque
2899 1440 3284 1514 θυσιαστήριον
3314 1436 3492 1490 altare
3517 1447 3646 1486 vero
3700 1444 3765 1484 ac

2937 1535 2946 1540 -
3098 1532 3107 1540 .
3251 1527 3292 1540 ,η
3366 1525 3376 1540 .
3455 1522 3465 1533 .
3559 1518 3760 1540 Ἥρη,-

2111 1518 2204 1540 σμκ
2326 1518 2338 1531 ,
2633 1518 2650 1525 ,
2753 1518 2772 1520 _

2111 1552 2348 1629 proprio
2381 1545 2714 1615 significatu
2747 1555 2846 1610 per
2877 1535 2985 1590 tria
3023 1532 3211 1604 prima
3251 1522 3521 1581 Ecclesiae
3554 1518 3768 1575 saecula

2113 1615 2185 1702 ab
2216 1615 2475 1710 antiquis
2507 1630 2777 1690 Patribus
2811 1627 3108 1694 acceptam
3142 1615 3498 1671 inﬁciantur.

2189 1750 2432 1806 Frustra
2491 1746 2687 1798 autem
2744 1733 2946 1806 objicit
2997 1726 3277 1784 Vedelius
3353 1716 3768 1778 eucharistiam

2123 1837 2334 1913 lgnatii
2365 1841 2627 1904 tempore
2684 1829 2752 1882 ad
2786 1836 3045 1879 mensam
3098 1817 3376 1887 ligneam,
3406 1826 3533 1881 quas
3593 1807 3774 1860 altare

2126 1927 2356 2003 proprie
2405 1923 2628 1976 dictum
2677 1930 2791 1969 non
2838 1914 2984 1978 erat,
3034 1907 3214 1962 fuisse
3274 1900 3770 1956 administratam.

2848 2000 2856 2003 -
3081 1999 3088 2003 _
3173 1997 3181 2003 ,
3378 1987 3433 2003 ,,
3504 1989 3538 2003 ﬂ
3587 1983 3766 2003 _L_:_

2129 1983 2181 2003 τί
2235 1983 2252 1999 .

2128 2019 2424 2074 Incertum
2471 2019 2724 2076 namque
2775 2000 2961 2072 primo
3009 1999 3098 2050 est
3129 1997 3326 2046 utrum
3378 1987 3470 2042 his
3504 1983 3770 2039 Ecclesiae

2127 2071 2493 2176 temporibus
2540 2071 2850 2151 Christiani
2899 2083 3102 2142 tabula
3149 2081 3340 2149 lignea
3396 2075 3480 2129 vel
3540 2071 3776 2142 lapidea

2130 2159 2454 2251 uterentur.
2485 2181 2771 2246 Secundo,
2834 2192 2948 2231 non
2985 2169 3251 2228 materies
3306 2164 3533 2236 lapidea
3564 2164 3665 2214 aut
3704 2159 3774 2212 li-

2132 2299 2301 2356 gnea,
2335 2279 2435 2334 sed
2465 2269 2821 2330 sacrificium
2861 2279 3036 2333 super
3067 2271 3352 2322 mensam,
3377 2253 3778 2322 cujuscunque

2897 2355 2923 2356 η
3081 2348 3119 2356 _
3299 2342 3346 2356 ,,
3398 2346 3406 2356 _
3602 2335 3778 2356 ’,ιη-

2137 2335 2404 2428 Imateriai
2462 2365 2557 2430 sit,
2618 2360 2690 2416 ab
2746 2355 3024 2410 homibus
3081 2348 3198 2403 Deo
3259 2342 3543 2403 oblatum,
3598 2335 3783 2390 altare

2207 2566 2406 2635 Neque
2431 2575 2564 2616 vero
2607 2556 2665 2610 id
2699 2549 2939 2622 majoris
2992 2541 3273 2601 momenti
3303 2542 3407 2602 est,
3442 2534 3600 2604 quod
3633 2532 3790 2586 idem

2138 2653 2414 2710 Vedelius
2445 2665 2512 2705 eo
2543 2645 2684 2718 quia
2740 2637 3109 2701 mulieribus,
3161 2647 3234 2686 ne
3286 2628 3359 2684 ad
3419 2627 3600 2681 altare
3631 2637 3792 2676 acce-

2142 2747 2368 2808 derent,
2401 2732 2700 2794 nonnullis
2731 2725 3058 2787 canonibus
3096 2720 3340 2776 vetitum
3371 2719 3526 2771 esset
3554 2709 3624 2780 ‘8,
3657 2709 3794 2764 inde

2145 2799 2438 2906 lgnatium
2473 2842 2584 2881 non
2611 2823 2681 2878 de
2703 2819 2897 2890 aliquo
2923 2807 3338 2878 materiali,sed
3370 2806 3442 2859 de
3472 2799 3791 2873 spirituali,

2144 2889 2384 2995 precum
2418 2914 2642 2972 scilicet
2669 2913 2726 2965 et
2754 2889 3082 2963 orationum
3115 2896 3306 2965 altari,
3339 2889 3792 2960 intelligendum

2147 3025 2277 3068 esse
2308 3002 2629 3062 contendit.
2663 2997 2966 3052 Enimvero
2999 2989 3152 3044 idem
3187 2987 3312 3057 ipse
3359 2980 3626 3036 Vedelius
3659 2991 3789 3031 cum

2148 3102 2256 3156 hos
2286 3098 2424 3152 citat
2465 3103 2742 3153 canones,
2774 3083 2875 3156 qui
2904 3095 3100 3136 vocem
3161 3073 3363 3131 altaris
3416 3086 3548 3125 vero
3579 3083 3640 3122 ac
3671 3080 3800 3135 ger-

2149 3203 2324 3244 mano
2357 3198 2532 3239 sensu
2567 3171 3146 3246 usurpant,seipsum
3183 3159 3517 3234 imprudens
3545 3152 3801 3223 jugulat.

2150 3277 2370 3335 Deinde
2403 3272 2660 3342 lgnatius
2691 3244 2762 3321 de
2789 3259 3137 3320 eucharistia
3163 3255 3529 3325 loquitur,ac
3560 3244 3808 3318 proinde

2153 3385 2266 3426 non
2298 3367 2370 3420 de
2401 3333 2695 3435 s‘pirituali
2729 3371 2794 3410 ac
2826 3347 3242 3420 metaphorico,
3278 3343 3378 3397 sed
3411 3341 3482 3395 de
3515 3333 3808 3392 materiali

2151 3462 2208 3514 et
2235 3471 2368 3511 vero
2427 3451 2597 3507 altari
2656 3460 2790 3501 eum
2822 3439 2983 3512 loqui
3045 3449 3282 3491 necesse
3311 3434 3421 3486 est.
3457 3426 3726 3496 Denique
3762 3425 3810 3477 si

2154 3545 2505 3605 mulieribus
2555 3537 2756 3594 altaris
2829 3546 3066 3590 accessu
3123 3526 3262 3582 olim
3324 3517 3814 3580 interdieebatur,

2156 3654 2258 3711 per
2287 3633 2468 3691 divini
2503 3633 2732 3686 tantum
2768 3621 2944 3680 ofﬁcii
2980 3626 3268 3688 tempora,
3304 3627 3416 3666 non
3450 3613 3644 3663 autem
3675 3621 3811 3659 cum

2155 3694 2513 3783 eucharistia
2540 3714 2878 3787 accipienda
2922 3712 3096 3777 esset,
3128 3703 3268 3759 illud
3298 3701 3383 3756 eis
3441 3694 3810 3770 prohibitum

2157 3815 2286 3872 fuit.

2231 3917 2486 3978 lnstabis
2509 3913 2717 3988 primis
2749 3906 3015 3966 Ecclesiae
3036 3900 3264 3958 seculis
3292 3911 3490 3954 vocem
3515 3915 3544 3942 «
3577 3890 3766 3946 altare
3789 3909 3817 3936 »

2160 4012 2351 4068 rarius
2400 3983 2723 4064 adhibitam
2766 4017 2799 4055 a
2848 3995 3145 4060 Patribus,
3205 3989 3304 4061 qui
3337 4002 3470 4043 cum
3531 3983 3819 4037 adversus

2163 4156 2498 4245 constanter
2531 4156 2948 4254 pernegabant.
2985 4172 3096 4226 Sed
3129 4169 3223 4223 his
3252 4163 3418 4220 facile
3463 4156 3823 4230 respondeas

2166 4279 2353 4351 primo
2379 4247 2577 4329 vocem
2611 4247 2771 4324 illam
2801 4287 2829 4316 ‹‹
2865 4262 3047 4316 altare
3079 4281 3108 4310 ››
3141 4257 3213 4313 ab
3246 4253 3492 4327 Ignatio,
3521 4247 3729 4320 quidni
3767 4249 3824 4299 et

2168 4370 2239 4424 ab
2271 4365 2405 4422 aliis
2439 4375 2691 4434 quorum
2754 4353 2972 4424 scripta
3005 4349 3325 4421 perierunt,
3375 4358 3486 4396 non
3522 4353 3675 4400 raro,
3717 4333 3821 4389 sed

2169 4473 2320 4528 saepe
2355 4425 2717 4521 usurpatam.
2743 4439 3090 4504 Secundo,si
3121 4433 3293 4508 primi
3322 4427 3586 4487 Ecclesia:
3618 4425 3821 4479 Patres

2170 4547 2230 4600 in
2253 4513 2387 4599 suis
2418 4513 2618 4595 contra
2649 4548 2907 4607 paganos
2940 4526 3175 4597 scriptis
3206 4531 3259 4578 et
3316 4513 3821 4589 disputationibus

2169 4632 2331 4689 nulla
2369 4598 2756 4685 Christian-is“
2779 4617 2985 4676 altaria
3035 4614 3216 4669 fuisse
3268 4609 3562 4671 dixerunt,
3595 4603 3654 4656 in
3690 4598 3819 4655 aliis

2171 4828 2281 4866 sua
2302 4810 2460 4880 ipsos
2493 4801 2700 4858 altaria
2729 4796 3009 4853 habuisse
3041 4789 3397 4846 asserebant.
3427 4779 3819 4847 Quamobrem

2173 4918 2306 4958 cum
2343 4891 2744 4970 antiquissimi
2774 4889 2858 4944 illi
2892 4885 3204 4957 scriptores
3235 4877 3348 4934 sibi
3369 4876 3515 4947 ipsis
3547 4864 3822 4928 contrarii

2173 4954 2304 5047 esse
2331 4954 2442 5044 non
2477 4954 2913 5058 possintﬁidem
2944 4954 3146 5047 procul
3179 4967 3357 5024 dubio
3390 4964 3487 5019 ubi
3521 4960 3665 5017 illud
3701 4954 3826 5013 infi-

2174 5041 2512 5143 cianturdbi
2548 5073 2618 5126 de
2639 5041 3273 5135 altaribuspublicisﬁn
3298 5051 3515 5125 quibus
3537 5041 3826 5103 sacriﬁcia

2178 5166 2433 5222 maximo
2465 5161 2747 5232 apparatu
2782 5159 2839 5210 et
2869 5160 3230 5224 paganorum
3265 5156 3424 5196 more
3454 5130 3825 5200 fierent,sunt

2176 5229 2563 5326 intelligendi.
2588 5249 2655 5303 Et
2683 5249 2836 5300 certe
2867 5257 3002 5297 cum
3032 5237 3148 5310 ipsi
3178 5229 3590 5290 eucharistiam
3623 5232 3822 5278 verum

2179 5303 2560 5326 .-.---_-a-__,c
3057 5303 3077 5310 _

2179 5344 2440 5417 corporis
2471 5346 2528 5397 et
2557 5333 2865 5408 sanguinis
2889 5328 3106 5387 Christi
3120 5321 3474 5382 sacriﬁcium
3506 5329 3636 5371 esse
3667 5303 3827 5367 omni

488 5471 688 5537 Neque
750 5461 900 5518 illud
960 5456 1140 5514 etiam
1204 5449 1599 5526 perfunctorie
1673 5442 2074 5502 observatione
2183 5407 2612 5494 asseveratione
2668 5407 2984 5485 afﬁrmant,
3036 5415 3188 5486 apud
3219 5407 3577 5466 Christianos
3625 5407 3825 5457 verum

485 5642 534 5677 ⁸⁸
566 5642 710 5712 Sap.
742 5641 893 5712 part.
925 5655 969 5706 ι,
999 5651 1126 5708 cap.
1155 5633 1244 5699 12,
1277 5629 1370 5703 §5
1397 5631 1456 5684 et
1481 5625 1538 5697 6,
1573 5624 1620 5660 ⁸⁸
1655 5623 1834 5695 Epist.
1868 5621 1947 5679 ad
1980 5618 2029 5676 Si

2148 5657 2159 5670 .
2193 5613 2237 5648 ⁴⁷
2273 5611 2453 5684 Epist.
2477 5605 2546 5661 ad
2577 5601 2749 5675 Ephes
2772 5599 2816 5634 ι’
2847 5609 3011 5652 conc.
3047 5587 3274 5647 Laodic.
3307 5601 3436 5641 can.
3464 5583 3550 5638 44.
