4112 6132
374 352 492 415 561

1306 353 1378 411 D.
1427 352 1774 414 NOURRII
1818 350 2362 416 DISSERTATIO.
2413 390 2487 401 —
2532 357 2733 418 PARS
2773 357 2883 418 III.

3686 354 3806 413 562

379 507 450 547 ac
477 485 781 561 proprium
803 484 986 540 altare
1007 482 1235 555 aliquod
1262 483 1445 541 fuisse
1462 501 1668 557 negare
1695 502 1809 541 non
1829 489 2035 557 potue-
2067 484 2121 550 Α
2149 488 2177 555 §
2206 487 2295 544 IV.
2327 488 2592 547 Diaconos
2637 488 2998 548 eucharistiae
3018 504 3144 561 non
3188 487 3442 542 ciborum
3480 488 3532 542 ot
3563 488 3793 555 potuum

375 582 552 635 runt.

458 667 488 739 §
533 667 625 722 III.
665 668 723 719 In
754 665 1091 721 eucharistia
1122 680 1311 720 verum
1363 680 1475 721 esse
1519 664 1725 721 Christi
1751 681 1968 735 corpus.

456 758 535 811 Ex
560 756 652 810 his
686 760 881 811 autem
916 753 1303 826 scriptoribus
1327 759 1524 810 noster
1553 754 1610 809 in
1638 755 1845 824 primis
1875 756 2043 825 Igna-

378 848 466 901 tiu
483 862 511 901 s
528 860 726 900 verum
752 845 807 898 in
831 843 1188 899 eucharistia
1210 859 1338 898 esse
1360 842 1577 897 Christi
1604 859 1818 914 corpus
1849 844 2037 898 diser-

386 933 615 990 tissime
644 932 1145 1005 dooet.Siquidem
1170 932 1269 987 ubi
1300 933 1369 986 de
1396 931 1703 997 haereticis,
1733 932 1835 1002 qui
1868 931 2036 987 Chri-

383 1029 545 1079 stum
579 1039 695 1077 non
731 1037 954 1089 veram,
986 1022 1086 1076 sed
1116 1021 1309 1075 ﬁctam
1344 1028 1398 1075 et
1424 1020 1760 1076 simulatam
1799 1035 2034 1075 carnem

382 1112 781 1182 assumpsisse
811 1110 1170 1181 garriebant,
1215 1126 1545 1165 sermonem
1593 1109 1769 1165 habet
1804 1128 1817 1166 :
1860 1130 1889 1159 α
1951 1109 2036 1165 Ab

377 1199 739 1258 eucharistia
770 1199 963 1271 inquit
991 1198 1058 1264 ‘9,
1092 1198 1413 1264 abstinent,
1446 1202 1680 1269 propter
1709 1216 1823 1254 non
1850 1199 2033 1253 conﬁ-

377 1292 486 1346 teri
518 1305 754 1344 carnem
780 1304 910 1343 esse
944 1287 1264 1343 Salvatoris
1298 1288 1482 1343 nostri
1505 1288 1643 1342 Jesu
1676 1288 1893 1343 Christi
1928 1304 2033 1358 pro

381 1378 629 1449 peccatis
660 1377 875 1431 nostris
899 1392 1159 1447 passam,
1187 1397 1215 1425 »
1239 1380 1349 1431 etc.
1369 1376 1434 1429 Et
1459 1392 1593 1430 vero
1635 1376 1683 1430 si
1706 1381 1847 1430 tunc
1872 1374 2036 1429 Chri-

381 1468 554 1522 stiani
589 1468 645 1520 in
682 1466 885 1521 eadem
922 1482 984 1520 ac
1016 1464 1337 1520 Calviniani
1372 1465 1551 1519 nostri
1606 1464 1856 1519 fuissent
1886 1482 2028 1520 sen-

380 1557 582 1624 tentia,
618 1554 1036 1611 eucharistiam
1072 1555 1331 1624 corporis
1378 1553 1591 1608 Christi
1624 1554 1842 1608 nudam
1877 1554 2030 1608 dun-

384 1650 540 1701 taxat
592 1661 721 1700 esse
754 1646 1021 1713 ﬁguram,
1055 1645 1125 1698 ab
1177 1644 1261 1698 eis
1319 1660 1434 1697 non
1489 1643 1680 1713 potius
1731 1641 1828 1697 illa
1868 1642 2027 1713 rejici

382 1735 602 1801 debuit,
622 1750 798 1804 quam
824 1733 1175 1803 baptismus,
1205 1732 1453 1803 quivere
1486 1733 1688 1787 mortis
1717 1731 1933 1787 Christi
1960 1733 2030 1786 ﬁ-

2735 577 2853 618 essc
2880 560 3188 616 ministros.

2224 666 2661 723 Observandum
2689 683 2921 739 quoque
2960 664 3396 720 diaconosinter
3438 679 3639 718 sacros
3668 663 3808 718 ado-

2150 755 2314 810 randi
2346 756 2711 812 eucharistiaz
2743 754 3093 811 sacramenti
3126 753 3427 808 ministros
3458 753 3531 807 ab
3563 751 3787 822 Ignatio

2148 844 2473 913 computari
2497 842 2542 877 ⁸³
2568 860 2581 898 :
2617 865 2636 892 ι
2676 844 2915 914 Oportet
2937 842 3290 898 etdiaconos
3314 841 3614 896 ministros
3644 840 3797 895 exsi-

2148 934 2367 986 stentes
2425 932 2839 1004 mysteriorum
2888 932 3025 987 Jesu
3084 931 3387 987 Christi....
3448 929 3575 985 Non
3632 930 3791 985 enim

2146 1022 2409 1077 ciborum
2434 1028 2488 1078 et
2513 1027 2757 1093 potuum
2783 1027 2924 1078 sunt
2950 1021 3223 1077 ministri.
3257 1043 3286 1070 ››
3311 1021 3455 1075 Hinc
3470 1020 3644 1075 etiam
3667 1024 3791 1075 Ste-

2145 1108 2401 1180 phanus,
2426 1128 2580 1165 unus
2614 1126 2681 1165 ex
2712 1116 2937 1181 septem
2964 1109 3173 1181 primis
3203 1108 3476 1163 Ecclesiae
3508 1107 3790 1176 diaconis,

2143 1199 2216 1253 ab
2248 1199 2554 1255 Ambrosio
2571 1200 2617 1234 “
2639 1204 2877 1256 vocatur
2899 1215 2913 1254 :
2933 1220 2961 1249 «
2986 1198 3250 1254 Minister
3271 1196 3471 1252 altaris
3497 1214 3556 1263 ς»
3571 1201 3627 1252 et
3641 1196 3791 1251 Lau-

2143 1289 2368 1343 rentius
2396 1290 2551 1359 apud
2582 1290 2849 1345 eumdem
2879 1290 3196 1354 doctorem,
3221 1287 3447 1341 Sixtum
3482 1302 3784 1342 summum

2142 1377 2478 1447 pontiﬁcem
2496 1377 2587 1432 his
2602 1378 2798 1432 verbis
2822 1376 3134 1447 compellat
3146 1376 3194 1409 ⁵³
3218 1393 3231 1430 :
3255 1394 3276 1423 ι
3294 1376 3564 1446 Experire
3589 1381 3785 1430 utrum

2142 1464 2415 1520 idoneum
2448 1466 2785 1521 ministrum
2819 1466 3181 1536 elegeris,cui
3207 1463 3556 1519 commisisti
3582 1463 3785 1518 Domi-

2141 1553 2254 1607 nici
2287 1555 2592 1626 sanguinis
2610 1556 3127 1610 consecrationem.
3161 1575 3189 1603 »
3224 1554 3333 1608 Sed
3368 1552 3516 1607 illud
3549 1551 3779 1621 potissi-

2139 1658 2297 1698 mum
2332 1643 2391 1697 in
2418 1645 2610 1698 verbis
2629 1643 2836 1715 Ignatii
2862 1642 3630 1713 animadvertendum,quod
3656 1641 3783 1711 ipse

2138 1731 2208 1786 de
2238 1732 2445 1787 iisdem
2478 1732 2736 1788 diaconis
2767 1732 3025 1787 addidit:
3064 1755 3085 1781 ι
3121 1732 3246 1787 Non
3269 1731 3422 1786 enim
3443 1731 3702 1786 ciborum
3727 1735 3786 1785 et

381 1841 525 1895 gura
554 1839 684 1879 esse
715 1822 952 1877 dicitur.
989 1822 1110 1877 Imo
1161 1823 1233 1877 ab
1258 1822 1375 1877 illis
1435 1827 1492 1877 et
1518 1822 1879 1878 eucharistia
1911 1840 2026 1877 non
2060 1847 2103 1911 Β
2138 1828 2378 1892 potuum
2404 1821 2840 1877 suntministri.
2866 1844 2894 1871 ››
2916 1822 3143 1876 Etenim
3177 1820 3236 1875 hi
3268 1820 3520 1890 primum
3543 1820 3781 1890 quidem

379 1932 543 1971 secus
567 1932 633 1970 ac
647 1915 977 1986 baptismus
993 1915 1277 1970 ambabus
1293 1913 1837 1985 ulnissuscipieuda
1860 1920 2020 1983 erat;

378 2006 593 2076 quippe
625 2021 741 2075 qua
800 2004 1097 2059 Christum
1141 2003 1371 2069 nullibi,
1407 2004 1519 2059 nisi
1573 2004 1631 2058 in
1665 2005 1871 2073 ﬁgura,
1907 2022 2022 2060 non

376 2096 567 2165 reipsa
595 2093 887 2148 exstitisse
911 2092 1497 2148 concluderent.Cum
1521 2108 1655 2163 ergo
1677 2093 1749 2147 ab
1775 2092 2024 2148 illaabs-

376 2183 676 2248 tinuerint,
705 2184 763 2236 in
798 2181 1000 2236 eadem
1033 2182 1158 2251 ipsa
1188 2197 1388 2235 verum
1416 2197 1624 2251 corpus
1656 2180 1866 2237 Christi
1896 2198 2022 2238 esse

377 2288 726 2343 persuasum
761 2271 1076 2326 habebant.

442 2363 691 2433 Objiciet
722 2362 969 2418 forsitan
1001 2360 1217 2433 aliquis
1248 2360 1691 2431 eucharistiam,
1735 2362 1844 2418 etsi
1900 2379 2017 2417 nu-

373 2454 505 2508 dam
538 2453 801 2523 corporis
832 2452 1043 2507 Christi
1074 2451 1482 2522 ﬁguram,ideo
1500 2456 1697 2506 tamen
1713 2453 1785 2507 ab
1821 2452 1904 2508 eis
1929 2470 2021 2508 re-

364 2544 613 2614 jectam;
648 2543 808 2613 quia,
835 2550 895 2597 ut
928 2543 1007 2598 ait
1039 2542 1437 2597 Tertullianus
1458 2541 1535 2597 '0:
1574 2542 1723 2596 Vana
1743 2558 1846 2609 res,
1879 2542 2021 2613 quod

370 2639 448 2688 est
470 2634 831 2704 phantasma,
864 2631 1103 2702 ﬁguram
1134 2647 1245 2686 non
1275 2631 1546 2686 admittit.
1580 2631 1693 2687 Sed
1752 2631 1867 2686 huc
1919 2631 2020 2687 illa

369 2723 1045 2778 Tertullianiauctoritas
1077 2737 1378 2792 perperam
1416 2720 2015 2776 adducetur.lbienim

378 2813 581 2866 doctus
601 2811 695 2866 ille
722 2813 807 2866 vir
840 2810 1329 2880 Marcionem,qui
1363 2809 1656 2865 Christum
1675 2809 1874 2865 ﬁctum
1911 2810 2012 2865 ho-

379 2899 589 2954 minem
618 2902 670 2952 et
702 2898 1049 2968 phantasma
1073 2899 1255 2952 fuisse
1285 2897 1589 2964 delirabat,
1610 2897 1716 2952 hoc
1746 2898 2016 2953 testimo-

367 2988 461 3043 nio
491 2988 755 3042 Jeremias
777 2986 820 3020 ⁵¹
855 2987 1105 3042 dicentis
1134 3003 1147 3040 :
1185 2986 1402 3052 Venite,
1434 2989 1720 3041 mittamus
1776 2987 2014 3055 lignum,

364 3084 497 3143 etc.,
521 3079 749 3149 egregie
782 3077 1395 3148 refellit,ostenditque
1424 3093 1489 3131 eo
1514 3077 1625 3132 loci
1662 3093 1871 3147 panem
1894 3094 2009 3132 non

362 3168 609 3237 ﬁguram
646 3167 863 3223 Christi
911 3167 1237 3239 simplicem
1271 3172 1328 3221 et
1350 3168 1591 3235 nudam,
1635 3167 1732 3221 sed
1772 3167 2007 3239 prOphe-
2042 3207 2084 3274 Ο

362 3254 538 3310 ticam
572 3254 876 3326 appellari.
906 3260 980 3309 At
1036 3256 1095 3309 in
1145 3254 1499 3309 eucharislia
1539 3254 1707 3324 juxta
1764 3255 2007 3312 Calvini-

366 3354 583 3401 starum
617 3346 953 3417 opinionem
981 3363 1094 3400 non
1127 3346 1309 3401 futuri
1361 3347 1619 3417 corporis
1650 3347 2011 3417 prophetica,

367 3438 464 3490 sed
500 3435 763 3507 corporis
792 3452 927 3491 vere
955 3437 1286 3491 exsislentis
1347 3436 1533 3507 ﬁgura
1573 3442 1686 3491 est.
1733 3438 1874 3500 Quis
1907 3454 2009 3491 au-

368 3530 481 3579 tem
516 3525 813 3580 revocabit
844 3525 901 3579 in
936 3526 1181 3579 dubium
1216 3524 1473 3596 aliquam
1533 3528 1814 3597 corporis,
1856 3527 2012 3597 quod

371 3614 643 3669 simulate
675 3618 733 3668 et
763 3614 895 3669 ﬁcte
941 3618 1171 3669 tantum
1203 3614 1452 3682 exsistit,
1482 3630 1652 3686 posse
1684 3631 1814 3671 esse
1862 3616 2012 3687 ﬁgu-

373 3720 516 3758 ram.
554 3702 818 3757 Haaretici
853 3718 988 3774 ergo
1040 3702 1126 3757 illi
1155 3703 1306 3757 hanc
1332 3704 1404 3758 ob
1437 3719 1676 3759 causam
1712 3704 2010 3761 eucharis-

373 3793 564 3857 sliam,
597 3792 769 3847 sicuti
804 3792 1186 3862 baptismum,
1216 3808 1389 3863 quem
1429 3794 1571 3848 ﬁctae
1601 3793 1818 3849 Christi
1860 3812 2012 3851 mor-

373 3881 447 3935 tis
480 3881 728 3952 ﬁguram
759 3896 887 3937 esse
910 3882 1326 3947 concedebant,
1352 3897 1624 3951 respuere
1647 3900 1763 3937 non
1794 3884 2013 3939 debue-

374 3974 533 4023 runt.

444 4059 573 4113 Vim
606 4058 852 4129 hujusce
884 4059 1215 4131 argumenti
1246 4075 1378 4114 cum
1423 4061 1668 4115 sentiret
1715 4060 2013 4128 Claudius,

372 4148 871 4204 Charentonensis
902 4147 1040 4203 olim
1073 4148 1361 4214 minister,
1394 4149 1453 4202 in
1487 4148 1659 4204 aliam
1692 4149 1836 4204 abiit
1882 4166 2015 4204 sen-

375 4238 640 4294 tentiam.
689 4238 1011 4309 Respondit
1040 4239 1235 4310 itaque
1266 4238 1311 4271 ⁸²
1346 4237 1453 4293 hos
1510 4238 1810 4295 haereticos
1842 4238 2016 4295 stulto

377 4328 697 4383 credidisse
726 4327 1153 4398 Christum,qui
1184 4343 1383 4383 verum
1403 4343 1617 4398 corpus
1640 4344 1755 4383 non
1789 4329 2014 4394 habuit,

376 4418 468 4473 his
501 4417 728 4474 verbis:
764 4420 870 4474 Hoc
900 4423 977 4474 est
1024 4433 1219 4489 corpus
1274 4434 1476 4483 meum,
1510 4434 1739 4490 panem,
1774 4424 1839 4475 ut
1886 4436 2017 4475 coro

378 4526 489 4579 pus
522 4525 696 4564 suum
729 4509 912 4575 ﬁeret,
942 4524 1136 4564 revera
1169 4508 1499 4580 adoptasse.
1534 4509 1598 4563 Id
1622 4525 1755 4565 vero
1788 4514 1852 4565 ut
1883 4525 2015 4582 pro-

378 4599 494 4661 bet,
528 4598 1102 4669 Tertullianum,loco
1134 4616 1167 4655 a
1198 4598 1364 4655 uobis
1397 4616 1578 4671 supra
1607 4600 2019 4667 citato,testem

378 4688 664 4759 producit.
706 4689 815 4743 Sed
850 4688 929 4743 ibi
961 4688 1363 4744 Tertullianus
1383 4689 1454 4744 de
1477 4688 1576 4744 illa
1617 4689 2018 4746 haereticorum

380 4777 560 4831 stulta
584 4776 855 4849 opinione
886 4793 956 4831 ne
987 4777 1301 4833 minimum
1330 4778 1569 4849 quidem
1592 4780 1828 4834 verbum
1865 4780 2016 4835 fecit.

450 4867 632 4921 Instat
660 4865 759 4921 ille
806 4884 872 4923 ex
924 4866 1276 4921 Bellarmino
1309 4869 1379 4921 ab
1438 4866 1725 4922 haereticis
1757 4867 1873 4923 illis
1906 4885 2019 4924 non

383 4958 501 5009 tam
550 4959 988 5011 sacramentum
1030 4954 1420 5023 eucharistim,
1452 4971 1621 5026 quam
1676 4958 2019 5027 mysterium

382 5044 804 5100 Incarnationis
839 5046 1015 5101 fuisse
1044 5045 1625 5115 impugnatum.Quid
1660 5046 1793 5101 inde
1814 5047 1841 5101 ?
1862 5047 2022 5102 Nun-

382 5133 525 5201 quid
557 5132 1339 5204 mysteriumlncarnationis
1354 5133 1515 5187 aliter
1542 5133 1879 5204 impugnari
1907 5150 2022 5188 non

385 5226 615 5291 potest;
651 5222 763 5276 nisi
789 5222 1054 5277 Christus
1068 5237 1299 5291 panem,
1318 5225 1383 5276 ut
1416 5237 1587 5276 suum
1613 5239 1825 5293 corpus
1846 5228 2021 5289 esset,

382 5311 691 5381 adoptasse
723 5312 951 5367 dicatur
974 5311 1002 5365 ‘?
1023 5310 1153 5366 Haec
1180 5326 1317 5366 :ane
1339 5327 1512 5381 quam
1544 5328 1691 5367 vana
1719 5312 2026 5368 sintett’u-

380 5399 530 5465 tilia,
564 5418 734 5457 nemo
759 5418 874 5457 non
898 5401 1074 5457 videt.

2136 1918 2196 1964 ut
2226 1910 2536 1965 viduarum
2558 1925 3004 1982 pauperumque
3028 1926 3227 1965 curam
3253 1909 3619 1978 gererent,ab
3642 1924 3781 1978 apo-

2133 1998 2301 2054 stolis
2320 2004 2459 2054 sunt
2488 1999 2767 2054 ordinati.
2799 2003 3015 2053 Verum
3050 1998 3466 2054 secundarium
3501 1996 3651 2051 illud
3679 2012 3780 2052 eo-

2134 2103 2261 2141 rum
2298 2105 2538 2154 munus,
2563 2088 2833 2158 quamvis
2865 2088 3063 2159 primas
3098 2088 3359 2159 ipsorum
3388 2087 3656 2141 electioni
3687 2102 3780 2141 oc-

2130 2176 2427 2232 casionem
2452 2177 2796 2248 praabuisset
2819 2177 3208 2247 ;quibusdam
3228 2180 3425 2230 tamen
3449 2176 3509 2229 in
3524 2174 3781 2247 regioni-

2130 2266 2243 2321 bus
2275 2266 2448 2337 paulo
2478 2271 2609 2337 post
2643 2267 2753 2321 fuit
2778 2265 3200 2321 mutationibus
3232 2264 3571 2319 obnoxium.
3602 2264 3776 2318 Porro

2130 2354 2174 2409 si
2227 2356 2367 2426 quid
2430 2360 2631 2410 contra
2679 2354 3050 2410 Justinianus
3106 2358 3163 2409 et
3194 2353 3455 2425 synodus
3499 2352 3779 2407 Trullana

2128 2443 2485 2509 deﬁnierint,
2511 2444 2617 2498 hac
2643 2444 2702 2498 in
2728 2460 2786 2498 re
2815 2459 2886 2497 ex
2918 2442 3069 2498 male
3102 2441 3434 2509 intellectis,
3471 2457 3603 2497 cum
3628 2441 3774 2496 Neo-

2129 2532 2490 2588 caesariensis
2521 2532 2748 2587 concilii
2775 2530 2844 2599 ⁵6,
2876 2538 3000 2587 tum
3048 2531 3443 2603 Chrysostomi
3482 2532 3673 2587 verbis
3703 2531 3777 2586 ab

2129 2622 2373 2693 antiqua
2394 2622 2629 2676 Patrum
2661 2622 2975 2677 traditione
3016 2624 3406 2677 recesserunt.

2129 2730 2156 2801 §
2189 2727 2250 2782 V.
2285 2729 2723 2801 Ecclesiasticam
2745 2727 3316 2801 hierarchiamtribus
3347 2730 3771 2801 tantumsacris

2197 2800 2483 2882 ordinibus
2530 2801 2806 2871 componi,
2838 2810 2892 2855 et
2941 2798 3222 2869 episcopos
3275 2799 3609 2870 presbyteris
3657 2814 3777 2853 esse

2195 2886 2523 2942 superiores.

2195 2977 2791 3033 Animadvertendum
2828 2980 3101 3049 praaterea
3135 2974 3425 3049 Iguatium
3458 2992 3550 3031 res
3576 2975 3768 3032 Eccle-

2123 3067 2223 3122 sia)
2238 3067 2637 3122 ministrorum
2653 3067 2888 3122 ordines
2902 3082 3005 3122 nec
3022 3065 3216 3136 plures
3229 3064 3390 3120 ullibi
3405 3081 3768 3131 memorasse,

2122 3157 2429 3228 episcopos
2461 3155 2706 3223 scilicet,
2734 3157 3101 3227 presbyteros
3161 3160 3218 3211 et
3264 3154 3562 3211 diaconos.
3596 3153 3764 3209 Unde

2124 3244 2414 3316 intelligas
2436 3243 2885 3299 ecclesiasticam
2910 3243 3301 3299 hierarchiam
3325 3243 3384 3298 in
3414 3243 3506 3299 bis
3537 3248 3764 3299 tantum

2120 3335 2307 3390 tribus
2338 3333 2647 3388 ordinibus
2677 3334 2749 3388 ab
2789 3350 2855 3388 eo
2908 3332 3090 3387 fuisse
3138 3335 3540 3387 constitutam.
3601 3332 3763 3398 Quod

2120 3422 2356 3494 quidem
2372 3421 2631 3492 synodus
2653 3421 2996 3475 Tridentina
3016 3419 3126 3475 hoc
3148 3436 3370 3475 canone
3393 3421 3606 3475 diserte
3625 3436 3764 3475 con-

2119 3512 2316 3567 ﬁrmat
2344 3517 2401 3566 et
2421 3512 2624 3567 deﬁnit
2652 3509 2725 3565 ιτς
2759 3532 2787 3560 ‹‹
2820 3511 2876 3564 Si
2901 3510 3033 3580 quis
3064 3509 3276 3565 dixerit
3297 3509 3356 3564 in
3388 3509 3646 3564 Ecclesia
3667 3525 3760 3563 ca-

2118 3602 2336 3657 tholica
2362 3618 2476 3657 non
2509 3618 2637 3657 esse
2695 3599 3111 3668 hierarchiam,
3143 3598 3341 3654 divina
3398 3598 3765 3653 ordinatione

2118 3692 2472 3758 institutam,
2503 3706 2632 3762 quis
2665 3694 2894 3744 constat
2934 3705 3003 3743 ex
3032 3688 3342 3757 episcopis,
3386 3686 3764 3757 presbyteris,

2120 3786 2176 3835 et
2204 3779 2510 3841 ministris,
2544 3778 2858 3833 anathema
2915 3776 3011 3832 sit.
3044 3798 3072 3825 »
3122 3776 3449 3836 Addamus,
3486 3775 3535 3829 si
3577 3775 3763 3841 lubet,

2120 3866 2407 3939 Ignatium
2422 3866 2642 3937 ubique
2656 3868 2830 3921 etiam
2850 3864 3255 3936 episcoporum
3284 3881 3397 3935 prae
3415 3864 3769 3933 presbyteris

2120 3958 2516 4015 excellentiam
2538 3957 2618 4011 ita
2649 3956 2803 4011 clare
2834 3954 3124 4019 docuisse,
3158 3959 3219 4009 ut
3252 3953 3401 4008 hanc
3432 3955 3504 4008 ob
3529 3970 3770 4009 causam

2121 4046 2447 4103 Calvinistaa
2480 4061 2734 4112 omnem,
2771 4043 2853 4099 uti
2880 4044 3007 4099 fuse
3038 4060 3071 4098 a
3103 4043 3269 4098 nobis
3300 4043 3770 4098 demonstratum

2122 4140 2232 4203 est,
2262 4134 2545 4191 moverint
2575 4133 2975 4204 lapidem,quo
3008 4131 3115 4187 has
3145 4130 3422 4203 epistolas
3449 4130 3520 4187 ab
3547 4131 3772 4201 Ignatio

2123 4225 2373 4296 scriptas
2417 4240 2533 4279 non
2569 4222 2749 4278 fuisse
2782 4219 3174 4277 ostenderent.
3210 4220 3319 4275 Sed
3345 4219 3496 4274 irriti
3531 4220 3771 4275 fuerunt

2125 4313 2331 4384 injusti
2360 4329 2563 4369 eorum
2604 4317 2871 4379 conatus,
2905 4326 2971 4365 ac
3017 4309 3223 4365 victrix
3284 4309 3503 4380 ubique
3559 4311 3771 4367 veritas

2126 4419 2355 4473 semper
2386 4400 2787 4472 triumphavit.

2197 4509 2340 4578 §Vl.
2380 4513 2453 4565 Dc
2484 4507 2757 4564 codicibus
2805 4522 2985 4580 manu
3031 4505 3282 4561 exaratis
3327 4507 3526 4562 harum
3574 4508 3774 4580 episto-

2857 4578 3061 4633 larum.

2202 4689 2306 4745 His
2326 4686 2836 4744 observationibus
2866 4689 2924 4743 et
2962 4685 3109 4739 illud
3147 4684 3517 4755 adjiciamus,
3550 4687 3776 4743 nullum

2129 4777 2512 4851 epistolarum
2546 4776 2751 4846 Ignatii
2784 4774 3038 4831 codicem
3075 4790 3249 4829 manu
3310 4780 3609 4831 exaratum
3637 4777 3778 4832 huc-

2130 4883 2319 4939 usque
2340 4871 2634 4938 repertum
2669 4866 2870 4931 fuisse,
2894 4864 2997 4935 qui
3036 4864 3278 4919 omnino
3335 4864 3556 4932 integer
3586 4866 3663 4919 sit
3720 4874 3779 4924 et

2129 4957 2521 5027 incorruptus.
2548 4953 2656 5019 Qui
2687 4953 2843 5009 enim
2898 4952 3181 5008 hactenus
3237 4952 3370 5006 usui
3428 4953 3682 5021 fuerunt,
3735 4941 3775 5008 ii

2133 5061 2279 5117 pene
2308 5059 2512 5098 omnes
2540 5057 2706 5098 veras
2746 5049 2799 5097 et
2830 5039 3007 5095 falsas
3037 5038 3251 5110 Ignatii
3285 5037 3468 5093 nostri
3497 5040 3778 5111 epistolas

2134 5132 2504 5190 confundunt
2532 5136 2590 5186 et
2623 5130 2996 5201 permiscent.
3031 5130 3095 5183 In
3154 5125 3377 5181 Latinis
3408 5142 3542 5182 vero
3576 5144 3778 5184 exem-

2135 5222 2552 5295 plaribus,quae
2570 5219 2907 5292 pluribusin
2922 5216 3066 5273 locis
3083 5219 3357 5285 corrupta
3370 5217 3785 5281 sunt,l'.abetur

2134 5312 2347 5377 versio,
2379 5327 2495 5383 qua
2527 5315 2715 5364 textus
2745 5308 2976 5362 Graecus
3012 5310 3132 5361 tam
3166 5304 3506 5373 scrupulose
3536 5307 3605 5360 ad
3628 5306 3783 5364 litte-

2138 5419 2264 5458 ram
2314 5400 2599 5465 redditur,
2633 5402 2697 5452 ut
2755 5413 2824 5452 ea
2852 5396 3094 5450 omnino
3124 5391 3421 5464 inelegans
3451 5395 3529 5450 sit
3556 5401 3613 5451 et
3649 5397 3783 5453 bar-

452 5528 499 5562 ⁴⁹
529 5531 715 5603 Epist.
757 5529 827 5584 ad
886 5529 1091 5603 Smyr._
1120 5527 1193 5603 _5°
1250 5528 1383 5603 lib:
1406 5544 1491 5603 iv,
1523 5533 1675 5603 σρῃιἐ
1699 5531 2002 5603 Μανείοῃζ
2018 5544 2145 5603 cap.
2174 5528 2263 5603 49.
2287 5525 2384 5603 ω⁶¹
2423 5543 2575 5603 _cap.
2598 5596 2607 5603 _
2634 5540 2713 5591 xx,
2910 5521 2955 5556 ⁸³
3005 5520 3648 5603 Βρρρρηβτήαάηιςξσι.
3702 5528 3786 5603 ρο

381 5590 592 5675 ρεξρειῖ
629 5607 775 5675 part.
813 5617 875 5668 ιι,
912 5590 1037 5675 cap.
1070 5601 1163 5675 2i,
1192 5590 1490 5675 pag:_269.'
1640 5601 1822 5672 Epist.
1858 5601 1928 5657 ad
1965 5590 2131 5657 Traii.
2208 5598 2254 5634 “
2286 5598 2385 5652 lib.
2416 5599 2493 5653 De
2519 5590 2826 5667 'virgmit.,
2877 5609 3003 5665 cap.
3040 5591 3185 5663 18,§
3233 5590 3354 5649 119.
3432 5593 3477 5629 ⁸⁸
3507 5593 3607 5650 lib.
3642 5612 3662 5651 ι
3712 5599 3787 5657 De

383 5670 555 5750 ofﬁc,
589 5670 718 5749 cap.
745 5675 835 5731 42.
912 5672 957 5708 ⁵⁸
982 5670 1110 5729 can.
1141 5670 1229 5729 Η.
1276 5670 1352 5704 ’57
1374 5686 1519 5729 sess.
1551 5674 1641 5729 23.
