4112 6132
378 365 494 425 563

1401 368 1465 428 S.
1513 366 1908 429 IGNATIUS.
1958 397 2034 412 -
2086 361 2711 426 PROLEGOMENA.

3673 363 3793 424 864

380 501 541 564 bara,
576 515 641 555 ac
673 514 821 570 saepe
852 497 1065 571 saapius
1099 499 1348 556 obscura
1378 505 1434 556 et
1485 501 1755 558 difﬁcilis.
1788 502 2023 557 Graecus
2057 499 2102 567 Α
2139 503 2198 555 et
2227 500 2523 555 erroribus
2560 499 2766 554 fmdato
2809 496 2870 553 in
2929 495 3122 553 lucem
3173 495 3550 569 prodierunt?
3597 497 3786 554 Nemo

382 605 554 658 porro
588 587 960 644 Florentinus
1019 589 1202 644 codex
1231 594 1286 646 et
1335 589 1530 660 plures
1598 591 1773 646 habet
1813 606 2026 658 naevos,

379 693 487 732 nec
544 677 787 747 integer,
823 683 886 733 ut
919 696 1097 751 supra
1129 681 1488 748 monuimus,
1523 682 1621 736 sed
1659 680 1902 735 mutilus
1920 684 2030 747 est,

381 780 437 822 et
472 767 784 837 epistolam
825 769 895 822 ad
929 769 1217 824 Romanos
1276 787 1388 825 non
1440 774 1834 840 reprmsentat.
1870 774 2028 824 Hanc

387 861 586 910 noster
614 857 1010 913 Theodericus
1068 858 1409 925 Ruinartus,
1435 876 1552 914 una
1581 875 1716 915 cum
1779 859 2028 914 sinceris

388 944 594 1016 Ignatii
630 945 889 1018 martyrii
921 949 1082 1003 Actis
1134 965 1201 1003 ex
1257 949 1652 1020 manuscripto
1700 948 2029 1004 Colbertino

385 1034 536 1105 typis
593 1034 806 1090 Graecis
863 1035 1064 1091 edidit.
1127 1037 1283 1092 Duos
1342 1037 1586 1108 insuper
1650 1037 2028 1109 epistolarum

388 1121 600 1194 Ignatii
637 1125 1075 1196 manuscriptos
1107 1127 1334 1182 codices
1374 1143 1442 1181 ex
1498 1127 1701 1182 eadem
1738 1125 2030 1181 ditissima

384 1214 770 1270 illustrissimi
787 1211 1039 1270 Colbcrti
1063 1215 1418 1271 Bibliotheca
1451 1217 1604 1271 nacti
1637 1213 2030 1271 sumus.Alter

383 1304 616 1360 Graecus
647 1307 754 1373 est,
785 1305 883 1359 sed
929 1321 1310 1376 papyraceus,
1347 1322 1450 1362 nec
1497 1310 1741 1362 vetusta;
1773 1320 2024 1360 manus:

385 1394 532 1451 alter
561 1396 988 1466 pergaminzeus
1012 1401 1144 1451 ante
1176 1413 1361 1452 annos
1381 1397 1736 1468 quingentos
1758 1399 2028 1452 exaratus

385 1483 752 1554 est.Uterque
778 1499 910 1538 vero
927 1501 1131 1540 omnes
1163 1485 1366 1556 Ignatii
1395 1485 1675 1556 epistolas
1694 1501 2026 1558 germanas:

385 1574 739 1644 suppositas,
803 1573 1183 1641 adulterinas,
1244 1574 1642 1645 interpolatae,
1677 1575 1919 1628 confuse
1975 1577 2031 1626 et

387 1664 662 1734 permiste
693 1662 970 1718 continet.
997 1663 1256 1735 Denique
1277 1664 1625 1720 Pearsonius
1657 1664 1831 1720 alium
1876 1665 2030 1719 Grae-

385 1768 517 1806 cum
553 1752 834 1821 codicem,
867 1761 1086 1822 septem
1145 1751 1428 1822 genuinas
1490 1751 1697 1823 Ignatii
1749 1751 2028 1822 epistolas

2141 605 2302 657 sane,
2338 591 2437 661 qui
2470 589 2558 644 vel
2594 590 2899 644 minimam
2933 587 2990 642 in
3048 587 3454 643 examinandis
3489 588 3790 644 codicibus

2141 680 2566 751 manuscriptis
2597 696 2832 750 operam
2865 679 3186 748 collocavit,
3219 681 3454 737 diffiteri
3505 686 3697 753 potest
3730 683 3790 737 in

2139 784 2354 838 paucos
2385 770 2702 824 admodum
2737 786 2799 824 se
2823 769 3094 824 incidisse
3122 769 3460 840 hujusmodi
3493 771 3695 840 libros,
3731 773 3789 826 in

2138 857 2354 928 quibus
2389 857 2561 913 nulla
2593 859 2712 914 sint
2740 857 2826 914 vel
2868 859 3158 914 breviores
3188 859 3274 914 vel
3308 859 3596 931 longiores
3627 860 3788 916 lacu-

2137 962 2244 1016 nis,
2279 947 2337 1002 in
2373 948 2588 1018 quibus
2621 947 2765 1002 nulli
2799 948 2916 1003 sint
2944 949 3321 1004 oscitantium
3367 950 3453 1004 vel
3484 949 3790 1022 imperito-

2139 1051 2269 1090 rum
2295 1036 2666 1091 librariorum
2692 1036 2912 1107 lapsus,
2939 1037 2995 1090 in
3031 1037 3249 1107 quibus
3272 1038 3416 1092 nihil
3442 1039 3681 1094 omnino
3699 1041 3792 1095 de-

2137 1125 2446 1180 sideretur.
2479 1127 2580 1180 Cui
2608 1141 2744 1181 vero
2776 1124 3006 1196 aliquos
3041 1126 3161 1181 sive
3189 1129 3388 1183 Graeca
3418 1127 3536 1183 sive
3585 1129 3790 1184 Latina

2138 1228 2315 1268 manu
2349 1218 2614 1270 exaratos
2646 1215 2877 1271 codices
2905 1216 2990 1270 fas
3013 1231 3129 1270 non
3154 1216 3262 1271 fuit
3282 1216 3495 1288 legere,
3527 1219 3713 1288 adeat,
3740 1220 3794 1274 si

2135 1301 2387 1372 velit,vel
2420 1303 2610 1359 solum
2646 1305 3182 1377 manuscriptorum
3217 1304 3498 1362 librorum
3523 1307 3581 1362 in
3606 1308 3791 1363 Atha-

2139 1391 2313 1456 nasii,
2347 1392 2686 1463 Augustini,
2721 1392 3091 1464 aliorumque
3121 1394 3357 1450 Patrum
3393 1396 3554 1450 novis
3585 1397 3793 1452 editio-

2136 1479 2309 1534 nibus
2333 1479 2664 1548 elenchum,
2692 1486 2749 1536 et
2777 1498 2845 1537 ex
2869 1498 2934 1538 eo
2985 1482 3172 1536 discet
3203 1482 3397 1554 plures
3427 1500 3628 1538 eorum
3661 1490 3784 1540 tra-

2135 1573 2346 1633 ctatus,
2383 1571 2665 1641 epistolas
2702 1576 2760 1626 et
2789 1588 3042 1627 canones
3073 1588 3142 1626 ex
3173 1589 3292 1628 uno
3333 1579 3562 1628 tantum
3605 1590 3783 1630 manu

2134 1665 2371 1714 exarato
2395 1660 2594 1715 codice
2627 1660 2844 1731 publici
2876 1662 3055 1717 factos
3089 1661 3271 1717 fuisse
3294 1663 3468 1733 juris.
3503 1663 3780 1737 Nunquid

2136 1747 2420 1817 igiturest
2454 1748 2670 1804 idcirco
2698 1751 3026 1820 negandum
3055 1750 3160 1805 hos
3193 1755 3433 1806 Patrum
3461 1751 3791 1819 lihros,ser-

386 1842 755 1896 exhibentem
787 1839 854 1906 ³⁸,
899 1845 955 1894 et
983 1839 1030 1894 ei
1073 1856 1188 1910 quo
1228 1839 1511 1904 Gobarus,
1546 1838 1890 1894 Anastasius
1923 1855 2025 1909 pa-
2057 1846 2104 1910 Β
2137 1851 2340 1892 mones
2371 1842 2426 1891 et
2450 1837 2751 1907 epistolas.
2784 1855 2988 1894 verum
3041 1839 3484 1912 genuinumqus
3516 1841 3791 1898 exhibere

384 1929 634 1984 triarcha
665 1928 1086 1995 Antiochenus,
1119 1932 1292 2000 atque
1348 1927 1719 1982 Alexandrini
1753 1926 2026 1983 Chronici

385 2021 586 2075 auctor
605 2017 694 2073 usi
725 2015 1130 2085 sunt,omnino
1163 2015 1413 2072 similem
1447 2033 1508 2072 se
1538 2016 1753 2072 vidisse
1773 2020 2026 2072 testatus

381 2117 487 2165 68L

383 2233 552 2304 §Vll.
587 2235 900 2306 Singularis
950 2234 1174 2289 Ernesti
1224 2233 1486 2288 Tentzelii
1523 2233 1588 2288 de
1645 2235 1790 2289 veris
1821 2235 2026 2304 Ignatii

767 2306 1011 2378 epistolis
1041 2306 1318 2361 sententia
1347 2306 1647 2378 refellitur.

454 2435 764 2505 Postquam
785 2451 852 2490 ea
883 2450 1013 2505 quae
1043 2434 1114 2488 de
1135 2433 1286 2488 veris
1317 2441 1370 2488 et
1403 2433 1564 2489 falsis
1599 2434 1802 2506 lgnatii
1835 2435 2020 2490 nostri

380 2525 666 2596 epistolis,
700 2543 733 2580 a
768 2525 935 2580 nobis
963 2525 1245 2579 hactenus
1294 2524 1614 2596 disputata,
1630 2525 1783 2598 typis
1812 2541 2022 2582 excusa

383 2615 652 2680 fuissent,
714 2616 772 2670 in
845 2631 1058 2670 manus
1106 2619 1334 2670 nostras
1401 2620 1686 2671 venerunt
1743 2615 2018 2672 Willelmi

380 2706 606 2760 Ernesti
633 2703 910 2760 Tentzelii
943 2703 1167 2760 selectae
1197 2703 1657 2771 exercitationes,
1690 2705 2018 2776 quarumin

379 2795 546 2848 tertia
579 2793 672 2848 ille
703 2810 946 2866 prorsus
980 2793 1338 2864 singularem
1363 2793 1432 2848 de
1463 2793 1867 2864 genuinisillis
1897 2794 2020 2865 epi-

379 2881 547 2937 stolis
579 2883 925 2937 sententiam
958 2881 1322 2952 amplexatus
1360 2885 1468 2936 est.
1503 2883 1647 2937 Cum
1705 2882 1860 2937 enim
1893 2883 2019 2939 Flo-

379 2971 674 3026 rentinum
735 2987 838 3026 seu
895 2971 1213 3024 Mediceum
1273 2970 1552 3037 codicem,
1594 2987 1770 3041 quem
1829 2971 2018 3027 solum

379 3062 608 3117 Graecas
648 3059 856 3130 Ignatii
906 3059 1130 3114 litteras
1187 3059 1410 3129 absque
1469 3059 2019 3130 interpolationibus

379 3150 652 3204 exhibere
695 3148 974 3214 diximus,
1009 3148 1300 3217 integrum
1351 3163 1464 3201 non
1521 3164 1672 3215 esse,
1705 3149 1803 3203 sed
1842 3149 2015 3204 sicuti

382 3239 746 3303 monuimus,
779 3235 1075 3298 mutilum.
1108 3236 1611 3304 detruncatum,ac
1643 3237 1814 3292 variis
1845 3235 2024 3292 libra-

377 3593 725 3664 amplius.In
757 3591 935 3661 hujus
965 3595 1161 3646 autem
1185 3589 1501 3662 Opinionis,
1523 3609 1555 3647 a
1585 3593 1809 3649 caeteris
1839 3597 2022 3650 omni-

373 3685 484 3740 bus
516 3684 659 3738 adeo
692 3680 1085 3748 abhorrentis,
1115 3680 1616 3738 conﬁrmationem
1676 3683 1837 3738 varia
1884 3703 2012 3756 pro-

370 3773 480 3828 fert
510 3770 938 3834 testimonia,ex
970 3769 1062 3826 bis
1091 3770 1298 3826 litteris
1323 3787 1357 3825 a
1378 3771 2015 3846 Theodoreto,aliisque

367 3861 721 3931 quibusdam
757 3860 1188 3932 antiquissimis
1227 3861 1613 3931 scriptoribus
1644 3863 2010 3937 deprompta,

367 3967 493 4021 quae
543 3967 656 4005 non
684 3949 887 4005 eodem
932 3965 1172 4020 prorsus
1217 3951 1386 4005 modo
1420 3955 1594 4022 atque
1626 3953 1684 4007 in
1720 3951 1820 4008 illo
1883 3953 2010 4008 Flo-

365 4039 590 4095 rentino
611 4038 809 4095 codice
849 4037 1227 4110 leguntur.Ex
1276 4038 1491 4109 quibus
1541 4041 1752 4096 doctus
1787 4041 1886 4098 ille
1925 4041 2010 4098 vir

363 4128 661 4184 concludit
692 4144 796 4183 nos
828 4144 930 4198 pro
963 4144 1093 4184 vere
1125 4129 1431 4201 Ignatiano
1463 4129 1610 4186 nihil
1640 4147 1880 4201 prorsus
1908 4133 2008 4188 ha-

360 4217 516 4285 bere,
550 4217 662 4272 nisi
693 4218 847 4288 quod
879 4218 951 4272 ab
985 4219 1254 4275 Ecclesiae
1285 4220 1575 4288 Patribus,
1609 4222 1710 4293 qui
1753 4229 2008 4294 quatuor

359 4305 570 4375 primis
593 4313 723 4375 post
754 4307 968 4377 lgnatii
1004 4313 1254 4364 mortem
1279 4310 1506 4366 saeculis
1522 4311 2005 4380 ﬂoruerunt,con-

357 4407 566 4459 gruum
599 4393 675 4446 sit
704 4397 761 4446 et
790 4396 1166 4453 conveniens.

429 4481 537 4533 Sed
571 4481 692 4534 hec
723 4497 883 4536 mera
920 4488 1078 4547 sunt,
1124 4485 1274 4540 absit
1335 4493 1528 4544 tamen
1556 4489 1728 4545 verbo
1761 4490 1998 4562 invidia,

2138 1923 2372 1979 illorum
2398 1941 2545 1996 opus
2571 1931 2627 1980 et
2658 1929 3144 1983 commentarium
3169 1930 3196 1982 ?
3247 1929 3525 2002 Nunquid
3573 1932 3792 1988 idcirco

2136 2014 2283 2069 nihil
2309 2014 2467 2069 aliud
2503 2015 2558 2069 in
2609 2016 2694 2070 eis
2741 2017 2855 2070 veri
2907 2022 2963 2071 et
2993 2017 3201 2072 sinceri
3236 2036 3361 2075 esse
3393 2020 3640 2090 dicetur,
3677 2023 3798 2078 nisi

2135 2104 2287 2173 quod
2313 2103 2466 2158 intra
2491 2103 2952 2174 quadringentos
2985 2106 3055 2160 ab
3089 2108 3344 2162 auctoris
3380 2113 3566 2163 morte
3595 2127 3787 2168 annos

2133 2193 2204 2247 ab
2227 2191 2358 2246 aliis
2381 2192 2766 2262 scriptoribus
2789 2194 3029 2247 citatum
3055 2193 3302 2264 legimus
3324 2195 3508 2260 ?Quid
3527 2213 3664 2252 vero
3681 2199 3782 2253 ?Si

2134 2285 2445 2354 scriptores
2474 2281 2654 2351 illi,ut
2688 2301 2800 2338 non
2837 2284 2917 2339 ita
2948 2301 3077 2340 raro
3105 2302 3212 2341 usu
3243 2287 3580 2355 venit,nihil
3606 2290 3784 2344 exhis

2134 2371 2722 2427 commentationibus
2738 2373 3402 2446 laudaverint,nunquid
3419 2377 3633 2433 idcirco
3655 2378 3779 2432 haec

2133 2460 2474 2516 venerandae
2497 2466 2878 2516 monumenta
2910 2463 3280 2533 antiquitatis
3303 2464 3622 2534 rejicienda
3643 2470 3785 2522 sunt

2131 2566 2197 2605 ac
2230 2549 2466 2621 penitus
2497 2550 2913 2621 proscribenda
2933 2551 2961 2604 ?

2206 2661 2326 2728 Age
2347 2672 2501 2725 vero,
2535 2657 2698 2728 quid,
2733 2673 2950 2728 quasso,
2980 2673 3048 2714 ex
3071 2658 3180 2714 hac
3211 2662 3664 2729 argumentandi
3701 2679 3786 2718 ra-

2132 2747 2290 2802 tione
2309 2748 2381 2802 de
2404 2745 2536 2802 aliis
2568 2746 2667 2800 fiet
2703 2746 2937 2803 Patrum
2961 2748 3390 2820 operibusquzs
3423 2753 3692 2821 quamvis
3714 2771 3783 2810 ex

2131 2835 2404 2906 pluribus
2459 2835 2876 2907 manuscriptis
2917 2837 3217 2894 codicibus
3267 2854 3480 2895 excusa
3537 2845 3594 2896 et
3625 2843 3780 2914 typis

2129 2925 2305 2993 edita,
2341 2923 2538 2978 nullus
2594 2928 2790 2979 tamen
2844 2941 2910 2980 ex
2941 2925 3146 2981 iisdem
3195 2927 3493 2983 codicibus
3552 2929 3775 3001 integer

2130 3013 2483 3078 omnino,uti
2517 3029 2669 3082 sazpe
2689 3012 2904 3084 saepius
2933 3014 3227 3082 accidit,et
3260 3016 3630 3090 incorruptus
3644 3024 3729 3074 est
3757 3038 3770 3086 ;

2129 3101 2228 3154 sed
2263 3100 2321 3154 in
2354 3099 2447 3154 his
2480 3099 2756 3154 omnibus
2789 3101 3000 3156 menda
3023 3109 3359 3173 occurrunt,
3393 3105 3770 3179 lapsus,erro-

2056 3208 2099 3274 ρ
2132 3203 2244 3252 res,
2277 3186 2472 3241 hiatus
2503 3192 2560 3241 et
2590 3186 2832 3255 lacunae,
2869 3205 2995 3260 qua?
3027 3207 3094 3246 ex
3125 3192 3279 3248 nullo
3314 3211 3514 3250 eorum
3549 3211 3653 3250 nec
3673 3212 3772 3251 sa-

2132 3275 2255 3330 nari
2271 3281 2633 3346 possuntnec
2649 3277 2994 3332 emendari?
3015 3278 3290 3350 Nunquid
3310 3299 3443 3352 ergo
3459 3283 3771 3340 dicendum

2127 3369 2216 3418 est
2246 3363 2443 3418 omnia
2467 3365 2821 3433 ejuscemodi
2842 3366 3076 3423 Patrum
3111 3386 3306 3440 opera,
3342 3372 3532 3426 dubiaa
3564 3374 3768 3428 tandiu

2125 3632 2444 3701 reperietur
2467 3629 2494 3684 ?
2518 3631 2697 3687 Nemo
2725 3637 2880 3689 certe
2903 3651 3015 3689 non
3035 3635 3188 3690 videt
3207 3642 3496 3708 quantum
3512 3638 3635 3694 haec
3649 3657 3773 3695 om-

2122 3735 2220 3774 nia
2249 3719 2503 3776 absurda
2533 3724 2588 3776 et
2645 3721 2715 3776 ab
2767 3723 2924 3778 omni
2959 3740 3202 3796 prorsus
3255 3727 3775 3786 verisimilitudine

2121 3808 2241 3864 sint
2263 3809 2475 3867 aliena.

2187 3933 2424 3990 Certum
2457 3936 2636 4008 igitur
2667 3941 2976 4010 ratumque
3007 3955 3134 3996 esse
3164 3941 3334 3998 debet
3365 3941 3495 3998 illas
3527 3949 3764 4001 Patrum

2117 4028 2645 4083 commentationes
2668 4043 2831 4083 veras
2863 4033 2918 4083 et
2941 4029 3228 4100 genuinas
3258 4048 3386 4088 esse
3417 4036 3771 4102 censendus,

2117 4130 2244 4184 quis
2275 4130 2342 4170 ex
2377 4117 2622 4184 uno,sed
2655 4116 2894 4188 antiquo
2927 4124 2983 4173 et
3007 4120 3237 4189 optimas
3272 4126 3419 4176 notas
3447 4123 3769 4196 exemplari

2113 4200 2194 4256 ita
2221 4208 2533 4272 eruuntur,
2569 4208 2632 4259 ut
2662 4204 2718 4260 in
2747 4204 2846 4262 illo
2878 4222 2991 4262 non
3024 4224 3092 4262 ea
3124 4212 3375 4281 tantum,
3399 4227 3528 4282 quas
3558 4212 3631 4267 ab
3661 4229 3770 4268 an-

2117 4290 2298 4362 tiquis
2330 4293 2720 4363 scriptoribus
2753 4294 2888 4350 inde
2917 4295 3155 4352 laudata
3180 4296 3454 4368 legimus,
3489 4301 3589 4355 sed
3619 4301 3766 4356 nihil

2112 4378 2314 4447 etiam,
2349 4381 2460 4436 nisi
2494 4385 2725 4438 auctore
2767 4398 2874 4438 suo
2905 4383 3324 4456 dignissimum
3372 4392 3754 4445 contineatur.

2105 4469 2280 4539 Atqui
2316 4469 2527 4541 lgnatii
2565 4471 2745 4526 nostri
2779 4470 3078 4544 epistolas,
3104 4491 3170 4530 ex
3207 4476 3528 4533 Florentino
3561 4479 3762 4536 codice

358 4567 616 4623 hominis
663 4567 958 4640 “summa
1015 4573 1265 4641 somnia,
1307 4591 1582 4648 vanaque
1630 4595 1696 4633 ac
1757 4555 1998 4650 prorsa;
2030 4569 2075 4633 ι)
2107 4555 2458 4650 divulgatas,
2493 4559 2638 4614 tales
2671 4576 2800 4650 esse
2837 4560 3260 4629 invictissimis,
3289 4564 3372 4620 uti
3405 4566 3642 4637 quidem
3668 4586 3763 4624 ar-

360 4655 572 4712 frivolas
604 4655 906 4726 opiniones
937 4663 994 4712 et
1029 4662 1544 4730 conjecture.Nam
1577 4667 1626 4722 si
1656 4683 1724 4722 ex
1755 4684 1821 4724 eo
1840 4671 1992 4739 quod

356 4762 460 4802 nec
481 4746 720 4801 omnino
778 4746 1184 4819 incorruptum
1245 4767 1347 4806 nec
1392 4752 1561 4824 plane
1591 4755 1880 4828 integrum
1923 4759 1998 4815 sit

353 4835 563 4891 veteris
592 4835 841 4904 alicujus
873 4836 1423 4907 antiquissimorum
1457 4843 1728 4901 Ecclesiae
1756 4849 1993 4903 Patrum

351 4924 776 4980 lucubrationis
830 4924 1147 4996 exemplar,
1198 4926 1338 4983 illud
1401 4929 1616 4988 idcirco
1673 4937 1994 5006 genuinum

352 5013 508 5070 illius
540 5031 688 5086 opus
720 5030 1093 5084 nequaquam
1124 5025 1540 5087 repraesentare
1568 5023 1995 5100 dicatur,pluri-

351 5120 460 5159 mw
492 5120 632 5158 sane
664 5119 729 5159 ac
762 5104 1185 5174 propemodum
1232 5104 1476 5162 inﬁnita:
1538 5119 1709 5168 erunt
1755 5115 1993 5173 illorum

348 5207 475 5246 com
485 5192 1116 5263 mentationes,quibns
1130 5195 1329 5249 eadem
1353 5195 1624 5255 falsitatis
1639 5210 1770 5257 nota
1790 5205 1995 5264 debeat

349 5281 524 5336 inuri.
557 5283 706 5346 Quot
734 5282 916 5348 enim,
951 5281 1104 5336 Deus
1163 5282 1332 5350 bone,
1367 5289 1703 5347 eorumdem
1753 5293 1989 5355 Patrum

351 5368 592 5439 scripta,
623 5372 933 5434 tractatus,
967 5366 1100 5424 libri
1135 5374 1191 5426 et
1215 5369 1330 5426 alia
1361 5375 1908 5453 ejuscemodiopera
1928 5402 1997 5442 ex

349 5475 464 5513 uno
504 5464 732 5515 tantum
787 5460 1189 5532 manuscripto
1243 5463 1441 5521 codice
1499 5470 1726 5537 mutilo,
1768 5474 1994 5532 lacunis

353 5546 868 5620 hiante,variisque
899 5552 1349 5610 amanuensium
1369 5554 1742 5620 librariorum
1763 5568 1993 5625 mendis

526 5673 568 5711 ⁸³
593 5673 801 5733 Vindic.
827 5675 996 5750 Epist.
1030 5678 1206 5753 (gnat.
1239 5695 1365 5754 pag.
1385 5683 1472 5741 48.

2107 4644 2415 4716 bitramur,
2449 4649 2834 4718 argumentis,
2859 4652 3127 4722 superius
3147 4653 3606 4712 demonstratum
3641 4663 3754 4714 est.

2105 4735 2385 4790 Caeterum
2420 4735 2528 4790 illae
2560 4738 2769 4809 Ignatii
2800 4739 3054 4810 epistola:
3106 4757 3218 4797 non
3280 4743 3338 4798 in
3389 4743 3506 4800 solo
3557 4747 3754 4803 codice

2109 4821 2436 4878 Florentino
2453 4830 2690 4896 repertae
2723 4833 2863 4883 sunt
2882 4834 2898 4880 ε
2914 4827 3355 4885 Usseriusenim
3380 4833 3523 4890 alios
3544 4840 3752 4892 nactus

2106 4916 2214 4976 est,
2238 4911 2337 4981 qui
2362 4913 2638 4982 quamvis
2669 4915 2856 4970 Latini
2891 4916 3030 4986 sint,
3055 4919 3187 4989 quia
3243 4925 3441 4977 tamen
3483 4925 3756 4981 eumdem

2106 5016 2173 5055 ac
2205 4998 2576 5058 Florentinus
2625 5004 2837 5075 Ignatii
2871 5010 3090 5062 textum
3118 5008 3417 5079 exhibent,
3441 5011 3500 5066 in
3533 5014 3602 5068 iis
3633 5015 3758 5070 sin-

2105 5106 2268 5146 ceras
2289 5093 2864 5165 genuinasqueillius
2893 5097 3170 5168 epistolas
3197 5107 3596 5172 repraesentari
3625 5105 3757 5161 nul-

2105 5180 2202 5237 lus
2235 5181 2407 5254 plane
2437 5185 2748 5240 dubitandi
2771 5184 2933 5243 locus
2967 5194 3075 5244 est.

2178 5307 2260 5361 Ad
2295 5307 2576 5365 Tentzelii
2597 5309 2797 5381 itaque
2819 5313 3187 5383 conjecturas
3218 5318 3372 5388 quod
3405 5319 3756 5386 attinet,illas

2106 5394 2284 5451 dubio
2310 5397 2702 5468 procul,nullo
2722 5401 2978 5472 amplius
3010 5402 3246 5460 feriente
3273 5412 3376 5461 aut
3399 5407 3757 5479 impellente,

2103 5485 2203 5538 sed
2233 5501 2294 5541 se
2326 5487 2470 5558 ipsis
2501 5492 2685 5544 ruunt
2714 5498 2763 5544 et
2799 5497 3172 5548 evanescunt.
3209 5495 3278 5550 Et
3297 5512 3429 5552 vero
3461 5498 3507 5552 si
3542 5516 3669 5570 qua:
3704 5501 3762 5556 in

2106 5575 2446 5633 memoratis
2475 5577 2781 5635 codicibus
2816 5579 3108 5637 variantes
3143 5582 3443 5655 lectiones,
3477 5593 3578 5644 aut
3604 5587 3760 5649 leves
