4112 6132
420 333 544 397 865

1495 339 1838 402 ΑΝΒΒΕΛΕ
1880 338 2302 402 GALLANDII
2347 335 2764 400 PROtEMIA.

3723 347 3841 410 566

419 471 709 539 hiatus,et
736 471 962 528 lacuum
991 477 1489 546 occurrunt,certe
1521 476 1784 549 plerique
1815 476 2066 542 codices,
2101 478 2152 545 Α
2187 475 2506 546 ditatisque
2535 475 2915 545 devenerunt,
2946 477 3009 530 ut
3030 473 3165 530 inde
3215 475 3653 548 lguatlanarum
3680 479 3838 538 litte-

419 578 491 618 ex
523 562 742 634 quibus
771 563 886 619 alia
902 567 1142 620 Patrum
1173 581 1350 638 opera
1380 567 1437 621 in
1471 566 1680 640 vulgus
1709 566 2074 639 prodierunt,

423 669 532 708 nee
561 653 883 709 levioribus
915 670 1020 710 nec
1069 655 1634 727 infrequentioribus
1688 657 2076 728 inquinentur

423 743 766 798 erratis.sAt
786 743 908 798 haec
940 749 1144 800 contra
1162 747 1502 802 eorumdem
1517 764 1760 818 operum
1775 745 2074 802 veritatem

426 841 482 886 et
512 830 856 903 γνησιότητα
887 849 1148 904 pugnare
1170 833 1371 891 nullus
1404 837 1613 892 merito
1657 851 1919 908 unquam
1940 835 2075 906 jure

421 921 652 976 dixerit.

490 1012 713 1068 Deinde
745 1028 878 1068 vero
901 1029 1017 1070 non
1050 1013 1196 1070 alios
1229 1014 1547 1072 Florentini
1575 1015 1792 1072 codicis
1847 1030 2073 1071 errores

418 1101 751 1157 Tentzelius
784 1101 953 1158 nobis
975 1101 1194 1174 objicit,
1237 1121 1415 1175 quam
1477 1103 1610 1160 illos
1659 1105 1760 1176 qui
1809 1105 1972 1176 prius
1999 1104 2072 1159 ab

424 1189 679 1259 Usserio,
709 1189 918 1247 Vossio
950 1196 1007 1247 et
1037 1192 1350 1249 Pearsonio
1382 1193 1622 1249 indicati
1653 1194 2070 1259 fuerunt.Quo-

417 1279 592 1334 modo
624 1279 806 1351 igitur
835 1279 1151 1352 scriptores
1172 1280 1283 1351 illi,
1315 1297 1464 1352 quos
1517 1283 1673 1337 idem
1733 1281 2069 1338 Tentzelius

409 1367 650 1439 lynceos
670 1369 1001 1426 etoculatos
1015 1369 1221 1426 merito
1262 1370 1610 1444 appellat,eo
1633 1371 1912 1428 caecitatis
1936 1375 2027 1428 tar
2041 1401 2067 1413 -

415 1520 2760 1556 Μ

2188 581 2385 621 rarum
2413 564 2587 620 ﬁdem
2619 563 2890 620 vacillare
2920 567 2978 620 et
3006 563 3239 621 concuti
3263 581 3379 622 non
3407 567 3836 626 animadverte-

2188 653 2351 709 rint?
2379 653 2551 708 Nulla
2570 670 2709 709 sane
2741 653 2854 709 alia
2879 670 3057 709 causa
3077 653 3206 720 fuit,
3233 654 3342 710 nisi
3399 657 3535 727 quia
3595 659 3836 715 acrioris

2185 743 2570 815 aequiorisque
2599 742 2709 814 ipsi
2749 743 3346 815 erantjudicii,quam
3382 750 3444 799 ut
3467 755 3700 818 propter
3745 766 3836 804 va-

2186 833 2302 888 rios
2334 833 2618 902 quosdam
2643 831 3009 888 librariorum
3039 839 3513 902 errores,certam
3546 834 3830 896 harumce

2183 923 2586 994 epistolarum,
2619 922 2705 978 vel
2725 921 2967 978 alterius
3019 921 3333 993 cujuslibet
3401 925 3826 983 lucubrationis

2183 1011 2479 1068 veritatem
2497 1015 2701 1067 nutare
2721 1011 3296 1068 crederenLSedhasc
3318 1012 3508 1070 fusius
3527 1019 3823 1089 prosequi,

2181 1106 2237 1158 et
2267 1102 2325 1158 in
2349 1101 2456 1157 hac
2486 1101 2915 1173 opinione,qute
2939 1104 3059 1156 tam
3094 1103 3166 1157 ab
3199 1101 3447 1158 aliorum
3491 1108 3823 1174 sententiis,

2181 1207 2356 1262 quam
2388 1191 2460 1246 ab
2491 1189 2618 1263 ipsa
2640 1191 2877 1246 veritate
2905 1189 3051 1245 adeo
3079 1190 3372 1261 abhorret,
3404 1193 3628 1250 diutius
3655 1196 3824 1252 refel-

2178 1277 2352 1334 lenda
2381 1276 3322 1350 immorari,superﬂuumomnino
3345 1279 3622 1338 etinutile
3653 1283 3823 1339 nobis

2179 1368 2428 1427 videtur.

1224 1703 1972 1806 ANDREE
2076 1703 3014 1806 GALLANDII

1803 1942 2428 2040 PROCEMIA

1153 2164 1246 2218 AD
1280 2159 1651 2218 EPISTOLAS
1679 2159 1934 2219 SANCTI
1965 2161 2056 2216 ET
2084 2160 2268 2218 ACTA
2310 2160 2663 2218 MARTYRII
2697 2159 3039 2220 EIUSDEM.

1076 2321 1357 2389 (Veterum
1387 2319 1621 2374 Patrum
1651 2317 1951 2386 Biblioth.,
1983 2320 2029 2390 t,
2059 2318 2102 2390 Ι,
2131 2317 2392 2375 Venetiis
2443 2318 2602 2391 1765,
2620 2318 2870 2392 Proleg.,
2901 2334 2960 2392 p.
2995 2319 3129 2390 LIV.)

938 2523 1172 2581 CAPUT
1203 2523 1507 2581 PRIMUM.

406 2639 643 2712 Septem
659 2632 842 2712 episto
850 2630 934 2712 Ias
950 2637 1192 2709 scripsit
1204 2631 1571 2712 SJgnatius.
1581 2634 1812 2692 Dorum
1824 2630 2049 2712 duplex

485 2709 789 2791 exemplar
821 2709 1099 2784 ;alterum
1118 2709 1697 2791 sincerum,alterum
1721 2709 2046 2791 interpola-

489 2790 654 2851 tum.
677 2793 856 2853 Misso
880 2798 1232 2872 posteriore,
1265 2793 1478 2870 agitur
1521 2790 1590 2851 de
1612 2794 1837 2872 priore,
1871 2790 2046 2870 cuius

491 2871 908 2954 proponuntur
926 2873 1219 2954 editiones
1241 2871 1862 2954 praecipuwﬂmnium
1892 2873 2048 2953 apti-

483 2952 615 3026 ma,
638 2973 768 3034 qua
797 2962 879 3014 est
915 2952 970 3014 Τ
962 2953 1153 3014 Imma
1182 2952 1441 3014 Smithi.

471 3069 835 3140 Scriptorum
868 3069 1394 3126 ecclesiasticarum
1427 3069 1710 3126 saeculum
1733 3087 1776 3125 ιι
1806 3069 2046 3126 inchoat

393 3161 448 3212 8.
485 3158 772 3229 Ignatius,
805 3159 1116 3230 episcopus
1151 3159 1552 3215 Antiochenus
1607 3164 1665 3214 et
1723 3163 1978 3229 martyr;
2014 3177 2047 3215 a

391 3264 501 3318 quo
523 3248 788 3319 epistolae
817 3247 920 3318 v15,
969 3247 1278 3320 Smyrneis,
1366 3249 1693 3320 Polycarpo,
1771 3248 2042 3320 Ephesiis,

392 3336 709 3406 Magnesia,
740 3337 1332 3407 Philadelphiensibus,
1375 3337 1674 3392 Trallianis
1725 3348 1901 3408 atque
1941 3339 2044 3394 Ro-

391 3426 584 3482 manis
616 3425 914 3498 inscripta
939 3430 1283 3482 noscuntur.
1317 3425 1535 3481 Harum
1587 3427 1802 3497 duplex
1856 3431 2045 3482 exstat

397 3517 666 3570 Graecum
699 3514 1043 3586 exemplar:
1084 3514 1336 3570 alterum
1385 3514 1642 3584 brevius,
1695 3530 2042 3586 germanum

394 3608 572 3674 atque
598 3603 892 3660 sincerum
946 3621 960 3672 ;
1008 3602 1256 3659 alterum
1296 3603 1547 3673 longius.
1605 3603 2040 3676 interpolatum.

401 3692 576 3750 Misso
609 3692 1027 3764 posteriore,ad
1058 3697 1324 3748 nostrum
1346 3693 1682 3748 institutum
1715 3691 1872 3748 haud
1912 3709 2042 3766 per-

394 3782 641 3848 tinente,
676 3783 747 3837 de
772 3782 962 3852 priore
994 3798 1148 3837 nunc
1181 3797 1375 3838 sermo
1407 3782 1736 3838 habendus.

2080 2529 2128 2593 B
2157 2524 2278 2580 tine
2294 2524 2620 2581 redditam:
2657 2541 2834 2598 quam
2875 2525 3151 2598 deinceps
3210 2543 3411 2600 unam,
3450 2545 3582 2585 cum
3642 2533 3802 2594 Actia

2160 2615 2440 2688 lgnatiani
2475 2616 2915 2688 martyrii,anno
2949 2617 3086 2671 1699
3114 2617 3174 2672 in
3205 2619 3492 2691 Spicitegii
3537 2621 3631 2678 SS.
3683 2631 3808 2681 Pa-

2159 2709 2310 2760 trum
2340 2704 2634 2760 volumine
2666 2705 2716 2760 II
2745 2703 3002 2761 Joannes
3032 2707 3576 2767 ErnestusGrabius
3599 2713 3809 2771 Oxonii

2158 2793 2388 2864 prodire
2426 2794 2628 2863 jussit.
2673 2792 2820 2848 Hinc
2877 2798 3073 2850 autem
3127 2795 3383 2852 Joannes
3435 2797 3692 2856 Clericus
3743 2802 3802 2858 in

2157 2881 2414 2938 editione
2442 2881 2823 2952 Coteleriana,
2843 2883 3020 2940 semel
3051 2884 3384 2956 iterumque
3413 2903 3552 2943 ann.
3577 2888 3716 2944 1698
3747 2895 3806 2946 et

2160 2971 2295 3028 1724
2327 2971 2747 3028 Amstelodami
2781 2975 3044 3044 repetita,
3089 2976 3354 3031 eamdem
3388 2977 3458 3031 ad
3508 2977 3803 3036 Romanos

2157 3061 2487 3133 epistolam,
2519 3062 2786 3118 versione
2816 3061 3200 3119 Ruinartiana
3229 3064 3462 3134 refecta,
3515 3082 3615 3123 sex
3663 3068 3802 3124 reli-

2155 3151 2284 3222 quis
2317 3151 2561 3208 sinceris
2601 3151 2901 3207 addidisse
2945 3152 3342 3224 comperitur:
3374 3153 3434 3208 in
3465 3171 3582 3227 qua
3598 3159 3798 3214 tamen

2154 3241 2398 3310 edenda,
2430 3257 2495 3298 ea
2526 3241 2790 3297 libertate
2822 3257 2990 3296 usum
3024 3242 3318 3313 L'novimus
3374 3261 3503 3315 qua:
3554 3245 3795 3304 minime

2155 3331 2456 3401 probanda
2483 3329 2732 3398 videtur,
2757 3334 2820 3385 ut
2845 3346 2913 3385 ex
2941 3347 3074 3386 mox
3105 3331 3368 3388 dicendis
3391 3334 3648 3404 patebit.

2226 3416 2443 3474 Exinde
2471 3434 2626 3486 vero,
2659 3434 2689 3474 e
2731 3417 2972 3476 Medicei
3004 3419 3222 3476 codicis
3265 3421 3602 3494 exemplari,
3633 3427 3788 3497 quod

2155 3523 2301 3562 novo
2332 3515 2384 3562 et
2415 3506 2861 3563 accuratissime
2893 3509 3086 3564 studio
3121 3510 3510 3582 exscripserat
3526 3512 3793 3570 V.C.An-

2153 3598 2352 3654 tonius
2408 3597 2588 3654 Maria
2637 3597 2952 3668 Salvinius,
2989 3598 3166 3655 aliam
3223 3601 3542 3658 editionem
3601 3603 3798 3659 emisit

2154 3686 2359 3743 Oxonii
2396 3687 2530 3741 1708
2561 3687 2623 3742 C.
2667 3687 3026 3758 Aldricbius,
3094 3690 3196 3760 qui
3256 3693 3476 3746 textum
3527 3687 3794 3748 Grecum

2154 3783 2327 3851 prout
2355 3777 2525 3835 illum
2556 3778 2791 3834 exhibet
2821 3795 2934 3836 ms.
2969 3784 3166 3836 exacte
3193 3798 3297 3854 pro
3337 3782 3563 3838 viribus
3601 3783 3805 3856 impri-

473 3870 770 3927 Breviores
803 3871 976 3941 igitur
1004 3871 1460 3942 epistolas,quas
1488 3869 1692 3926 habuit
1728 3871 2040 3941 Eusebius,
2077 3899 2120 3966 Ο
2161 3868 2438 3966 tuendum
2462 3867 2704 3966 curavit.
2741 3873 2818 3923 De
2839 3868 2946 3966 hac
3013 3870 3504 3966 autem_editi_one
3564 3889 3801 3944 peracre

404 3975 550 4029 quas
581 3959 764 4016 edidit
784 3959 1160 4032 Polycarpus,
1186 3977 1334 4032 quas
1384 3959 1613 4032 scripsit
1661 3961 1944 4033 Ignatius,
1983 3966 2049 4018 ut
2083 3956 2120 3966 ””
2150 3957 2441 4026 judicium
2475 3956 2602 4012 tulit
2633 3957 2890 4013 Thomas
2911 3957 3178 4014 Smithus
3221 3958 3281 4014 in
3313 3959 3560 4031 epistola
3623 3965 3808 4019 West-

396 4065 530 4103 cum
563 4048 876 4104 Pearsonio
920 4049 1148 4121 loquar,
1193 4048 1422 4120 primus
1483 4048 1541 4103 in
1601 4047 1792 4104 lucem
1844 4051 2050 4106 extulit

401 4137 825 4194 Amstelodami
860 4137 1016 4207 1646,
1045 4136 1124 4205 4ο,
1158 4138 1395 4193 Isaacus
1425 4133 1668 4192 Vossius
1702 4155 1769 4194 ex
1793 4155 1906 4194 uno
1953 4157 2048 4194 su-

399 4228 637 4298 perstite
657 4226 1020 4283 bibliotheca
1049 4226 1321 4284 Mediceis
1344 4227 1542 4282 codice
1561 4235 2048 4300 ms.veteremque

400 4314 665 4370 Latinam
693 4316 1017 4372 versionem
1061 4315 1312 4383 addidit,
1364 4331 1541 4387 quam
1599 4315 1797 4372 Graeco
1856 4332 2047 4372 exem-

398 4409 543 4479 plari
566 4409 984 4478 propemodum
1000 4408 1058 4463 in
1074 4406 1349 4464 omnibus
1366 4407 1817 4478 respondentem
1839 4407 2022 4463 Oxoni

401 4498 540 4552 1644
574 4497 848 4568 vulgarat
901 4496 1160 4552 Jacobus
1208 4494 1503 4554 Usserius.
1572 4495 1780 4552 Verum
1819 4513 1952 4552 cum
1986 4497 2044 4552 in

399 4603 462 4642 eo
493 4587 694 4642 codice
725 4585 1060 4642 Florentino
1087 4586 1312 4640 deesset
1342 4583 1590 4656 epistola
1619 4585 1690 4640 ad
1724 4585 2043 4652 Romanos,

397 4675 557 4732 illam
587 4693 656 4731 ex
677 4673 1165 4746 interpolatarum
1191 4674 1446 4730 editione
1501 4675 1899 4746 desumptam,
1935 4676 2048 4731 du-

397 4770 552 4821 ctore
581 4773 770 4821 vetere
792 4763 1132 4837 interprete,
1190 4781 1310 4820 sua;
1371 4763 1690 4834 integritati
1738 4765 2044 4822 restituere

394 4855 630 4910 adortus
673 4857 781 4910 est.
832 4854 992 4910 Hanc
1051 4856 1249 4909 autem
1310 4852 1654 4909 Vossianam
1702 4852 2040 4921 editionem,

396 4954 452 5004 et
473 4950 712 5020 quidem
736 4947 1196 5021 castigatiorem,
1237 4947 1450 5003 iterum
1482 4946 1852 5019 evulgarunt,
1873 4947 2044 5005 Usse—

396 5039 517 5094 rius
544 5036 801 5110 primum
836 5036 1082 5094 Londini
1113 5035 1180 5090 16
1195 5035 1285 5104 47,
1330 5035 1540 5092 deinde
1595 5035 1913 5094 Cotelerius
1943 5043 2045 5094 Pa-

395 5127 551 5184 risiis
574 5128 736 5183 1672.

2158 4045 2512 4102 monasterio
2535 4046 2628 4102 die
2656 4047 2690 4100 3
2719 4046 2912 4104 Martii
2935 4047 3132 4102 1708.9
3162 4049 3236 4104 ad
3285 4048 3575 4106 Thomam
3623 4055 3806 4108 Hear-

2158 4134 2321 4190 nium
2356 4135 2524 4191 data:
2558 4135 2616 4190 in
2648 4151 2716 4192 ea
2748 4135 3040 4206 siquidem
3073 4153 3190 4192 non
3237 4137 3428 4194 solum
3475 4143 3661 4196 errata
3717 4141 3801 4198 1e-

2156 4224 2316 4280 viora
2347 4227 2505 4280 notat
2530 4224 2748 4295 quibus
2779 4225 3020 4296 singulas
3076 4226 3300 4299 paginae
3350 4231 3596 4300 scatent,
3648 4230 3803 4287 unde

2157 4329 2386 4386 quoque
2409 4313 2627 4384 pluries
2649 4315 2970 4371 deformata
2983 4315 3152 4372 lectio
3169 4333 3182 4385 ;
3198 4332 3399 4374 verum
3418 4318 3593 4375 etiam
3619 4335 3806 4392 pauca

2154 4420 2184 4460 e
2219 4401 2416 4459 multis
2449 4401 2642 4458 aliain
2671 4403 2931 4460 medium
2956 4406 3329 4478 profert,quaa
3361 4407 3480 4463 sive
3507 4425 3808 4480 gramma-

2154 4492 2280 4548 ticae
2311 4491 2540 4564 legibus
2571 4492 2692 4548 sive
2719 4493 2976 4549 auctoris
3001 4495 3181 4550 menti
3233 4502 3586 4568 repugnant.
3643 4499 3804 4556 Hanc

2154 4586 2350 4637 autem
2386 4580 2599 4637 Smithi
2641 4581 2950 4653 epistolam
3001 4599 3135 4641 cum
3161 4584 3295 4642 aliis
3339 4587 3411 4642 ad
3463 4587 3801 4660 Ignatianas

2153 4669 2442 4741 Epistolas
2473 4669 2924 4742 pertinentibus,
2952 4671 3010 4726 in
3042 4671 3233 4729 lucem
3255 4673 3636 4733 omittendam
3669 4694 3808 4735 cen-

2152 4758 2270 4815 suit
2300 4759 2549 4830 ipsemet
2571 4759 2855 4815 Hearnius
2877 4759 2938 4816 in
2969 4760 3296 4832 Appendice
3327 4764 3400 4818 ad
3444 4764 3718 4822 volumen
3758 4768 3804 4824 Il

2155 4847 2414 4904 Chronici
2437 4848 2670 4905 Joannis
2693 4848 3102 4906 Glastoniensis
3147 4854 3427 4923 monachi,
3459 4870 3624 4925 pagg.
3674 4855 3800 4912 461.

2151 4937 2276 5007 469,
2309 4954 2445 4993 ann.
2482 4938 2625 4992 1726
2653 4937 2931 5011 evulgati.

2221 5129 2573 5201 Insequente
2603 5133 2797 5186 autem
2825 5147 2962 5188 ann.
2996 5131 3137 5187 4709
3158 5131 3374 5204 prodiit
3399 5132 3541 5191 item
3588 5137 3796 5193 Oxonii

464 5224 636 5273 Anno
656 5220 854 5328 statim
889 5215 1027 5271 1689
1050 5214 1354 5328 epistolam
1389 5214 1469 5271 ad
1503 5215 1796 5314 Romanos,
1829 5231 1957 5288 quae
1981 5217 2040 5273 in
2071 5264 2117 5328 D
2151 5217 2879 5318 prpetantissimalaudati
2902 5219 3138 5277 Thomas
3155 5219 3556 5280 Smithieditio
3589 5240 3800 5296 ;quam

393 5307 588 5363 codice
619 5321 728 5362 ms.
758 5304 1016 5361 Mediceo
1047 5303 1514 5370 desiderabatur,
1563 5303 1854 5360 intextum
1887 5322 2033 5376 quo-

391 5411 503 5467 que
523 5395 578 5451 S.
613 5394 823 5464 Ignatii
849 5395 1189 5464 martyrium
1219 5393 1828 5465 praeferentem,atque
1861 5396 2033 5450 veleri

387 5485 689 5556 interpreti
753 5483 1060 5540 Usseriano
1137 5480 1500 5538 adamussim
1585 5482 2031 5554 aaquiparatam,

387 5573 631 5630 Parisiis
663 5570 1052 5644 publicijuris
1075 5569 1209 5627 fecit
1255 5569 1650 5628 Theodericus
1722 5570 2033 5629 Ruinatius

385 5662 444 5718 in
465 5662 614 5722 Actis
643 5668 956 5737 martyrum
983 5661 1238 5733 sinceris,
1266 5659 1339 5716 ab
1367 5658 1497 5731 ipso
1519 5658 1593 5716 cl.
1654 5659 1872 5718 editors
1919 5664 2029 5718 La-

2149 5305 2387 5378 quidem
2418 5306 2553 5361 licet
2579 5324 2612 5362 a
2633 5306 2851 5362 Clerico
2883 5306 3120 5380 insuper
3136 5308 3400 5366 habitam
3449 5311 3509 5368 in
3543 5316 3803 5372 secunda

2143 5395 2819 5468 Co!eleriana,deinceps
2870 5404 3062 5454 tamen
3119 5405 3256 5455 sunt
3314 5403 3499 5456 secuti
3545 5402 3802 5462 Joannes

2143 5483 2469 5557 Ludovicus
2494 5483 3046 5557 FreyetRichardus
3077 5486 3286 5544 Russel
3310 5503 3322 5542 :
3347 5493 3404 5546 et
3424 5488 3524 5547 ille
3554 5492 3794 5566 quidem

2140 5571 2200 5628 in
2232 5573 2491 5647 Epistolis
2520 5575 2618 5631 SS.
2677 5576 2908 5631 Patrum
2965 5577 3418 5651 apostolicorum,
3477 5599 3605 5656 quae
3640 5601 3794 5646 anno

2145 5662 2283 5719 1742
2313 5662 2550 5721 Βαεὶιθω
2581 5665 2739 5738 typis
2789 5681 3014 5724 excusa
3057 5667 3114 5725 fu
3131 5683 3264 5741 ere;
3293 5668 3388 5727 hic
3413 5686 3552 5730 vero
3599 5673 3659 5729 in
3706 5689 3798 5732 θος
