4112 6132
322 353 442 414 567

1382 352 1446 412 S.
1493 349 1892 415 IGNATIUS.
1941 385 2016 397 -
2061 349 2680 414 PROLEGOMENA.

3619 353 3738 415 568

329 487 601 544 rumdem
631 486 728 542 SS.
759 487 990 541 Patrum
1019 486 1447 553 apostolicorum
1479 488 1736 558 operibus
1766 489 1966 557 genui-
2005 490 2051 555 Α
2084 487 2332 559 scriptis.
2395 487 2717 560 Septimum
2776 501 2930 554 vero,
2981 485 3051 542 ad
3105 487 3388 556 Romanos,
3434 503 3550 543 una
3605 504 3740 544 cum

329 581 438 644 nis,
475 575 716 634 Londini
750 593 885 631 ann.
920 575 1060 631 4746
1094 578 1151 632 in
1177 576 1386 648 vulgus
1432 578 1685 633 emissis.
1721 578 1988 642 Quando-

334 667 572 738 quidem
610 682 739 721 vero
771 665 920 720 hanc
952 666 1164 722 Smithi
1211 666 1532 722 editionem
1593 684 1707 738 prm
1766 667 1987 721 caeteris

330 757 446 829 ipsi
479 773 712 828 quoque
761 755 1125 828 sequendam
1175 756 1481 824 duximus;
1537 761 1846 829 propterea
1897 755 1988 810 hic

341 847 668 903 describere
702 851 959 917 prestat,
986 861 1109 918 qua
1167 847 1238 901 de
1297 863 1402 902 suo
1448 847 1714 903 instituto
1758 862 1890 901 cum
1930 846 1989 900 in

351 935 688 1008 praefatione
720 936 928 990 tumin
959 935 1204 1006 epistola
1227 936 1297 991 ad
1329 936 1649 992 Hearnium
1664 936 1837 992 modo
1868 935 1990 990 lau-

351 1029 486 1084 data
506 1027 777 1084 edisserit
807 1029 880 1083 cl.
915 1027 1120 1083 editor.

421 1119 697 1173 Testatur
753 1117 950 1188 itaque
1007 1116 1270 1173 Smithus
1328 1122 1757 1190 peropportune
1823 1117 1896 1172 ad
1929 1131 1992 1172 se

349 1207 728 1263 transmissae
774 1206 1017 1262 Joannis
1096 1206 1378 1278 Ledgardi
1427 1207 1691 1277 schedas,
1723 1205 1993 1262 editionis

349 1297 643 1353 Vossiante
678 1296 1048 1352 collationem
1082 1315 1217 1352 cum
1235 1297 1491 1353 Mediceo
1519 1299 1718 1354 codice
1747 1296 1994 1367 comple-

350 1392 594 1454 ctentes,
629 1403 805 1457 quam
839 1385 937 1440 ille
967 1392 1106 1440 dum
1153 1385 1456 1440 Florentia:
1499 1389 1694 1456 ageret
1747 1384 1993 1440 Joannis

351 1474 646 1530 Pearsonii
676 1482 868 1545 rogatu
894 1475 1256 1542 confecerat;
1321 1479 1632 1545 monetque
1680 1473 1992 1529 consilium

351 1564 642 1633 ejusmodi
665 1563 978 1618 Pearsonio
1003 1565 1370 1634 suggessisse
1391 1563 1650 1635 ipsumet
1680 1563 1948 1618 Vossium
1978 1578 1990 1616 :

353 1651 452 1722 qui
484 1654 624 1708 dum
685 1651 742 1707 in
795 1651 1178 1708 exscribendo
1226 1669 1291 1708 eo
1339 1652 1535 1708 codice
1591 1656 1994 1724 occuparetur,

351 1741 602 1811 paucula
636 1742 905 1811 quaedam
938 1757 1237 1813 perperam
1280 1739 1515 1812 legisse,
1571 1739 1803 1811 aliaque
1850 1757 1994 1795 non-

2092 577 2237 632 Actis
2266 575 2536 648 martyrii
2565 576 2618 632 S.
2667 577 2890 648 lgnatii,
2921 592 2985 630 ex
3045 575 3298 631 editione
3357 575 3739 632 Ruinartiana

2092 667 2358 723 Smithus
2383 667 2745 739 desumpsit;
2778 684 3019 737 eamque
3043 666 3216 722 nimis
3231 667 3459 722 curiose
3482 673 3740 724 assecta-

2094 761 2212 826 tus,
2259 757 2328 811 ad
2377 757 2631 812 litteram
2675 757 2791 812 fere
2849 757 3152 828 expressit,
3187 773 3256 812 ne
3305 757 3623 828 quidquam
3679 760 3737 812 in

2096 852 2257 902 textu
2289 851 2506 902 temere
2539 849 2799 900 mutasse
2831 845 3146 902 videretur:
3210 848 3452 901 mendas
3502 847 3738 902 interim

2097 952 2224 1006 quae
2256 935 2312 990 in
2363 933 2561 991 oculos
2597 934 2890 1003 insiliunt,
2942 933 3000 989 in
3033 934 3184 992 notis
3216 935 3590 1006 corrigendae
3627 937 3740 992 sibi

2097 1040 2416 1080 reservans.

2168 1114 2251 1168 Ad
2283 1113 2404 1170 haac
2434 1114 2613 1170 textui
2647 1115 2842 1170 Graeco
2901 1122 3150 1170 veterem
3211 1115 3478 1170 Latinam
3529 1116 3744 1172 versio-

2097 1219 2253 1274 nem,
2289 1204 2592 1260 barbaram
2627 1205 2864 1275 quidem
2891 1203 3187 1273 illam,sed
3217 1206 3287 1259 ad
3321 1206 3561 1261 verbum
3596 1207 3744 1261 ﬁde-

2098 1292 2231 1347 liter
2261 1310 2598 1364 expressam
2627 1303 3027 1365 exactamque,
3061 1294 3273 1364 adjecit
3329 1295 3481 1350 idem
3515 1295 3702 1350 editor
3731 1313 3744 1363 ;

2097 1398 2272 1451 quam
2305 1387 2363 1437 et
2394 1399 2538 1438 novo
2569 1384 2764 1439 studio
2796 1381 3048 1438 contulit
3079 1399 3212 1438 cum
3247 1400 3357 1438 ms.
3384 1385 3582 1439 codice
3603 1388 3748 1438 Can-

2099 1472 2462 1543 tabrigiensi,
2497 1473 2770 1529 correctis
2793 1473 3036 1546 insuper
3067 1472 3224 1529 illius
3257 1474 3745 1540 aberrationibus,

2100 1563 2268 1631 cujus
2299 1579 2475 1633 opera
2506 1580 2649 1618 usus
2680 1563 2869 1620 fuerat
2895 1561 3172 1618 Usserius
3216 1562 3317 1633 qui
3376 1580 3500 1618 eam
3531 1565 3748 1635 primus

2104 1650 2162 1704 in
2195 1650 2384 1707 lucem
2414 1652 2629 1709 emisit.

2174 1740 2334 1796 Licet
2382 1747 2577 1797 autem
2613 1743 2671 1797 in
2731 1760 2838 1798 sua
2886 1744 3186 1816 Ignaliana
3215 1744 3469 1800 editione
3514 1743 3750 1798 concin-

351 1829 512 1883 nulla
543 1847 660 1901 prm
691 1830 1072 1886 festinatione
1096 1847 1161 1885 ac
1194 1831 1365 1885 ttedio
1426 1829 1872 1901 praetermisisse
1894 1846 1992 1884 su-
2025 1857 2072 1922 Β
2103 1830 2298 1884 nanda
2324 1830 2568 1886 multam
2601 1831 2864 1887 Smithus
2897 1833 3254 1904 diligentiam
3303 1833 3657 1896 adhibuerit,
3689 1836 3752 1887 ut

351 1918 712 1988 spicabatur.
747 1921 869 1983 Quo
903 1919 1138 1990 quidem
1174 1919 1568 1990 munere,pari
1591 1919 1889 1975 oculorum
1923 1935 1991 1972 ac

349 2008 568 2078 ingenii
592 2008 734 2078 acie,
760 2009 983 2079 optima
1013 2009 1126 2063 ﬁde
1157 2011 1498 2080 perfunctus
1541 2009 1720 2064 fuisse
1754 2025 1993 2080 compe-

349 2096 1011 2168 riturLedgardus;cui
1035 2115 1102 2153 ex
1153 2098 1266 2154 otio
1319 2100 1605 2154 maturior
1649 2097 1991 2154 deliberatio

348 2191 406 2241 et
435 2186 658 2241 facilior
698 2203 980 2242 excusum
1017 2188 1316 2259 exemplar
1396 2204 1535 2243 cum
1590 2187 1992 2258 manuscripto

350 2276 722 2345 comparandi
746 2293 914 2345 opera
946 2277 1322 2348 obtingebat:
1358 2292 1423 2332 eo
1458 2293 1644 2348 usque
1701 2277 1990 2348 siquidem

351 2363 660 2434 processit,
682 2368 746 2419 ut
773 2363 1126 2421 variationes
1149 2365 1595 2437 perexiguas,ne
1656 2365 1845 2420 dicam
1874 2365 1993 2420 tili-

351 2452 555 2517 vititia,
583 2468 730 2523 pene
761 2453 831 2506 ad
865 2469 1143 2509 nauseam
1176 2453 1383 2508 litteris
1421 2453 1799 2525 consignarit.
1833 2453 1992 2508 Hanc

351 2544 544 2595 autem
572 2541 855 2611 integram
887 2541 1253 2598 collationem
1274 2543 1732 2614 Ledgardianam
1762 2542 1992 2598 duabus

351 2629 618 2698 ejusdem
641 2629 852 2684 Smitbi
874 2631 1141 2701 epistolis
1164 2633 1233 2686 ad
1251 2631 1552 2703 lgnatiana
1569 2631 1992 2702 spectantibus,

351 2717 390 2772 l.
424 2735 473 2772 c.
509 2718 759 2789 subjecit
780 2719 1088 2776 Hearnius.

421 2807 538 2863 Hoc
560 2808 739 2878 igitur
761 2809 914 2865 haud
948 2825 1089 2865 sane
1115 2810 1393 2866 mediocri
1444 2811 1707 2868 subsidio
1757 2813 1993 2882 adjutus

347 2897 517 2952 virin
549 2897 659 2952 hoc
719 2899 1049 2954 studiorum
1102 2915 1314 2971 genere
1348 2900 1890 2964 exercitatissimus,
1925 2901 1994 2955 ad

349 3001 517 3040 suam
555 2985 864 3042 editionem
925 2988 1322 3043 adornandam
1373 3005 1434 3044 se
1479 2989 1744 3044 contulit.
1779 2991 1994 3054 Quaain

349 3075 634 3131 Vossiana
660 3076 890 3130 fuerant
912 3077 1030 3130 sive
1065 3082 1280 3132 temere
1337 3079 1560 3133 omissa
1611 3077 1730 3133 sive
1780 3093 1995 3148 praepo-

352 3169 506 3218 stere
549 3165 858 3233 exscripta,
915 3181 984 3218 ex
1041 3181 1190 3220 nova
1230 3169 1342 3221 ista
1369 3166 1645 3238 Ledgardi
1684 3165 1995 3221 collatione

352 3251 645 3321 supplevit
675 3225 1145 3324 emendavitque,
1178 3254 1395 3309 additis
1413 3225 1641 3326 quoque
1669 3253 1886 3325 passim
1921 3254 1992 3308 ad
2026 3225 2069 3289 (ἶ

352 3339 574 3410 paginte
608 3337 855 3393 limbuln
885 3340 1196 3396 breviculis
1231 3341 1467 3397 scholiis
1511 3347 1568 3396 et
1621 3342 1996 3411 conjecturis,

352 3427 649 3497 quibusin
683 3427 880 3484 oculos
909 3427 1076 3483 facile
1123 3429 1560 3485 incurrentibus
1611 3434 1804 3484 textus
1829 3428 1997 3485 lectio

354 3515 635 3570 reddatur
663 3515 890 3586 planior
916 3521 1090 3588 atque
1123 3518 1504 3573 emendatior.

422 3605 620 3677 Neque
641 3604 734 3660 hic
757 3605 1148 3661 omittendum
1182 3606 1336 3676 quod
1363 3607 1638 3662 admonet
1656 3606 1841 3662 solers
1885 3605 2001 3660 edi-

351 3698 444 3750 tor
466 3699 662 3750 noster
692 3695 748 3749 in
787 3696 1022 3766 praefata
1041 3695 1111 3749 ad
1144 3695 1462 3750 Hearnium
1524 3696 1894 3766 epistola,ubi
1930 3695 2000 3750 de

353 3783 624 3839 iisverba
682 3782 819 3838 facit
868 3783 969 3853 qui
1001 3783 1244 3840 editioni
1299 3783 1686 3840 Aldricbiana:
1727 3784 2000 3840 curanda

353 3872 747 3943 praefuerunt:
788 3896 808 3921 ι
847 3873 1240 3943 Rigtdtssimis
1263 3873 1860 3945 censoribus,inquit,
1894 3889 2001 3944 pa-

351 3977 483 4016 rum
513 3962 883 4017 excusandus
914 3962 1148 4017 videtur
1170 3961 1235 4016 D.
1271 3962 1525 4030 Vossius,
1559 3962 1657 4034 qui
1709 3962 1769 4018 in
1827 3964 1997 4033 epist.

351 4051 430 4105 ad
459 4050 516 4108 S.
549 4051 943 4122 Polycarpum,
977 4057 1117 4106 sect.
1141 4053 1195 4120 5,
1260 4051 1606 4123 particulam
1669 4053 1998 4123 negativam

355 4141 431 4209 μή
484 4140 634 4195 inter
663 4145 720 4195 et
742 4137 968 4212 ὁμιλίαν
1011 4146 1068 4196 et
1098 4143 1260 4194 ποιοῦ
1293 4141 1558 4209 inseruit,
1581 4157 1712 4196 cum
1742 4156 1772 4195 c
1803 4141 2001 4196 codice

353 4229 688 4284 Florentino
719 4228 889 4301 plane
914 4231 1092 4300 absit,
1113 4236 1176 4286 ut
1201 4231 1326 4304 ipse
1359 4231 1416 4285 in
1461 4230 1756 4286 adnotatis
1801 4232 1999 4285 obser-

351 4318 500 4384 vavi,
528 4334 632 4373 nec
658 4319 718 4372 in
743 4335 846 4374 suo
898 4319 1096 4374 codice
1136 4320 1365 4391 legebat
1421 4323 1586 4375 vetus
1646 4319 1999 4375 Usserianus

352 4405 640 4475 interpres
665 4422 679 4459 :
709 4407 880 4476 cujus
911 4409 1231 4463 reverentia
1246 4413 1304 4463 et
1327 4408 1668 4464 auctoritate
1687 4414 1883 4464 motus
1933 4424 1999 4465 ex

354 4494 552 4549 codice
583 4510 712 4549 meo
745 4495 903 4549 illam
927 4495 1133 4562 delevi,
1158 4496 1247 4552 vel
1271 4498 1498 4560 saltem,
1543 4501 1608 4551 ut
1648 4497 1876 4552 uncinis
1898 4498 2000 4568 qui

2104 1935 2170 1972 ex
2199 1917 2482 1976 hactenus
2514 1919 2685 1975 dictis
2717 1924 2860 1976 satis
2886 1928 3247 1992 compertum
3275 1922 3481 1986 ﬁt,non
3515 1923 3752 1975 defuere

2102 2012 2293 2062 tamen
2328 2007 2426 2078 qui
2459 2024 2589 2063 eum
2625 2010 2822 2064 minus
2861 2016 3131 2066 accurate
3160 2011 3415 2065 codicem
3470 2011 3752 2064 Florenti-

2105 2113 2244 2150 num
2278 2096 2634 2167 expressisse
2678 2097 3049 2152 afﬁrmarint.
3092 2098 3417 2153 Gronovius
3450 2097 3746 2151 enimvero

2104 2185 2289 2239 dicam
2317 2185 2366 2238 ei
2399 2185 2678 2256 grandem
2712 2185 2983 2256 impingit
3010 2187 3110 2256 (1),
3143 2187 3280 2240 dum
3342 2185 3614 2240 Vossium
3667 2199 3751 2238 re-

2105 2273 2410 2343 prehendit
2439 2289 2452 2329 :
2489 2275 2732 2346 perinde
2760 2292 2825 2329 ac
2857 2275 2905 2329 si
2936 2275 3118 2346 hujus
3171 2278 3346 2330 ductu
3401 2274 3489 2329 vel
3539 2274 3594 2328 in
3629 2289 3749 2328 sua;

2103 2362 2450 2419 Oxoniensis
2480 2363 2754 2420 editionis
2793 2365 3047 2432 exordio,
3086 2366 3144 2420 in
3187 2365 3315 2435 ipsa
3344 2363 3569 2418 scilicet
3625 2361 3753 2432 epi-

2103 2451 2265 2508 stolae
2285 2453 2356 2508 ad
2386 2453 2707 2524 Smyrnaea:
2731 2452 3130 2524 inscriptione,
3163 2461 3496 2522 corruptam
3551 2449 3752 2505 istius-

2106 2544 2258 2598 modi
2317 2543 2647 2611 lectionem,
2692 2542 2959 2613 πνεύματι
3017 2541 3108 2594 καὶ
3159 2539 3314 2615 λόγῳ
3374 2546 3530 2609 Θεοῦ,
3583 2539 3754 2596 nobis

2104 2633 2454 2689 obstruserit
2484 2631 2579 2688 illo
2609 2649 2780 2700 ;cum
2814 2635 3036 2702 tamen,
3058 2631 3107 2686 si
3139 2632 3327 2686 virum
3345 2632 3615 2686 criticum
3650 2646 3756 2684 au-

2104 2723 2249 2786 dias,
2281 2729 2417 2780 uota
2437 2740 2544 2778 ms.
2579 2722 2819 2778 Medicei
2854 2723 3289 2792 compendiaria
3331 2723 3537 2778 fuisset
3563 2721 3757 2777 mani-

2105 2812 2248 2868 feste
2294 2812 2558 2884 legenda,
2589 2815 2946 2883 πνευματικῷ
2979 2808 3134 2886 λόγῳ
3177 2813 3330 2866 Θεοῦ.
3363 2813 3435 2866 At
3467 2810 3757 2876 Smithus,

2106 2900 2475 2956 collationem
2510 2901 2973 2969 Ledgardianam
3009 2905 3264 2968 secutus,
3299 2901 3356 2955 in
3389 2899 3630 2956 scholiis
3683 2898 3754 2953 ad

2105 2991 2366 3045 eamdem
2399 2988 2713 3060 epistolam
2751 2989 2979 3043 obviam
3016 2989 3308 3060 praeivisse
3332 2989 3619 3045 Gronovio
3668 2986 3757 3040 vi-

2105 3076 2275 3132 detur
2309 3077 2395 3133 his
2427 3077 2615 3132 verbis
2644 3098 2658 3140 ;
2699 3101 2724 3128 ‹‹
2752 3075 2851 3129 Καὶ
2885 3074 3040 3150 λόγῳ
3072 3081 3230 3132 Θεοῦ.
3265 3079 3352 3134 Ita
3381 3093 3613 3149 quoque
3668 3074 3752 3130 le-

2107 3166 2320 3234 gebant
2339 3172 2502 3221 vetus
2523 3170 2724 3222 noster
2742 3167 3028 3237 interpres
3049 3172 3106 3222 et
3137 3163 3758 3238 interpolator,distin-

2109 3254 2247 3308 ctim
2273 3261 2328 3310 et
2349 3257 2691 3326 separatim,
2724 3272 2841 3310 non
2884 3271 2982 3325 per
3031 3257 3483 3327 appositionem,
3515 3263 3573 3310 ut
3624 3253 3768 3326 qui-

2105 3350 2239 3404 dam
2262 3349 2351 3403 vir
2377 3349 2578 3402 doctus
2611 3364 2680 3402 ex
2704 3347 2944 3403 fortuita
2976 3348 3152 3418 hujus
3186 3348 3481 3420 particulas
3504 3348 3766 3418 conjun-

2105 3437 2266 3493 ctivaa
2323 3437 2642 3492 amissione
2700 3437 2759 3491 in
2830 3438 3097 3493 versione
3168 3437 3449 3493 Vossiana
3523 3435 3762 3506 (vetere)

2103 3528 2537 3598 interpretatur.
2574 3548 2600 3576 »
2628 3527 2760 3582 Haec
2791 3526 2887 3582 ille
2920 3545 2932 3582 :
2970 3531 3033 3581 ut
3067 3527 3306 3599 proinde
3339 3527 3629 3581 immerito
3662 3541 3763 3579 su-

2105 3620 2386 3686 spectam,
2417 3631 2532 3670 non
2565 3615 2753 3672 solum
2787 3632 2914 3672 eam
2947 3615 3277 3682 lectionem,
3311 3617 3412 3671 sed
3463 3616 3755 3687 integram

2106 3721 2338 3776 quoque
2369 3705 2558 3777 ipsam
2582 3706 2974 3761 Smitbianam
3014 3705 3353 3774 editionem,
3378 3705 3619 3760 reddere
3643 3722 3751 3761 vo-

2103 3795 2286 3851 luisse
2309 3796 2396 3849 vir
2415 3794 2682 3850 eruditus
2700 3803 3025 3850 censeatur.

2760 3902 2990 3958 CAPUT
3023 3905 3093 3957 Il.

2111 3991 2350 4054 Thomw
2372 3991 2797 4056 Smithieditio
2813 3993 2974 4072 typis
2994 3990 3492 4063 tradita,sc}¢oliis
3513 3991 3764 4053 editoris

2186 4073 2360 4134 emiss
2369 4073 2414 4132 is
2433 4091 2446 4132 :
2465 4093 2715 4152 quorum
2729 4075 3010 4152 loco,pra2
3021 4073 3192 4132 missa
3201 4075 3467 4152 primum
3482 4092 3694 4152 excerp
3703 4083 3765 4134 la

2185 4164 2441 4214 veterum
2457 4153 2550 4213 Pa
2559 4163 2716 4213 trum
2735 4155 2966 4232 integra
2977 4173 3070 4223 ,ρας
3081 4155 3347 4232 epistolis
3358 4155 3640 4231 genuinis
3651 4152 3758 4212 de-

2185 4237 2416 4314 scripta
2441 4255 2456 4292 :
2491 4233 2753 4314 subjecta
2773 4232 2984 4292 deinde
3004 4233 3340 4314 earumdem
3361 4236 3757 4314 epistolarum

2183 4312 2848 4395 fragmentag‘uotquot
2861 4324 3094 4374 exstant
3113 4316 3173 4373 in
3197 4312 3516 4395 Parallelis
3535 4312 3758 4372 Dama-

2183 4392 2424 4456 sceriicis
2455 4392 2964 4474 Rupe/ucaldim's.
2999 4397 3238 4454 Horum
3267 4393 3545 4474 subsidio
3563 4402 3756 4452 textus

2184 4475 2452 4536 sincerus
2481 4472 2574 4534 vel
2597 4475 2907 4554 ﬁrmatur,
2941 4475 3035 4534 vel
3062 4475 3417 4554 corrigitur,
3452 4472 3546 4535 vel
3571 4476 3758 4534 etiam

354 4581 826 4638 additamentum
849 4582 998 4636 illud
1029 4554 1354 4640 indicarent
1401 4554 1816 4652 includeretur,
1875 4554 1997 4641 oln-
2031 4589 2078 4654 ι)
2187 4555 2537 4636 ρυαηιίορυθ
2563 4554 2891 4634 suppletur-

355 4671 494 4726 nino
547 4671 810 4727 volebam
843 4687 855 4727 :
890 4673 984 4726 sed
1019 4673 1216 4728 nescio
1240 4690 1355 4744 quo
1387 4690 1523 4729 casu
1584 4675 1859 4730 correctio
1891 4675 2004 4732 ista

353 4759 570 4816 omissa
598 4765 742 4815 erat.
777 4762 841 4816 In
874 4760 1076 4816 eadem
1108 4760 1246 4816 item
1273 4761 1521 4831 epist.ad
1549 4762 2002 4835 S.Polycarpum,

354 4854 496 4906 sect.
527 4851 583 4915 7,
615 4849 760 4906 etin
806 4849 978 4921 epist.
1037 4851 1116 4905 ad
1175 4850 1711 4923 Philadelphienses,
1769 4854 2004 4909 sectJO

354 4941 522 5012 (quae
554 4939 835 4996 correctio
864 4940 934 4994 ad
955 4939 1131 4994 finem
1169 4941 1391 5012 pagina:
1425 4939 1505 4994 ibi
1544 4941 1559 5012 )
1619 4939 2002 4997 babeturtnet

352 5025 410 5082 δέ
433 5045 534 5100 pro
557 5023 770 5097 ἐπειδή,
807 5032 870 5083 ut
894 5044 963 5084 ex
992 5028 1223 5084 schedis
1261 5029 1326 5084 D.
1396 5029 1680 5100 Ledgardi
1736 5032 1956 5086 correxi
1983 5041 1998 5090 ς

351 5130 452 5186 sed
479 5129 627 5184 inter
648 5127 944 5184 tumultus
976 5127 1122 5200 preli
1155 5127 1578 5200 negligebatur.
1627 5150 1654 5177 n
1707 5128 2002 5185 Hactenus

352 5219 424 5275 cl.
455 5218 720 5274 Smithus
747 5234 760 5272 :
785 5217 879 5273 cui
911 5217 1146 5288 quidem
1171 5216 1509 5273 admonenti
1544 5233 1762 5273 morem
1795 5233 2000 5289 geren-

351 5312 460 5377 tes,
483 5305 796 5378 utrobique
829 5308 1105 5362 mendum
1137 5305 1513 5371 sustulimus,
1569 5322 1634 5361 ac
1691 5310 1998 5377 negantem

353 5396 699 5468 particulam
736 5395 809 5468 μή
843 5396 1144 5453 uncinulis
1198 5394 1778 5466 circumscripsimus
1821 5396 1993 5466 :quod

353 5501 493 5541 sane
529 5488 993 5557 praecedentibus
1025 5487 1384 5544 editionibus
1410 5502 1705 5557 nusquam
1753 5487 1996 5541 factum.

425 5573 550 5630 Huc
573 5590 758 5644 usque
789 5576 861 5631 de
881 5592 978 5631 sex
1003 5575 1267 5647 epistolis
1297 5592 1325 5630 e
1358 5577 1555 5632 codice
1596 5575 1850 5632 Medicco
1899 5576 1999 5631 de-

423 5703 502 5778 (t)
533 5704 785 5758 Gronov.
815 5702 1047 5773 Praefat.
1075 5701 1146 5758 ad
1174 5701 1458 5773 Herodot.,
1489 5717 1623 5774 pag.
1657 5701 1708 5760 1.

2189 4669 2336 4723 Dum
2369 4684 2502 4724 vero
2534 4667 2704 4740 Angli
2735 4668 2913 4738 hujus
2945 4668 3184 4724 editoris
3228 4669 3563 4724 institutum
3596 4668 3654 4723 in
3699 4671 3756 4722 S.

2115 4757 2322 4832 lgnatii
2355 4756 2618 4830 epistolis
2650 4757 2892 4813 sinceris
2921 4758 3162 4813 edendis
3197 4774 3406 4813 sumus
3445 4757 3760 4828 persecuti,

2113 4854 2380 4905 nostrum
2405 4848 2543 4904 item
2569 4849 3002 4919 quodammodo
3022 4849 3494 4922 exposuimus,ut
3509 4848 3610 4920 qui
3633 4849 3762 4919 ejus

2113 4943 2409 5014 exemplar
2475 4957 2594 5013 prae
2650 4941 2868 4996 caeteris
2934 4943 3334 4997 excutiendum
3415 4941 3760 5012 selegimus.

2111 5029 2340 5088 Scholia
2368 5034 2562 5085 tamen
2605 5047 2738 5086 cum
2773 5029 3040 5101 ejusdem
3071 5030 3289 5086 Smitbi
3311 5035 3438 5086 tum
3464 5029 3761 5085 Pearsonii

2111 5124 2473 5194 aliorumque
2514 5123 2771 5178 virorum
2818 5123 3184 5179 eruditorum
3237 5123 3760 5195 praetermittenda,

2111 5233 2181 5272 ne
2213 5233 2357 5286 opus
2401 5214 2577 5269 nimis
2621 5219 2997 5281 excresceret,
3042 5213 3528 5269 existimavimus.
3563 5214 3763 5277 Quan-

2109 5321 2282 5379 quam
2333 5303 2583 5359 fortasse
2634 5303 2975 5372 bujusmodi
3008 5303 3319 5358 consilium
3359 5301 3604 5360 moleste
3632 5300 3764 5373 quis

2105 5400 2417 5463 ferat,cum
2447 5392 2768 5464 praesertim
2802 5396 2994 5446 textus
3014 5392 3230 5447 alicubi
3253 5393 3484 5448 mendis
3515 5391 3753 5448 obsitus

2125 5489 2414 5550 occurrat,
2447 5499 2587 5554 qum
2620 5485 2872 5554 profecto
2921 5480 3126 5537 saltem
3179 5483 3238 5537 in
3276 5485 3430 5538 notis
3470 5483 3763 5540 emacula-

2107 5579 2228 5631 tum
2262 5580 2532 5646 praastare
2572 5571 2854 5644 portabat.
2886 5570 3032 5635 Quid
3090 5571 3342 5642 loquar?
3383 5573 3462 5630 Eo
3526 5573 3759 5646 quidem
