4112 6132
431 369 552 431 569

1485 361 1839 430 ΑΝΒΒΕΕ
1881 359 2300 424 GALLANDII
2346 355 2763 424 PROCEMIA.‘

3718 360 3838 423 570

434 515 679 556 munere
714 513 815 568 Ρτο
844 494 1069 552 Viribus
1099 492 1388 566 Ρθτῖυηοιί
1411 494 1704 551 fueramus
1727 494 1783 550 ίη
1808 495 2079 551 Observa“
2108 497 2163 563 Α
2198 509 2437 582 proinde
2467 526 2535 566 ea
2566 509 2790 565 ratione
2819 508 3082 565 emollire
3113 509 3403 566 studebat.
3450 513 3517 563 Et
3538 509 3674 580 jure
3705 509 3841 580 qui-

434 589 697 646 tionibus
737 585 1146 656 subjiciendis,
1205 585 1409 641 eadem
1462 585 1641 642 ferme
1683 585 1908 641 ratione
1937 600 2081 639 con-

431 685 635 754 textis,
666 701 783 755 qua
815 682 901 738 usi
963 698 1169 737 sumus
1202 683 1271 737 ad
1324 682 1718 738 Clementinas
1765 681 2079 753 epistolas:

419 776 667 847 jamque
700 769 1141 827 observationes
1171 769 1320 839 istae,
1366 771 1938 840 cuiusmodicunque
1961 769 2080 823 fue-

431 865 574 929 rint,
608 861 663 915 in
701 864 973 932 promptu
997 863 1196 926 erant;
1224 875 1424 914 verum
1458 860 1591 914 illas
1615 857 2083 926 novimus,nobis

431 953 603 1024 plane
635 950 859 1016 invitis,
904 949 1100 1004 nescio
1153 964 1265 1018 quo
1297 964 1430 1004 casn
1484 949 1760 1018 omissas,
1794 949 1934 1002 dum
1966 946 2084 1018 epi-

431 1041 594 1099 stolae
628 1040 946 1112 lguatianze
978 1038 1137 1109 prelo
1169 1038 1712 1094 committebantur.
1745 1041 1818 1093 At
1841 1035 1976 1092 huic
1999 1037 2083 1091 in-

432 1130 761 1196 commodo,
791 1133 1082 1200 quantum
1137 1127 1194 1182 in
1243 1127 1412 1183 nobis
1446 1127 1572 1194 fuit,
1623 1125 1952 1183 consultum
1983 1141 2080 1180 vo-

435 1220 674 1284 luimus,
702 1234 806 1273 nec
856 1217 1058 1273 leviter
1093 1217 1412 1285 enimvero,
1458 1223 1522 1273 ut
1551 1217 1787 1289 quidem
1829 1217 2082 1273 arbitra-

440 1328 590 1365 mur.
616 1308 876 1363 Primum
911 1306 1202 1379 siquidem
1235 1308 1390 1362 inter
1434 1312 1691 1363 veterum
1723 1307 2078 1370 testimonia,

435 1401 658 1467 integra
678 1399 780 1453 illa
815 1397 1239 1468 descripsimus
1261 1415 1330 1453 ex
1359 1402 1594 1468 trenaao,
1624 1397 2085 1464 Eusebio,Theo-

435 1489 622 1543 dorito
653 1487 896 1557 aliisque
936 1487 1185 1542 vetustis
1242 1487 1603 1556 auctoribus,
1642 1488 1699 1542 in
1733 1488 1944 1556 quibus
1976 1485 2081 1541 ali-

438 1577 568 1649 quis
616 1581 811 1632 textus
853 1577 1140 1647 lgnattani
1196 1575 1360 1632 locus
1418 1583 1642 1632 exstare
1682 1576 2079 1648 comperitur:

431 1683 545 1738 quo
578 1667 858 1721 nimirum
906 1665 1089 1721 lector
1136 1682 1205 1720 ex
1234 1665 1447 1720 Smithi
1482 1666 1701 1722 notulis
1741 1666 2081 1722 admonitus

426 1757 736 1826 confugere
769 1755 978 1826 possit,
1013 1755 1112 1810 ubi
1142 1757 1358 1811 haerere
1389 1756 1711 1828 contingat.

503 1845 576 1901 Ut
606 1851 802 1901 autem
839 1846 1014 1916 hujus
1046 1847 1297 1901 subsidii
1349 1849 1600 1918 pretium
1650 1847 2080 1918 quodammodo
2114 1869 2161 1932 Β

432 1940 678 2001 constet,
712 1951 897 1990 unum
931 1935 1017 1991 vel
1066 1934 1317 1992 alterum
1353 1937 1682 2006 exemplum
1717 1938 1773 1992 in
1823 1936 2074 1992 medium

428 2028 814 2098 proferamus.
840 2029 905 2081 In
937 2027 1186 2097 epistola
1214 2029 1258 2092 Ι,
1313 2028 1630 2099 Smyrnaeis
1657 2027 1959 2099 inscripta,
1991 2027 2078 2083 sic

428 2116 678 2186 legimus
730 2116 832 2185 (2):
903 2112 1514 2191 Ηεπληροφορημὲνους
1600 2115 1676 2176 εἰς
1739 2115 1835 2170 τὸν
1876 2116 2078 2188 Κύριον

426 2207 608 2278 ἡμῶν,
677 2203 902 2274 ἀληθῶς
970 2203 1170 2262 ὅντα...
1239 2205 1360 2259 Υἱὸν
1445 2210 1580 2260 Θεοῦ
1647 2205 1784 2260 κατὰ
1859 2204 2078 2277 θέλημα

423 2294 511 2348 καὶ
553 2291 780 2366 δύναμιν
844 2296 998 2349 Θεοῦ.
1057 2294 1164 2350 Ubi
1217 2296 1545 2352 Theodorit.
1616 2297 1812 2352 Dial.i
1869 2296 2080 2352 excitat

426 2383 643 2456 Anglus
675 2383 947 2438 editor.Si
982 2400 1113 2439 vero
1137 2388 1397 2440 veterum
1431 2385 1770 2441 testimonia
1813 2384 2078 2457 epistolis

429 2472 752 2544 Ignatianis
778 2473 1398 2544 praemissaconsulere
1414 2473 1575 2541 velis,
1610 2478 1821 2544 praesto
1845 2474 1948 2529 tibi
1969 2472 2080 2529 erit

428 2561 595 2618 lectio
649 2561 888 2626 codicis,
947 2577 1061 2633 quo
1095 2566 1228 2617 ante
1279 2561 1437 2618 mille
1467 2568 1525 2618 et
1571 2567 1861 2618 trecentos
1893 2578 2079 2618 annos

432 2666 574 2706 usus
604 2656 693 2706 est
720 2649 1131 2705 Theodoritus.
1162 2650 1262 2706 Sic
1285 2655 1482 2706 autem
1516 2668 1579 2706 se
1609 2651 1814 2706 habet:
1853 2649 2076 2719 Πεπλη-

437 2739 844 2814 ροφορημὲνους
905 2735 1132 2807 ἀληθῶς
1199 2737 1274 2800 εἷς
1351 2738 1444 2793 τὸν
1490 2737 1684 2814 Κύριον
1726 2740 1911 2811 ἡμῶν,
1953 2733 2078 2793 ὄντα

444 2827 630 2884 Υἶὸν...
714 2831 843 2881 Θεοῦ
936 2827 1073 2882 κατὰ
1163 2827 1393 2898 θεότητα
1459 2829 1553 2882 παὶ
1621 2825 1868 2901 δύναμιν,
1929 2828 2078 2884 Hinc

441 2917 648 2983 disces,
686 2917 971 2989 quomodo
1030 2917 1238 2990 legerit
1270 2918 1368 2973 hic
1413 2918 1542 2991 Cyri
1592 2919 1942 2990 episcopus;
1977 2919 2076 2989 qui

434 3007 792 3077 transposita
819 3023 957 3062 voce
987 3003 1299 3075 ἀληθῶς,οῑ
1328 3007 1548 3062 omissa
1582 3012 1878 3078 postrema
1921 3009 2074 3074 Θεοῦ,

433 3111 536 3167 pro
585 3093 722 3147 κατὰ
761 3091 979 3166 θέλημα
1012 3111 1123 3150 ms.
1157 3095 1416 3162 Medicei,
1461 3095 1596 3149 κατὰ
1656 3093 1884 3164 θεότητα
1915 3095 2074 3167 legit.

2188 601 2356 656 dem:
2413 598 2620 671 lgnalii
2652 599 2834 665 enim,
2883 599 3124 669 Justini,
3177 599 3432 666 Tatiani,
3487 599 3838 654 Tertulliani

2189 688 2554 760 aliorumque
2597 689 3131 744 vetustissimorum
3168 689 3402 744 Patrum
3447 689 3737 744 sententia
3767 690 3840 743 de

2187 776 2331 832 Filio
2363 777 2461 832 Dei
2509 778 2707 849 genito
2761 776 2898 830 κατά
2937 775 3155 850 Θὲλημα
3193 780 3350 844 Θεοῦ,
3417 795 3484 833 eo
3515 794 3690 833 sensu
3743 781 3833 831 est

2189 866 2548 938 accipienda,
2578 884 2693 938 quo
2717 867 2875 923 illam
2903 874 3140 923 strenue
3161 867 3418 922 defendit
3441 868 3725 936 docleque
3747 882 3840 921 ex-

2189 956 2363 1028 plicat
2393 957 2480 1012 vir
2495 959 2789 1012 maximus
2809 958 3065 1014 Jacobus
3084 958 3375 1028 Benignus
3395 963 3713 1013 Bossuetus
3731 958 3833 1028 (5).

2269 1046 2584 1116 Pergamus
2618 1049 2880 1116 porro.In
2897 1048 3095 1102 eadem
3119 1048 3188 1102 ad
3221 1048 3552 1119 Smyrnieos
3566 1047 3837 1118 epistola,

2188 1133 2310 1188 haec
2341 1135 2520 1189 verba
2577 1139 2896 1191 occurrunt
2924 1136 3002 1207 (6)
3031 1153 3044 1191 :
3079 1132 3428 1207 εὐχαριστίας
3484 1133 3576 1189 καὶ
3607 1153 3841 1209 προσευ-

2188 1224 2298 1295 χῆς
2339 1218 2668 1296 ἀπέχονται.
2694 1223 2800 1289 Qui
2835 1224 3071 1295 quidem
3123 1224 3286 1280 locus
3319 1225 3403 1280 sic
3461 1225 3612 1296 apud
3647 1225 3840 1280 Theo-

2188 1311 2446 1368 doritum
2505 1313 2748 1368 effertur
2781 1314 2896 1383 (7):
2959 1311 3307 1387 εὐχαριστίας
3362 1313 3451 1366 καὶ
3517 1313 3834 1389 προσφορὰς

2188 1396 2288 1453 οὒκ
2319 1396 2710 1473 ἀποδέχοντκι.
2763 1405 2835 1455 At
2865 1403 3084 1458 codicis
3143 1403 3381 1460 Μοᾶὶοοὶ
3413 1404 3647 1460 lectioni
3696 1409 3848 1466 favet

2189 1495 2354 1546 vetus
2384 1491 2674 1563 interpres
2718 1491 3097 1560 Usserianus;
3160 1511 3286 1564 qua:
3323 1495 3564 1566 proinde
3591 1513 3706 1568 prae
3739 1498 3841 1554 illa

2187 1578 2522 1635 Theodoriti
2577 1580 2881 1636 retinenda
2929 1581 3178 1636 videtur.
3253 1584 3403 1638 Huic
3453 1588 3650 1640 autem
3711 1586 3838 1643 loco

2188 1684 2373 1723 unum
2405 1668 2598 1723 adhuc
2622 1668 2915 1740 insignem
2936 1670 3248 1739 addamus,
3268 1687 3441 1742 quem
3475 1673 3690 1743 praebet
3713 1675 3835 1746 epi-

2189 1757 2344 1813 stola
2372 1757 2442 1812 ad
2476 1756 3003 1829 Ephesios.Estque
3026 1758 3368 1828 hujusmodi
3389 1760 3466 1828 (8)
3491 1777 3504 1815 :
3536 1761 3633 1821 Εῑς
3658 1760 3844 1836 ἰατρὸς

2187 1843 2412 1902 ἐστιν...
2497 1843 2552 1898 ἐν
2612 1846 2768 1919 σαρκὶ
2855 1844 3150 1920 γενόμενος
3224 1847 3390 1917 -Θεὸς,
3449 1845 3505 1902 ἐν
3587 1848 3840 1924 ἀθανάτῳ

2191 1932 2304 2007 ζωῇ
2340 1932 2581 2006 ἀληθινῇ
2606 1951 2619 1989 :
2645 1952 2771 2006 quas
2803 1951 2942 1992 sane
2972 1943 3283 2008 postrema
3314 1937 3396 1993 ita
3426 1954 3660 2012 quoque
3691 1941 3846 2014 lege-

2187 2024 2287 2078 bat
2317 2025 2376 2080 in
2408 2042 2515 2080 suo
2550 2025 2865 2098 exemplari
2893 2031 3060 2082 vetus
3104 2027 3425 2100 interpres:
3460 2031 3632 2085 vertit
3653 2032 3808 2086 enim
3834 2075 3849 2100 ,

2187 2115 2251 2169 in
2279 2115 2594 2171 immortali
2621 2117 2735 2171 vita
2757 2132 2904 2171 vera.
2933 2116 3041 2172 Sed
3067 2121 3372 2172 contextus
3395 2125 3688 2190 repugnat
3713 2138 3726 2187 ;
3757 2137 3848 2175 re-

2190 2204 2685 2276 scribendumque
2735 2206 2996 2275 omnino,
3065 2203 3116 2257 ἐν
3158 2202 3371 2276 θανάτῳ
3412 2205 3524 2273 ζωὴ
3576 2204 3844 2277 ἀληθινή,

2191 2294 2254 2347 in
2281 2301 2450 2350 marte
2471 2295 2586 2349 vita
2609 2309 2744 2349 vera
2770 2311 2782 2348 :
2809 2295 3102 2364 quomodo
3125 2295 3180 2350 in
3218 2295 3343 2349 suis
3371 2295 3670 2352 codicibus
3692 2297 3851 2367 lege-

2189 2380 2331 2436 bant
2361 2383 2577 2438 vetusti
2608 2387 2830 2451 Patres,
2856 2383 3234 2450 Athanasius,
3264 2383 3644 2440 Theodoritus
3662 2391 3836 2456 atque

2189 2469 2485 2537 Gelasius,
2509 2478 2657 2527 utex
2679 2473 2872 2528 allatis
2896 2473 3047 2527 infra
3075 2489 3278 2529 eorum
3300 2473 3441 2530 locis
3473 2482 3832 2548 compertum

2190 2559 2273 2616 fit.
2306 2564 2382 2614 At
2404 2560 2524 2616 haec
2552 2561 2700 2616 satis
2730 2565 2939 2629 sunto;
2975 2579 3040 2617 ex
3063 2562 3278 2633 quibus
3308 2564 3628 2635 perspicias
3647 2582 3841 2637 quan-

2189 2652 2315 2702 tum
2339 2647 2476 2704 hinc
2509 2649 2758 2705 subsidii
2781 2651 3018 2706 accedat
3039 2652 3220 2706 textui
3251 2651 3719 2722 emaculando,si
3743 2655 3842 2710 cui

2190 2737 2259 2791 de
2279 2735 2439 2792 illius
2467 2737 2803 2809 integritate
2834 2740 3090 2810 suspicio
3117 2739 3314 2811 aliqua
3335 2741 3840 2811 iuresuboriatur.

2265 2828 2475 2884 Verum
2508 2829 2565 2884 in
2607 2831 2762 2886 idem
2812 2831 3117 2887 consilium
3175 2832 3422 2888 ulterius
3473 2834 3664 2889 adhuc
3720 2853 3848 2907 pro-

2188 2934 2392 2990 gressa
2421 2924 2512 2974 est
2543 2936 2683 2976 cura
2708 2927 2928 2977 nostra.
2981 2922 3294 2992 Nimirum,
3343 2923 3686 2995 fragmentis
3718 2924 3839 2982 illis

2189 3025 2316 3079 qua:
2351 3008 2559 3078 Ignatii
2592 3008 2869 3079 epistolas
2891 3011 3353 3083 subsequuntur,
3378 3020 3646 3084 excerpta
3675 3030 3835 3085 quae-

2188 3098 2320 3152 dam
2356 3098 2719 3167 subjecimus
2745 3115 2813 3155 ex
2842 3107 3076 3156 auctore
3107 3101 3524 3157 Parallelorum
3575 3103 3832 3174 Rupefu-

430 3195 611 3249 Probe
642 3197 841 3248 autem
907 3195 1167 3249 notanda
1213 3195 1371 3250 varia
1416 3194 1758 3265 hujusmodi
1809 3193 1980 3251 lectio
2006 3213 2019 3263 ;
2044 3213 2078 3252 a
2106 3231 2148 3297 Ο
2190 3188 2777 3297 ρδιάίηονυω,¹ί]υξω
2811 3189 2884 3245 01.
2922 3190 3274 3292 Leguiepius
3305 3191 3835 3297 [nerite'existimat

427 3300 543 3355 qua
571 3300 708 3340 cum
753 3289 1006 3340 veterem
1040 3285 1442 3356 interpretem,
1469 3290 1620 3353 ,tum
1652 3286 1911 3341 codicem
1946 3285 2074 3340 Flo-

424 3377 719 3428 rentinum
757 3372 1258 3444 dissidereliquet.
1293 3375 1425 3429 Eam
1462 3373 1847 3429 nihilominus
1876 3379 2076 3430 tuetur

427 3461 850 3533 Wesselingius
880 3461 960 3533 (3)
1014 3460 1082 3516 V.
1116 3464 1174 3517 C.
1226 3467 1524 3532 permotus
1573 3461 1886 3534 exemplari
1923 3465 2072 3517 anti-

425 3550 712 3621 quissimo
740 3551 894 3622 quod
929 3551 1321 3606 Theodoritus
1353 3567 1469 3622 pra:
1501 3551 1688 3607 oculis
1725 3552 1952 3622 habuit,
1981 3552 2075 3624 ip-

424 3639 671 3710 siusque
702 3639 760 3693 in
795 3638 1001 3710 primis
1029 3639 1237 3710 lguatii
1262 3640 1574 3707 sententia,
1600 3639 1754 3696 unde
1785 3640 1931 3696 nihil
1965 3641 2074 3696 hoc

423 3727 582 3782 abit:
615 3727 832 3799 quibus
866 3727 1110 3798 accedit,
1172 3727 1416 3798 exprimi
1438 3728 1582 3783 satis
1618 3733 1889 3785 accurate
1915 3729 2076 3784 hisce

428 3816 642 3884 verbis,
676 3817 831 3886 quod
888 3815 1099 3871 Paulus
1130 3817 1201 3870 ad
1252 3815 1543 3872 Romanos
1602 3817 2072 3890 perseripsit(4).

429 3910 700 3960 Attamen
734 3903 994 3960 Smithus
1025 3904 1509 3960 ams.Florentini
1531 3905 1778 3963 lectione
1795 3911 1911 3963 stat
1939 3923 2076 3962 con-

426 4000 626 4062 stans;
659 3993 955 4064 simulque
1003 3994 1303 4050 existimat
1351 3995 1589 4066 genium
1649 3989 1821 4053 suum
1882 4000 2076 4070 potius

424 4099 600 4153 quam
622 4082 878 4138 codicem
911 4082 1094 4137 fuisse
1127 4081 1547 4138 Theodoritum
1581 4089 1877 4152 secutum,
1907 4084 2076 4155 quasi

424 4170 675 4226 nimium
705 4170 888 4226 cruda
943 4169 1029 4224 illi
1089 4170 1382 4226 videretur
1413 4170 1597 4227 altera
1649 4172 1838 4241 lectio,
1895 4188 2075 4244 quam

2186 3275 2412 3348 integro
2437 3278 2647 3333 saeculo
2664 3277 3024 3334 Damasceno
3038 3279 3448 3351 antiquiorem.
3482 3280 3610 3336 Haec
3633 3286 3830 3338 autem

2189 3370 2462 3437 excerpta
2493 3383 2663 3423 nemo
2687 3385 2828 3424 sane
2865 3369 3076 3425 dixerit
3105 3368 3262 3425 haud
3296 3371 3492 3442 magni
3527 3371 3791 3429 facienda
3817 3387 3832 3441 ;

2187 3472 2321 3512 cum
2357 3461 2512 3512 certo
2536 3462 2763 3514 constet
2787 3459 3132 3531 scriptorem
3155 3460 3346 3528 illum,
3369 3461 3708 3533 quicunque
3737 3463 3840 3519 de-

2199 3561 2361 3601 mum
2396 3547 2591 3612 fuerit,
2625 3564 2692 3603 ex
2740 3547 2986 3603 sinceris
3018 3549 3226 3620 Ignatii
3283 3549 3570 3619 epistolis,
3625 3549 3673 3605 si
3705 3565 3834 3607 eam

2186 3635 2442 3706 excipias
2468 3653 2593 3706 quas
2627 3637 2904 3693 Romanis
2927 3637 3399 3709 inscribitur,illa
3419 3639 3832 3712 descripsisse,

2186 3724 2564 3796 codicemque
2597 3727 2850 3784 Mediceo
2881 3728 3336 3784 emendatiorem
3369 3729 3748 3784 adhibuisse:
3768 3733 3830 3784 ut

2187 3816 2430 3885 proinde
2460 3820 2649 3872 textus
2671 3815 2892 3888 vulgati
2923 3817 3092 3872 lectio
3122 3833 3190 3872 ex
3221 3817 3293 3872 iis
3326 3834 3438 3872 non
3471 3817 3662 3874 solum
3688 3835 3825 3875 con-

2186 3903 2471 3970 firmetur,
2497 3921 2701 3960 verum
2733 3906 2910 3962 etiam
2938 3907 3285 3962 emendetur
3317 3906 3617 3977 multoque
3647 3907 3827 3963 casti-

2187 3995 2378 4065 gatior
2420 3997 2767 4068 plerumque
2850 3998 3150 4053 reddatur.
3205 3998 3328 4060 Quo
3378 4004 3570 4053 autem
3615 3999 3832 4069 aliquot

2187 4085 2472 4156 exemplis
2502 4102 2597 4142 res
2620 4087 3050 4158 comprobetur,
3072 4090 3198 4143 loca
3219 4086 3500 4143 nonnulla
3522 4104 3656 4143 cum
3679 4089 3831 4146 edito

2186 4173 2398 4230 collata
2420 4174 2515 4232 hic
2547 4175 2753 4232 sistere
2776 4175 3015 4247 juverit.

1759 4311 2020 4352 EPISTOLA
2050 4313 2122 4352 AD
2152 4313 2488 4355 SMYRNEOS.

899 4420 1042 4477 Edit.
1075 4437 1144 4477 ex
1182 4420 1299 4478 cod.
1331 4420 1586 4478 Mediceo.

503 4542 638 4612 Cap.
672 4537 768 4598 IX.
805 4539 1103 4612 Ἀνανῆψαι
1135 4580 1148 4594 .
1187 4581 1200 4596 .
1232 4581 1246 4595 .
1279 4532 1504 4612 ἔχομεν.

502 4630 637 4702 Cap.
669 4629 766 4684 XI.
793 4625 1053 4685 Θέλουσιν
1080 4628 1180 4703 γὰρ
1212 4629 1347 4700 ἡμῖν
1391 4626 1731 4702 εὐπράσσιιν,
1763 4628 1891 4691 Θεὸς
1932 4628 2078 4685 ’ἑτοι-

435 4739 534 4790 μος
573 4717 650 4779 εἷς
679 4717 742 4772 τὸ
772 4722 1097 4796 παρασχεῖν.

2101 4425 2148 4490 D

2609 4423 2684 4483 Ex
2720 4429 2988 4485 Parallet.
3035 4431 3398 4503 Rupefucatd.

2259 4542 2552 4618 Ἀνανῆψαι
2584 4546 2752 4618 ἡμᾶς.
2790 4588 2804 4603 .
2843 4588 2856 4602 .
2887 4589 2901 4603 .
2933 4538 3158 4620 ἔχομεν.

2258 4628 2488 4688 Θέλουσι
2553 4634 2655 4710 γὰρ
2713 4636 2848 4707 ἡμῖν
2896 4635 2951 4690 εὗ
3007 4637 3285 4710 πράττειν,
3337 4639 3468 4699 Θεὸς
3508 4637 3726 4714 ἕτοιμος
3758 4640 3835 4706 εἷς

2185 4719 2248 4773 τὸ
2278 4720 2563 4801 παρέχειν.

1870 4837 1943 4875 AD
1978 4837 2380 4878 POLYCARPUM.

502 4918 636 4988 Cap.
672 4917 714 4973 Ι.
767 4915 1056 4991 Γρηγόρει,
1106 4913 1410 4988 ἀκοίμητον
1461 4919 1674 4988 πνεῦμα
1721 4916 2075 4990 κεκτημένος.

2262 4920 2549 4994 Γρηγόρει,
2582 4920 2886 4996 ἀκοίμητον
2907 4921 3063 5000 ὄμμα
3090 4899 3440 4997 κεκτημένος.

1937 5065 2009 5103 AD
2041 5054 2327 5106 spasmos.

501 5144 637 5214 Cap.
671 5143 761 5198 VI.
797 5139 1031 5205 Εἷώθασί
1062 5159 1204 5202 τινες
1239 5136 1391 5213 δόλῳ
1419 5141 1649 5216 πονηρῷ
1677 5141 1741 5196 τὸ
1775 5140 1950 5216 ὄνομα
1979 5164 2072 5198 πε-

435 5230 688 5310 ριφὲρειν.

498 5391 574 5468 (ξ)
605 5387 1381 5468 ξεῖ)οι.ζᾷρίεε.-αὰ..ςφιίντι..,-
1409 5403 1537 5468 cap.
1574 5389 1625 5442 1.

498 5459 573 5534 (3)
609 5459 956 5532 Wesseling.
988 5459 1278 5517 Probabil.
1315 5459 1410 5514 lib.
1447 5459 1618 5530 sing.,
1652 5475 1778 5531 cap.
1813 5459 1904 5526 33,
1938 5475 2071 5532 pag.

431 5532 551 5589 196.

525 5607 579 5676 4)
611 5610 766 5660 Rom.
792 5620 832 5671 ι,
866 5604 918 5669 3,
953 5604 1004 5657 4.

502 5607 577 5751 i5)
611 5677 880 5746 Bossuet,
922 5687 1004 5731 νι·

522 5675 577 5750 5)
611 5677 880 5746 Bossuet,
922 5687 1004 5731 νι·
1051 5675 1306 5731 Αυθνιὶεε.
1340 5689 1456 5731 ana:
1510 5676 1766 5745 Prota:t.,
1827 5691 1845 5728 ι
1898 5677 2073 5746 part.,
2167 5680 2172 5684 ”

2255 5145 2490 5202 Εἶώθασί
2547 5167 2687 5210 τινες
2746 5147 2896 5222 δόλῳ
2960 5154 3193 5226 πονηρῷ
3252 5151 3315 5205 τὸ
3372 5145 3542 5224 ὄνομα
3594 5153 3832 5226 Χριστοῦ

2189 5235 2515 5313 περιφέρειν.

2182 5394 2290 5446 art.
2325 5407 2380 5459 v,
2412 5392 2554 5460 534.

2362 5465 2555 5540 £8.05“:
2579 5465 2763 5540 Epist.
2779 5465 2859 5540 act
2899 5466 3144 5539 Smyrn”
3168 5486 3298 5540 cap.
3329 5468 3386 5527 7.

2362 5535 2698 5613 Theodorit.
2732 5534 3157 5613 Diat.}1i,'pag.
3195 5534 3316 5596 154.

2256 5607 2329 5677 (8)
2363 5606 2548 5678 Ignat.
2583 5609 2754 5680 Epist.
2788 5606 3250 5686 adEphei.,'cap.
3275 5617 3326 5669 7.
