4112 6132
322 335 438 398 571

802 469 944 526 Edit.
973 485 1047 525 ex
1072 469 1192 526 cod.
1225 469 1486 528 Medicae.

399 562 536 633 Cap.
569 561 666 619 XI.
721 559 835 629 Τὴν
887 558 1182 615 ἐνεστῶσαν
1233 561 1395 635 χάριν
1464 561 1856 637 ἀγάπήσωμεν·
1928 558 1978 618 ἕν

328 655 436 706 τῶν
472 648 567 705 δύο
603 649 764 723 μόνον
799 649 852 704 ἐν
880 653 982 725 Χρ.

399 742 535 814 Cap.
570 742 711 796 XIV.
773 741 949 815 Ἀρχὴ
1009 740 1101 812 μὲν
1157 738 1356 802 πίστις·
1425 740 1583 801 τέλος
1651 737 1708 795 δὲ
1774 742 1978 817 ἀγάπη.

328 829 409 886 Τὰ
450 826 507 885 δὲ
539 826 657 900 δύο,
718 828 768 884 ἐν
827 828 1037 900 ἐνότητι
1081 830 1363 904 γενόμενα,
1414 833 1536 894 θεοῦ
1595 829 1830 888 ἐστινμη
1881 830 1982 888 Οὗ-

329 917 438 980 δεὶς
469 941 650 975 πιστιν
699 917 1202 996 ἐπαγγελλόμενος,
1253 919 1566 994 ἀμάρτάνει·
1617 917 1741 975 οὐδὲ
1770 920 1980 996 ἀγάπην

325 1031 383 1064 εκ
414 1031 569 1069 κτ....
599 1010 917 1084 Χριστιανοὶ
949 1010 1105 1066 εἶναι.

1387 335 1453 400 S.
1499 336 1892 402 IGNATIUS.
1942 367 2017 385 ιι·-
2063 339 2694 405 PROLEGOMINA.

2004 474 2062 542 Α

3628 351 3742 410 5'12

2515 479 2604 533 Ea:
2630 477 2905 534 Parallel.
2938 478 3299 551 Rupefucald.

2162 564 2275 632 Τήν
2328 563 2618 620 ἐνεστῶσαν
2661 568 2826 644 χάριν
2867 567 3236 644 ἀγαπήσωμεν
3283 571 3338 622 ἒν
3379 573 3456 640 τῷ
3485 573 3573 625 νῦν
3612 571 3737 646 βίῳ⁶

2095 653 2259 727 μόνον
2291 653 2341 708 ἐν
2377 658 2481 730 Χρ.

2161 745 2338 818 Ἀρχή
2403 745 2496 817 μὶν
2551 746 2586 814 ἡ
2644 745 2846 810 πίστις·
2905 745 3064 808 τέλος
3123 745 3178 802 δὲ
3224 751 3258 818 ἡ
3319 747 3520 824 ἀγάπη.
3572 751 3650 806 Τὰ
3683 748 3742 804 δὲ

2092 831 2208 901 δύο,
2267 831 2320 886 ἐν
2390 833 2600 902 ἓνότητι
2659 835 2940 909 γενόμενα,
2999 837 3129 898 Θεός
3187 837 3363 896 ἐστι...
3413 835 3607 900 Οὐδεὶς
3646 841 3742 893 πί-

2091 941 2203 976 στιν
2236 920 2708 997 ἐπαγγελλόμενος
2748 919 2915 1000 ἔχειν,
2945 925 3262 1002 ἁμαρτάνει.
3297 925 3492 989 Οὐδεὶς
3522 927 3737 1005 ἀγάπην

2087 1031 2306 1069 κεκτη..
2337 1014 2570 1088 Χριστοῦ
2603 1015 2761 1072 εἶναι.

1804 1135 1878 1174 ΔΙ)
1908 1135 2256 1177 ΜΑΟΝΕΕῙΟΒ.

397 1235 534 1309 Cap.
570 1238 668 1293 ῘΙῘ.
721 1235 929 1309 Πρέπον
985 1235 1125 1291 ἐστὶν
1185 1235 1465 1292 ἐπακούειν
1517 1233 1652 1290 κατᾶ
1704 1234 1978 1308 μηδεμίαν

327 1322 706 1398 ὁπόκρισιν....
751 1325 898 1382 ἀλλὰ
924 1327 1014 1381 τὸν
1068 1324 1300 1401 ἀόρατον
1346 1324 1792 1400 παραλογίζεται’
1824 1326 1886 1380 τὸ
1920 1322 1978 1380 δὲ

321 1417 592 1484 τοιοῦτον,
616 1411 678 1469 οὒ
709 1415 847 1490 πρὸς
879 1416 1047 1490 σάρκα
1072 1414 1264 1492 λόγος.

2159 1234 2370 1311 Πρέπον
2427 1237 2567 1293 ἐστιν
2631 1241 2923 1297 ὑπακούειν
2979 1247 3058 1315 τῷ
3132 1243 3411 1316 ἐπισκόπῳ
3466 1242 3602 1298 κατὰ
3664 1265 3740 1316 μη

2089 1323 2279 1398 δεμίαν
2338 1325 2722 1400 ὁπόχρισιν....
2783 1329 2929 1388 ἄλλά
2997 1331 3089 1388 τὸν
3148 1333 3375 1408 ἀόρατον
3434 1330 3746 1411 παραλογί-

2090 1419 2232 1484 ζεται
2269 1415 2420 1470 Θεόνο
2453 1421 2533 1491 τῷ
2563 1415 2620 1473 δὲ
2643 1420 2908 1494 τοιούτῳ,
2940 1421 3001 1476 οὐ
3033 1421 3168 1498 πρὸς
3202 1422 3372 1499 σάρκα
3403 1420 3593 1498 λόγος.

1810 1552 1883 1590 ΑΙ)
1921 1550 2280 1595 τωιιιΔΝοε.

396 1654 534 1724 Cap.
568 1653 658 1708 VI.
693 1651 760 1707 Oi.
792 1649 975 1724 καιροὶ
1006 1647 1510 1723 παρεμπλέκουσιν.

401 1742 538 1812 Cap.
571 1741 716 1795 VIII.
751 1735 960 1808 Μηδεὶς
1004 1739 1156 1810 ὑμῶν
1210 1739 1346 1794 κατὰ
1376 1744 1473 1794 τοῦ
1504 1739 1746 1810 πλησίου
1779 1739 1975 1814 ἐχέτω.

330 1827 423 1894 Μὴ
456 1826 621 1903 ἀφηη
651 1823 743 1879 ἵνα
775 1826 944 1898 μὴ....
976 1826 1039 1880 τὸ
1069 1825 1122 1879 ἐν
1152 1837 1260 1899 θεῳ
1289 1826 1502 1896 πλῆθος
1535 1825 1739 1905 βλασφ.

399 1944 546 2000 Hinc
578 1944 834 2016 profecto
863 1949 1190 2000 noscuntur
1219 1945 1340 2000 haec
1371 1951 1640 2019 excerpta
1671 1947 1977 2020 Ignatiano

331 2034 519 2090 textui
551 2034 673 2090 sive
694 2035 1061 2090 emendando
1085 2035 1205 2090 sive
1235 2034 1408 2091 etiam
1440 2035 1654 2092 alicubi
1675 2036 1976 2093 sarciendo

330 2121 488 2177 haud
513 2138 718 2192 parum
744 2122 1070 2194 profutura.
1107 2123 1315 2180 Verum
1349 2128 1413 2179 ut
1433 2123 1508 2180 iis
1539 2124 1871 2197 expeditius
1895 2123 1973 2179 uti

329 2211 576 2269 lectores
608 2218 840 2284 queant,
875 2211 1076 2267 eadem
1116 2228 1184 2268 eo
1215 2211 1571 2283 digessimus
1603 2215 1828 2280 ordine,
1862 2229 1976 2285 quo

330 2301 624 2374 dispositae
657 2305 973 2356 occurrunt
989 2300 1245 2372 epistola:
1276 2317 1407 2358 cum
1439 2302 1499 2358 in
1522 2303 1718 2358 codice
1748 2302 1975 2359 Floren-

327 2391 474 2460 tino,
506 2398 629 2446 tum
664 2389 720 2445 in
751 2389 966 2445 Smithi
996 2391 1150 2446 edito
1180 2390 1276 2445 hic
1305 2391 1460 2464 typis
1499 2408 1732 2448 excuso.

976 2497 1209 2554 CAPUT
1240 2498 1338 2554 III.

335 2603 578 2661 Simonii
605 2609 654 2661 et
699 2605 960 2661 Tentzelii
987 2606 1055 2661 de
1085 2623 1186 2663 ms.
1213 2606 1393 2662 codice
1419 2607 1654 2665 Mediceo
1682 2608 1977 2664 sententia.

409 2677 556 2734 Unie
583 2677 832 2732 hauserit
862 2680 1162 2748 lgnatiana
1191 2677 1467 2748 Svicerus,
1501 2681 1560 2733 in
1617 2696 1780 2735 suum
1855 2679 1982 2733 ihe-

403 2765 629 2804 saurum
660 2752 924 2816 coniecta.
960 2750 1212 2819 Epistolas
1269 2751 1638 2819 interpolata
1687 2751 1772 2806 vel
1812 2753 1982 2806 etiam

404 2768 629 2804 saurum
660 2768 924 2816 607178010.
960 2768 1212 2819 epistulae
1269 2768 1638 2875 interi-potam,
1687 2768 1772 2806 υει
1812 2768 1982 2806 etiam

404 2822 796 2892 suppositiliw,
830 2839 863 2875 a
891 2823 1179 2892 nonnullis
1237 2824 1368 2876 viris
1435 2823 1573 2877 aclis
1627 2823 1812 2876 minus
1843 2827 1982 2878 recte

404 2891 552 2947 velut
580 2908 817 2949 sincera?
848 2893 1123 2964 interdum
1153 2891 1382 2948 habitae.
1399 2895 1660 2949 Romanis
1693 2895 1985 2964 inscriptae

406 2966 653 3036 epistolae
671 2964 840 3036 editio
870 2980 1035 3034 quam
1068 2963 1310 3036 Clericus
1329 2964 1716 3020 adornandum
1745 2963 1981 3036 suscepit

403 3035 550 3090 haud
577 3035 854 3105 ﬁdissima
875 3050 987 3090 esse
1015 3035 1359 3105 perhibetur.

407 3160 475 3215 Et
495 3159 676 3214 miror
698 3159 970 3229 equidem
986 3158 1324 3229 hujusmodi
1351 3163 1626 3230 excerpta
1641 3158 1821 3214 fuisse
1843 3159 1978 3214 bac-

337 3251 507 3302 tenus
547 3246 634 3301 vel
654 3245 1048 3314 inobservata,
1080 3245 1169 3301 vel
1203 3248 1347 3303 forte
1395 3246 1655 3318 neglecta
1683 3247 1823 3302 viris
1853 3263 1983 3302 eru-

336 3334 606 3404 ditis,qui
624 3337 754 3404 post
783 3334 1074 3389 Smithum
1100 3335 1158 3391 S.
1186 3334 1459 3407 martyris
1481 3334 1756 3405 epistolas
1775 3352 1980 3392 rursus

335 3424 594 3481 edendas
633 3429 933 3479 curarunt.
971 3425 1266 3480 Smithum
1325 3424 1479 3480 enim
1527 3425 1770 3496 excipio,
1813 3427 1980 3497 cujus

335 3514 677 3571 Oxoniensis
725 3514 900 3570 editio
935 3515 1052 3585 jam
1091 3514 1148 3568 in
1205 3514 1391 3568 lucem
1455 3515 1767 3586 prodierat,
1819 3514 1981 3586 prius

335 3619 513 3675 quam
531 3604 633 3661 illa
666 3603 945 3662 Parallela
966 3620 997 3660 e
1016 3618 1127 3660 ms.
1165 3602 1630 3674 Rupel‘ucaldino
1649 3602 1983 3675 evulgaren-

336 3702 454 3754 tur.
489 3700 623 3764 Quae
652 3697 892 3770 quidem
951 3695 1000 3751 si
1034 3694 1325 3751 Richardo
1355 3695 1611 3751 Simonio
1662 3695 1981 3767 aliquando

338 3785 964 3845 innotuisseut.nullus
995 3785 1369 3856 dubito,quin
1388 3801 1456 3840 ex
1484 3785 1576 3841 his
1599 3785 1978 3858 potiusquam

341 3895 408 3934 ex
439 3878 850 3950 interpolatore
881 3876 1142 3933 codicem
1199 3877 1514 3932 Mediceum
1569 3877 1980 3947 corrigendum

342 3967 649 4024 statuisset
679 3967 775 4039 (9).
800 3967 1014 4022 Eodem
1039 3965 1177 4021 item
1210 3967 1446 4021 nomine
1459 3965 1532 4021 ab
1563 3965 1662 4021 illa
1692 3965 1983 4021 sententia

333 4055 770 4126 pronuntianda
789 4054 903 4110 sibi
934 4053 1181 4110 fortasse
1209 4056 1598 4124 temperasset
1627 4052 1982 4108 Wilhelmus

337 4145 621 4200 Ernestus
653 4144 985 4199 Tentzelius
1007 4143 1144 4212 (10),
1175 4161 1202 4194 ιι
1235 4142 1376 4197 nihil
1421 4159 1523 4214 pro
1550 4141 1853 4214 Ignatiano
1885 4141 1983 4196 ha-

338 4235 914 4306 bendum,nisiquod
931 4251 965 4289 a
997 4234 1264 4290 Patribus
1284 4233 1548 4305 priorum
1578 4238 1833 4305 quatuor
1854 4240 1985 4306 post

339 4324 682 4395 martyrium
719 4322 926 4395 Ignatii
959 4322 1305 4378 saeculorum
1329 4321 1698 4379 sanctissimo
1723 4322 1846 4378 viro
1877 4322 1982 4377 tri-

2006 1652 2056 1718 B
2158 1652 2266 1707 Καὶ
2305 1653 2805 1728 παρεμπλεκουσιν.

2159 1738 2366 1809 Μηδεὶς
2400 1744 2554 1815 ὑμῶν
2585 1744 2722 1801 κατᾶ
2748 1749 2845 1801 τοῦ
2875 1745 3111 1817 πλησίον
3138 1748 3317 1822 ἒχέτω
3347 1769 3422 1817 τι,
3458 1749 3535 1821 μή
3567 1747 3733 1828 ἀφηη

2086 1828 2174 1882 ’ἰνα
2205 1829 2374 1900 μὴ...
2407 1832 2470 1886 τὸ
2500 1829 2681 1889 ἔνθεον
2711 1833 2924 1904 πλῆθος
2958 1835 3161 1914 βλασφ·

2086 1935 2270 2004 visus,
2305 1935 2434 1992 licet
2466 1939 2525 1994 in
2559 1940 2780 1998 aliama
2802 1943 3173 2000 Tentzeliana
3199 1945 3549 2001 sententiam
3575 1946 3738 2003 abie-

2089 2023 2181 2078 rit.
2215 2026 2611 2083 Pervolutanti
2642 2030 2797 2086 enim
2831 2031 2975 2085 mihi
3005 2033 3136 2101 ejus
3167 2033 3502 2089 Thesaurum
3555 2034 3732 2090 eccle-

2086 2114 2366 2169 siasticum
2396 2116 2828 2187 deprehendere
2849 2119 3313 2190 oontigit,neque
3345 2137 3486 2176 sane
3509 2121 3736 2192 absque

2087 2203 2491 2275 admiratione,
2525 2205 2721 2277 ipsum
2750 2223 2852 2278 pro
2882 2223 3015 2264 vero
3066 2208 3286 2279 lgnalio
3319 2208 3733 2280 Ignatiastrum

2086 2291 2288 2348 lectori
2311 2294 2530 2367 passim
2561 2295 2900 2353 obtrusisse.
2932 2296 3017 2352 Ne
3034 2297 3256 2353 nimius
3287 2298 3423 2368 sim,
3457 2299 3573 2353 duo
3595 2301 3733 2352 tan-

2085 2386 2202 2438 tum
2231 2382 2359 2439 loca
2388 2385 2644 2456 proferre
2701 2384 2860 2441 libet.
2891 2387 3122 2442 Primus
3139 2387 3409 2444 occurrit
3439 2403 3496 2454 v,
3542 2383 3728 2461 Ἀγέν-

2085 2491 2250 2540 νητος
2277 2473 2409 2544 (l3),
2438 2474 2540 2529 ubi
2569 2474 2764 2530 statim
2796 2476 2868 2531 ab
2900 2475 3067 2531 initio
3115 2477 3294 2532 verba
3341 2476 3546 2532 recitat
3599 2480 3736 2530 tan-

2089 2578 2267 2636 quam
2300 2563 2757 2635 Ignatiana,que
2790 2569 2984 2620 tamen
3019 2565 3331 2637 desumpta
3354 2565 3738 2636 perhibentur

2089 2668 2159 2706 ex
2187 2651 2537 2724 interpolata
2559 2652 2808 2725 epistola
2841 2654 2911 2708 ad
2945 2654 3247 2726 Ephesios,
3280 2671 3409 2726 cap.
3440 2656 3499 2722 7,
3534 2654 3737 2726 sicque

2092 2757 2155 2796 se
2183 2741 2444 2798 habent:
2483 2763 2507 2794 α
2544 2741 2749 2814 Ἰατρὸς
2781 2743 2943 2814 ἡμῶν
2986 2738 3126 2796 ἔστιν
3166 2743 3194 2794 ὁ
3251 2743 3418 2814 μόνος
3474 2740 3738 2812 ἀληθινὸς

2091 2828 2241 2901 Θεὸς,
2285 2831 2314 2884 ὁ
2388 2829 2681 2904 ἆγέννητος
2721 2830 2810 2885 καὶ
2864 2829 3177 2906 ἀπρόσιτος,
3213 2831 3239 2885 ὁ
3297 2835 3402 2885 τῶν
3445 2830 3591 2886 ὅλων
3627 2832 3740 2888 Κύ-

2095 2938 2235 2992 ριος,
2275 2923 2372 2973 τοῦ
2414 2917 2469 2974 δὲ
2526 2925 2854 2994 μονογενοῦς
2902 2921 3092 2993 Πατὴρ
3150 2922 3237 2974 καὶ
3271 2923 3572 2996 γεννήτωρ.
3607 2945 3635 2973 ››
3669 2926 3738 2977 Αι

2011 3015 2054 3083 α
2090 3009 2177 3064 vir
2207 3009 2571 3080 apostolicus
2594 3010 2652 3064 in
2685 3010 2885 3064 eadem
2937 3009 3180 3080 epistola
3213 3012 3469 3082 genuina
3500 3011 3536 3067 l.
3570 3030 3619 3066 c.
3657 3011 3736 3066 ita

2093 3098 2298 3152 scribit
2322 3115 2336 3154 :
2360 3120 2389 3149 ι(
2421 3097 2518 3158 Εἷς
2559 3096 2745 3172 ἰατρός
2777 3095 2937 3164 ἐστιν,
2989 3099 3244 3173 σαρκικός
3307 3119 3365 3154 τε
3438 3099 3525 3154 καὶ
3564 3119 3733 3153 πνευ-

2095 3185 2344 3258 ματικὸς,
2375 3185 2634 3260 γεννητὸς
2665 3186 2755 3240 καὶ
2787 3185 3101 3260 ἀγέννητος,
3135 3209 3162 3241 ι
3197 3208 3250 3246 κ.
3290 3209 3342 3243 τ’
3379 3187 3432 3245 λ.
3465 3191 3622 3245 Alter
3655 3189 3736 3244 Io-

2091 3294 2194 3334 cus
2223 3281 2410 3332 exstat
2437 3294 2491 3331 v.
2525 3274 2856 3350 ’Δντίψυχον
2915 3279 3025 3349 (ll)
3055 3295 3069 3334 :
3100 3279 3179 3334 ibi
3215 3280 3372 3334 enim
3427 3285 3739 3351 postquam

2093 3367 2265 3436 hujus
2295 3365 2452 3422 vocis
2481 3365 2813 3438 exemplum
2845 3381 2915 3420 ex
2935 3382 3225 3438 germanae
3257 3370 3327 3424 ad
3349 3369 3740 3442 Smyrnenses

2089 3455 2340 3528 epistolas
2370 3456 2559 3527 capite
2589 3456 2675 3524 10,
2709 3460 3032 3527 excerptum
3053 3457 3412 3525 adduxisset,
3447 3459 3605 3513 aliud
3639 3476 3736 3514 re-

2093 3549 2204 3603 fert
2234 3561 2301 3600 ex
2325 3544 2677 3617 interpolata
2707 3547 2777 3602 ad
2815 3547 3122 3618 Ephesios,
3145 3563 3271 3618 cap.
3302 3549 3392 3604 21.
3412 3547 3613 3620 Neque
3643 3548 3736 3604 bis

2091 3639 2427 3705 contentus,
2450 3637 2615 3710 paria
2643 3639 2850 3693 recitat
2876 3655 2942 3693 ex
2974 3638 3239 3709 epistolis
3267 3638 3613 3709 suppositiis
3663 3639 3735 3693 ad

2092 3727 2502 3797 Antiochenos,
2537 3727 2609 3783 ad
2641 3727 2950 3797 Heronem,
2980 3729 3051 3784 ad
3083 3732 3396 3784 Tarsenses
3425 3732 3482 3784 et
3502 3729 3570 3785 ad
3610 3727 3738 3783 Phi-

2093 3817 2391 3887 lippenses
2415 3833 2433 3871 :
2453 3816 2766 3888 omniaque
2787 3816 2990 3872 isthaec
3025 3817 3195 3871 nobis
3217 3816 3431 3888 ingerit
3451 3821 3730 3886 tanquam

2093 3924 2124 3961 ιι
2156 3905 2529 3961 sanctissimo
2542 3905 2900 3962 Antiocheno
2915 3906 3188 3977 episcopo
3213 3910 3268 3961 et
3290 3912 3544 3977 martyre
3565 3911 3738 3977 Igna-

2094 3994 2178 4050 tio
2211 3993 2726 4066 perscripta.Unde
2756 3993 3288 4067 colligasepistolas
3319 3999 3608 4066 quotquot
3637 4011 3740 4050 ex-

2095 4088 2257 4140 stant
2285 4099 2512 4151 omnes,
2561 4083 2682 4138 sive
2740 4088 3022 4149 sincera,
3056 4086 3174 4139 sive
3212 4083 3590 4155 interpolatae
3620 4084 3740 4139 sive

2095 4175 2334 4230 demum
2363 4174 3090 4245 supposititias,Svicerum
3120 4173 3448 4245 promiscue
3471 4189 3573 4245 pro
3604 4190 3739 4229 vere

2092 4263 2408 4333 Ignatianis
2440 4263 2760 4336 accepisse.

340 4387 562 4466 buitur.
600 4432 627 4461 ››
654 4387 944 4466 Nimirum
979 4412 1246 4466 eruditus
1303 4410 1398 4466 ille
1433 4413 1522 4467 vir
1551 4411 1850 4467 nonnullis
1879 4427 1982 4466 ms.
2019 4387 2064 4450 Β
2167 4391 2273 4446 Ηίδ
2303 4396 2499 4447 antem
2532 4391 2600 4446 de
2625 4390 2843 4446 δνίοθτί
2893 4389 3161 4446 Thamar"
3212 4390 3446 4457 Domus»
3482 4389 3642 4444 locus
3673 4389 3736 4444 in

339 4500 656 4557 Florentini
673 4500 1086 4555 sivelaheculis
1117 4501 1237 4556 sive
1259 4501 1636 4557 varietatibus
1657 4506 1977 4573 permotus,

325 4592 471 4662 ejus
504 4586 783 4641 αὺθεντίαν
803 4587 1023 4642 elevare
1052 4587 1378 4644 contendit:
1412 4590 1581 4659 cujus
1605 4594 1802 4645 tamen
1836 4589 1991 4660 obje-

339 4681 693 4740 ctationibus
725 4683 1095 4737 occurrentes
1148 4681 1398 4738 Grabius
1429 4682 1544 4751 (ll)
1605 4687 1662 4739 et
1702 4683 1986 4740 Nourrius

339 4775 477 4845 (12),
511 4771 642 4827 illas
674 4779 942 4827 accurate
975 4770 1119 4825 satis
1149 4769 1482 4837 diluerunt;
1515 4771 1768 4827 validius
1800 4773 1988 4829 adhuc

341 4864 397 4920 id
445 4861 779 4935 praasliluri,
827 4859 875 4915 si
909 4858 1110 4914 eadem
1164 4857 1448 4914 Paralleia
1513 4860 1800 4932 inspicere
1843 4862 1988 4932 ipsis

341 4951 629 5008 licuisset.

414 5042 555 5098 Cum
604 5037 895 5097 Tentzelio
923 5052 1157 5109 quoque
1186 5037 1243 5091 in
1293 5037 1556 5107 ejusdem
1604 5054 1717 5094 ms.
1749 5039 1986 5096 Medicei

345 5134 746 5203 contemptum
775 5127 1070 5184 immerito
1118 5127 1488 5199 conspirasse
1546 5128 1814 5185 Svicerus
1843 5121 1990 5185 mihi

413 5249 492 5321 (9)
558 5247 788 5321 Timon.
833 5243 1080 5321 .{u_d._de
1123 5243 1189 5298 Is.
1243 5241 1713 5321 Vossii__respons.
1747 5244 1844 5300 sub
1889 5258 1990 5299 no-

346 5314 497 5375 mine
526 5316 862 5389 Hieronymi
893 5316 946 5371 le
975 5315 1211 5389 Camus,
1247 5329 1380 5385 pag.
1411 5314 1505 5370 24.

416 5392 528 5462 (10)
561 5387 818 5515 Τουὲἒόι.
849 5389 1091 5442 Exerczt.
1126 5387 1331 5456 select.,
1367 5395 1516 5458 part.
1551 5402 1590 5452 1,
1635 5387 1867 5443 exercit.
1900 5402 1988 5453 ni,

416 5479 501 5515 vn.
535 5477 663 5515 nae.
766 5502 778 5514 .

402 5479 501 5527 vn,
535 5479 663 5527 pag.
687 5479 778 5515 oe.

349 5464 377 5530 §
402 5479 501 5527 vn,
535 5477 663 5533 pag.
687 5464 778 5515 63.

418 5533 528 5599 (ll)
558 5533 730 5587 Grab.
761 5529 968 5599 Spicil.
1004 5533 1144 5584 tom.
1166 5529 1250 5599 II,
1277 5545 1331 5599 p.
1365 5530 1489 5583 227.

419 5533 500 5592 (ll
558 5533 730 5587 Grab.
761 5533 968 5599 Spicil.
1004 5533 1144 5584 tom.
1176 5533 1250 5596 II,
1277 5545 1331 5597 p.
1365 5533 1489 5583 227.

419 5533 532 5673 (12)
581 5602 790 5659 Nourr.
848 5597 1179 5673 Appar.___ad
1235 5598 1496 5655 Bibliolh.
1551 5600 1686 5671 ΡΡ.,
1744 5605 1888 5659 tom.
1947 5601 1991 5672 Ι,

346 5671 585 5732 dissert.
611 5689 732 5742 vm,
756 5673 784 5744 §
810 5671 910 5739 vn,
932 5671 1001 5744 ’p.
1033 5671 1157 5726 159.

2093 4487 2350 4538 mentem
2367 4481 2527 4536 venit
2556 4496 2624 4535 ex
2637 4481 2967 4552 apocrypha
2987 4479 3233 4551 epistola
3246 4481 3318 4535 ad
3344 4479 3738 4536 Antiochenos

2093 4571 2512 4643 relatus,quem
2545 4585 2677 4624 cum
2711 4569 2770 4625 in
2813 4570 2968 4624 notis
3009 4577 3123 4624 tum
3158 4569 3215 4624 iu
3248 4568 3501 4625 Soholiis
3527 4569 3743 4625 Nobilii

2093 4667 2164 4722 ad
2199 4664 2364 4720 Isaiae
2396 4681 2474 4733 rx,
2497 4665 2551 4732 6,
2571 4664 2630 4719 in
2664 4663 2866 4719 Bibliis
2895 4662 3137 4719 Sixtinis
3156 4665 3266 4716 τῶν
3299 4662 3356 4718 0'
3391 4663 3743 4719 meminime

2094 4752 2413 4825 aliquando
2446 4751 2657 4824 legisse
2686 4753 2820 4824 (l5).
2844 4757 2918 4807 At
2945 4769 3080 4810 vero
3111 4752 3482 4808 excusandus
3515 4752 3747 4808 videtur

2092 4841 2634 4909 Nobilius,sinceris
2663 4840 2988 4911 Ignatianis
3005 4840 3266 4913 epistolis
3291 4845 3431 4896 tunc
3461 4843 3746 4912 temporis

2099 4931 2356 4986 nondum
2372 4929 2951 5001 detectis.Ambigere
2965 4934 3160 4985 tamen
3182 4929 3316 5001 quis
3341 4931 3476 5000 jure
3496 4930 3746 4986 fortasse

2097 5019 2327 5092 poterit,
2355 5036 2428 5074 an
2475 5019 2603 5091 pari
2659 5018 2778 5074 sint
2832 5017 3204 5092 indulgentia
3261 5020 3585 5091 excipiendi
3634 5019 3744 5074 viri

2097 5111 2304 5164 cetera
2333 5107 2511 5176 docti,
2533 5106 2829 5163 Calmetus
2860 5107 2997 5179 (l6),
3027 5106 3404 5163 Sabbatierus
3427 5107 3535 5181 (l7)
3567 5110 3746 5178 atque

2168 5237 2284 5306 (l3)
2315 5235 2544 5292 Sciver.‘
2559 5236 2708 5290 Thes.
2734 5235 2886 5302 εδει,
2919 5237 3061 5289 tom.
3097 5236 3140 5302 Ι,
3176 5233 3285 5291 col.
3319 5235 3408 5292 49.

2168 5307 2281 5376 (lli)
2317 5309 2401 5364 Id.
2431 5307 2590 5370 ibid,
2621 5307 2731 5362 col.
2760 5307 2888 5361 394.

2170 5376 2505 5506 (15ὶξὲοὺίι.
2538 5379 2599 5434 in
2638 5380 2744 5434 νει.
2770 5379 2998 5433 Testam.
3033 5376 3255 5434 secund.
3291 5376 3463 5443 LXX,
3492 5381 3634 5434 tom.
3673 5379 3749 5450 lI,

2170 5467 2233 5506 α.
2382 5496 2394 5506 .

2143 5469 2233 5508 82.
2268 5469 2394 5508 414.

2100 5467 2560 5593 Ρδᾶδῖῗέιωθι.
2597 5519 3149 5594 Commeu1._inlsa.,
3183 5523 3326 5594 tom.
3360 5523 3428 5590 V,
3465 5537 3597 5594 pag.
3618 5523 3745 5578 571.

2169 5590 2284 5666 (17)
2325 5594 2646 5651 Sabbatier.
2700 5590 2962 5649 Biblioth.
3013 5607 3154 5647 sacr.
3215 5593 3332 5648 Lat.
3380 5590 3746 5666 versfamtiq.

2098 5671 2240 5724 tom.
2282 5668 2359 5737 Il,
2389 5684 2448 5741 p.
2474 5666 2601 5721 535.
