4112 6132
365 374 483 436 5¹Ι3

1450 373 1794 436 ΑΝΒΒΕΕ
1833 372 2261 437 GALLANDll
2310 372 2732 436 ΡΒΟἝΜΙΑ.

3673 367 3793 433 5⁸74

373 511 1058 585 auctorprolegomenwn
1079 510 1149 566 ad
1171 513 1399 567 tomum
1430 513 1507 567 ΙΙΙ
1526 511 1808 568 versionis
1824 511 2035 567 Lxx-vi-
2061 512 2116 580 Α
2219 511 2365 574 Quid
2400 512 2611 585 quaeris
2643 512 2670 566 ?
2701 510 2895 566 Mirari
2929 509 3090 566 subit
3117 508 3412 565 enimvero
3445 522 3636 579 neque
3669 505 3793 562 Til-

373 602 515 658 ralis
546 602 825 657 editionis
854 601 1158 656 Grabianze
1193 601 1326 672 (18),
1361 601 1458 672 qui
1490 601 1785 656 Nobilium
1827 601 2028 670 secuti,

380 693 450 748 ad
486 690 628 747 illud
665 691 877 763 pariter
908 691 1072 747 Isaizn
1127 707 1204 758 ιχ,
1237 691 1292 758 6,
1327 691 1597 746 eumdem
1631 689 1822 747 locum
1871 706 1935 744 ex
1965 705 2034 744 ea

378 781 630 854 epistola
653 779 1168 852 pseudepigrapha
1190 787 1469 852 tanquam
1495 796 1629 836 vere
1660 780 2029 852 lgnatianum

380 871 733 926 excitarunt.

449 961 566 1016 Hac
589 960 726 1015 item
749 965 979 1031 arrepta
1006 959 1308 1016 occasione
1333 959 1486 1016 haud
1511 961 1765 1016 otiosum
1791 960 2034 1014 fortasse

379 1051 562 1105 fuerit
611 1048 954 1105 meminisse
983 1048 1142 1104 illius
1194 1049 1526 1120 fragmenti,
1555 1049 1706 1120 quod
1731 1065 1760 1104 e
1789 1046 2032 1104 Joannis

371 1139 772 1213 Chrysostomi
808 1137 1048 1194 homilia
1083 1139 1154 1193 De
1182 1155 1290 1194 non
1323 1139 1860 1195 anathematizandis
1889 1136 2032 1194 vivis

379 1229 470 1285 vel
500 1226 775 1299 defunctis
803 1227 919 1298 (19)
951 1226 1358 1298 desumptum,
1389 1227 1656 1299 epistolis
1713 1224 2033 1298 lgnatianis

373 1321 566 1391 primo
597 1317 722 1373 loco
755 1317 1140 1386 subjecimus.
1173 1317 1264 1372 Sic
1285 1325 1480 1372 autem
1514 1316 1692 1372 habet
1723 1335 1735 1372 :
1765 1315 1862 1371 Ὃν
1892 1314 2029 1390 τρό-

374 1429 477 1462 πον
511 1409 538 1461 ὁ
584 1404 822 1480 περιθεὶς
873 1405 1048 1476 ἑαυτῷ
1104 1401 1410 1482 ἁλουργίδα
1469 1404 1762 1480 βασιλικὴν
1802 1401 2030 1474 ἰδιώτης

375 1496 695 1573 τυγχάνων,
727 1492 887 1555 αὐτός
920 1514 977 1549 τε
1023 1493 1114 1548 καὶ
1174 1493 1225 1547 οἱ
1283 1492 1431 1566 αὐτῷ
1473 1495 1920 1571 συνεργήσαντες,
1955 1492 2030 1554 ὡς

377 1587 632 1658 τύραννοι
687 1583 1058 1658 ἀναιροῦνταιο
1120 1582 1315 1652 οὕτως,
1375 1577 1500 1658 ἔφη,
1532 1584 1583 1638 οἱ
1631 1581 1700 1657 τῇ
1734 1579 2028 1656 δεσποτικῇ

377 1676 649 1748 ἀποφάσει
683 1674 1050 1748 χρησάμενοι,
1107 1670 1196 1726 καὶ
1256 1671 1514 1745 ἀνάθημα
1543 1674 1642 1740 τῆς
1701 1670 2030 1744 Ἐκκλησίας

377 1766 708 1834 ποιήσαντες
739 1761 1052 1837 ἄνθρωπον,
1096 1761 1170 1823 εἰς
1229 1760 1471 1830 παντελῆ
1528 1760 1756 1836 ὄλεθρον
1786 1761 2026 1834 ἀπάγου-

2144 600 2233 654 len
2262 603 2484 657 ontium
2520 616 2705 673 neque
2753 598 3278 665 Montfauconium,
3312 596 3414 668 qui
3462 603 3520 653 et
3568 600 3790 651 textum

2145 689 2407 746 Graecum
2435 691 2834 764 Ignatianum,
2868 695 2930 745 ut
2961 689 3199 761 quidem
3227 690 3413 760 putat,
3449 686 3507 742 in
3532 686 3792 741 medium

2143 782 2379 852 profert,
2409 782 2467 838 in
2527 782 2924 854 suSpicionem
2976 781 3130 836 haud
3179 778 3428 842 venisse,
3462 777 3639 832 verba
3697 775 3798 832 illa

2145 888 2259 926 non
2295 872 2366 927 ab
2406 873 2652 943 lgnatio,
2687 872 2788 928 sed
2820 872 2892 926 ab
2937 870 3286 942 Ignatiastro
3320 867 3502 922 fuisse
3535 865 3794 921 conscri-

2143 965 2263 1032 pta,
2285 977 2388 1016 nec
2410 961 2467 1017 in
2497 962 2744 1027 sincera,
2765 960 2870 1016 sed
2893 960 2949 1014 in
2974 957 3322 1030 interpolata
3350 957 3419 1011 ad
3453 955 3792 1027 Smyrnzros

2141 1050 2386 1122 epistola
2399 1055 2642 1106 exstare.
2663 1049 2907 1106 Baronio
2923 1049 3127 1119 utique
3143 1046 3570 1117 indulgendum
3598 1044 3795 1100 eodem

2144 1141 2402 1209 nomine,
2423 1159 2538 1214 quo
2562 1141 2736 1214 paulo
2763 1145 2897 1197 ante
2914 1138 3216 1196 Nobilium
3245 1141 3585 1193 excusatum
3610 1134 3794 1191 volui-

2145 1247 2296 1286 mus.
2321 1232 2468 1295 Quid
2493 1229 2962 1303 igitur,inquies,
2987 1228 3056 1284 de
3072 1227 3485 1298 Chrysostomo
3509 1228 3774 1280 statuen-

2142 1320 2282 1374 dum
2314 1319 2488 1375 fuerit
2519 1323 2542 1375 Ρ
2571 1325 2651 1374 De
2681 1335 2748 1374 eo
2772 1319 3052 1373 nimirum
3079 1317 3160 1372 ita
3183 1314 3562 1371 sentiendum
3595 1312 3794 1368 existi-

2141 1409 2537 1466 mamuszvel
2598 1409 2838 1480 aliquod
2882 1409 2940 1464 S.
2990 1404 3266 1478 martyris
3318 1403 3605 1475 scriptum
3668 1401 3795 1459 sive

2142 1497 2513 1570 epistolicum
2538 1499 2660 1555 sive
2690 1498 2841 1554 alius
2863 1497 3094 1570 generis
3121 1511 3277 1550 nunc
3299 1493 3673 1564 deperditum
3701 1508 3790 1548 re-

2143 1589 2404 1660 spexisse
2425 1589 2484 1644 S.
2543 1589 2841 1645 doctorem
2880 1603 2892 1642 :
2925 1585 3037 1654 vel,
3072 1585 3120 1640 si
3171 1583 3380 1650 mavis,
3411 1582 3620 1653 lgnatii
3668 1581 3794 1652 epi-

2141 1676 2418 1734 stolarum
2448 1678 2707 1734 codicem
2740 1675 3154 1748 interpolatum
3187 1674 3248 1728 in
3280 1672 3409 1742 ejus
3432 1687 3644 1726 manus
3675 1671 3789 1725 ali-

2142 1767 2378 1838 quando
2408 1767 2712 1835 incidisse,
2745 1781 2918 1838 quem
2948 1763 3182 1836 'putarit
3212 1776 3340 1818 esse
3392 1775 3738 1832 germanum
3778 1777 3791 1828 ;

377 1873 459 1906 σιν
516 1850 761 1920 ἑαυτοὺς,
821 1851 919 1919 τήν
1006 1850 1153 1922 ἀξίαν
1228 1855 1328 1906 τοῦ
1419 1850 1542 1904 rio?)
1601 1850 2025 1925 ἆφαρπάζοντες.

2143 1857 2298 1928 quod
2348 1862 2542 1913 tamen
2594 1856 2686 1911 vix
2713 1854 3058 1912 crediderim
3090 1869 3109 1908 :
3140 1850 3228 1907 vel
3285 1849 3540 1920 denique
3591 1849 3789 1920 ipsum

379 1942 442 1997 Id
503 1947 634 1998 est:
669 1940 1131 2010 Quemadmodum
1158 1943 1207 1995 si
1262 1941 1410 2012 quis,
1455 1942 1708 2012 privatus
1754 1957 1882 1998 cum
1932 1941 2028 2010 sit,

374 2034 591 2104 regiam
617 2048 932 2104 purpuram
967 2031 1247 2100 induerit,
1267 2034 1382 2085 tum
1414 2032 1532 2102 ipse
1553 2039 1669 2086 tum
1701 2030 2031 2087 commilito-

368 2138 464 2178 nes
494 2122 634 2192 ejus,
666 2121 826 2194 quasi
845 2121 1077 2191 tyranni
1103 2120 1347 2191 interﬁci
1354 2124 1522 2175 untur
1545 2138 1558 2176 :
1582 2122 1683 2189 sic,
1704 2122 1760 2175 in
1773 2121 1912 2195 quit,
1939 2121 2035 2191 qui

366 2211 653 2268 Dominico
683 2217 918 2267 utuntur
947 2210 1180 2280 decreto,
1210 2215 1263 2265 et
1301 2209 1582 2267 hominem
1608 2209 1868 2267 Ecclesia
1890 2227 2031 2266 ana-

373 2302 553 2356 thema
580 2303 816 2371 faciunt,
848 2303 910 2355 in
937 2308 1237 2355 extremam
1281 2316 1338 2355 se
1383 2301 1690 2372 perniciem
1723 2300 2027 2368 abducunt,

376 2389 510 2445 Filii
537 2389 868 2459 dignitatem
897 2396 1248 2459 usurpantes.
1271 2393 1388 2444 Hoc
1411 2393 1608 2445 autem
1632 2389 1854 2444 dictum
1884 2389 2033 2444 inter

382 2479 606 2550 reliqua
639 2477 936 2548 lgnatiana
977 2494 1103 2549 quae
1151 2477 1208 2532 in
1263 2477 1528 2550 epistolis
1571 2478 1819 2534 sinceris
1872 2478 2030 2533 haud

381 2572 634 2634 exstant,
671 2567 1074 2639 reponendum
1103 2568 1464 2635 censuimus,
1496 2572 1552 2622 S.
1586 2567 1841 2623 doctoris
1873 2584 2029 2624 reve-

385 2660 571 2714 rentia
601 2662 658 2712 et
689 2656 1035 2712 auctoritate
1050 2656 1332 2728 permoti;
1357 2657 1457 2727 qui
1476 2657 1768 2726 ejusmodi
1792 2657 2027 2712 ell'atum

390 2748 824 2814 enuntiaturus,
853 2764 993 2802 suos
1009 2748 1304 2801 auditores
1330 2746 1420 2801 his
1443 2747 1638 2802 verbis
1665 2747 2029 2818 alloquitur:

394 2859 420 2885 (ί
449 2834 711 2891 Βούλεσθε
746 2840 954 2907 μαθεῖν,
991 2834 1084 2889 οἷά
1138 2854 1220 2894 τις
1254 2833 1543 2912 ἐφθέγξατο
1604 2836 1758 2911 ἅγιος
1789 2839 1896 2890 τῶν
1925 2835 2031 2910 πρὸ

392 2927 551 2996 ἡμῶν
609 2931 704 2994 τῆς
763 2921 1030 2999 διαδοχῆς
1087 2927 1194 2978 τῶν
1223 2923 1546 2979 ἀποστόλων
1605 2926 1920 3000 γενόμενος,
1972 2924 2029 2986 ὅς

378 3015 467 3068 καὶ
517 3013 816 3090 μαρτυρίου
863 3013 1065 3085 ἠξίωτο
1099 3031 1112 3083 ;
1148 3035 1176 3065 ››
1211 3014 1384 3070 Vultis
1435 3014 1642 3071 discere
1688 3014 1826 3088 quid
1883 3015 2036 3070 dixe-

375 3103 450 3156 rit
480 3101 569 3157 vir
598 3103 841 3174 quidam,
877 3104 977 3172 qui
996 3110 1128 3157 ante
1157 3117 1254 3156 nos
1274 3110 1328 3157 et
1357 3101 1426 3157 de
1454 3105 1786 3159 successione
1810 3107 2031 3174 aposto-

379 3191 556 3246 lorum
587 3193 720 3261 fuit,
752 3205 817 3247 ac
859 3191 1134 3262 martyrio
1182 3189 1458 3260 dignatus
1486 3195 1564 3247 est
1593 3194 1620 3245 .9
1645 3193 1824 3256 Quem
1873 3192 2030 3247 enim

381 3279 560 3335 alium
597 3283 910 3352 martyrem
943 3295 1011 3334 ex
1044 3278 1444 3351 apostolorum
1479 3281 1871 3348 successione,
1905 3298 2034 3352 pro~

385 3368 581 3423 tulerit
639 3367 1060 3440 Chrysotomus
1137 3368 1455 3424 Antiochia;
1527 3368 1794 3441 loquens,
1856 3386 2032 3440 quam

387 3455 679 3528 lgnatium
710 3456 1137 3511 Antiochenum
1169 3457 1508 3529 episcopum
1541 3460 1568 3512 ?
1601 3468 1657 3513 ut
1679 3460 1813 3529 jure
1839 3459 2034 3530 arguit

388 3545 460 3601 cl.
495 3545 971 3600 Montl'auconius
993 3545 1128 3617 (20).
1161 3546 1447 3602 Baronius
1466 3547 1563 3617 qui
1591 3549 1816 3619 primus
1839 3546 2032 3603 locum

387 3635 598 3690 detexit
626 3634 761 3703 (21),
793 3633 1106 3705 epistolam
1137 3635 1207 3689 ad
1243 3635 1574 3707 Smyrnzeos
1603 3639 1660 3690 S.
1709 3637 1867 3691 Patri
1900 3642 2034 3692 ante

385 3724 584 3780 oculos
615 3725 980 3778 obversatam
1016 3723 1193 3778 fuisse
1225 3723 1494 3794 conjecit,
1531 3724 1630 3778 ubi
1674 3724 1794 3780 haec
1826 3723 2032 3797 legun-

383 3821 479 3870 tur
505 3816 612 3885 (‘22)
645 3829 659 3870 :
696 3837 716 3862 ι
754 3813 818 3868 Εἰ
859 3813 963 3887 γὰρ
995 3813 1024 3866 ὁ
1073 3811 1387 3887 βασιλεῦσιν
1448 3812 1886 3889 ἐπεγειρόμενος,
1933 3836 2033 3869 κο-

386 3901 598 3966 λάσεως
637 3900 781 3974 ἄξιος
841 3899 1069 3964 δικαίως
1127 3904 1434 3976 γενήσεται,
1491 3903 1566 3966 ὥς
1611 3923 1676 3978 γε
1733 3903 2028 3976 παραλύων

379 3994 479 4061 τὴν
510 3991 700 4059 κοινήν
736 3990 1011 4063 εὐνομίανο
1044 3991 1198 4064 πόσῳ
1229 3989 1438 4046 δοκεῖτε
1495 3991 1743 4067 χείρονος
1803 3993 2032 4065 ἀξιωθή-

385 4103 530 4138 σεται
561 4082 856 4156 τιμωρίας,
889 4081 916 4134 ὁ
980 4079 1103 4136 ἄνευ
1163 4079 1464 4137 ἐπισκόπου
1519 4083 1573 4136 τὶ
1631 4087 1808 4138 ποιεῖν
1833 4103 2031 4156 προαι-

385 4171 676 4246 ρούμενος,
736 4172 827 4225 καὶ
881 4173 981 4240 τὴν
1041 4169 1303 4244 ὁμόνοιαν
1333 4168 1600 4240 διασπῶν,
1623 4173 1710 4227 καὶ
1743 4174 1842 4243 τήν
1876 4172 2032 4228 εὐτα-

382 4263 494 4335 είαν
527 4259 769 4337 συγχέων
804 4278 817 4330 ;
848 4282 874 4312 ι
911 4263 972 4316 Si
993 4263 1138 4317 enim
1154 4263 1279 4331 iure
1299 4265 1403 4319 erit
1423 4281 1581 4335 paena
1599 4263 2030 4336 dignusquiad-

380 4370 567 4411 versus
622 4369 774 4425 reges
814 4354 1075 4420 insurgit,
1135 4359 1197 4407 ut
1245 4355 1342 4425 qui
1388 4355 1624 4410 resolvat
1686 4371 2030 4410 communem

381 4444 619 4513 quietem
652 4458 669 4496 :
703 4446 908 4513 quanto
946 4439 1156 4513 putatis
1203 4444 1429 4512 gravius
1481 4445 1783 4500 merebitur
1827 4445 2031 4516 suppli-

381 4531 546 4599 cium,
576 4531 675 4604 qui
703 4532 827 4586 sine
841 4532 1091 4602 episcopo
1125 4531 1258 4602 quid
1287 4531 1433 4589 volet
1466 4550 1652 4605 agere,
1683 4534 2029 4590 conrordiam

378 4637 633 4692 rumpens
663 4630 719 4676 ct
742 4622 941 4677 bonum
971 4620 1226 4678 ordinem
1255 4623 1598 4693 con/andem
1626 4627 1652 4677 .9
1680 4624 1858 4694 Cujus
1892 4623 2025 4696 qui-
2056 4625 2101 4690 ι)

380 4714 511 4768 dem
568 4711 681 4766 loci
715 4711 855 4778 vim,
892 4728 1010 4766 non
1082 4713 1256 4767 verba
1317 4714 1645 4770 reddidisse
1676 4713 2027 4787 Chrysosto-

383 4817 568 4865 mum,
597 4805 772 4870 atque
799 4799 870 4854 ad
918 4799 1277 4870 propositum
1312 4800 1454 4858 illud
1488 4819 1658 4859 suum
1701 4803 2022 4874 inﬂexisse,

382 4890 588 4945 statuit
609 4889 764 4944 idem
791 4893 829 4942 A
843 4887 1102 4944 nnalium
1124 4889 1654 4948 ecclesiasticorum
1671 4910 1904 4966 parens.
1923 4895 2025 4950 Se-

382 4995 483 5034 cus
513 4995 645 5034 vero
674 4977 992 5034 arbitratur
1013 4977 1427 5036 Tillemontius
1449 4982 1585 5054 (23),
1619 4983 1713 5038 cui
1739 4983 1903 5039 locus
1929 4983 2025 5038 hic

381 5069 722 5139 Ignatianus
754 5083 889 5122 cum
915 5067 1015 5123 illo
1045 5067 1443 5141 Chrysostomi
1470 5071 1562 5127 vix
1583 5071 2026 5144 quidpiamfaﬂi-

380 5157 580 5212 nitatis
629 5155 843 5212 habere
884 5156 1134 5212 videtur.
1193 5157 1667 5217 Montfauconius
1713 5169 1907 5216 tamen
1967 5161 2025 5216 in

375 5244 608 5301 Baronii
640 5245 990 5302 sententiam
1023 5248 1312 5303 concedit.

449 5433 564 5507 (18)
591 5431 718 5486 Vet.
743 5431 902 5485 'l‘est.
928 5445 995 5486 ex
1027 5447 1180 5507 vers.
1204 5433 1347 5507 LXX
1367 5435 1504 5490 edit.
1528 5435 1730 5501 Grab.,
1752 5440 1893 5491 tom.
1924 5436 2024 5507 III,

377 5505 697 5576 prolegom.
761 5519 818 5556 n.
851 5517 928 5566 ιν,
984 5503 1094 5558 sub
1137 5503 1236 5560 fin.
1275 5506 1330 5573 §§
1357 5507 1478 5562 lam
1499 5523 1568 5563 ex
1597 5507 1698 5563 hoc
1735 5503 2024 5573 schemate,

379 5580 438 5630 et
474 5579 594 5631 Duo
625 5584 811 5628 tamen
841 5581 990 5628 sunt.

382 5647 564 5776 maliti)
593 5647 763 5774 ὲοὲο.
797 5645 1098 5718 Chrysost.
1132 5645 1280 5720 Opp.
1311 5653 1455 5707 tom.
1491 5651 1533 5720 Ι,
1568 5667 1700 5724 pag.
1748 5651 1855 5706 393
1885 5649 2022 5707 edit.

430 5733 568 5777 aris.
601 5733 712 5776 Ub.

2145 1946 2393 2002 fortasse
2408 1945 2466 2001 in
2483 1945 2600 2002 aliu
2615 1961 2670 2000 m
2693 1945 2764 2001 ab
2786 1943 3008 2016 Ignatio
3031 1937 3418 2013 apostolicum
3439 1937 3633 1992 virum
3653 1953 3756 1992 ocu

2142 2033 2232 2091 los
2263 2034 2609 2090 intendisse.
2645 2035 2712 2088 At
2744 2033 2812 2089 de
2843 2031 2937 2088 his
2985 2031 3130 2086 satis
3163 2045 3176 2084 :
3213 2044 3340 2100 quae
3385 2026 3626 2099 quidem
3677 2041 3791 2080 non

2143 2123 2336 2181 solum
2357 2127 2665 2196 eapropter
2691 2123 3026 2178 adnotanda
3047 2118 3410 2185 censuimus,
3433 2131 3506 2171 ne
3529 2114 3790 2169 virorum

2142 2215 2617 2271 doctissimorum
2642 2213 2960 2270 auctoritas
2991 2208 3300 2267 incuriosis
3345 2205 3662 2262 lectoribus
3694 2205 3785 2259 l'u-

2142 2322 2276 2361 cum
2323 2307 2516 2374 l'aciat,
2545 2306 2644 2361 sed
2679 2304 2852 2360 etiam
2903 2302 2962 2356 in
3027 2299 3224 2372 primis
3256 2300 3320 2352 ut
3378 2293 3642 2366 epistolis
3697 2309 3791 2364 ge-

2143 2395 2341 2452 nuinis
2377 2395 2610 2452 debitus
2641 2395 2827 2450 honor
2856 2391 2916 2446 in
2961 2395 3084 2446 tuto
3116 2387 3340 2460 positus
3393 2384 3617 2440 lirmius
3648 2399 3786 2440 con-

2143 2485 2334 2541 sistat.

2219 2576 2432 2630 Verum
2502 2579 2821 2644 antequam
2885 2569 2996 2625 alio
3029 2585 3089 2624 se
3123 2569 3421 2623 convertat
3449 2562 3656 2632 oratio,
3715 2564 3788 2618 de

2142 2663 2347 2736 Ignatii
2383 2662 2632 2736 epistola
2663 2660 2940 2718 Romanis
2987 2657 3269 2729 inscripta
3307 2671 3434 2726 quae
3487 2654 3548 2708 in
3597 2653 3791 2709 codice

2142 2755 2395 2810 Mediceo
2422 2752 2806 2818 desideratur,
2844 2747 3125 2806 nonnulla
3156 2746 3250 2802 hic
3296 2743 3668 2800 admouenda
3697 2757 3796 2796 oc-

2142 2847 2411 2906 currunt,
2444 2841 2632 2912 iisque
2674 2839 2961 2907 addenda,
2997 2853 3122 2909 quas
3169 2833 3443 2906 superius
3491 2849 3558 2887 ea
3609 2831 3680 2886 de
3727 2845 3788 2885 re

2144 2931 2462 3002 attigimus.
2496 2935 2660 2986 Hanc
2712 2929 2892 3002 igitur
2921 2924 3228 2998 epistolam
3281 2923 3432 2993 typis
3479 2921 3788 2988 consigna-

2145 3020 2283 3088 turi,
2314 3020 2526 3076 Smithi
2548 3019 2844 3091 exemplar
2876 3020 2944 3072 ad
2969 3011 3258 3072 Ruinartii
3283 3010 3504 3066 editum
3539 3008 3790 3080 diligen-

2147 3117 2231 3166 tcr
2263 3114 2530 3166 exactum
2565 3108 2881 3180 selegimus
2917 3122 2931 3160 :
2965 3118 3156 3175 neque
3199 3100 3356 3157 enim
3409 3097 3697 3153 Clericum
3733 3096 3790 3150 in

2146 3200 2401 3257 secunda
2421 3197 2782 3255 Coteleriana
2804 3199 3039 3252 Patrum
3065 3187 3516 3263 apostolicorum
3531 3185 3748 3242 edition
3763 3200 3795 3239 e

2145 3294 2310 3369 sequi
2362 3288 2602 3366 placuit,
2637 3288 2760 3360 qui,
2794 3301 2864 3340 ne
2917 3284 3130 3339 lectore
3177 3277 3416 3350 quidem
3466 3273 3792 3369 admonito,

2141 3361 2518 3442 textum-sive
2550 3380 2736 3453 ipsius
2764 3374 3022 3446 epistolae
3056 3370 3176 3426 sive
3221 3369 3494 3422 Actorum
3526 3361 3789 3453 martyrii

2143 3474 2430 3549 lgnatiani
2464 3451 2712 3528 subinde
2743 3463 2996 3529 reﬁnxit,
3027 3459 3338 3549 eidemque
3371 3458 3550 3549 prout
3571 3451 3684 3549 sibi
3717 3451 3788 3506 Ii-

2141 3539 2589 3621 biiitimmutato
2605 3573 2770 3616 suam
2790 3548 3328 3623 intrepretationem
3347 3539 3780 3614 adjecit.Unum

2141 3655 2227 3712 vel
2257 3655 2504 3711 alterum
2533 3651 2710 3721 hujus
2742 3644 2897 3700 haud
2930 3639 3180 3697 ferendae
3210 3632 3458 3690 licentius
3489 3629 3784 3721 specimen

2141 3747 2357 3816 accipe.
2391 3743 2454 3798 In
2487 3718 2746 3812 epistolae
2779 3729 3156 3801 inscriptione
3187 3721 3577 3816 Ruipartiana
3609 3718 3783 3816 editio

2139 3809 2333 3899 habet,
2365 3809 2576 3904 Πατρδς
2610 3825 2857 3900 ὑψίστου.
2894 3823 2982 3877 Ita
3015 3830 3247 3890 quoque
3297 3809 3681 3904 Logothetes:
3707 3810 3783 3862 At

2138 3896 2394 3979 Clericus
2457 3896 2588 3977 cum
2659 3896 2915 3974 'Usserio.
2980 3906 3221 4002 intimo:
3264 3896 3781 4002 111186;.-Ibldlem

2139 4013 2294 4086 apud
2346 4007 2739 4073 Ruinartium,
2797 4000 2889 4056 καὶ
2945 3998 3126 4067 Ἰησοῦ
3179 3990 3422 4065 Χριστοῦ
3463 3989 3561 4040 τοῦ
3611 3989 3780 4058 μόνου

2137 4078 2265 4156 Υίοῢ
2337 4097 2522 4154 αὐτοῦ.
2593 4096 2803 4152 Vocem
2887 4088 3054 4161 μόνου
3112 4083 3288 4140 habet
3357 4079 3533 4134 etiam
3615 4078 3789 4130 Meta-

2138 4191 2427 4264 phrastes,
2461 4187 2718 4259 legitque
2748 4183 2809 4237 in
2859 4195 2964 4234 suo
3017 4175 3214 4264 codice
3243 4176 3410 4264 vetus
3471 4167 3780 4264 interpres.

2137 4255 2639 4337 blericus'tamen—
2686 4271 2896 4328 maluit
2945 4282 3078 4323 cum
3137 4259 3391 4326 Usserio,
3456 4255 3783 4328 μονογενοῦς

2137 4368 2301 4424 αὐτοῦ
2362 4366 2510 4422 Υἱοῦ.
2568 4364 2796 4422 Ibidem
2854 4351 3296 4420 Ruinart.,"i,tz¢
3361 4344 3453 4400 καὶ
3501 4342 3786 4416 προκάθη-

2137 4481 2248 4531 ται,
2313 4459 2416 4515 Ubi
2465 4454 2730 4528 apposite
2787 4450 3057 4507 observat
3112 4439 3403 4531 Smithus,
3437 4434 3786 4531 particulam

2138 4525 2658 4624 emphaticamvxat
2702 4541 2852 4598 male
2883 4538 3067 4594 fuisse
3090 4535 3149 4588 in
3162 4527 3422 4624 vulgatis
3451 4525 3734 4624 omissam
3769 4538 3784 4580 ε

2137 4619 2312 4714 quam
2370 4634 2759 4693 nihilominus
2818 4629 3097 4697 Clericus,
3159 4619 3461 4678 Usserium
3494 4619 3785 4714 “secutus,

2138 4703 2412 4789 omisisse
2443 4723 2818 4797 comperitur.
2855 4718 3076 4797 Ibidem
3129 4713 3240 4770 sub
3273 4711 3450 4764 ﬁnem
3494 4703 3787 4797 Ruinartii

2137 4817 2452 4890 exemplar,
2514 4792 2804 4882 ἐν-Ἰησοῦ
2881 4795 3100 4882 Χριστῷ
3170 4803 3251 4892 rip
3498 4792 3784 4892 lCleri‘cus

2137 4881 2376 4978 vero,-év
2409 4881 2596 4978 Κυρίῳ
2627 4881 2810 4971 Ἰήσοῦ
2861 4881 3081 4971 Χριστῷ
3138 4887 3275 4960 Θεῷ.
3328 4885 3517 4978 liabet
3547 4881 3784 4978 quidem

2139 4973 2413 5057 Usserius
2453 4973 2660 5066 Κυρίῳ,
2721 4990 2822 5047 sed
2879 4984 3087 5042 retinet
3139 4975 3448 5066 articulum
3508 4973 3587 5040 τῷ
3636 4973 3722 5066 S9,,
3755 4983 3788 5022 a

2140 5087 2362 5143 Clerico
2397 5059 2842 5157 praetermissum
2877 5093 2891 5132 :
2926 5073 3081 5146 quod
3115 5072 3172 5125 in
3205 5059 3784 5158 primispotandum.

2140 5179 2268 5235 Uno
2296 5150 2499 5244 verbo,
2531 5171 2716 5228 editor
2733 5155 3319 5225 Amstelodamensis,
3339 5150 3542 5244 relicta
3568 5150 3786 5220 passim

2140 5240 2525 5324 Ruinartian‘a
2553 5258 2827 5322 editione,
2851 5251 3159 5310 Usserium
3181 5244 3400 5315 ubique
3423 5240 3603 5296 ferme
3626 5250 3783 5292 asse-

2212 5434 2321 5502 t20)
2349 5423 2755 5502 Montl'auc._in
2789 5419 3085 5502 Chrysonst.
3134 5410 3294 5478 ibid.,
3328 5412 3448 5464 not.
3483 5421 3534 5461 ο.

2218 5487 2331 5578 (ἓί)
2362 5487 2685 5578 paron._ad_
2714 5512 2810 5578 an.
2842 5487 2968 5578 $82,
3001 5487 3184 5578 gnra!

2361 5547 2862 5647 fg‘ﬁéil'rﬁisihd
2901 5547 3128 5647 sinit/mn.
3164 5557 3551 5647 interp.,oqap.
3583 5547 3640 5602 9.

2361 5623 2802 5703 FillemiMém.
2837 5635 2968 5693 eccl.
2997 5623 3144 5688 tom.
3171 5632 3269 5696 VI,
3303 5623 3358 5695 p.
3393 5623 3518 5679 364.
