4112 6132
310 314 430 374 575

1403 320 1468 378 S.
1515 317 1910 380 IGNATlUS.
1957 349 2032 362 —
2077 318 2687 380 PROLEGOMENA.

3612 333 3731 395 576

309 447 498 501 ctatur
533 461 548 513 ;
581 443 682 516 qui
714 450 927 516 tamen,
961 461 1091 503 cum
1134 447 1283 504 hanc
1314 448 1522 521 Ignatii
1555 449 1864 522 epistolam
1897 449 1957 504 in
1989 450 2041 517 Α
2071 449 2449 521 interpolatae
2467 451 2732 523 parijure
2750 453 3004 523 gaudere
3020 455 3306 525 opinatur.
3331 459 3442 515 Sed
3474 461 3588 518 iste
3619 464 3729 520 de-

310 533 476 589 nullo
524 549 636 589 ms.
687 534 883 590 codice
917 535 1252 599 invenisset.
1305 539 1481 594 unius
1524 541 1732 596 veteris
1785 539 1962 594 inter-

310 623 487 693 pretis
519 623 692 678 ductu
723 640 851 679 eam
885 626 957 680 ab
990 627 1539 698 interpolationibus
1559 629 1844 685 redimere
1869 630 1968 684 ad-

313 711 478 768 nisus
520 712 647 768 fuit.
682 711 866 783 thue
894 731 988 770 res
1016 718 1414 786 experimento
1463 718 1767 788 probetur,
1797 718 1966 772 adeat

311 801 490 858 lector
520 801 799 858 Grabium
821 805 964 875 (2’1);
1000 806 1099 877 qui
1132 807 1420 862 Ruinartii
1445 807 1746 880 exemplar
1767 808 1966 863 verbo-

307 895 481 946 tenus
530 892 814 960 exhibuit,
849 895 1154 965 variasque
1181 895 1526 952 Usserianas
1578 897 1858 952 lectiones
1903 896 1963 951 in

309 981 597 1052 cujusque
631 982 856 1054 paginae
899 983 1144 1039 limbum
1195 986 1444 1056 conjecit
1482 1003 1495 1042 :
1530 1002 1679 1056 quas
1714 986 1958 1057 quidem

307 1085 448 1128 cum
481 1071 686 1126 Clerici
718 1071 872 1127 edito
903 1071 1212 1145 diligenter
1235 1074 1563 1141 conferens,
1595 1073 1751 1130 haud
1777 1089 1967 1146 pauca

311 1175 453 1215 sane
504 1159 723 1228 addita,
773 1159 1100 1228 immutata,
1136 1163 1503 1234 transposita
1537 1162 1692 1218 facili
1727 1162 1961 1234 negotio

313 1248 728 1321 deprehendet.
789 1250 1039 1306 Rectene
1095 1268 1228 1308 vero
1286 1269 1359 1306 an
1392 1268 1561 1308 secus
1616 1252 1674 1306 id
1738 1253 1954 1307 factum

315 1339 509 1405 fuerit,
557 1339 685 1395 aliis
717 1341 1147 1396 decernendum
1200 1341 1606 1410 relinquimus.
1636 1342 1754 1398 Nos
1805 1342 1961 1397 enim

318 1427 602 1484 nonnulla
633 1428 972 1500 speciminis
1003 1447 1140 1502 ergo
1193 1447 1260 1486 ex
1291 1448 1408 1486 una
1453 1431 1707 1501 epistolas
1755 1431 1965 1486 inscri-

322 1519 516 1590 ptione
547 1519 838 1576 delibasse
869 1521 1146 1588 contenti,
1181 1521 1250 1576 ad
1283 1521 1395 1575 alia
1429 1536 1834 1592 properamus.

953 1626 1190 1683 CAPUT
1241 1628 1337 1684 IV.

323 1716 559 1783 Quinam
591 1716 788 1770 harum
815 1715 1185 1786 epistolarum
1207 1720 1582 1787 integritatem
1605 1731 1726 1786 prae
1752 1715 1968 1772 ceteris

390 1790 815 1860 propugnarint.
849 1787 1199 1860 Novissimus
1245 1790 1495 1860 ipsarum
1539 1803 1664 1842 osor
1693 1787 1963 1854 Oudinus,

393 1875 427 1912 a
461 1859 773 1914 Mamachio
808 1861 877 1912 γ.
908 1862 966 1914 C.
989 1859 1209 1930 acriter
1258 1861 1576 1930 castigatus.
1610 1860 1966 1930 Heumannus

393 1931 527 1984 item
586 1931 908 2000 plerumque
966 1929 1170 1986 Oudini
1219 1936 1457 1986 sectator
1515 1929 1964 2000 perstringitur:

391 2002 615 2072 ejusque
637 2001 925 2072 objectatio
955 2002 1020 2056 de
1050 2003 1267 2057 vocibus
1319 2003 1533 2058 Latinis
1567 2004 1748 2056 textui
1778 2001 1966 2056 Graeco

390 2074 654 2128 immistis
701 2072 1045 2143 exploditur.
1080 2075 1336 2144 Epistulae
1365 2075 1433 2127 ab
1492 2075 1706 2139 Ignatio
1735 2087 1795 2127 eo
1826 2076 1961 2126 tem-

385 2160 514 2216 pore
541 2146 884 2215 perscriptae,
907 2161 1016 2214 quo
1041 2147 1153 2215 fuit
1186 2145 1476 2201 Antiochia
1503 2145 1733 2200 Romam
1763 2145 1964 2198 missus

389 2216 661 2288 martyrio
680 2217 1158 2273 consummandus.

385 2323 517 2378 Jam
551 2339 682 2380 vero
715 2322 1039 2396 postularet
1091 2323 1346 2378 instituti
1380 2320 1562 2378 nostri
1595 2321 1764 2388 ratio,
1797 2325 1864 2376 ut
1893 2320 1965 2376 de

317 2411 527 2466 harum
577 2411 954 2480 epistolarum
1005 2411 1336 2483 integritate
1385 2427 1576 2466 sermo
1629 2409 1962 2464 haberetur.

316 2500 427 2556 Sed
455 2505 649 2556 actum
683 2501 937 2572 profecto
963 2515 1287 2573 ageremus,
1323 2517 1458 2555 cum
1483 2499 1713 2571 jamdiu
1737 2515 1802 2554 eo
1826 2514 1960 2552 mu-

319 2607 454 2646 nere
485 2591 628 2645 adeo
659 2595 897 2647 strenue
928 2589 1214 2662 perfuncti
1247 2589 1468 2645 fuerint
1497 2587 1830 2660 complures
1855 2586 1967 2642 viri

317 2679 492 2746 docti,
528 2683 588 2736 ut
627 2680 735 2736 hac
767 2685 834 2736 de
869 2697 927 2736 re
962 2680 1159 2736 nullus
1191 2679 1432 2735 omnino
1457 2679 1764 2735 dubitandi
1797 2677 1963 2733 locus

321 2771 596 2842 supersit,
624 2771 945 2826 dummodo
969 2770 1233 2842 quisque,
1261 2768 1656 2841 praejudicatis
1681 2765 1970 2840 opinioni-

323 2859 434 2915 bus
464 2860 752 2931 tantisper
781 2859 1075 2930 sepositis,
1099 2858 1326 2913 sincera
1352 2863 1542 2913 mente
1567 2861 1743 2927 atque
1767 2855 1966 2911 animo

316 2947 574 3020 ingenuo
591 2948 839 3003 rationes
857 2956 910 3002 ul
923 2947 966 3001 ri
979 2963 1130 3017 nque
1150 2945 1354 3000 allatas
1367 2945 1675 3016 diligenter
1691 2943 1964 2998 excutiat-

317 3036 592 3093 Vindices
647 3037 983 3108 Ignatianos
1033 3035 1354 3106 praecipuos
1417 3032 1692 3088 collectos
1753 3033 1968 3102 praebet

2076 555 2238 594 mum
2264 540 2536 611 precocis
2554 540 2769 612 ingenii
2788 542 2942 597 fetus
2968 543 3144 599 fuisse
3160 545 3387 602 videtur
3411 565 3424 603 :
3447 554 3513 604 ut
3527 552 3728 621 proin-

2075 628 2145 683 de
2166 629 2412 683 comiter
2428 629 3129 702 sitexcipiendusjuvenis
3144 638 3608 706 eruditissimus,
3623 642 3722 711 qui

2075 731 2291 787 magna
2320 722 2613 787 spectasse
2663 721 3022 789 comperitur
3052 739 3065 777 :
3099 726 3231 793 quia
3272 742 3382 781 non
3421 727 3580 782 modo
3610 744 3722 784 non

2074 804 2352 860 invidetur
2382 805 2473 859 illi
2499 808 2670 871 aetati,
2699 813 2763 862 ut
2778 825 2910 863 vere
2941 826 3006 864 ac
3038 812 3331 883 sapienter
3355 815 3551 871 Cicero
3577 816 3721 888 (35),

2073 909 2263 949 verum
2293 897 2464 949 etiam
2482 901 2727 962 favetur.

2149 984 2306 1038 [nter
2335 999 2434 1038 eos
2465 992 2654 1039 autem
2688 986 2789 1056 qui
2819 1003 2923 1058 pro
2952 989 3216 1059 epistolis
3251 993 3496 1050 sinceris
3529 995 3723 1052 vindi-

2075 1070 2196 1126 cias
2219 1071 2586 1142 evulgarunt,
2611 1073 2989 1132 Pearsonium
3013 1079 3270 1136 eminere
3294 1098 3466 1138 nemo
3492 1087 3681 1140 nescit
3704 1103 3719 1151 ;

2075 1159 2194 1216 sive
2224 1161 2442 1232 ingenii
2463 1167 2520 1215 et
2543 1163 2750 1233 judicii
2775 1181 3017 1221 acumen
3043 1168 3344 1240 inspicias,
3374 1172 3492 1228 sive
3516 1175 3724 1230 multi-

2068 1250 2275 1321 jugam
2308 1256 2366 1304 et
2394 1249 2748 1321 exquisitam
2781 1252 3165 1310 eruditionem
3199 1265 3446 1327 spectes,
3467 1262 3590 1317 sive
3626 1279 3724 1318 co-

2076 1340 2232 1412 piam
2267 1346 2747 1412 argumentorum
2780 1347 2836 1397 et
2868 1345 3097 1414 pondus
3128 1351 3439 1418 expendas.
3475 1351 3722 1420 Verum,

2075 1445 2223 1500 opus
2255 1431 2714 1486 Pearsonianum
2751 1431 2882 1486 licet
2921 1434 3067 1490 adeo
3110 1435 3500 1509 luculentum,
3532 1458 3723 1513 cppu-

2076 1533 2252 1589 gnare
2283 1523 2423 1574 sunt
2452 1520 2712 1591 aggressi
2744 1519 3052 1578 Matthaeus
3087 1525 3495 1599 Larroquanus
3527 1535 3584 1585 et
3613 1536 3719 1585 Ca-

2076 1607 2319 1663 simirus
2343 1608 2632 1666 Oudinus.
2667 1610 2732 1664 Et
2779 1610 2935 1666 illius
2972 1614 3206 1684 quidem
3242 1623 3490 1673 conatus
3521 1619 3718 1676 irritos

2075 1697 2258 1752 fuisse
2287 1703 2828 1754 commonstrarunt
2857 1700 2916 1755 in
2949 1703 3153 1772 primis
3193 1707 3404 1776 partim
3435 1708 3720 1780 Georgius

2079 1785 2282 1840 Bullus
2309 1787 2443 1854 (36),
2477 1787 2689 1857 partim
2716 1787 2981 1844 Nicolaus
3007 1791 3290 1848 Nourrius
3314 1795 3419 1864 (37)
3457 1795 3673 1866 aliique
3704 1813 3718 1851 :

2075 1879 2138 1929 ut
2170 1874 2408 1944 proinde
2448 1875 2704 1932 Clericus
2746 1877 2880 1946 jure
2933 1883 3242 1949 censuerit,
3274 1884 3414 1939 dum
3450 1886 3530 1940 ait
3559 1888 3715 1958 (38):

2070 1985 2098 2012 ‹‹
2124 1963 2359 2017 Illarum
2383 1979 2577 2018 rerum
2599 1965 3040 2035 periti,utroque
3058 1985 3229 2039 opere
3256 1972 3569 2042 diligenter
3594 1992 3728 2044 per-

2070 2051 2235 2120 lecto,
2274 2060 2559 2122 negarunt
2590 2053 2883 2106 eruditum
2915 2053 3082 2109 illum
3116 2056 3302 2112 virum
3341 2059 3460 2114 ulla
3490 2063 3717 2118 ratione

2067 2139 2364 2194 Pearsonii
2417 2145 2772 2210 azrgumenta
2812 2140 3212 2199 labetactasse.
3257 2167 3285 2194 »
3314 2146 3524 2201 Oudini
3575 2163 3713 2204 vero

2068 2228 2535 2284 dissertationem
2568 2229 2699 2300 (39),
2733 2231 2831 2300 qui
2866 2230 3058 2286 Dallaei
3090 2235 3335 2304 ejusque
3366 2237 3714 2306 sequacium

2067 2319 2485 2389 objectationes
2538 2318 2886 2391 plerumque
2945 2327 3308 2379 instaurasse
3351 2325 3714 2395 perhibetur,

2067 2411 2229 2461 tanta
2257 2408 2495 2462 demum
2527 2407 2820 2463 rationum
2856 2409 2907 2462 vi
2939 2425 3072 2464 cum
3128 2411 3480 2468 elocutionis
3511 2413 3715 2482 digni-

2066 2500 2185 2551 tate
2227 2499 2560 2566 conjuncta,
2589 2513 2777 2568 nuper
2823 2498 3157 2555 confutasse
3210 2501 3478 2557 novimus
3525 2503 3720 2556 virum

2069 2585 2335 2640 doctrina
2387 2589 2445 2640 et
2492 2585 2820 2641 eruditione
2851 2591 3221 2656 praestantem
3272 2589 3554 2644 Thomam
3589 2593 3719 2644 Ma-

2069 2674 2215 2730 riam
2246 2674 2641 2730 Mamachium
2676 2675 2812 2745 (40),
2838 2680 2904 2730 ut
2926 2675 3062 2746 jure
3111 2693 3398 2749 usurpare
3429 2679 3618 2750 possit
3645 2682 3720 2736 V.

2069 2767 2128 2818 C.
2165 2763 2503 2819 Tullianum
2537 2762 2678 2818 illud
2713 2782 2726 2819 :
2762 2764 2923 2819 Nullo
2953 2780 3079 2819 eum
3110 2765 3223 2820 loco
3273 2769 3570 2822 consistere
3594 2783 3720 2822 sum

2067 2869 2281 2924 passus.
2317 2858 2504 2922 Atque
2537 2852 2669 2908 inde
2719 2852 3019 2924 intelligas
3069 2853 3262 2920 velim,
3298 2854 3487 2910 soluta
3535 2854 3715 2911 simul

2068 2941 3473 3011 Heumanniargumenta;quippequiOudiniana
3497 2945 3728 3016 potiora

2071 3030 2272 3101 paucis
2302 3035 2619 3097 contracta,
2647 3038 2920 3100 tanquam
2954 3029 3162 3102 Ignatii
3184 3033 3570 3104 epistolarum
3603 3052 3721 3092 cer-

318 3131 569 3196 utraque
598 3124 962 3179 Ccteleriana
991 3128 1229 3178 Patrum
1282 3121 1736 3194 apostolicorum
1788 3119 1964 3174 editio
1997 3170 2038 3196 η
2071 3119 2300 3174 tissima
2346 3115 2555 3178 νοθείας
2597 3117 2814 3173 indicia
2863 3119 2973 3173 sibi
3025 3120 3208 3176 videri
3261 3130 3564 3180 asseverat
3588 3125 3721 3194 (41).

319 3170 881 3269 Amsl'e—lodvamensis
907 3170 1370 3283 :quibustamern
1391 3207 1964 3264 addendiTillemon-
1995 3170 2039 3237 θ’
2067 3207 2318 3277 Jamque
2351 3206 2806 3276 idemjudicium
2831 3208 3310 3279 tuleratipsemet
3331 3170 3716 3268 Heuman‘nus

319 3301 438 3356 tius
500 3301 630 3370 (25),
690 3299 913 3355 Natalis
965 3299 1288 3354 Alexander
1343 3299 1474 3369 (26),
1506 3297 1792 3352 Nourrius
1849 3297 1962 3367 (27)

319 3394 498 3460 atque
528 3387 860 3444 Ceillierius
890 3387 1028 3459 (28).
1059 3387 1258 3457 Neque
1290 3385 1599 3441 omittendi
1649 3385 1964 3440 Wottonus

320 3479 455 3550 (29),
487 3477 746 3534 Clericus
789 3477 925 3548 (30),
976 3475 1406 3546 Wesselingius
1436 3475 1554 3545 (31)
1604 3477 1661 3530 et
1708 3473 1964 3530 Joannes

319 3568 645 3624 Ludovicus
676 3570 818 3638 Frey
849 3567 962 3638 (32)
995 3581 1009 3621 :
1045 3565 1147 3636 qui
1181 3581 1284 3635 pro
1317 3563 1641 3618 breviorum
1679 3561 1964 3634 Epistola-

320 3674 454 3712 rum
486 3657 867 3729 germanitate
889 3654 1109 3725 stylum
1129 3652 1490 3708 strinxerunt
1515 3651 1798 3708 adversus
1828 3651 1869 3706 G
1884 3651 1968 3706 ui—

327 3747 590 3804 lielmum
621 3746 1024 3814 Wbistonum,
1048 3744 1149 3814 qui
1174 3759 1288 3797 non
1313 3739 1500 3798 solum
1521 3745 1741 3811 septem
1760 3741 1970 3812 episto-

328 3836 416 3892 las
446 3835 763 3907 longiores,
800 3851 1002 3890 verum
1034 3834 1210 3888 etiam
1255 3837 1372 3887 tres
1404 3830 1966 3903 pseudepigraphas,

329 3926 400 3981 ad
431 3925 772 3990 Tarsenses,
805 3925 876 3979 ad
901 3921 1290 3978 Antiochenos
1321 3924 1377 3976 et
1408 3920 1480 3976 ad
1505 3918 1814 3981 Heronem,
1838 3924 1971 3975 tan-

328 4032 503 4086 quam
537 4014 826 4086 genuinas
874 4013 932 4068 in
968 4030 1074 4069 suo
1126 4011 1543 4066 Christianismo
1587 4008 1828 4064 redivivo
1854 4008 1969 4082 (33)

331 4104 492 4162 omni
543 4103 726 4159 animi
773 4102 1144 4159 contentione
1193 4099 1603 4172 propugnavit.
1658 4097 1972 4155 Whistono

323 4193 488 4248 haud
507 4193 586 4248 ita
596 4193 821 4264 pridem
838 4209 1012 4264 quam
1029 4190 1290 4264 proxime
1305 4187 1551 4245 accessit
1575 4186 1831 4244 Joannes
1847 4187 1977 4242 Phi-

333 4281 533 4352 lippus
564 4281 895 4338 Baraterius
928 4281 1059 4351 (34),
1093 4285 1158 4336 ut
1186 4279 1288 4352 qui
1333 4278 1468 4333 licet
1499 4277 1790 4333 breviores
1819 4278 1977 4350 epis-

338 4368 486 4424 tolas
511 4370 667 4425 velut
698 4366 956 4425 sinceras
985 4372 1288 4440 agnoscat,
1311 4365 1604 4438 longiores
1623 4368 1820 4420 tamen
1853 4367 1976 4422 sive

411 4492 520 4562 (24)
551 4493 724 4548 Grab.
755 4492 978 4562 διήθει,
1012 4496 1151 4548 tom.
1187 4492 1258 4557 ll,
1292 4507 1348 4561 p.
1385 4492 1450 4546 13
1481 4506 1646 4562 seqq.

408 4543 519 4644 (gs;
546 4543 985 4644 piissimi.
1007 4543 1443 4644 _'éé£i.j6hi'ti,'
1471 4543 1646 4644 pagg;
1691 4563 1818 4644 291.,
1845 4563 1970 4618 581.
2006 4543 2053 4608 ι)

408 4565 502 4634 (25
549 4565 778 4617 Tillem.
827 4565 985 4644 Mem.
1033 4565 1163 4618 ecct.
1189 4571 1328 4617 tom.
1364 4565 1436 4631 ΙΙ,
1471 4577 1643 4644 pagg.
1691 4565 1818 4631 204,
1845 4565 1970 4618 581.

407 4634 495 4704 (26
546 4634 678 4689 Nat.
707 4633 868 4690 Alex.
902 4634 1039 4689 Hist.
1076 4633 1243 4712 eecL,
1269 4648 1399 4688 saec.
1453 4648 1517 4700 ιι,
1545 4633 1782 4692 dissert.
1817 4651 1972 4690 χχιιι.

407 4565 520 4778 (27)
552 4706 731 4762 Nour.
793 4707 994 4777 Appar.
1053 4705 1132 4760 ad
1175 4703 1319 4758 Bibl.
1381 4703 1513 4771 PP.,
1549 4708 1688 4764 tom.
1742 4707 1788 4778 Ι,
1841 4722 1972 4778 pag.

407 4703 520 4778 (27)
552 4706 731 4762 Nour.
793 4707 994 4777 Appar.
1053 4705 1132 4760 ad
1175 4703 1319 4758 Bibl.
1381 4703 1513 4771 PP.,
1549 4708 1688 4764 tom.
1742 4707 1788 4778 Ι,
1841 4722 1974 4778 pag.

333 4779 717 4928 Ἰϐςὲξῗίξςίη-
751 4851 888 4928 πεδία
915 4847 1346 4928 gerentes-.12
1380 4850 1648 4928 Pes-.623
1680 4866 1844 4928 εθίιίιρ

407 4917 519 4992 (29)
551 4924 809 4978 Wotton.
842 4917 1070 4974 Priefat.
1097 4919 1167 4974 ad
1193 4917 1373 4989 Epist.
1404 4917 1782 4978 S.’Clement:
1806 4917 1975 4977 Rom.

325 5009 514 5119 pagg).
544 5005 958 5049 CLxxxm-ccu.

411 5071 421 5119 t
505 5069 522 5119 )
553 5066 752 5119 Cleric.
787 5065 846 5119 in
878 5062 958 5119 cal

411 5059 522 5133 (30)
553 5066 752 5122 Cleric.
787 5065 846 5120 in
878 5062 1034 5119 calce
1079 5060 1192 5118 vol.
1224 5059 1272 5115 ll
1306 5065 1420 5118 PP.
1453 5071 1656 5134 apost.,
1690 5081 1820 5136 pag.
1875 5063 1976 5118 501

343 5151 526 5280 3°33)
560 5207 902 5279 Wesseling.
957 5203 1238 5261 Probabil.
1283 5203 1380 5258 lib.
1434 5206 1582 5274 sing.
1615 5222 1744 5278 cap.
1797 5208 1890 5276 33,
1924 5221 1981 5278 p.

344 5279 448 5333 293
479 5295 644 5352 seqq.

417 5350 526 5422 (32)
561 5353 696 5422 Frey
740 5351 964 5422 praefat.
1001 5347 1072 5403 ad
1112 5346 1293 5422 Epist.
1326 5346 1432 5422 SS.
1459 5347 1567 5402 PP.

419 5351 506 5418 (32
561 5350 696 5422 Frey
740 5351 964 5422 praefat.
1001 5350 1072 5403 ad
1112 5350 1293 5416 Epist.
1326 5350 1424 5401 SS.
1459 5350 1567 5402 PP.

419 5350 994 5545 (33}.Ygéatonhﬂie
1011 5419 1323 5544 8primitive
1372 5418 1740 5492 Christianity
1789 5419 1986 5490 retviv.,

354 5491 466 5544 vol.
502 5491 545 5547 Ι.
586 5493 788 5559 Lond.,
826 5494 978 5555 1711,
1011 5491 1063 5544 8.

425 5559 535 5632 (34)
567 5563 759 5620 Barat.
795 5564 1053 5634 ,Dissert.
1124 5578 1141 5615 ι
1209 5567 1264 5614 et
1330 5576 1370 5614 ιι
1401 5561 1465 5616 de
1523 5562 1754 5619 Constit.
1816 5570 1987 5634 apost.

356 5645 528 5707 pagg.
560 5639 687 5709 230,
711 5633 840 5690 279.

2068 3296 2128 3351 ἱιι
2160 3294 2318 3350 Actis
2350 3295 2710 3350 eruditorum
2761 3296 2891 3367 (42),
2924 3298 3307 3356 Oxoniensem
3339 3301 3553 3356 Smithi
3588 3302 3714 3359 edi-

2067 3383 2288 3438 tionem
2321 3399 2630 3438 recensens
2654 3401 2666 3451 ;
2693 3385 2866 3451 cuius
2891 3383 3100 3440 deinde
3122 3391 3469 3445 sententiam
3496 3390 3719 3462 placuit

2071 3472 2298 3529 Oudino
2339 3473 2398 3528 in
2447 3473 2746 3529 laudatam
2796 3490 2961 3530 suam
3015 3475 3486 3535 dissertationem
3520 3484 3718 3536 trans-

2072 3559 2219 3614 ferre
2251 3560 2386 3630 (43).

2143 3647 2628 3720 Quandoquidem
2660 3667 2792 3706 vero
2822 3652 3154 3709 Germanus
3178 3654 3272 3709 ille
3296 3655 3533 3712 criticus
3560 3656 3618 3711 in
3651 3672 3720 3712 ea

2075 3737 2362 3808 Lipsiensi
2390 3740 2748 3809 recensione,
2773 3757 2952 3811 quam
2987 3743 3119 3798 licet
3153 3741 3384 3799 Oudino
3419 3745 3720 3815 probatam

2076 3827 2516 3884 eruditissimus
2538 3829 2900 3886 Mamachius
2925 3832 3383 3902 praeteriit,inter
3399 3843 3563 3890 notas
3587 3852 3726 3904 sup-

2080 3913 2385 3984 positionis
2407 3918 2740 3972 earumdem
2792 3918 3364 3989 epistolarum,illud
3419 3925 3591 3978 etiam
3636 3941 3730 3979 re-

2079 4005 2230 4060 ferre
2275 4022 2389 4076 prae
2421 4022 2482 4061 se
2539 4006 2668 4074 fert,
2704 4008 2862 4078 quod
2893 4009 3105 4066 Grecis
3163 4011 3402 4066 vocibus
3454 4014 3725 4083 quaedam

2080 4095 2255 4153 etiam
2321 4095 2530 4150 Latina:
2585 4096 2856 4151 immistaa
2941 4099 3330 4168 reperiantur,
3389 4102 3727 4172 cujusmodi

2082 4190 2223 4241 sunt
2277 4180 2638 4257 ἐξεμπλάριον
2708 4186 2849 4257 (44),
2893 4181 3180 4261 δεσέρτωρ,
3241 4185 3514 4257 δεπόσιτσ,
3563 4187 3727 4243 ἄκκε-

2081 4292 2187 4325 ma
2217 4274 2327 4344 (45)
2363 4290 2376 4339 ;
2410 4273 2793 4346 queriturque
2823 4276 3067 4347 proinde
3092 4277 3461 4334 Pearsonium
3483 4293 3548 4333 ac
3570 4279 3723 4335 Smi-

2082 4362 2250 4418 thum
2281 4361 2409 4418 loca
2438 4361 2539 4418 illa
2567 4363 2806 4419 omnino
2840 4365 3311 4437 pretermisisse,
3345 4367 3496 4438 quod
3529 4376 3730 4424 essent

2156 4487 2269 4563 (35)
2299 4487 2487 4563 Cicer:
2515 4489 2588 4563 De
2615 4490 2789 4563 ofﬁc,
2825 4491 2923 4546 lib.
2957 4509 3020 4558 ιι,
3052 4508 3180 4563 cap.
3216 4495 3246 4546 9
3277 4508 3378 4548 seu
3408 4494 3492 4548 13.

2157 4558 2266 4630 (36)
2299 4558 2682 4636 ΒυΙζρᾳίςῃέ.
2705 4561 2796 4617 ﬁd.
2827 4563 2971 4628 Nic.,
3003 4558 3141 4619 sect:
3175 4578 3261 4632 ιιι,
3293 4580 3421 4636 cap.
3459 4570 3507 4634 1,
3540 4567 3594 4635 §§
3631 4568 3726 4622 10-

2084 4631 2174 4696 14,
2208 4646 2341 4699 pag.
2377 4631 2640 4687 179-184.

2160 4673 2174 4696 ,
2208 4646 2347 4757 ροῇ
2377 4646 2640 4687 τιν-ιω.

2156 4701 2270 4774 (37)
2320 4719 2510 4774 ,οιιι-ιι.
2543 4703 2745 4772 Appar.
2782 4706 2826 4760 Ι.
2857 4722 2907 4762 c.

2157 4775 2268 4847 (36)
2304 4773 2507 4847 Cleric.
2541 4774 2769 4847 Pratat.
2801 4779 2868 4830 ad
2904 4776 3014 4834 vol.
3063 4776 3134 4831 ll.
3166 4775 3268 4832 PP.
3303 4779 3564 4847 Apostol.

2158 4844 2512 4924 (39)pudin.
2565 4845 2862 4903 Comment.
2895 4848 2961 4904 de
3011 4856 3244 4918 scriptor
3290 4844 3447 4916 σπι,
3501 4855 3645 4907 tom.
3683 4853 3728 4924 Ι,

2090 4916 2591 5060 Ρ8ἇ’οῗ9Μ8ξιὲἓιιὶι.
2626 4989 2882 5060 Originn.
2932 4997 2984 5048 et
3030 4992 3239 5063 antiqq.
3276 4990 3650 5060 Christiann.,
3684 4999 3729 5050 t.

2091 5059 2184 5114 IV.
2217 5076 2348 5114 pair.
2385 5061 2646 5114 377-406.

2123 5061 2184 5127 ν,
2217 5076 2348 5132 pag.
2385 5061 2646 5120 377-406.
3167 5061 3209 5063 η

2159 5133 2272 5208 (41)
2325 5135 2530 5188 Heum.
2582 5136 2770 5204 Consp.
2817 5137 2956 5208 reip.
3007 5134 3197 5208 litter.,
3228 5150 3352 5205 cap.
3383 5135 3440 5202 7,
3499 5137 3526 5202 §
3578 5152 3731 5208 thv,

2093 5222 2148 5277 p.
2185 5205 2796 5278 491,70t7Paecitqtomg.
2832 5205 2899 5270 ΙΙ,
2933 5222 2988 5274 p.
3019 5206 3144 5260 248.

2163 5275 2278 5344 (42)
2310 5277 2366 5330 Id
2399 5277 2458 5332 in
2489 5275 2802 5334 Act.'Erud.
2847 5279 2989 5348 Lips.
3039 5293 3174 5333 ann.
3220 5277 3379 5344 1710,
3432 5294 3562 5350 pag.
3607 5280 3734 5348 196,

2095 5364 2217 5404 εθσ.

2161 5364 2273 5489 (list
2307 5419 2499 5477 Oudin
2532 5425 2574 5479 ι.
2608 5439 2682 5489 c.,
2720 5437 2848 5492 pag.
2883 5419 3002 5473 139.

2166 5492 2276 5564 (44)
2312 5494 2495 5562 lgnat.
2533 5495 2822 5620 Epistad
2849 5492 3096 5560 5mym.,
3120 5505 3246 5561 cap.
3275 5491 3362 5558 12,
3390 5493 3457 5547 ad
3491 5492 3730 5565 Ephes.,

2171 5581 2224 5620 ι).
2256 5565 2310 5620 2.
2340 5567 2411 5620 ad
2441 5565 2572 5620 Tral
2605 5608 2644 5620 ..
2677 5580 2802 5620 can.
2834 5563 2888 5616 3.

2097 5577 2224 5634 cap.
2256 5563 2310 5632 2,
2340 5567 2411 5620 ad
2441 5563 2644 5634 Trall.,
2677 5580 2802 5634 cap.
2834 5563 2888 5616 3.

2171 5633 2282 5708 (15)
2316 5635 2399 5697 Id.
2432 5639 2603 5708 Epist.
2632 5633 2707 5691 ad
2734 5633 3049 5709 Polycarp.,
3083 5649 3212 5706 cap.
3243 5634 3299 5690 7.
3397 5701 3400 5704 _
