4112 6132
364 322 478 384 577

1432 325 1772 390 ANDREB
1816 329 2237 398 GALLANDII
2281 339 2705 404 ΡῐὶοίΕΜΙΑ.

3659 349 3778 410 5⁵18

356 473 423 515 eo
448 455 654 551 judice
683 455 829 551 satis
860 457 1242 551 incommoda
1273 461 1641 551 nimiumque
1681 467 1897 537 negotii
1931 467 2016 522 fa-
2051 473 2100 536 Α
2131 472 2292 528 dedit
2313 475 2384 529 ad
2418 475 2961 548 Philadelphenses,
2993 479 3064 534 ad
3095 484 3468 551 Smyrmeos,
3503 481 3774 550 privatim

357 549 658 604 cesserent
692 546 824 602 :hic
856 547 1460 641 demum-istiusmodi
1510 553 2002 622 objectamentum
2115 576 2228 630 que
2275 564 2344 617 ad
2404 546 2782 636 Polycarpum
2833 546 3043 622 horum
3095 546 3461 640 episcopum.
3490 546 3600 625 Sed
3657 587 3773 641 quo

359 636 564 692 tollere
595 641 856 706 prastat,
891 652 1025 691 cum
1059 637 1301 694 Vossius
1331 649 1384 695 et
1433 641 1751 699 Cotelerius
1781 648 2012 704 censori

361 731 562 782 nostro
597 725 756 781 haud
807 725 1017 782 fecisse
1063 729 1205 784 satis
1249 731 1579 787 videantur.
1616 733 1756 789 Rem
1809 737 2011 806 paucis

359 816 684 887 transigam
697 831 787 870 us.
813 816 1069 872 Sisancti
1095 818 1366 890 martyris
1399 819 1607 892 lgnatii
1632 822 2010 894 epistolarum

362 906 671 963 sinceritas
704 904 1082 974 periclitetur,
1115 913 1266 978 quod
1302 907 1360 964 in
1395 911 1540 981 ipsis
1590 911 1814 984 aliquot
1844 930 2012 970 voces

365 994 589 1051 Latinae
621 999 956 1060 occurrant,
991 996 1062 1051 de
1092 997 1308 1054 divinis
1356 1016 1591 1072 quoque
1639 1002 1782 1060 Novi
1813 1005 2014 1060 Testa-

364 1083 549 1140 menti
579 1083 792 1140 litteris
843 1088 1274 1142 conclamatum
1330 1090 1581 1156 profecto
1638 1092 1768 1148 erit.
1822 1096 1888 1147 In
1922 1093 2014 1148 his

363 1174 522 1230 enim
583 1172 852 1243 legimus,
908 1173 1232 1247 κεντουρῖων
1293 1177 1632 1249 (46),κῆνσος
1689 1181 1822 1253 (4-7),
1880 1201 2016 1234 κους

364 1259 571 1318 στωδία
633 1262 771 1334 (48),
840 1262 1174 1334 πραιτώριον
1260 1265 1394 1338 (49),
1484 1268 1815 1338 σιμικίνθιον
1877 1270 2014 1343 (50),

366 1348 654 1425 σουδάριον
745 1351 880 1422 (51),
974 1350 1361 1426 σπεκουλάτωρ
1432 1359 1563 1427 (52),
1639 1357 1828 1419 τίτλος
1885 1362 2014 1430 (53)⁶

363 1443 421 1497 Si
453 1457 543 1508 eo,
577 1441 841 1510 inquam,
895 1440 1130 1496 nomine
1182 1447 1464 1515 tanquam
1511 1445 1873 1520 interpolata:
1919 1453 2019 1504 aut

364 1533 898 1606 pseudepigraphas
929 1533 1050 1589 sint
1080 1533 1362 1591 habendas
1388 1538 1703 1610 lgnatianaa
1735 1541 2016 1612 epistolae,

363 1623 509 1678 Novi
540 1637 680 1694 ergo
715 1622 970 1677 F'oederis
1002 1620 1248 1685 αὐθεντία
1275 1627 1547 1683 concidat
1596 1645 1832 1685 necesse
1887 1632 2018 1686 erit-

364 1712 512 1776 Quis
545 1717 741 1766 autem
774 1728 929 1766 sanis
963 1713 1176 1768 mentis
1202 1714 1273 1769 de
1295 1713 1505 1771 litteris
1535 1717 2018 1790 divinitusinspi-

365 1803 543 1868 ratis,
579 1800 636 1853 id
659 1799 874 1854 nedum
909 1800 1119 1870 dicere,
1145 1802 1246 1859 sed
1282 1820 1352 1858 ne
1375 1805 1632 1876 cogitare
1655 1808 1891 1878 quidem
1915 1825 2022 1864 au-

2117 650 2355 706 demum
2401 668 2555 708 anno
2588 653 2699 709 ista
2743 656 3120 728 contigerint,
3153 674 3280 729 cap.
3335 663 3618 730 sequente
3661 677 3766 732 op-

2119 739 2433 809 portunius
2466 743 2949 815 disquirendum.

2785 887 3014 944 CAPUT
3049 889 3118 944 V.

2123 1006 2510 1082 Dejgnatiani
2544 1013 2835 1082 martyrii,
2862 1012 3008 1068 Actis
3071 1015 3300 1070 sinceris
3355 1031 3389 1070 a
3459 1015 3776 1073 Theoderico

2195 1077 2485 1159 Ruinarti‘o
2537 1081 2590 1136 V.
2628 1077 2713 1137 ΟῘ
2738 1081 2996 1159 primum
3045 1085 3226 1159 editis.
3277 1087 3481 1159 Eorum
3546 1092 3780 1159 uterque

2197 1154 2346 1206 vetus
2377 1151 2650 1223 interpres
2679 1151 2894 1210 additus
2924 1173 2942 1209 :
2973 1156 3276 1228 integritas
3310 1157 3505 1228 paucis
3540 1151 3774 1219 asserta.

2195 1261 2252 1314 S.
2288 1259 2496 1330 lgnatii
2527 1261 2792 1332 epistolis
2823 1264 3096 1334 genuinis
3142 1265 3274 1320 Acta
3305 1266 3560 1339 Martyrii
3614 1267 3774 1338 ejus.

2126 1346 2258 1402 dem
2291 1349 2518 1405 sincera
2548 1352 2935 1422 subjecimus,
2968 1351 3356 1409 Oxoniensem
3409 1354 3622 1410 Smithi
3653 1356 3778 1410 edi-

2126 1435 2346 1493 tionem
2380 1439 2588 1508 secuti,
2612 1446 2674 1496 ut
2696 1441 2970 1513 superius
2990 1441 3318 1499 innuimus.
3345 1443 3544 1500 Graeco
3576 1447 3781 1511 textui,

2127 1543 2159 1584 θ
2189 1527 2384 1583 codice
2415 1527 2748 1585 Colbertino
2780 1548 2814 1585 a
2844 1533 2911 1584 V.
2946 1532 3008 1587 C.
3070 1531 3425 1588 Theoderico
3479 1532 3783 1589 Ruinartio

2131 1616 2389 1685 primum
2421 1617 2714 1689 evulgato,
2747 1619 3042 1690 duplicem
3097 1621 3371 1692 utrinque
3402 1622 3784 1694 appinximus

2132 1705 2398 1761 Latinam
2432 1707 2760 1763 versionem
2788 1750 2803 1777 ,
2831 1709 3077 1764 alteram
3109 1711 3337 1780 quidem
3369 1713 3577 1768 veteris
3601 1712 3782 1768 inter-

2134 1795 2335 1866 pretis,
2366 1811 2397 1850 ο
2429 1813 2540 1850 ms.
2568 1797 2797 1867 Cajensi
2851 1798 2922 1852 ab
2981 1799 3216 1854 Usserio
3269 1800 3621 1870 jampridem
3653 1802 3782 1857 edi-

531 1857 542 1868 .
1106 1857 1119 1870 ι
1187 1857 1197 1859 -
1304 1857 1343 1858 η
1383 1857 1628 1876 now"
1660 1857 1891 1878 τ---νω
1916 1857 1988 1864 --

365 1891 504 1944 deat
540 1888 567 1941 ?
597 1890 680 1942 An
738 1904 870 1943 vero
903 1889 1183 1946 vocabula
1231 1892 1366 1962 ista,
1405 1893 1758 1968 κεντουρίων,
1799 1901 2020 1964 κῆνσος,

2141 1895 2257 1938 tam
2279 1882 2558 1952 ;alteram
2581 1901 2710 1940 vero
2741 1886 2811 1941 ab
2833 1887 3038 1942 eodem
3062 1888 3364 1944 Ruinartio
3389 1890 3732 1945 adornatam
3768 1906 3782 1944 :

367 1975 708 2047 κουστωδία,
753 1983 889 2047 etc.,
921 1981 1146 2036 castius
1204 1983 1527 2055 puriusque
1555 1988 1748 2041 Greece
1788 1991 2023 2054 sonant,

371 2085 556 2140 quam
643 2065 1044 2141 ἐζεμπλάριον,
1123 2065 1420 2146 δεσέρτωρ,
1505 2068 1760 2127 διπόσιτα
1824 2075 1852 2130 ‘2
1917 2081 2024 2131 etc.

369 2158 540 2221 Quod
572 2157 620 2212 si
654 2158 940 2229 apostolis
972 2162 1028 2213 et
1059 2159 1454 2231 evangelistis,
1480 2162 1752 2221 Mattheo
1801 2168 1946 2236 (aut,
1980 2166 2028 2220 si

372 2245 587 2313 mavis,
617 2247 746 2316 ejus
780 2246 1128 2318 interpreti),
1159 2248 1373 2320 Marco,
1401 2251 1586 2318 Luce,
1609 2253 1845 2319 Joanni,
1878 2254 2030 2310 Pau-

367 2335 425 2391 lo
461 2335 659 2392 Graece
707 2336 1124 2404 scribentibus,
1175 2356 1342 2396 voces
1397 2341 1688 2400 Romanas
1742 2361 2028 2417 usurpare

372 2426 702 2497 aliquando
734 2425 918 2492 licuit,
952 2429 1156 2497 quidni
1176 2435 1231 2484 et
1265 2431 1488 2502 Ignatio
1513 2435 1907 2504 apostolorum
1938 2436 2028 2491 di-

373 2513 604 2585 scipulo
643 2515 663 2567 ἒ
691 2515 804 2570 Sed
835 2531 1022 2586 neque
1051 2517 1190 2572 vitio
1221 2519 1461 2575 demum
1510 2523 1787 2578 vertenda
1816 2523 2029 2578 divinis

376 2603 742 2668 auctoribus,
775 2605 1037 2676 adeoque
1069 2607 1280 2676 potiori
1301 2609 1440 2678 jure
1460 2625 1650 2680 neque
1679 2616 1880 2667 sancto
1902 2612 2028 2683 epi-

383 2709 559 2759 scopo
589 2693 974 2760 Antiocheno,
1009 2695 1354 2765 hujusmodi
1388 2699 1680 2754 scribendi
1715 2701 1862 2756 ratio
1895 2718 1909 2756 :
1945 2701 2028 2756 sic

393 2782 550 2837 enim
582 2782 797 2838 ferebat
828 2784 1051 2840 occasio
1084 2804 1098 2852 ;
1133 2789 1275 2840 tunc
1307 2788 1588 2858 temporis
1619 2789 1900 2844 nimirum
1926 2807 2030 2861 per

395 2869 721 2925 universam
755 2873 875 2928 fere
905 2874 1210 2939 Greciam,
1241 2875 1491 2947 Syriam,
1524 2880 1851 2949 Egyptum,
1891 2889 2026 2946 etc.,

391 2959 648 3015 Romano
680 2961 924 3032 imperio
955 2961 1125 3035 longe
1153 2963 1385 3036 lateque
1418 2971 1753 3038 propagato,
1787 2971 1850 3022 ut
1878 2968 2029 3039 opti-

385 3066 478 3105 me
516 3050 712 3121 arguit
741 3050 813 3106 cl.
847 3051 1244 3109 Blackwallus
1272 3055 1406 3122 (54).
1440 3055 1638 3126 Neque
1677 3056 1845 3113 aliter
1887 3074 2029 3114 sane

380 3139 644 3210 antiquis
675 3140 906 3195 Graeciaa
939 3142 1324 3213 scriptoribus
1358 3161 1466 3200 usu
1502 3145 1679 3214 venit,
1711 3148 2023 3215 Herodoto,

373 3230 732 3301 Thucydidi,
788 3233 1162 3300 Xenophonti
1193 3250 1207 3299 ;

371 3317 544 3391 ἄσχυ,
609 3317 791 3392 βάρις,
869 3316 1084 3388 κανδὸς,
1158 3321 1413 3394 κάρανος,
1471 3323 1658 3392 χέσας,
1745 3327 2029 3401 παρασάγ-

371 3425 484 3479 γης
526 3407 794 3478 aliasque
826 3424 986 3463 voces
1019 3411 1374 3480 peregrinas,
1416 3413 1704 3482 Persicas,
1733 3413 2025 3486 {Egyptia-

369 3513 498 3562 cas,
538 3495 732 3568 legere
761 3502 851 3552 est
885 3514 898 3552 :
933 3507 1239 3570 prepterea
1269 3499 1492 3556 scilicet
1545 3503 1696 3572 quod
1730 3501 1831 3558 illa
1860 3508 2027 3560 aetate

375 3602 500 3656 qua
531 3586 815 3641 ﬂorebant
845 3585 884 3640 ii
917 3586 1150 3643 Graecia
1179 3587 1494 3658 scriptores
1523 3590 1862 3661 cultissimi,
1895 3591 2028 3648 Per-

381 3691 610 3739 sarum,
636 3675 1034 3747 ngyptiorum
1059 3677 1424 3748 aliarumque
1445 3679 1699 3734 Orientis
1721 3682 2026 3736 nationum

383 3762 560 3830 bella,
587 3765 958 3829 commercia,
981 3765 1212 3833 itinera,
1245 3764 1444 3836 plures
1465 3768 1753 3836 ejusmodi
1775 3771 2027 3826 exoticas

371 3867 552 3908 voces
581 3851 639 3907 in
673 3851 928 3907 Graecam
962 3852 1224 3925 linguam
1256 3854 1614 3912 invexerant.
1656 3861 1844 3930 Atque
1892 3859 2028 3914 hinc

363 3956 518 3995 sane
549 3941 1109 4013 quisque’intelligit
1140 3943 1624 4012 quamimmerito
1654 3945 1768 4002 ista
1797 3947 2025 4017 objece-

364 4028 454 4083 rit
487 4029 572 4083 vir
602 4029 699 4085 ille
730 4032 996 4086 criticus.

449 4125 519 4174 At
549 4119 661 4174 alio
713 4123 1105 4177 convertenda
1134 4126 1224 4178 est
1277 4123 1460 4180 oratiu
1495 4141 1508 4179 :
1543 4125 1823 4196 temporis
1870 4125 2027 4182 enim

368 4207 739 4263 notationem
776 4225 891 4280 quo
926 4210 1189 4281 epistolae
1218 4229 1293 4266 vn
1324 4212 1395 4267 ab
1438 4214 1661 4283 Ignatio
1697 4215 2026 4287 perscriptis

371 4297 665 4362 teruntur,
699 4303 900 4353 nostra
933 4299 1175 4356 interest
1217 4300 1480 4356 deﬁnire.
1525 4302 1766 4358 Constat
1810 4309 2026 4373 autem,

375 4385 626 4440 Eusebio
660 4391 803 4442 teste
833 4388 972 4458 (55),
1005 4393 1276 4444 sanctum
1312 4400 1629 4462 martyrem
1663 4409 1728 4448 eo
1759 4392 1819 4448 in
1855 4392 2028 4448 itine-

378 4492 440 4530 re
473 4474 603 4531 illas
635 4493 930 4545 exarasse,
961 4495 1076 4550 quo
1101 4482 1277 4548 jussu
1300 4481 1797 4554 TrajaniAugusti
1825 4484 2027 4539 Antic-

2138 1989 2316 2044 quam
2348 1972 2506 2028 enim
2539 1973 2797 2030 Clericus
2834 1975 3051 2044 reiecit,
3087 1977 3329 2049 insuper
3374 1977 3692 2034 habuimus
3724 1995 3794 2036 ea

2139 2064 2210 2118 de
2240 2080 2418 2120 causa
2448 2064 2618 2134 cujus
2646 2065 2820 2136 paulo
2849 2072 2982 2121 ante
3009 2068 3410 2124 meminimus.
3441 2068 3632 2124 Aliam
3656 2086 3792 2140 quo-

2138 2168 2252 2224 que
2281 2153 2595 2222 separatim
2635 2155 2958 2225 adjecimus
3009 2157 3318 2227 antiquam
3368 2156 3723 2225 versionem,
3756 2175 3786 2213 e

2138 2241 2337 2296 codice
2365 2241 2709 2297 Cottoniano
2741 2259 2775 2298 a
2804 2241 3042 2298 laudato
3097 2246 3330 2299 USserio
3378 2245 3730 2318 descriptam
3771 2266 3786 2315 ;

2137 2334 2291 2404 quod
2325 2333 2456 2404 ejus
2487 2339 2692 2390 auctor
2717 2351 2914 2390 verum
2940 2340 3218 2391 Actorum
3243 2336 3577 2392 Graecorum
3601 2355 3788 2394 exem-

2139 2421 2267 2494 plar
2299 2440 2410 2494 pres
2442 2423 2624 2480 oculis
2645 2423 2924 2480 habuisse
2955 2430 3253 2494 noscatur,
3277 2425 3410 2482 licet
3431 2429 3786 2499 quandoque

2139 2516 2333 2567 textus
2366 2518 2467 2566 aut
2500 2512 2855 2568 sententiam
2887 2518 2990 2567 aut
3021 2515 3198 2570 verba
3229 2517 3575 2587 neutiquam
3611 2518 3786 2572 fuerit

2139 2604 2466 2657 assecutus.
2501 2604 2575 2656 Eo
2623 2605 2819 2656 autem
2871 2600 3114 2657 consilio
3177 2607 3493 2676 utrumque
3534 2610 3786 2661 veterem

2137 2688 2514 2758 interpretem
2535 2689 2948 2760 proferendum
2973 2691 3461 2759 existimavimus,
3489 2711 3602 2766 quo
3627 2694 3782 2748 Grac-

2137 2776 2218 2832 cis
2245 2777 2344 2832 lux
2369 2779 2548 2848 major
2581 2779 2900 2843 accederet.
2947 2779 3136 2836 sicubi
3185 2781 3340 2836 haud
3391 2783 3536 2837 satis
3579 2786 3784 2854 aperta

2141 2867 2263 2921 sive
2294 2866 2494 2921 minus
2526 2868 2841 2922 emendata
2885 2874 3214 2924 occurrant.

2209 2954 2288 3010 De
2343 2954 2551 3010 borum
2603 2961 2797 3012 autem
2847 2961 3120 3013 Actorum
3170 2956 3423 3028 αὐθεντίᾳ
3479 2976 3650 3015 nemo
3703 2964 3790 3016 est

2138 3046 2238 3116 qui
2260 3047 2395 3116 jure
2423 3045 2508 3101 vel
2545 3046 2856 3103 minimum
2884 3047 3162 3118 ambigat.
3196 3048 3524 3121 Siquidem,
3559 3054 3621 3104 ut
3644 3066 3781 3105 cum

2138 3135 2362 3191 Smitho
2395 3135 2602 3208 loquar
2633 3137 2768 3207 (56),
2808 3157 2831 3188 α
2869 3155 2900 3192 a
2931 3137 3319 3194 familiaribus
3351 3139 3408 3194 S.
3447 3139 3653 3211 lgnatii
3689 3140 3789 3211 qui

1293 3235 1450 3305 apud
1533 3253 1681 3307 quos
1737 3235 2019 3306 ἀκινάκης,
2061 3222 2106 3286 C
2135 3224 2443 3280 Antiochia
2471 3224 2712 3280 Romam
2749 3242 2935 3297 usque
2985 3226 3149 3282 illum
3206 3233 3341 3282 sunt
3388 3228 3671 3298 comitati,
3705 3233 3790 3284 at-

2138 3329 2252 3384 que
2278 3312 2439 3367 illius
2473 3313 2680 3368 ultimo
2713 3321 2767 3369 et
2801 3315 3050 3371 maxime
3100 3315 3355 3386 glorioso
3397 3317 3572 3388 agoni
3604 3318 3788 3372 inter-

2138 3401 2318 3465 fuere,
2352 3403 2642 3474 descripta
2676 3403 2881 3469 fuisse,
2915 3405 3098 3460 multa
3127 3405 3185 3460 in
3237 3405 3384 3477 ipsis
3415 3406 3579 3462 Actis
3611 3407 3664 3459 id
3702 3412 3785 3461 te-

2136 3493 2528 3548 statissimum
2561 3493 2834 3551 reddunt.
2870 3496 2930 3549 In
2983 3495 3074 3550 his
3102 3496 3257 3551 enim
3323 3496 3408 3550 sic
3457 3495 3783 3565 loquuntur

2137 3582 2330 3652 quiea
2384 3581 2596 3638 litteris
2653 3583 2945 3638 tradidere
2999 3584 3110 3655 (57)
3145 3600 3158 3638 :
3193 3583 3490 3655 Ἡμεῖςμέν
3558 3580 3778 3643 ἄκοντες

2135 3668 2486 3745 ἀπηγόμεθα,
2556 3668 2825 3730 στένοντες
2852 3669 2940 3724 ἐπὶ
3042 3675 3120 3742 τῷ
3180 3670 3270 3747 ἀφ’
3327 3673 3488 3743 ἡμῶν
3548 3669 3784 3742 μέλλον-

2135 3778 2188 3811 τι
2246 3761 2520 3831 χωρισμῷ
2595 3762 2692 3812 τοῦ
2751 3755 2962 3813 δικαίου
3023 3758 3286 3835 γίνεσθαι.
3366 3764 3479 3816 Nos
3561 3761 3782 3832 quidem

2137 3847 2307 3903 inviti
2334 3847 2759 3916 abducebamur,
2793 3856 3070 3918 gementes
3109 3849 3173 3905 ob
3218 3851 3628 3920 separationem
3674 3851 3784 3905 viri

2127 3935 2272 4008 justi
2300 3953 2334 3990 a
2363 3937 2519 3990 nobis
2554 3952 2680 3991 mox
2713 3939 2987 4006 futuram.
3025 3938 3092 3992 Et
3126 3936 3427 3992 nonnullis
3462 3938 3784 4008 interjectis

2137 4027 2246 4081 sub
2283 4025 2458 4080 tinem
2493 4025 2606 4097 (58)
2640 4043 2652 4081 :
2687 4024 2908 4078 Τούτων
2973 4023 3238 4079 αὐτόπται
3307 4024 3616 4099 γενόμενοι.
3681 4029 3784 4082 Ho-

2137 4132 2265 4170 rum
2295 4131 2389 4172 nos
2438 4116 2546 4188 ipsi
2591 4125 2918 4187 spectatores
2964 4118 3123 4188 facti.
3157 4118 3309 4186 Ilaec,
3342 4118 3605 4188 inquam,
3642 4119 3786 4176 alia-

2138 4221 2251 4275 que
2283 4209 2444 4260 extra
2473 4221 2644 4261 omue
2675 4205 2922 4260 dubium
2956 4211 3202 4277 ponunt,
3235 4224 3267 4261 a
3296 4210 3352 4262 Β.
3381 4207 3587 4279 lgnatii
3612 4209 3788 4264 comi-

2138 4293 2296 4348 tibus
2320 4298 2464 4349 Acta
2487 4293 2830 4363 bujusmodi
2869 4295 3050 4350 fuisse
3069 4295 3428 4367 perscripta:
3454 4300 3511 4352 et
3543 4297 3781 4368 quidem

2138 4401 2252 4440 non
2287 4383 2457 4456 longe
2489 4390 2618 4457 post
2650 4386 2838 4456 ipsius
2869 4387 3458 4453 consummationem,
3497 4394 3556 4443 et
3587 4389 3786 4460 proxi-

2139 4489 2256 4541 mo,
2309 4482 2370 4528 ut
2420 4474 2916 4530 verisimillimum
2973 4477 3228 4542 videtur,
3279 4493 3472 4545 anno;
3507 4478 3648 4532 dum
3699 4495 3790 4534 res

382 4564 518 4619 ohia
569 4564 816 4620 Romam
865 4567 1287 4634 deducebatur,
1340 4570 1477 4626 feris
1524 4572 1913 4641 objiciendus,
1964 4579 2030 4630 Et
2058 4585 2104 4649 Ι)
2137 4570 2311 4634 gestis
2345 4579 2480 4618 cum
2509 4563 2693 4620 totius
2708 4563 2935 4621 itineris
2957 4565 3204 4634 ratione,
3232 4565 3291 4621 in
3315 4566 3532 4622 recenti
3555 4565 3788 4622 fidelius

381 4659 638 4724 quatuor
667 4656 926 4727 quidem,
951 4673 1084 4712 cum
1117 4663 1425 4730 Smyrnam
1467 4663 1841 4730 pervenisset,
1868 4664 2029 4720 ωίείι
2137 4651 2796 4709 inhaeserintrnemoria.
2817 4652 2954 4710 Illos
2973 4660 3168 4710 autem
3191 4655 3376 4712 fuisse
3399 4655 3703 4711 Philomen
3732 4659 3790 4710 et

381 4757 450 4796 ex
489 4743 604 4797 ista
660 4743 804 4799 urbe
857 4745 929 4799 ad
984 4745 1289 4818 Ephesios,
1343 4749 1414 4804 ad
1468 4751 1898 4820 Magnesianos,
1953 4754 2027 4808 ad
2135 4741 2597 4814 Αεειιιιοροάεων
2632 4759 2882 4814 quorum
2910 4745 3183 4800 meminit
3209 4745 3612 4801 sanctissimus
3635 4761 3787 4800 mal“

385 4830 714 4888 Trallianos
741 4837 917 4904 atque
945 4835 1017 4888 ad
1049 4834 1343 4892 Romanos
1377 4852 1391 4892 :
1428 4837 1676 4895 ulterius
1725 4856 1859 4897 vero
1891 4859 2022 4913 pro-

2141 4834 2231 4902 tyr
2262 4831 2320 4885 in
2361 4830 2639 4902 Epistolis
2671 4833 2742 4887 ad
2778 4837 3110 4904 Smyrnieos
3143 4833 3256 4906 (59)
3290 4837 3348 4888 et
3381 4834 3453 4888 ad
3487 4833 3787 4889 Philadel-

384 4934 640 4991 gressus,
661 4922 800 4978 dum
823 4923 1050 4979 Troade
1076 4926 1445 4995 consisteret,
1472 4928 1607 4984 inde
1630 4933 1749 4985 tres
1775 4929 2022 5001 reliquas

2141 4918 2544 4991 pbenses(60),
2565 4920 2717 4978 hunc
2738 4921 3139 4993 Antiochense,
3181 4922 3350 4977 illum
3375 4938 3509 4977 vero
3535 4922 3790 4977 Tarsen-

460 5029 571 5099 (46)
605 5029 781 5085 Marc.
815 5046 904 5096 xv,
936 5031 1025 5095 39,
1059 5032 1147 5099 44,
1181 5034 1270 5088 45.

2211 5024 2324 5095 (54)
2351 5025 2680 5084 Blackwall.
2710 5029 2931 5099 Auctor.
2965 5044 3109 5083 sacr.
3132 5027 3292 5082 class.
3323 5026 3528 5094 tte/ens.
3567 5033 3703 5084 tom.
3739 5027 3782 5096 Ι,

459 5098 570 5182 si)
604 5101 809 5182 satis.
842 5098 1286 5182 245x511.
1322 5105 1408 5172 ιτ.
1445 5105 1570 5182 is

2210 5105 2428 5182 P3392."
2464 5099 2677 5182 cep-3..
2706 5098 2736 5182 ς
2767 5102 2820 5166 δν
2852 5115 2905 5182 ρ-
2940 5100 3028 5182 ft?-

595 5171 811 5252 Matth,
841 5166 1138 5252 ΧΧνῘιέξὸ,
1321 5166 1479 5246 xvi",
1660 5249 1677 5252 _

2359 5166 2568 5252 Euseb.
2599 5166 3165 5252 Hist'_eecl:,lib._111,
3197 5185 3323 5252 cap.

459 5239 574 5318 (49)
593 5239 1099 5318 Matth.»xxvn,'27
1125 5239 1148 5315 i;
1179 5239 1353 5302 Marc.
1387 5239 1478 5315 xv,
1513 5249 1615 5317 t6;
1648 5249 1818 5306 Joan.
1869 5267 2022 5318 xvm,

2156 5317 2195 5318 η
2221 5239 2332 5312 (56)
2365 5240 2573 5295 Smith.
2610 5240 2828 5309 praefat.
2872 5241 2932 5296 in
2981 5241 3098 5296 Act.
3129 5239 3368 5312 martyr.
3407 5240 3462 5297 S.
3505 5243 3684 5310 Ignat.
3727 5257 3784 5312 p.

390 5312 622 5393 28,33,
652 5333 765 5383 xix,
794 5316 870 5381 9;
905 5319 1034 5393 Act.
1066 5312 1228 5386 xxm,
1267 5319 1376 5388 ;35
1404 5312 1659 5393 Philipp.
1701 5338 1740 5390 ι,
1778 5323 1862 5377 t3.
2018 5312 2028 5318 ’
2141 5317 2231 5393 42.

462 5385 990 5464 {ﬂectunt}.
1082 5459 1104 5464 _
1216 5383 1281 5388 ’⁷
1393 5461 1440 5464 __
1562 5383 1621 5393 ”
1727 5383 1737 5390 ’

2209 5387 2320 5464 (Et)
2495 5384 2970 5464 martyr._Ianat.,
3000 5399 3128 5456 cap.
3166 5383 3250 5442 15.

461 5454 573 5527 (5t)
605 5457 736 5512 Luc.
769 5474 887 5528 xix,
925 5459 997 5514 20
1027 5477 1041 5527 ;
1073 5459 1241 5516 Joan.
1269 5477 1346 5530 v1,
1380 5461 1488 5525 44;
1518 5479 1610 5528 xx,
1640 5463 1676 5516 7
1707 5482 1722 5535 ;
1754 5465 1877 5520 Act.
1909 5481 2028 5537 xix,
2354 5455 2526 5537 Ibid-3
2557 5471 2687 5537 σερε
2715 5454 2790 5537 ,⁷ο

397 5525 565 5602 12τψξ
606 5598 660 5602 __
870 5525 879 5528 ’
1029 5525 1035 5527 “
1333 5525 1341 5530 ’
1592 5525 1602 5528 ⁷
1707 5525 1719 5535 ’
2011 5525 2022 5537 ’

2211 5525 2322 5602 (59)
2355 5529 2540 5602 ignat.
2576 5525 2852 5602 ξρξξῑχαᾴ
2874 5526 3129 5602 _Smyur.,
3163 5543 3328 5602 capp.
3367 5528 3454 5584 10.
3497 5532 3556 5586 et
3591 5529 3678 5585 13.

483 5599 572 5672 §2)
606 5598 780 5655 Marc.
807 5617 884 5668 v1,
905 5603 1000 5672 27.

2210 5532 2322 5672 (59)
2355 5532 2540 5597 Ignat.
2576 5532 2747 5653 Egist-
2780 5532 2852 5581 ad
2878 5532 3129 5599 Smyur.,
3163 5543 3244 5599 ca]

2233 5601 2304 5655 60
2355 5597 2438 5654 1d.
2470 5597 2541 5653 ad
2573 5599 2614 5652 P
2656 5597 2948 5670 itadelph.,
2995 5615 3121 5671 cap.
3156 5599 3244 5657 11.

483 5599 554 5652 52
606 5599 780 5655 Marc.
807 5617 884 5668 v1,
905 5603 1000 5657 27.

459 5599 572 5739 (53)
597 5671 765 5741 Joan,
797 5688 914 5741 xxx,
948 5671 1036 5729 19.
