4112 6132
281 317 394 380 581

1349 310 1692 372 ΑΝΒΒΕΔ
1734 310 2149 372 GALLANDll
2197 313 2621 375 PROCEMIA.

3575 315 3694 374 582

275 467 513 512 seruere
570 447 678 506 viri
725 445 1083 515 doctissimi,
1164 445 1456 513 Usserius,
1516 445 1927 502 Tillemontius
1958 451 2012 518 Α
2046 445 2247 502 darum
2276 449 2519 505 Historia
2565 449 2677 520 (80)
2714 447 3047 504 Parthicum
3105 446 3343 519 Trajani
3383 447 3701 518 expeditio-

278 549 455 615 atque
505 555 693 612 nuper
748 536 1076 602 Corsinius,
1127 552 1279 592 anno
1329 535 1546 591 Christi
1607 534 1736 605 107,
1766 535 1812 590 Τ
1844 551 1934 590 ra-

2049 550 2179 591 nem
2214 554 2366 593 anno
2404 537 2596 594 solum
2660 537 2722 594 U.
2765 537 2826 594 C.
2877 538 2984 591 865
3031 540 3367 609 susceptam
3428 537 3696 608 putavit;

276 632 402 707 jani
433 648 492 698 x,
524 636 583 684 S.
641 627 851 699 Ignatii
902 625 1252 698 martyrium
1304 625 1518 697 illigat,
1568 624 1940 695 sincerisque
2051 627 2551 696 quemadmodum
2614 644 2756 683 sane
2795 625 3699 700 Loydius(81),Fabrettus(82),

279 722 442 779 Actis
473 716 806 790 Iguatianis
838 716 1012 771 inniti
1050 715 1427 788 potissimum
1460 714 1840 786 comperitur.
1875 715 1937 768 In
2051 714 2320 771 Norisius
2351 717 2487 788 (83),
2551 717 2762 789 Pagius
2790 716 2922 788 (84).
2956 717 3282 786 Basnagius
3342 714 3455 788 (85)
3488 714 3703 786 aliique

286 813 379 869 his
411 810 572 867 enim
613 808 870 880 legimus
899 807 1036 879 (72),
1089 806 1412 876 Trajanum
1469 805 1734 861 confecto
1795 803 1944 860 bello

290 901 526 970 Dacico,
550 896 776 971 imperii
828 897 919 952 sui
946 911 1093 952 anno
1122 912 1203 966 Ix,
1259 892 1455 966 ἑννάτῳ
1487 887 1591 948 ἔτει
1647 896 1748 958 τῆς
1779 891 1946 947 αἱ)τοῦ

304 984 611 1066 βασιλείας,
663 984 1001 1057 festinanter
1029 984 1305 1039 Armeniis
1351 990 1404 1039 et
1457 981 1682 1038 Parthis
1747 983 1948 1038 bellum

300 1080 622 1147 illaturum,
699 1069 1072 1141 σπουδάζοντα
1099 1069 1190 1126 ὶπὶ
1247 1068 1534 1146 ’Λρμενίαν
1562 1070 1652 1126 καὶ
1684 1071 1949 1145 Πάρθους,

301 1170 409 1226 iter
439 1163 720 1223 orientale
769 1162 1123 1236 suscepisse.
1157 1162 1268 1218 sub
1292 1162 1467 1218 finem
1491 1162 1714 1218 scilicet
1738 1177 1950 1234 prisce-

302 1257 504 1314 dentis
538 1255 680 1311 anni
711 1253 816 1309 106
846 1269 863 1320 ;
897 1251 1190 1323 siquidem
1222 1267 1356 1306 cum
1387 1250 1845 1322 Trajanus,teste
1863 1249 1952 1306 vel

297 1346 429 1417 ipso
457 1345 688 1400 Joanne
737 1340 943 1398 Malala
977 1341 1110 1412 (73),
1144 1356 1344 1396 mense
1374 1340 1815 1412 Hyperboretaao
1837 1341 1958 1396 sive

305 1433 539 1492 Octobri
597 1433 772 1489 Roma
831 1431 1138 1504 digressus
1191 1433 1367 1501 esset,
1440 1429 1702 1502 proximo
1760 1432 1954 1485 autem

301 1540 503 1582 mense
527 1521 818 1594 Appellaeo
850 1522 971 1576 sive
993 1519 1294 1575 Decembri
1321 1518 1643 1576 Seleuciam
1669 1518 1963 1590 pervenis-

305 1619 414 1684 set,
437 1611 807 1668 Antiochiam
839 1611 1078 1666 demum
1109 1609 1285 1680 Syria:
1329 1608 1632 1681 ingressus
1687 1613 1777 1664 est
1827 1607 1963 1681 μηνὶ

306 1699 616 1772 Αὖδυναίῳ,
672 1703 752 1770 τῷ
816 1698 908 1753 καὶ
967 1695 1338 1771 Ἰαννουαρίῳ,
1396 1692 1606 1773 ἐϐδόμῃ
1640 1695 1842 1772 ἡμέρᾳ,
1875 1696 1962 1766 εξ,

2055 804 2294 877 plurimi
2345 805 2681 862 Parthicum
2740 805 2850 862 hoc
2881 807 2995 862 iter
3023 809 3156 878 post
3186 814 3407 860 sextum
3436 805 3702 861 consula-

2054 897 2205 960 tum,
2239 911 2392 950 anno
2435 893 2503 951 U.
2532 897 2593 952 Ο.
2629 895 2756 963 865,
2790 912 2823 951 a
2855 895 3104 966 Traiano
3137 895 3334 950 Romae
3367 899 3706 965 susceptum

2055 984 2373 1055 contigisse
2403 985 2786 1041 contendunt.
2819 983 3245 1041 Tilllemoutius
3266 1001 3399 1040 vero
3423 985 3560 1058 (86),
3593 1001 3707 1056 quo

2058 1078 2213 1129 certe
2244 1089 2418 1130 nemo
2440 1073 2723 1130 subtilius
2752 1077 2930 1146 atque
2951 1075 3282 1130 accuratius
3313 1074 3465 1130 hanc
3495 1078 3716 1145 tempo-

2060 1178 2192 1218 rum
2212 1171 2835 1234 rerumquegestarum
2863 1162 3074 1218 seriem
3106 1162 3448 1234 exploravit,
3484 1165 3710 1219 Baronii

2063 1269 2129 1308 ac
2161 1252 2377 1308 Petavii
2406 1251 2670 1324 vestigiis
2702 1251 3004 1320 insistens,
3039 1252 3365 1307 Parthicam
3399 1251 3548 1308 hanc
3576 1258 3710 1310 Tra-

2057 1341 2184 1412 jaui
2214 1339 2460 1397 Caesaris
2487 1340 2915 1411 eXpeditionem
2939 1344 3188 1396 exeunte
3232 1356 3385 1395 anno
3416 1343 3484 1395 U.
3517 1343 3578 1395 C.
3608 1341 3712 1396 859

2066 1429 2379 1501 contigisse
2408 1430 2787 1484 demonstrat.
2822 1427 2894 1484 Ut
2927 1433 3122 1484 autem
3155 1429 3356 1485 omnia
3380 1446 3507 1501 quas
3537 1447 3569 1485 a
3599 1431 3711 1486 No-

2068 1519 2209 1576 risio
2239 1519 2577 1590 ceterisque
2609 1518 2910 1590 proposita
2965 1518 3214 1588 fuerant,
3245 1522 3508 1574 accurate
3533 1519 3705 1592 expli-

2067 1608 2185 1664 cari
2209 1607 2508 1678 simulque
2555 1607 2826 1678 componi
2874 1607 3122 1678 possint,
3147 1606 3558 1664 Tillemontius
3593 1608 3718 1680 ipse

2072 1697 2400 1753 observavit
2429 1697 2583 1768 quod
2634 1695 2846 1767 duplex
2891 1696 3128 1768 Trajani
3185 1696 3246 1750 in
3287 1697 3579 1753 Orientem
3612 1699 3714 1754 iter

314 1789 431 1866 ὤρᾳ
459 1766 700 1865 ἡμέρινῇ
726 1766 795 1856 ’δ“,
825 1811 855 1838 ‹‹
905 1805 1106 1844 mense
1157 1766 1450 1860 Audvnzao
1482 1766 1602 1843 sive
1655 1766 1959 1855 Januario,
1995 1766 2040 1833 Β
2070 1786 2358 1858 distingui
2390 1766 2562 1842 debet
2589 1803 2603 1842 :
2631 1789 2696 1840 ut
2719 1766 2783 1840 in
2817 1766 3018 1858 primo
3039 1785 3276 1856 quidem
3310 1786 3721 1858 TrajanusAr-

312 1883 403 1938 die
429 1881 701 1953 septima,
754 1877 897 1934 feria
919 1877 1147 1950 quinta,
1180 1876 1322 1932 hora
1352 1879 1556 1946 quarta
1578 1875 1888 1931 matutina.
1927 1896 1948 1923 ι

311 1973 392 2028 Ex
419 1987 538 2042 quo
597 1968 750 2024 ferias
783 1966 1022 2039 quintae,
1062 1982 1196 2021 cum
1253 1967 1493 2036 septima
1553 1965 1646 2020 die
1693 1963 1953 2019 Januarii

309 2077 464 2117 anno
495 2075 623 2115 tersa
658 2056 997 2112 Christianas
1031 2056 1135 2110 107
1173 2053 1594 2121 concurrentis,
1625 2053 1958 2110 charactere

312 2149 539 2220 colligit
590 2146 854 2204 Usserius
906 2146 1043 2217 (7t),
1079 2145 1184 2200 hoc
1232 2145 1359 2216 ipso
1417 2161 1568 2199 anno
1623 2144 1880 2212 ineunte,
1926 2158 1960 2196 a

313 2238 569 2310 Trajano
629 2235 941 2291 Antiochiae
973 2235 1045 2288 ad
1078 2233 1505 2306 expeditionem
1534 2233 1863 2288 Parthicam
1898 2247 1959 2286 se

313 2331 713 2400 comparante,
769 2325 1110 2380 damnatum
1146 2323 1327 2379 fuisse
1380 2324 1438 2378 S.
1471 2322 1807 2395 Ignatium;
1860 2320 1960 2392 qui

315 2418 559 2490 proinde
608 2431 762 2471 anno
813 2414 1016 2470 eodem
1047 2412 1299 2480 labente,
1355 2412 1586 2485 imperii
1617 2411 1852 2482 Trajani
1906 2428 1960 2477 x,

319 2507 410 2563 die
445 2505 777 2562 Decembris
806 2505 897 2569 20,
923 2503 1266 2575 martyrium
1301 2502 1521 2558 subiit:
1555 2502 1817 2573 adeoque
1864 2499 1963 2555 illo

322 2597 450 2668 ipso
483 2611 636 2650 anno
684 2595 786 2649 107
839 2596 1110 2648 currente
1161 2592 1492 2662 perscriptaa
1535 2591 1606 2645 ab
1637 2607 1704 2646 eo
1751 2589 1968 2645 fuerint

327 2686 607 2757 epistola,
677 2689 852 2754 atque
896 2682 1242 2751 insequente
1274 2681 1377 2735 108
1407 2680 1672 2749 ejusdem
1705 2677 1970 2750 martyrii

333 2775 478 2828 Acta
521 2770 804 2842 evulgata.
857 2771 1024 2841 Apud
1057 2767 1327 2824 Malalam
1371 2768 1630 2840 quidem,
1690 2767 1806 2822 sive
1845 2767 1972 2836 ejus

338 2860 571 2916 inscitia
594 2861 707 2914 sive
739 2859 1113 2914 librariorum
1147 2857 1476 2925 oscitantis,
1522 2857 1579 2911 iu
1615 2856 1971 2912 notationem

339 2955 660 3021 temporum
693 2964 822 3003 cum
855 2947 1085 3017 imperii
1114 2945 1347 3017 Trajani
1378 2949 1502 3000 tum
1529 2943 1977 3016 lgnatianimar-

329 3039 459 3112 tyrii
497 3039 705 3094 menda
762 3035 1050 3092 nonnulla
1103 3034 1413 3106 irrepsisse
1443 3039 1813 3090 noscuntur:
1863 3033 1978 3089 levi

2064 1875 2321 1930 maniam
2383 1892 2450 1930 ac
2492 1875 2971 1946 MeeOpotamiam
3006 1874 3066 1930 in
3097 1874 3372 1931 Romanae
3404 1875 3711 1948 provinciae

2063 1965 2310 2021 formam
2334 1963 2989 2036 redegeritParthasque
3022 1980 3269 2037 regnum
3301 1965 3566 2020 Chrosroi
3588 1965 3724 2020 reli-

2062 2055 2256 2129 querit
2303 2071 2316 2110 ε
2370 2055 2427 2110 in
2489 2056 2746 2110 secundo
2798 2070 2930 2109 vero
2986 2053 3209 2110 Parthis
3259 2053 3423 2124 ipsis,
3484 2055 3724 2125 expulso

2063 2147 2338 2214 Chosroe,
2374 2161 2568 2217 regem
2601 2145 2776 2200 alium
2807 2143 3178 2200 concesserit.
3214 2164 3242 2192 »

2143 2239 2222 2291 Ac
2252 2239 2406 2292 certe
2429 2234 2662 2306 quidem
2692 2235 3013 2305 Trajanum
3054 2232 3469 2303 Armeniajam
3503 2234 3726 2305 pridem

2069 2329 2300 2398 recepta
2331 2325 2575 2380 Romam
2609 2322 3208 2393 rediisse,iterumque
3240 2322 3500 2378 Romain
3525 2322 3729 2378 Orien-

2068 2421 2178 2471 tem
2211 2415 2529 2485 profeclum
2563 2429 2787 2481 esse,ex
2812 2411 3074 2467 nummis
3104 2412 3280 2467 etiam
3306 2412 3538 2468 ostendi
3559 2428 3728 2484 posse

2073 2504 2426 2578 putaverim,
2490 2503 2539 2558 si
2597 2519 2728 2557 cum
2788 2502 2983 2557 Dionis
3046 2504 3285 2558 Historia
3333 2504 3728 2560 conferantur.

2074 2593 2386 2664 Siquidem
2452 2591 2705 2662 scriptor
2731 2589 2828 2646 ille
2867 2607 2999 2645 cum
3035 2591 3300 2659 dixisset,
3329 2594 3665 2649 Armeniam
3700 2612 3733 2649 a

2076 2682 2326 2752 Trojano
2357 2682 2580 2735 Cesare
2613 2679 2742 2734 sine
2797 2679 2994 2751 praelio
3025 2685 3320 2752 receptam
3353 2681 3734 2753 Romanoque

2081 2770 2294 2842 populo
2328 2770 2610 2825 tributam
2642 2785 2792 2836 esse,
2817 2785 2951 2823 mox
2975 2769 3173 2824 subdit
3202 2787 3214 2825 :
3262 2769 3551 2838 Ἀπήντων
3584 2769 3734 2842 αὐτῴ

2078 2861 2130 2915 οἱ
2179 2855 2311 2932 τῇδε
2369 2857 2658 2931 σατράπαι,
2717 2855 2806 2910 καὶ
2867 2851 3114 2919 ϐασιλεῖς
3177 2858 3310 2930 μετᾴ
3369 2855 3582 2931 δώρων.
3621 2901 3633 2914 .
3669 2903 3685 2919 .
3722 2904 3735 2917 .

2083 2947 2513 3023 Παρθαμασίρην
2572 2946 2664 3000 τὸν
2715 2947 3016 3021 ’Λρμενίων
3101 2946 3501 3022 ἐτιμωρήσατο.
3588 2949 3738 3004 Ἐπεὶ

2083 3034 2139 3092 δὶ
2197 3041 2370 3091 πᾶσαν
2430 3037 2530 3104 τήν
2606 3034 2910 3110 ’Λρμενίων
2965 3037 3152 3110 χώραν
3242 3035 3374 3108 εἷλε,
3432 3037 3520 3091 καὶ
3595 3036 3738 3092 πολ-

324 3131 522 3182 tamen
575 3124 806 3196 negotio
836 3141 904 3179 ex
951 3125 1024 3179 iis
1069 3123 1456 3190 emendanda,
1497 3139 1624 3194 quas
1682 3121 1973 3189 Usserius,

2093 3125 2224 3188 λοὺς
2282 3129 2393 3181 τῶν
2455 3122 2726 3199 βασιλέων
2812 3124 2942 3187 τοὺς
3039 3126 3134 3198 μὲν
3233 3123 3598 3188 ὕποπεσόντας
3684 3125 3737 3181 ἐν

325 3215 707 3271 Chilmeadus
738 3214 851 3285 (75)
885 3213 1099 3284 aliique
1152 3219 1503 3267 monuerunt
1537 3229 1550 3267 :
1589 3211 1708 3266 sive
1756 3216 1820 3265 ut
1847 3210 1976 3265 lau-

327 3307 502 3360 datus
520 3302 1003 3374 chronographus
1026 3301 1133 3357 sibi
1157 3305 1400 3369 constet,
1435 3300 1554 3356 sive
1577 3309 1635 3355 ut
1666 3301 1793 3371 ejus
1824 3300 1978 3354 dicta

329 3393 734 3449 monumentis
751 3390 1270 3458 vetustioribus,in
1295 3390 1499 3461 primis
1529 3405 1661 3446 vero
1691 3388 1980 3444 Chronico

328 3483 684 3550 Eusebiano,
707 3481 861 3535 haud
895 3479 1278 3550 repugnantia
1308 3482 1764 3549 comperiantur.

400 3579 686 3630 Casterum
717 3589 832 3644 quo
868 3572 1149 3628 hactenus
1179 3576 1451 3626 enarrata
1481 3570 1723 3642 reliquis
1757 3569 1985 3641 Traiani

335 3664 518 3736 gestis
550 3662 609 3717 in
637 3663 871 3718 Oriente
895 3660 1055 3732 paria
1078 3659 1790 3732 respondeant,duplicem
1825 3659 1896 3714 ab
1919 3675 1986 3714 eo

339 3752 671 3809 Parthicam
721 3750 1146 3822 expeditionem
1205 3755 1539 3821 susceptam
1583 3749 1990 3805 Tillemontius

337 3847 469 3918 jure
497 3843 818 3915 conjecisse
846 3844 1074 3898 videtur
1094 3843 1206 3912 (76)
1236 3859 1257 3905 ,·
1283 3843 1453 3912 cujus
1487 3841 1728 3914 proinde
1758 3846 1989 3897 senten-

345 3935 485 3990 tiam
513 3949 701 4004 nuper
726 3933 905 3989 fuisse
927 3931 1231 4004 amplexus
1256 3936 1430 4001 atque
1453 3948 1556 3987 con
1569 3932 1834 3986 ﬁrmasse
1859 3929 1994 3985 vati-

347 4024 482 4080 dius
533 4023 894 4096 perhibetur,
928 4022 1012 4078 vir
1045 4021 1412 4094 politioribus
1440 4019 1654 4076 litteris
1715 4027 1993 4092 praestans

343 4113 654 4168 Eduardus
677 4112 981 4167 Corsinius
1012 4111 1146 4184 (77).
1183 4114 1244 4167 In
1269 4127 1396 4166 eam
1430 4111 1667 4182 quidem
1715 4109 1990 4165 Disserta-

342 4202 563 4257 tionem
596 4201 999 4258 Corsinianam
1021 4201 1217 4269 (Dubia
1243 4203 1526 4271 proposita
1557 4214 1660 4272 per
1687 4200 1993 4255 Erasmum

344 4290 737 4347 Froelichium
776 4289 1156 4362 elegantioris
1189 4289 1463 4344 doctrinm
1495 4287 1992 4343 consultissimum

343 4381 616 4435 novimus
647 4380 759 4449 (78)
794 4397 805 4433 :
841 4396 971 4450 quas
1005 4386 1198 4433 tamen
1251 4377 1529 4434 laudatus
1565 4378 1653 4432 vir
1683 4378 1888 4432 doctus
1935 4376 1995 4432 in

344 4468 528 4524 altera
562 4469 979 4524 Dissertatione
1014 4467 1126 4522 sibi
1171 4466 1448 4522 diluenda
1478 4467 1733 4538 sumpsit
1761 4465 1896 4537 (79).
1931 4465 1998 4520 Et

345 4557 601 4613 virorum
636 4557 972 4611 criticorum
995 4554 1304 4611 arbitratui
1333 4556 1401 4610 de
1426 4554 1532 4609 hac
1555 4553 1784 4610 erudita
1815 4553 1994 4608 disce-

345 4647 602 4718 ptatione
627 4645 853 4716 judicio
906 4643 1126 4710 relicto,
1188 4643 1420 4698 interim
1456 4659 1586 4698 vero
1617 4643 1687 4697 ad
1735 4659 1852 4697 rem
1888 4659 1989 4698 no-

346 4746 526 4792 stram
561 4735 713 4805 quod
742 4733 1300 4804 attinet,ipsummet
1332 4731 1656 4788 Corsinium
1677 4731 1891 4803 juverit
1907 4731 1991 4786 sic

343 4823 676 4895 loquentem
736 4823 976 4879 audire:
1009 4843 1037 4871 «
1067 4820 1442 4886 Vaillantius,
1479 4819 1745 4892 iuquitin
1771 4820 1991 4875 Arsaci-

415 4932 530 5005 (72)
565 4933 679 5005 Act.
712 4939 946 5005 martyr.
979 4933 1184 5005 Igna_t_.,
1216 4946 1343 5000 cap.
1367 4931 1422 5005 2.

344 5000 528 5131 “(673)
563 5004 756 5060 Malal.
783 5000 1090 5072 Chronogr.
1114 5003 1212 5057 lib.
1239 5019 1318 5069 ιι,
1340 5001 1449 5057 sub
1480 5000 1632 5066 init.,
1662 5017 1832 5073 pagg.
1871 5002 1992 5070 115,

415 5148 526 5219 (74)
559 5147 756 5219 Usser.
794 5150 911 5219 not.
943 5147 1361 5219 0,_:~n_marty_r._
1390 5144 1445 5200 S.
1479 5145 1656 5212 Ignat.

414 5215 528 5291 (75)
572 5218 890 5274 Chilmead.
951 5217 1022 5272 ad
1051 5216 1244 5272 Matat.
1304 5215 1406 5270 lib.
1465 5232 1541 5270 xx.
1577 5217 1720 5272 nott.
1779 5215 1871 5285 23,
1905 5217 1994 5282 29,

346 5293 798 5432 Ρθδδῗὸνὲειιθω.
853 5358 1378 5432 Histdesls’mper._
1402 5361 1544 5432 tom.
1601 5356 1676 5426 II,
1705 5359 1823 5432 not.
1857 5373 1996 5424 xvn,

347 5428 442 5485 sur
492 5428 720 5503 Trajan.
775 5445 945 5502 pagg.
977 5431 1234 5503 505-509.
1266 5460 1334 5470 -—
1360 5428 1443 5486 Id.
1475 5429 1632 5486 Mem.
1664 5428 1820 5495 ecct.,
1857 5436 1996 5484 tom.

345 5504 417 5564 ll.
444 5502 608 5574 pagg)
651 5503 773 5570 195,
795 5505 921 5574 579,
954 5502 1082 5556 583.

416 5572 794 5646 (77)‘Corsin.
843 5573 1068 5646 Dissert.
1117 5573 1184 5630 de
1229 5572 1450 5628 linnis.
1501 5587 1745 5641 numm.,
1803 5586 1934 5642 pag.
1965 5573 2002 5625 6

347 5645 508 5720 seqq.
553 5645 796 5702 Liburni
829 5645 986 5699 1754.

2086 3220 2203 3277 τοῖς
2261 3213 2446 3289 φίλοις
2505 3213 2629 3288 ἦγε,
2684 3212 2810 3276 τοὺς
2868 3211 2926 3268 δὲ
2970 3235 3120 3277 τινας
3203 3217 3294 3270 καί
3375 3217 3740 3280 ἀποθανόντας

2091 3306 2430 3378 (legendum
2471 3311 2608 3376 puto
2641 3303 2898 3371 ἀπόντας,
2934 3310 2996 3360 ut
3025 3305 3086 3360 hi
3120 3307 3398 3378 postremi
3431 3307 3607 3362 veluti
3635 3307 3739 3362 ab-

2091 3399 2269 3451 sentes
2302 3412 2333 3447 a
2363 3393 2657 3466 prioribus
2691 3393 2791 3466 qui
2825 3396 3080 3465 Trajano
3103 3401 3478 3462 occurrerant,
3526 3396 3743 3451 distin-

2094 3484 2372 3558 guantur)
2429 3481 2636 3556 ἀμαχεὶ
2697 3480 3000 3558 ἱχειροῦτο’
3069 3483 3194 3537 τάτε
3252 3480 3398 3537 ἄλλα
3450 3482 3740 3558 ἐψηφίζετο

2097 3572 2247 3644 αὐτῷ
2303 3569 2494 3626 πολλὰ
2646 3569 2848 3645 βούλη,
2930 3572 3020 3625 καὶ
3111 3574 3387 3644 ⁹Ὀπτιμον
3473 3571 3566 3626 εἴτ’
3652 3573 3743 3626 οὖν

2095 3663 2370 3735 Ἀριστον,
2406 3659 2778 3732 ἐπωνόμασεν.
2839 3661 3094 3733 δαινίιρςτε
3126 3664 3225 3733 qui
3271 3664 3548 3731 regionem
3595 3670 3744 3717 tene-

2101 3753 2250 3818 bant,
2277 3766 2540 3822 regesque
2567 3767 2694 3805 cum
2721 3751 3048 3806 muneribus
3077 3751 3131 3806 ei
3159 3761 3535 3808 occurrerunt.
3573 3793 3584 3804 .
3625 3795 3637 3808 .
3676 3791 3688 3806 .
3725 3791 3743 3811 .

2099 3844 2580 3898 Parthamasirem
2628 3843 3012 3898 Armeniorum
3045 3858 3226 3912 regem
3252 3845 3472 3916 punivit
3505 3861 3518 3910 ;
3559 3851 3748 3915 capta—

2102 3949 2205 4005 que
2233 3934 2492 3988 universa
2541 3932 2816 3988 Armenia:
2846 3931 3089 4000 regione,
3124 3949 3273 4004 reges
3296 3935 3393 4004 qui
3420 3933 3750 3990 deditionem

2101 4024 2368 4093 locorum,
2426 4023 2482 4074 in
2541 4022 2847 4076 amicorum
2893 4037 3120 4077 numero
3163 4021 3364 4077 habuit
3410 4040 3423 4090 ;
3485 4021 3748 4092 quosdam

2104 4127 2227 4167 vero
2257 4112 2420 4166 etiam
2471 4110 2716 4166 absentes
2753 4111 2956 4182 absque
2986 4127 3178 4184 pugna
3232 4111 3372 4182 cepit
3406 4127 3418 4166 :
3451 4110 3610 4182 eique
3634 4119 3750 4168 tum

2103 4201 2221 4257 alia
2276 4202 2442 4272 plura
2473 4199 2706 4256 decrevit
2736 4207 2979 4267 senatus,
3031 4209 3147 4256 tum
3201 4203 3507 4272 praesertim
3540 4204 3750 4273 Optimi

2103 4298 2517 4359 cognomentum
2541 4291 2819 4346 concessit.
2881 4290 3082 4362 Itaque
3111 4306 3180 4346 ex
3213 4291 3388 4347 Dione
3417 4295 3473 4348 et
3529 4297 3752 4348 Zonara

2108 4395 2361 4452 quoque,
2397 4379 2597 4450 Optimi
2623 4393 2834 4434 nomen
2863 4383 3001 4434 tunc
3046 4380 3299 4452 primum
3331 4382 3584 4452 Trajauo
3631 4384 3750 4438 Ca:-

2110 4469 2224 4526 sari
2266 4468 2460 4523 Romae
2495 4483 2842 4524 concessum
2865 4469 2995 4537 fuit,
3029 4485 3164 4526 cum
3195 4469 3246 4526 is
3294 4472 3629 4527 Armeniam
3661 4488 3752 4528 ex-

2110 4557 2276 4630 pulso
2324 4555 2812 4613 Parthamasiride
2865 4559 3208 4625 ceterisque
3265 4561 3483 4632 regulis
3512 4561 3750 4616 omnino

2103 4645 2356 4703 sublatis
2385 4650 2730 4716 occupasset
2757 4663 2775 4700 :
2798 4646 3044 4718 ideoque
3068 4664 3198 4704 cum
3242 4649 3299 4703 in
3331 4651 3592 4705 nummis
3623 4649 3751 4721 plu-

2104 4738 2265 4792 ribus
2298 4737 2494 4790 Romze
2554 4737 2846 4806 percussis
2882 4738 3088 4808 Optimi
3123 4755 3334 4795 nomen
3365 4739 3616 4809 Trajano
3649 4740 3753 4794 tri-

2105 4824 2311 4878 butum
2359 4825 2644 4888 occurrat,
2705 4822 2763 4877 in
2809 4824 3024 4894 quibus
3079 4824 3201 4895 ipse
3252 4824 3450 4880 Consul
3489 4843 3522 4880 ν
3579 4843 3748 4884 voca-

2175 4927 2600 5055 (Ὶῗλέἷοθιὶοὴ.
2632 4929 2772 4984 Dub.
2813 4929 2879 4984 de
2928 4929 3172 5001 Minuta,
3204 4935 3314 4986 etc.
3348 4929 3584 4987 Viennae
3622 4935 3748 4988 Au-

2175 5018 2210 5055 r.
2285 5029 2296 5052 δ
2385 5043 2397 5054 .

2104 5006 2210 5058 str.
2238 5003 2397 5055 1754.

2176 5072 2289 5140 (79)
2323 5070 2549 5125 Corsin.
2584 5071 2873 5128 Dissert.in
2905 5087 3013 5140 qua
3045 5075 3208 5137 Dub.,
3241 5075 3348 5128 etc.
3382 5072 3750 5134 Romaei‘i'57.

2176 5144 2289 5212 (80)
2319 5141 2595 5215 Vaillant.
2631 5141 2876 5215 4rsacid.
2904 5141 3064 5211 hist,
3096 5161 3150 5215 p.
3183 5144 3310 5199 305.

2200 5215 2290 5284 8t)
2322 5211 2496 5284 Loyd.
2531 5217 2623 5284 De,
2638 5212 2736 5280 Ep.
2769 5215 2946 5284 (gnat.

2200 5217 2290 5284 8t)
2322 5217 2496 5284 Loyd.
2531 5217 2608 5268 De
2638 5217 2736 5280 Ep.
2769 5217 2946 5284 (gnat.

2177 5217 2291 5357 (82)
2311 5285 2582 5357 Fabrett.
2599 5283 2673 5357 De
2695 5285 2799 5357 σοι.
2837 5285 3086 5353 Trajan.,
3118 5286 3326 5355 p.290.

2179 5353 2289 5428 (83)
2317 5353 2509 5428 Neris.
2544 5355 2716 5428 Epist.
2753 5356 2998 5428 ρωποι..
3033 5374 3090 5428 p.
3119 5353 3214 5412 72.

2180 5426 2290 5501 (84)
2321 5427 2457 5501 ξος.
2492 5427 2562 5480 ad
2595 5442 2731 5501 ann.
2767 5426 2899 5501 Chr.
2936 5426 3057 5501 105,
3089 5431 3116 5496 §
3145 5446 3187 5484 ιι
3218 5445 3344 5501 seq.

2179 5499 2293 5570 (85)
2337 5497 2827 5570 BasuagrAnnat.
2861 5500 3015 5561 eect..
3046 5497 3124 5556 ad
3158 5497 3441 5558 annfttz.

2182 5567 2293 5641 (86)
2325 5567 2554 5624 Tillem.
2589 5569 2727 5646 litat.
2761 5571 2933 5644 Impp.
2987 5574 3047 5628 in
3093 5573 3353 5646 Trajan.,
3411 5579 3522 5632 art.
3555 5593 3756 5645 xxvm,

2111 5645 2168 5698 et
2191 5647 2313 5702 not.
2343 5652 2484 5715 xvn,
2509 5657 2567 5713 p.
2602 5643 2730 5705 509.

2272 5287 2291 5494 ξ
