4112 6132
380 286 502 346 583

1451 283 1515 344 S.
1561 281 1946 344 IGNATIUS.
1993 315 2070 328 —-
2112 283 2720 346 PROLEGOMENA.

3669 285 3785 348 584

383 422 604 495 tur(87)
639 419 934 488 ;dubitari
963 422 1118 474 certe
1167 419 1258 475 vix
1288 417 1517 490 'poterit
1556 418 1698 491 quin
1742 419 2032 490 Trajanus
2063 422 2119 488 Α
2147 418 2320 472 etiam
2349 419 2680 489 Graecisque
2726 419 3009 488 nummis,
3044 435 3191 491 quos
3251 435 3316 475 eo
3365 418 3648 476 libentius
3697 422 3792 481 hie

381 512 715 568 Armeniam
739 510 1055 579 subegerit,
1090 513 1267 580 atque
1300 508 1507 581 Optimi
1535 524 1747 564 nomen
1772 507 2034 563 obtinue-

382 603 456 657 rit
485 605 620 656 ante
643 615 864 655 annum
900 598 967 655 U.
1001 599 1064 654 C.
1087 598 1212 665 865,
1249 615 1361 669 quo
1391 605 1610 654 sextum
1659 597 2028 654 consulatum

380 694 578 745 Romae
625 689 904 759 suscepit.
969 690 1055 744 Ita
1124 704 1381 760 quoque,
1440 705 1573 744 cum
1637 689 1697 744 in
1773 688 2031 743 nummis

381 778 510 836 aliis
541 778 650 852 (88)
684 780 901 849 Optimi
928 777 1136 834 titulus
1162 780 1529 848 observetur,
1566 777 1861 850 simulque
1890 779 2030 833 Pro-

378 871 544 940 fectio
592 869 827 937 Augusti
859 873 1213 923 memoratur
1247 885 1260 934 ;
1298 867 1464 922 facile
1523 867 1731 922 exinde
1789 871 2032 938 apparet

381 959 720 1028 Trajanum,
780 959 950 1012 etiam
983 961 1114 1030 post
1146 958 1400 1014 subactae
1451 956 1735 1012 Armeniae
1795 960 2029 1027 tempus

381 1052 556 1118 atque
577 1047 783 1117 Optimi
808 1062 1015 1102 nomen
1047 1045 1160 1118 ipsi
1197 1045 1822 1116 tributum,aliquando
1846 1045 2029 1100 Roma

379 1135 751 1192 discessisse:
779 1136 934 1208 quod
961 1135 1084 1192 fieri
1109 1140 1261 1191 certe
1284 1135 1368 1190 vel
1384 1134 1658 1207 explicari
1683 1151 1796 1190 non
1813 1137 2027 1204 posset,

379 1226 427 1280 si
450 1224 627 1281 semel
652 1229 876 1280 tantum
889 1226 1058 1280 modo
1073 1226 1352 1281 adversus
1379 1224 1685 1280 Armenios
1707 1240 1772 1278 ac
1788 1223 2028 1278 Parthos

378 1331 532 1370 anno
564 1318 630 1370 U.
665 1314 726 1369 C.
759 1315 865 1370 865
903 1316 1079 1370 Roma
1103 1316 1398 1386 profectus
1423 1314 1480 1368 in
1511 1313 1741 1369 Oriente
1763 1311 2024 1368 obiisset.

451 1428 478 1453 ‹‹
503 1410 635 1461 Haec
666 1405 794 1476 ipsa
825 1421 1052 1475 quoque
1071 1405 1310 1475 Traiani
1335 1405 1620 1475 expeditio
1644 1412 1778 1460 ante
1807 1420 2026 1458 annum

377 1494 444 1550 U.
466 1495 524 1550 C.
557 1495 664 1548 865
685 1492 1382 1564 suscepta,pulcherrimo
1407 1493 1769 1548 Antiocheno
1785 1508 2026 1547 nummo

378 1582 711 1636 confirmari
742 1581 959 1652 poterit
989 1581 1126 1652 (89),
1157 1580 1218 1636 in
1249 1597 1364 1652 quo
1415 1582 1720 1652 perspicue
1763 1580 1977 1652 legitur
2009 1595 2023 1636 :

377 1669 664 1725 AIIMAPX
722 1670 832 1722 ΕΞ.
913 1670 1119 1723 ΥΗΑΤ.
1185 1668 1243 1722 Ε.
1309 1669 1637 1724 Tribuniciz
1713 1671 2022 1740 potestatis,

379 1759 584 1813 Consul
613 1774 664 1810 v.
725 1757 954 1810 Etenim
1009 1758 1059 1810 si
1094 1771 1374 1811 nummus
1405 1756 1501 1812 ille
1533 1762 1660 1812 tum
1685 1773 1863 1812 cusus
1913 1758 2025 1813 fuit

376 1863 510 1902 cum
554 1846 811 1916 primum
841 1845 1134 1914 Trajanus
1167 1844 1539 1900 Antiochiam
1573 1846 1825 1912 advenit,
1860 1851 1922 1901 ut
1947 1846 2020 1900 cl.

377 1934 566 1990 editor
614 1933 989 1998 existimavit,
1041 1934 1419 2004 perspicuum
1471 1933 1570 1989 fiet
1614 1935 1920 2003 Trajanum
1961 1934 2020 1988 in

379 2023 672 2080 Orientem
706 2027 842 2078 ante
871 2021 1241 2078 consulatum
1291 2033 1533 2093 sextum,
1581 2023 1842 2094 adeoque
1889 2027 2022 2079 ante

381 2129 601 2168 annum
626 2111 692 2168 U.
719 2113 780 2167 C.
799 2112 905 2165 865
933 2111 1334 2168 concessisse:
1368 2111 1860 2182 quemadmodum
1881 2129 2022 2168 sane

377 2202 700 2274 perspicuis
757 2205 1086 2271 temporum
1119 2201 1557 2256 characteribus
1597 2202 1880 2257 adventus
1925 2201 2020 2256 ille

377 2292 742 2348 Antiochiam
805 2292 861 2346 in
896 2290 1114 2346 Malalaa
1162 2291 1418 2348 Historia
1476 2291 1589 2364 (90)
1648 2308 1801 2347 anno
1861 2291 1923 2346 U.
1957 2291 2017 2346 C.

375 2382 479 2435 868
513 2381 790 2436 tribuitur
823 2397 836 2447 ;
870 2385 1044 2451 atque
1076 2382 1135 2435 in
1190 2383 1341 2437 Actis
1371 2386 1427 2435 S.
1488 2381 1696 2452 Ignatii
1753 2381 2020 2453 martyris

376 2470 679 2540 perspicue
709 2469 1037 2540 diserteque
1071 2469 1465 2542 legitur,quod
1502 2476 1721 2542 martyr
1753 2469 1848 2524 ille
1876 2485 2020 2526 nono

375 2559 610 2628 Trajani
667 2557 1012 2628 imperantis
1042 2575 1218 2624 anno,
1253 2558 1395 2614 Sura
1424 2565 1478 2614 et
1503 2559 1799 2614 Senecione
1819 2574 2020 2614 consu-

373 2649 542 2717 libus,
573 2647 682 2704 hoc
713 2653 804 2703 est
849 2665 1002 2704 anno
1032 2648 1158 2714 860,
1193 2649 1427 2705 ineunte
1481 2649 1764 2704 Januario
1799 2665 2018 2715 mense,

371 2740 619 2810 Trajano
653 2737 971 2792 Antiochiae
1009 2738 1266 2808 degenti,
1299 2742 1476 2809 atque
1506 2738 1564 2792 in
1599 2738 1913 2794 Armenios
1965 2742 2022 2793 et

371 2827 618 2882 Parthos
642 2827 892 2882 moventi
916 2827 1149 2882 oblatus
1181 2827 1574 2899 fuit.Denique
1598 2828 1845 2883 eximius
1876 2828 2021 2883 alter

373 2916 608 2986 Trajani
659 2933 940 2971 nummus
991 2916 1240 2971 habetur
1269 2915 1382 2988 (9|)
1416 2916 1473 2970 in
1527 2933 1642 2987 quo
1675 2917 1865 2972 Οωεειιι
1894 2918 2019 2988 ipse

369 3005 598 3060 APlCT.
650 3005 804 3059 CEB.
865 3004 1071 3059 ΓΕΡΜ.
1121 3007 1275 3060 AAK.
1336 3006 1540 3058 ΙΙΑΡΘ.
1605 3004 1852 3073 Optimus
1906 3006 2018 3059 Au-

366 3098 574 3166 gustus,
609 3093 984 3159 Germanicus,
1020 3095 1270 3164 Daccius,
1327 3095 1617 3150 Parthicus
1662 3094 2013 3166 appellatur,

369 3182 666 3252 simulque
721 3183 964 3236 decimus
996 3183 1227 3254 imperii
1259 3183 1450 3254 ipsius
1482 3200 1674 3238 annus
1700 3199 2013 3254 expressus

369 3271 743 3340 conspicitur.
773 3271 922 3341 Ergo
946 3287 1098 3325 anno
1130 3271 1196 3327 U.
1229 3272 1289 3332 C.
1320 3273 1442 3339 861,
1470 3277 1525 3325 in
1562 3288 1735 3343 quem
1761 3271 2012 3326 decimus

368 3358 599 3431 imperii
631 3375 821 3414 annus
853 3359 1552 3430 incurrit,Trajanusjam
1583 3361 1810 3431 Optimi,
1841 3366 2015 3433 atque

366 3467 399 3505 a
434 3448 718 3504 militibus
751 3448 961 3503 saltem
991 3449 1243 3504 Parthici
1264 3465 1474 3505 nomen
1497 3456 1831 3521 acceperat:
1856 3451 2014 3508 ideo-

367 3556 480 3610 que
512 3537 841 3594 Parthicum
898 3537 1010 3593 iter
1049 3538 1121 3592 ab
1155 3537 1252 3593 illo
1284 3544 1622 3610 susceptum
1683 3541 1754 3595 ad
1790 3557 2012 3596 annum

363 3631 428 3686 U.
463 3630 525 3685 C.
559 3629 664 3684 869
695 3629 898 3684 referri
929 3629 1122 3684 debet.

435 3741 462 3769 ‹‹
497 3723 699 3790 Itaque
732 3734 846 3773 non
893 3735 962 3774 ex
1010 3718 1396 3789 scriptoribus
1429 3720 1621 3776 solum
1656 3737 1804 3793 quos
1835 3720 2008 3777 Tille-

361 3807 624 3864 montius
679 3807 1118 3862 accuratissime
1171 3806 1452 3876 exhibuit,
1508 3810 1608 3865 sed
1664 3825 1732 3865 ex
1794 3809 2010 3865 Latinis

434 3952 545 4019 (87)
577 3949 852 4006 Vaillant.
887 3955 1039 4022 tom,
1067 3950 1138 4018 II,
1172 3966 1308 4022 pag.
1340 3952 1460 4006 121.

435 4024 547 4096 (88)
580 4023 725 4096 Ibid.
760 4032 814 4077 et
845 4027 986 4077 tom.
1022 4021 1064 4086 Ι,
1093 4038 1264 4094 pagg.
1301 4023 1390 4090 47,
1418 4023 1505 4078 49.

363 4095 538 4150 Gesn.
577 4095 696 4149 Tab.
734 4097 778 4160 Ι,
815 4111 870 4150 n.
905 4096 993 4148 78.

434 4168 544 4234 (89)
623 4165 889 4220 Vaillant.
926 4171 1064 4220 tom.
1100 4166 1170 4231 ll,
1206 4181 1340 4236 pag.
1387 4167 1512 4220 127.

439 4236 554 4308 (90)
577 4237 768 4308 Malal.
801 4237 1215 4305 Historlib.x1,
1245 4237 1375 4293 init.

458 4308 549 4378 9t)
581 4307 820 4361 Gesner.
862 4309 996 4363 Tab.
1031 4325 1177 4363 Lxxx
1207 4325 1262 4378 p.
1297 4309 1384 4363 11.

457 4377 548 4447 92)
606 4381 791 4432 Barat.
857 4378 1108 4449 Disquis.
1176 4377 1369 4436 chron.
1428 4380 1495 4436 de
1537 4395 1765 4437 success.
1798 4381 2015 4453 antiqq.

2140 508 2356 578 protuli
2388 512 2452 562 ut
2481 509 2699 564 vexatis
2732 509 2874 563 adeo
2904 510 3118 581 Ignatii
3155 511 3420 581 martyris
3471 510 3625 565 Actis
3659 511 3791 565 hinc

2137 595 2308 652 etiam
2332 597 2612 669 splendor
2635 613 2700 652 ac
2725 598 3064 668 praesidium
3091 600 3644 666 accederet,ostendi
3667 600 3790 670 jam

2138 686 2353 756 poterit
2382 688 2535 757 quod
2587 687 2804 758 duplex
2831 687 3062 757 Trajeni
3090 687 3148 741 in
3183 687 3474 742 Orientem
3511 689 3791 758 profectio

2138 776 2375 847 agnosci
2407 777 2625 832 debet:
2685 783 2748 831 ut
2779 777 2836 831 in
2871 776 3054 848 prima
3103 778 3342 847 quidem
3395 779 3634 834 Chosroi
3680 777 3799 850 pla-

2138 869 2306 920 catus
2329 865 2566 920 obsides
2592 864 2782 920 solum
2810 867 2880 921 ab
2904 865 3008 919 illo
3045 866 3347 937 receperit,
3380 866 3621 938 solaque
3653 868 3799 923 urbe

2137 956 2324 1011 Nisibi
2349 956 2666 1028 Batnisque
2690 957 2874 1028 ceptis
2906 956 3162 1011 Parthici
3197 973 3405 1012 nomen
3431 958 3757 1014 obtinuerit
3783 976 3797 1026 ;

2136 1044 2194 1099 in
2228 1046 2410 1100 altera
2438 1062 2599 1112 vero,
2663 1062 2795 1100 cum
2831 1045 3120 1101 Cbosroes
3161 1050 3262 1101 aut
3291 1063 3324 1101 a
3355 1047 3587 1103 Parthis
3648 1049 3798 1118 ipsis

2137 1133 2416 1205 expulsus
2450 1135 2623 1204 foret,
2654 1141 2752 1190 aut
2798 1135 2970 1190 ﬁdem
3001 1136 3245 1205 Trojano
3271 1136 3616 1192 obstrictum
3667 1137 3800 1192 vio-

2135 1222 2336 1291 lasset,
2397 1223 2630 1279 Parthis
2659 1223 2806 1295 ipsis
2857 1240 3072 1279 novum
3111 1241 3301 1296 regem
3336 1225 3726 1281 constituerit.
3768 1248 3796 1276 υ

2137 1311 2430 1368 Hactenus
2453 1313 2542 1366 vir
2575 1311 2670 1367 ille
2692 1313 3094 1368 doctissimus.
3125 1313 3325 1384 Neque
3356 1315 3596 1370 omittas
3623 1315 3798 1370 velim

2135 1419 2262 1473 qua:
2293 1403 2696 1458 Pearsonianaa
2730 1403 3035 1459 sententiae
3071 1404 3330 1474 patronis
3363 1405 3522 1460 haud
3553 1407 3636 1461 ita
3668 1405 3796 1476 pri-

2137 1493 2268 1547 dem
2301 1491 2577 1563 opposuit
2607 1492 2942 1548 Baraterius
2974 1493 3110 1564 (92).
3144 1493 3202 1546 Si
3233 1493 3388 1548 enim
3415 1510 3482 1549 ea
3511 1511 3643 1549 cum
3677 1493 3798 1549 Til-

2136 1579 2402 1636 lemontii
2465 1590 2520 1638 et
2578 1581 2825 1637 Corsinii
2854 1581 3080 1654 placitis
3131 1589 3580 1653 componantur,
3604 1600 3695 1640 res
3725 1600 3796 1638 eo

2139 1670 2371 1726 tandem
2391 1671 2700 1726 deducitur
2713 1675 2778 1726 ut
2800 1673 3040 1728 omnino
3060 1673 3324 1729 confecta
3345 1689 3475 1729 esse
3495 1674 3794 1742 videatur;

2059 1791 2101 1856 Β
2145 1776 2208 1813 ac
2242 1759 2480 1828 proinde
2525 1777 2697 1816 nemo
2728 1760 2788 1815 in
2822 1766 3122 1832 posterum
3184 1762 3255 1817 de
3285 1765 3560 1818 Actorum
3628 1764 3794 1834 lgna-
3900 1777 3903 1779 ‘

2132 1848 2279 1902 tiani
2313 1849 2576 1920 martyrii
2611 1850 3105 1921 sinceritatejure
3135 1851 3407 1908 dubitare
3438 1854 3647 1924 possit.

2199 1936 2334 1990 Jam
2362 1953 2491 1992 vero
2534 1939 2604 1991 ad
2655 1954 2783 1992 eam
2821 1939 3224 1996 difficultatem
3261 1942 3628 1996 enodandam
3662 1958 3792 2012 quae

2131 2024 2240 2096 peti
2271 2024 2420 2080 solet
2441 2041 2508 2079 ex
2532 2025 2742 2080 iisdem
2777 2027 2960 2094 Actis,
2987 2027 3087 2082 ubi
3110 2028 3169 2082 S.
3205 2029 3417 2100 Ignatii
3453 2030 3793 2100 martyrium

2129 2114 2510 2186 consignatur
2541 2112 2916 2167 ὑπατευόντων
2948 2115 3095 2188 παρά
3122 2115 3419 2187 Ῥωμαίοις
3492 2116 3639 2189 Σύρα
3694 2118 3787 2170 καὶ

2131 2201 2380 2257 Σενςκίου
2411 2202 2471 2255 τὸ
2533 2199 2806 2276 δεύτερον,
2860 2205 3005 2260 Cass.
3041 2205 3187 2276 apud
3237 2211 3510 2262 Romanos
3562 2206 3706 2260 Sura
3735 2210 3786 2261 et

2127 2290 2421 2348 Senecione
2467 2309 2527 2356 ιι,
2561 2308 2692 2347 cum
2735 2309 2804 2348 ex
2834 2292 3020 2348 Fastis
3052 2298 3276 2349 constet
3307 2294 3440 2366 (93),
3473 2310 3623 2348 anno
3652 2311 3774 2349 aerea

2128 2379 2478 2435 Christianae
2511 2381 2633 2448 107,
2680 2379 3054 2435 Senecionem
3090 2398 3165 2447 IV,
3198 2387 3253 2435 et
3271 2382 3600 2447 Suram.m,
3631 2396 3772 2437 con-

2129 2468 2285 2524 sules
2323 2470 2680 2539 processisse
2713 2484 2726 2533 ;
2760 2469 2924 2538 plura
2969 2475 3176 2540 praeter
3226 2469 3528 2525 Usserium
3563 2469 3784 2540 profert

2129 2558 2614 2614 accuratissimus
2672 2558 3083 2613 Tillemontius
3115 2560 3254 2631 (9:1).
3316 2560 3540 2625 Quibus
3571 2561 3786 2614 addere

2130 2652 2370 2718 praestat
2404 2649 2610 2717 quaein
2643 2653 2899 2702 veterem
2924 2649 3266 2703 earumdem
3298 2654 3579 2704 Actorum
3611 2649 3789 2702 inter-

2131 2741 2354 2808 pretem
2413 2737 2640 2791 erudite
2717 2737 3050 2792 observavit
3106 2739 3317 2809 praesul
3376 2737 3788 2809 amplissimus

2130 2825 2474 2880 Franciscus
2507 2823 2885 2880 Blanchinius
2910 2825 3042 2895 (95).
3097 2825 3312 2881 Verum
3344 2826 3405 2881 in
3438 2826 3532 2880 his
3566 2826 3790 2880 diutius

2129 2914 2448 2980 immorari,
2483 2914 2733 2969 instituti
2760 2915 2944 2969 nostri
2976 2914 3119 2969 ratio
3154 2933 3265 2970 non
3303 2918 3548 2988 patitur.

2199 3003 2304 3059 Hic
2355 3009 2581 3058 tantum
2643 3002 2916 3058 lectorem
2970 3005 3258 3059 monitum
3329 3003 3619 3073 volumus,
3679 3021 3788 3060 nos

2129 3092 2363 3164 quidem
2390 3093 2698 3148 sententia
2722 3109 2754 3146 a
2786 3092 3094 3148 Pearsunio
3126 3091 3377 3164 aliisque
3402 3099 3782 3165 propugnatas

2126 3182 2385 3252 primum
2419 3180 2758 3246 adhaesisse,
2793 3198 2946 3236 anno
2999 3182 3101 3237 116
3130 3182 3408 3252 epistolas
3442 3183 3781 3246 Ignatiauas

2121 3270 2584 3341 illigantes,dum
2607 3268 2739 3325 illas
2775 3270 2927 3341 typis
2961 3271 3330 3326 excudendas
3371 3273 3727 3328 curabamus
3761 3289 3777 3328 :

2120 3363 2226 3418 sed
2257 3379 2318 3417 re
2349 3362 2627 3431 deinceps
2685 3361 2967 3416 attentius
2999 3363 3282 3433 inspecta,
3343 3379 3500 3418 nunc
3531 3365 3772 3420 demum

2121 3451 2363 3508 alteram
2387 3449 2742 3520 sequendam
2777 3450 3068 3519 ducimus,
3103 3452 3580 3522 quandoquidem
3640 3453 3782 3508 vali-

2121 3540 2385 3596 dioribus
2401 3538 2766 3610 argumentis
2785 3539 3129 3594 conﬁrmata
3151 3556 3280 3595 esse
3300 3541 3468 3596 nobis
3499 3541 3730 3596 videtur
3763 3562 3778 3611 ;

2119 3633 2185 3684 ut
2217 3627 2460 3690 proinde
2519 3644 2672 3682 anno
2704 3632 2977 3683 currente
3012 3631 3112 3683 107
3145 3630 3379 3684 easdem
3433 3629 3715 3700 epistolas
3748 3648 3784 3687 a

2121 3719 2178 3775 S.
2219 3719 2442 3789 Ignatio
2467 3718 3101 3788 perscriptas,ejusque
3138 3723 3278 3773 Acta
3313 3720 3578 3791 martyrii
3622 3737 3778 3776 anno

2121 3807 2467 3876 insequente
2503 3806 2600 3858 108
2631 3804 2843 3860 litteris
2872 3806 3148 3862 mandata
3169 3806 3590 3863 existimemus.

2122 3951 2406 4024 Bpiwopp.
2443 3955 2679 4024 Romm.,
2711 3968 2838 4021 cap.
2869 3952 2925 4018 7,
2957 3954 2984 4020 §
3017 3952 3071 4019 4,
3106 3968 3236 4024 pag.
3274 3952 3341 4006 84
3374 3967 3537 4024 seqq.

2216 4023 2303 4090 93)
2335 4021 2616 4094 Alimelov.
2643 4023 2795 4094 Fasti
2823 4039 2982 4088 coss.,
3010 4041 3062 4094 p.
3102 4021 3224 4088 132,
3260 4023 3381 4077 alii.

2214 4094 2305 4164 94)
2335 4093 2564 4148 Tillem.
2612 4093 2750 4149 Hist.
2784 4094 2876 4150 de:
2908 4093 3152 4166 Emper.,
3186 4099 3328 4149 tom.
3363 4095 3436 4160 ΙΙ,
3460 4098 3605 4149 nott.
3643 4109 3779 4161 xvn,

2122 4181 2239 4232 xix,
2274 4181 2448 4235 pagg.
2479 4166 2608 4231 506,
2637 4167 2764 4220 510.

2125 4311 2146 4364 Ι
2194 4239 2329 4377 (gi?)9
2361 4237 2663 4294 Blanchin.
2696 4239 2923 4310 praefat.
2966 4238 3037 4293 ad
3075 4240 3269 4295 Anast.
3307 4237 3595 4305 Biblioth.,
3630 4239 3773 4290 tom.

2157 4350 2171 4377 ,
2335 4349 2349 4362 .

2157 4349 2349 4377 ’δινο
