4112 6132
322 315 437 377 589

1505 309 1609 370 DE
1651 299 2046 370 DOCTRINA
2089 305 2153 366 S.
2199 303 2534 368 IGNATII.

3620 303 3738 364 590

323 436 432 518 (22)
465 445 541 502 ad
570 461 696 500 rem
725 443 1125 501 deﬁniendam
1159 443 1496 516 cogebatur,
1529 441 1688 513 quod
1738 445 1866 496 erat
1894 441 1966 494 ab
2001 441 2049 504 Α
2077 437 2960 510 ministeriiparticipesessent,
2989 452 3164 509 puras
3187 452 3286 492 eas
3301 452 3549 508 corpore
3579 454 3743 509 aque

327 537 623 609 episcopis
657 535 902 606 singulis
933 535 994 588 in
1028 533 1307 588 Ecclesiis
1340 533 1465 587 suis
1513 529 1987 586 convocandum.

327 625 558 681 Fideles
583 640 791 679 omnes
813 628 991 694 atque
1018 623 1127 694 ipsi
1161 620 1490 693 presbyteri
1523 623 1632 690 (23)
1656 625 1715 676 et
1749 620 1983 674 diaconi

329 717 607 786 episcopo
645 712 862 767 subditi
896 717 1087 775 erant,
1147 711 1355 780 illique
1407 725 1614 781 parere
1664 708 1980 763 debebant.

336 802 676 872 Presbyteri
711 803 819 871 (24)
852 818 886 855 a
915 801 1146 854 Christo
1179 799 1431 853 instituti
1465 803 1605 853 sunt
1633 798 1706 853 ad
1757 803 1986 869 aposto-

331 895 522 948 lorum
546 890 862 960 collegium
886 887 1456 960 reprasentandum,
1481 887 1698 958 quibus
1721 903 1840 941 non
1867 903 1986 940 mo-

335 983 406 1037 do
443 981 652 1036 ﬁdeles
686 980 798 1050 (25)
830 978 1126 1050 quoslibet
1151 978 1337 1049 vulgo,
1372 976 1474 1032 sed
1499 982 1555 1030 et
1575 977 1856 1032 diaconos
1876 978 1984 1044 (26)

333 1070 633 1141 subjectos
665 1084 792 1122 esse
821 1071 1072 1138 oportet.
1111 1068 1182 1120 In
1215 1065 1465 1136 epistola
1494 1066 1567 1119 ad
1596 1065 1982 1136 Polycarpum

331 1161 493 1215 varia
525 1161 773 1230 insuper
804 1157 945 1211 boni
971 1155 1229 1227 episcopi
1253 1155 1451 1210 ofﬁcia
1472 1162 1762 1218 recenset,
1795 1171 1984 1226 eaque

328 1248 441 1304 sibi
476 1262 838 1319 magnopere
871 1243 1291 1299 commendata
1320 1243 1560 1311 habere,
1588 1243 1978 1315 Polycarpum

335 1344 481 1393 orat.
518 1339 598 1392 Ne
632 1336 836 1390 eadem
869 1334 960 1389 bis
991 1339 1278 1406 repetam,
1309 1335 1552 1389 consule
1585 1333 1856 1405 analysin
1877 1351 1984 1389 no-

329 1433 517 1481 s’ram
555 1425 821 1496 epistola
855 1423 928 1478 ad
965 1423 1376 1494 Polycarpum.

398 1515 548 1580 Quid
567 1514 638 1568 de
665 1516 943 1568 Romana
965 1511 1236 1566 Ecclesia
1260 1512 1660 1583 pracellentia
1679 1514 1983 1568 censuerit

335 1605 383 1659 S.
425 1603 708 1675 Ignatius,
738 1602 901 1668 satis,
937 1601 996 1655 ni
1055 1600 1250 1664 fallor,
1301 1601 1568 1656 indicant
1615 1592 1701 1653 tot
1747 1616 1815 1654 ac
1862 1605 1984 1655 tam

339 1692 634 1763 magniﬁci
671 1691 842 1754 tituli,
871 1706 1020 1760 quos
1040 1690 1101 1743 in
1131 1689 1428 1744 laudatam
1451 1689 1773 1744 Ecclesiam
1794 1689 1854 1742 in
1878 1704 1986 1744 sua

337 1781 406 1836 ad
441 1783 738 1835 Romanos
760 1778 1013 1849 epistola
1034 1778 1298 1848 congerit
1324 1781 1458 1846 (27).
1491 1779 1648 1832 Hanc
1665 1775 1985 1849 prasidere
2023 1813 2064 1877 Β

255 1886 261 1890 ·
337 1869 518 1941 (haud
543 1868 719 1923 dubie
743 1867 1021 1921 omnibus
1045 1865 1338 1934 ﬁdelibus)
1364 1867 1422 1920 in
1439 1867 1549 1921 hoc
1571 1865 1778 1920 eodem
1805 1881 1990 1936 proa-

337 1960 452 2012 mio
487 1959 577 2012 bis
611 1955 893 2018 afﬁrmat,
931 1954 1088 2026 quod
1125 1955 1197 2009 de
1237 1955 1396 2010 nulla
1445 1955 1561 2010 alia
1612 1955 1872 2010 Ecclesia
1917 1971 1990 2009 ex

347 2047 419 2100 iis
444 2045 518 2100 ad
549 2061 696 2115 quas
727 2044 953 2109 scribit,
985 2044 1206 2097 dixisse
1238 2044 1549 2114 reperitur.

405 2137 470 2188 In
503 2133 967 2188 salutationibus
997 2133 1290 2203 virginum
1324 2132 1598 2186 meminit
1622 2133 1733 2203 (28)
1755 2148 1888 2203 qua
1917 2133 1992 2186 vi-

336 2225 465 2278 dua
515 2222 898 2276 vocabantur.
953 2223 1135 2277 Erant
1199 2223 1288 2275 ha
1347 2221 1718 2289 diaconissa,
1777 2221 1991 2292 quibus

336 2329 575 2383 semper
606 2310 919 2365 viduarum
951 2326 1171 2365 nomen
1204 2310 1459 2364 inditum
1491 2311 1623 2376 fuit,
1676 2327 1778 2364 seu
1833 2311 1992 2381 quod

338 2403 695 2474 plerumque
727 2414 932 2454 revera
962 2398 1152 2453 vidua
1184 2405 1400 2454 essent.
1435 2415 1539 2453 seu
1573 2399 1728 2468 quod
1761 2415 1860 2453 eas
1912 2401 1994 2453 ita

341 2489 573 2560 appella
585 2489 684 2541 ndi
711 2488 974 2557 mosjam
989 2486 1548 2557 obtinuisset,idque
1567 2485 1706 2540 inde
1727 2486 1994 2541 fortassis

343 2579 675 2652 profectum
707 2581 814 2643 est,
851 2575 1010 2646 quod
1041 2591 1176 2630 cum
1199 2575 1392 2646 aliquo
1410 2580 1580 2645 pacto
1608 2575 1992 2630 ecclesiastici

426 2705 537 2774 (22)
560 2727 583 2752 α
610 2701 1120 2769 Quemadmodum
1145 2701 1919 2774 Ecclesia,quaAntiochia:
1939 2702 1999 2755 in

359 2771 531 2845 Syria
549 2779 652 2839 est,
680 2790 882 2845 pacem
919 2779 1120 2845 nacta;
1250 2772 1418 2826 decet
1448 2771 1516 2845 in
1543 2788 1632 2838 eo,
1661 2771 2001 2845 beatissime

359 2844 712 2915 Polycarpe’!
749 2844 1070 2899 concilium
1102 2860 1308 2915 cogere
1340 2845 1458 2897 Deo
1489 2844 1998 2908 decentissimum,

355 2923 411 2971 et
432 2904 665 2987 eligere,
698 2917 744 2971 si
770 2932 948 2985 quem
973 2904 1355 2987 vehementer
1376 2915 1656 2987 dilectum
1682 2915 1910 2969 habetis
1934 2904 2002 2970 ac

351 2986 688 3060 impigrum,
740 2988 839 3060 qui
892 2988 1111 3060 poterit
1157 2986 1388 3040 divinus
1441 2986 1998 3060 appellari_cursor,

349 3057 637 3129 illumque
661 3076 727 3113 e0
750 3057 980 3130 dignari
1004 3058 1248 3130 honore,
1266 3064 1328 3112 ut
1353 3057 1651 3128 profectus
1670 3057 1732 3130 in
1749 3057 1998 3130 Syriam,

385 3127 639 3184 loriticet
671 3127 981 3201 impigram
1006 3127 1361 3184 charitatem
1379 3135 1630 3183 vestram
1663 3127 1735 3183 ad
1757 3127 2005 3199 gloriam

348 3149 639 3257 ςοτιιιορι
671 3149 981 3201 impigram
1006 3149 1231 3183 cnarua

401 3203 475 3255 ei.
518 3224 546 3250 ››
581 3201 667 3255 Ad
701 3200 1030 3271 Polycarp.,
1064 3217 1113 3254 c.
1149 3205 1233 3253 77.

427 3273 540 3342 (23)
596 3293 624 3322 ‹‹
659 3273 876 3326 Omnes
930 3272 1274 3342 episcopum
1329 3271 1670 3340 sequimini,
1727 3275 1791 3324 ut
1839 3272 2006 3325 Jesus

354 3345 626 3400 Christus
645 3345 901 3397 Patrem.
932 3363 955 3392 υ
983 3342 1062 3397 Ad
1094 3345 1350 3412 Smyrn.,
1382 3359 1431 3396 c.
1466 3343 1518 3397 8.
1547 3373 1614 3381 —
1641 3363 1669 3390 «
1704 3343 1881 3396 Decet
1909 3359 2008 3396 vos

353 3416 414 3470 in
447 3414 712 3486 episcopi
739 3414 1099 3486 sententiam
1123 3412 1754 3486 concur_rere,_quod_et
1773 3412 1968 3486 facitis
1991 3430 2004 3478 ;

359 3483 501 3565 nam
521 3483 906 3538 memorabile
920 3491 1176 3565 vestrum
1196 3484 1625 3565 presbyterium
1639 3483 1880 3565 dignum
1892 3485 2006 3538 Deo

360 3558 440 3611 ita
472 3561 810 3626 coaptatum
843 3561 932 3609 est
961 3554 1260 3626 episcopo,
1293 3561 1358 3609 ut
1397 3554 1631 3626 chorda
1680 3554 1941 3610 cithara.
1977 3577 2004 3604 »

362 3629 447 3682 Ad
479 3625 715 3697 Ephes..
748 3644 798 3682 c.
830 3628 884 3681 4.
917 3656 983 3667 -
1004 3625 1042 3676 “‹‹
1071 3625 1360 3681 DeCetvos
1382 3625 1710 3680 secundum
1731 3627 2005 3681 virtutem

360 3699 461 3754 Dei
491 3699 681 3753 Patris
705 3715 943 3752 omnem
968 3698 1258 3768 impertiri
1276 3698 1552 3768 episcopo
1575 3698 1965 3752 reverentiam
1990 3714 2002 3765 ;

362 3769 865 3849 quemadmodum
898 3769 1031 3849 novi
1073 3774 1307 3849 sanctos
1364 3768 1555 3849 facere
1607 3768 2004 3849 presbyteros,

359 3839 478 3896 non
512 3840 896 3912 respicientes
927 3839 1000 3912 ad
1031 3839 1744 3912 apparentemjuvenilem
1767 3839 2006 3912 ordina-

357 3911 732 3973 tionem,sed
753 3917 818 3965 ut
840 3911 1160 3980 prudentes
1185 3912 1244 3964 in
1270 3912 1385 3964 Den
1409 3911 1688 3964 cedentes
1720 3911 1852 3981 ipsi,
1885 3927 2006 3965 non

359 3985 470 4054 ipsi
503 3989 724 4054 autem,
775 3982 878 4036 sed
909 3982 1065 4036 Patri
1110 3984 1246 4036 .Iesu
1295 3982 1510 4035 Christi
1569 3983 1839 4054 omnium
1889 3983 2008 4052 epi-

360 4053 557 4124 scopo.
583 4075 609 4103 »
632 4053 718 4108 Ad
740 4055 1015 4124 Magnes.,
1046 4069 1094 4106 ς.
1121 4055 1171 4106 3.
1188 4083 1254 4092 ---
1277 4054 1454 4124 Decet
1471 4053 1736 4122 singulos
1751 4059 2007 4108 vestrum

361 4132 418 4180 et
452 4123 747 4196 praecipue
779 4123 1155 4194 presbyteros
1182 4123 1535 4196 irefocillare
1567 4125 1910 4196 episcopum
1945 4124 2007 4196 in

361 4199 649 4320 lionﬁrem
684 4195 871 4319 Pgtris
901 4197 1038 4249 Jesu
1059 4195 1294 4260 Christi,
1325 4195 1827 4266 etapostolorum.
1865 4217 1891 4245 »
1920 4195 2006 4249 Ad

410 4286 471 4320 ra
529 4309 565 4320 ..
600 4284 650 4320 c.
761 4305 772 4318 .

363 4269 565 4335 Trall.,
600 4284 650 4321 c.
689 4269 772 4319 12.

433 4341 543 4407 (24)
578 4359 608 4388 ‹‹
641 4338 902 4409 lgnatius
932 4336 1282 4409 Ecclesia...
1315 4354 1446 4406 qua
1466 4343 1555 4392 est
1584 4337 2006 4409 Philadelphia

2095 532 2272 597 atque
2305 527 2503 582 animo
2535 543 2663 582 esse
2695 533 3013 599 Oporteret.

2169 632 2223 686 S.
2258 632 2517 703 lgnatius
2549 637 2836 702 quantum
2868 644 2902 686 a
2932 633 3248 687 schismate
3279 637 3339 686 et
3366 633 3579 688 haresi
3635 633 3744 690 ab—

2093 719 2384 788 horreret,
2418 721 2678 791 apertius
2709 720 3004 791 explicare
3035 737 3153 774 non
3184 726 3418 790 poterat
3458 738 3636 791 quam
3669 721 3741 777 ab

2095 808 2194 862 illo
2224 809 2356 863 istis
2387 809 2582 864 verbie
2605 810 2935 880 prastitum
2957 815 3048 864 est
3067 809 3196 879 (29).
3229 810 3287 863 Si
3319 810 3452 879 quis
3484 810 3744 867 schisma

2094 897 2411 952 facientem
2437 898 2883 965 sectatur,regni
2909 898 3006 952 Dei
3030 898 3437 953 hareditatem
3460 915 3580 954 non
3601 916 3745 955 con-

2097 987 2398 1056 sequitur;
2434 987 2478 1040 si
2513 986 2647 1056 quis
2678 987 2737 1039 in
2771 986 2968 1040 aliena
2997 987 3291 1041 sententia
3315 987 3599 1052 ambulat,
3630 989 3741 1044 iste

2093 1075 2353 1144 passioni
2376 1091 2496 1128 non
2516 1075 2832 1130 consentit.
2865 1075 2994 1129 Alio
3027 1075 3156 1130 loco
3191 1075 3443 1130 haresin
3473 1077 3587 1147 (30)
3617 1093 3744 1132 ma-

2095 1163 2270 1216 ximis
2295 1163 2648 1218 criminibus
2669 1163 2917 1233 confert,
2939 1165 3138 1234 aitque
3163 1180 3322 1227 eum,
3346 1166 3447 1235 qui
3465 1165 3742 1222 Ecclesia

2095 1250 2275 1306 ﬁdem
2307 1253 2655 1323 corrumpit,
2693 1252 2854 1307 velut
2883 1269 3016 1307 eum
3051 1253 3150 1323 qui
3183 1259 3522 1308 novatorem
3559 1255 3743 1326 audit,

2103 1339 2345 1394 aternis
2377 1340 2612 1410 ignibus
2639 1357 2767 1395 esse
2799 1340 3282 1396 excruciandum.
3317 1342 3380 1395 In
3432 1358 3500 1396 ea
3543 1348 3742 1399 tamen

2096 1428 2376 1498 opinione
2390 1445 2509 1483 non
2534 1429 3028 1493 erat,schismatis
3043 1435 3101 1483 et
3121 1430 3748 1508 haresispeccata(3l)

2095 1517 2317 1570 remitti
2349 1533 2470 1571 non
2501 1533 2694 1588 posse,
2729 1517 3062 1587 fateturque
3090 1518 3150 1570 in
3172 1519 3540 1585 universum,
3561 1521 3748 1575 Deum

2097 1604 2210 1675 (32)
2246 1605 2319 1659 iis
2346 1605 2623 1660 omnibus
2655 1621 2916 1676 parcere,
2950 1607 3049 1676 qui
3082 1623 3187 1676 per
3235 1607 3528 1663 sinceram
3561 1609 3750 1680 pani-

2100 1692 2346 1748 tentiam
2381 1693 2756 1762 resipiscant,
2813 1698 2990 1764 atque
3047 1694 3118 1748 ad
3163 1694 3439 1750 Ecclesia
3487 1697 3746 1770 episcopi

2097 1779 2583 1835 communionem
2614 1779 2881 1835 redeant.

2171 1868 2268 1922 Ait
2297 1875 2585 1940 praterea
2615 1870 2725 1937 (33.
2788 1870 2842 1922 S.
2902 1870 3162 1941 Ignatius
3203 1871 3402 1926 Jesum
3451 1872 3748 1929 Christum

2100 1957 2420 2027 prophetas
2459 1973 2492 2012 a
2523 1957 2773 2012 mortuis
2804 1958 3145 2025 suscitasse,
3177 1959 3336 2028 quod
3367 1976 3503 2014 eum
3535 1962 3594 2014 in
3627 1962 3748 2033 spi-

2099 2046 2218 2100 ritu
2248 2051 2713 2116 exspectassent,
2747 2052 2922 2116 atque
2957 2047 3115 2101 velut
3145 2047 3446 2102 doctorem
3478 2054 3536 2103 et
3565 2051 3751 2122 magi-

2101 2140 2287 2189 strum
2306 2151 2480 2190 suum
2505 2135 2880 2200 habuissent;
2907 2135 3185 2190 eumdem
3199 2136 3449 2205 januam
3469 2153 3618 2206 esse,
3643 2155 3749 2210 per

2102 2238 2280 2292 quam
2311 2223 2421 2292 (34)
2455 2223 2574 2276 itur
2603 2223 2675 2276 ad
2704 2225 2962 2289 Patrem,
2992 2227 3050 2276 et
3069 2239 3174 2293 per
3195 2239 3372 2292 quam
3394 2225 3747 2294 patriarcha

2103 2316 2161 2366 et
2189 2312 2491 2381 propheta
2525 2311 2865 2376 subierunt,
2897 2316 2956 2364 et
2985 2327 3170 2364 unum
3199 2327 3414 2382 corpus
3459 2331 3565 2384 per
3592 2314 3755 2385 ejus-

2103 2401 2237 2454 dem
2256 2400 2395 2454 ﬁdei
2411 2399 2699 2454 unitatem
2718 2402 3368 2470 componerent.lpsum
3388 2419 3624 2474 quoque
3641 2405 3753 2476 (35)

2106 2489 2365 2555 efﬁcere,
2386 2494 2450 2542 ut
2469 2488 2741 2542 homines
2762 2489 3020 2557 peccatis
3042 2489 3280 2542 obnoxii
3313 2499 3751 2548 convertantur.

2115 2576 2361 2631 Videtur
2391 2593 2629 2646 quoque
2661 2576 2714 2629 S.
2749 2580 2974 2647 martyr
2993 2577 3384 2645 existimasse,
3417 2587 3754 2636 sanctarum

2111 2702 2288 2782 digna
2319 2701 2555 2782 decore,
2589 2701 2786 2772 digna,
2821 2718 2952 2782 qua
2983 2702 3153 2757 beata
3174 2703 3547 2782 pradicetur,
3582 2707 3758 2779 digna

2111 2773 2306 2855 laude,
2343 2772 2542 2855 digna,
2579 2789 2710 2855 qua
2743 2772 3294 2855 voticompos-ﬁat2
3347 2776 3520 2855 digne
3573 2772 3755 2855 casta,

2111 2845 2397 2899 charitate
2430 2843 2799 2914 praecellens,
2833 2843 3047 2898 Christi
3068 2846 3330 2901 ctPatris
3348 2843 3588 2903 no'mine
3612 2843 3757 2906 insi;

2111 2917 2312 2986 gnita;
2347 2932 2525 2985 quam
2552 2921 2610 2968 et
2645 2915 2967 2986 amplector
3014 2916 3073 2969 in
3108 2917 3348 2972 nomine
3378 2919 3513 2974 Jesu
3542 2920 3756 2977 Christi

2115 2987 2244 3042 Filii
2277 2987 2532 3057 Patris...
2569 3008 2596 3034 »
2632 2987 2763 3041 lnit.
2797 2987 2966 3057 epist.
3003 2987 3076 3041 ad
3099 2989 3344 3044 Roman.

2185 3059 2294 3128 (28)
2343 3081 2370 3108 «
2405 3056 2718 3112 Saluto.....
2783 3056 3032 3129 virgines
3081 3064 3312 3114 vocatas
3361 3060 3640 3117 viduas.»
3672 3064 3757 3119 Ad

2117 3131 2371 3200 Smyrn.,
2398 3146 2454 3200 7c.
2491 3129 2576 3200 13.

2185 3198 2294 3269 (29)
2327 3199 2415 3254 Ad
2443 3198 2835 3270 Philadelph.,
2869 3215 2900 3252 c
2954 3200 3006 3254 3.

2184 3273 2297 3341 (30)
2327 3294 2354 3321 ‹‹
2390 3273 2467 3325 Ne
2501 3269 2734 3334 erretis,
2776 3269 2986 3341 fratres
3017 3272 3154 3333 mei,
3188 3271 3542 3331 feminarum
3567 3294 3760 3334 corru-

2114 3340 2313 3414 ptOres
2345 3359 2590 3414 regnum
2625 3341 2725 3394 Dei
2758 3358 2876 3414 non
2911 3340 3364 3400 hareditabunt.
3399 3347 3454 3400 Si
3489 3354 3684 3402 autem
3718 3350 3757 3403 ii

2115 3411 2214 3493 qui
2239 3411 2562 3493 secundum
2587 3427 2825 3493 carnem
2845 3411 2970 3493 hac
2997 3415 3220 3493 operati
3247 3422 3604 3493 sunt,_morte
3623 3425 3760 3474 sunt

2114 3483 2306 3540 aﬁ‘ecti
2336 3503 2349 3552 ;
2383 3490 2603 3555 quanto
2637 3483 2844 3555 magis,
2875 3483 2922 3536 si
2950 3483 3082 3557 quis
3112 3485 3292 3540 ﬁdem
3327 3488 3423 3541 Dei
3456 3505 3631 3557 prava
3661 3491 3758 3545 do-

2115 3557 2305 3610 ctrina
2334 3559 2691 3624 corrumpat,
2722 3571 2827 3625 pro
2871 3571 2987 3621 qua
3031 3556 3198 3610 Jesus
3247 3556 3514 3614 Christus
3563 3562 3757 3616 cruci.

2115 3628 2265 3682 ﬁxus
2289 3627 2414 3681 est?
2445 3626 2577 3680 talis
2601 3625 2944 3697 inquinatus
2970 3625 3157 3679 factus
3181 3627 3239 3680 in
3263 3627 3456 3697 ignem
3476 3631 3759 3687 inexstin-

2113 3698 2393 3764 guibilem
2426 3697 2569 3760 ibit;
2604 3696 2880 3750 similiter
2905 3702 2962 3749 et
2993 3697 3091 3766 qui
3143 3696 3309 3752 audit
3359 3700 3572 3769 ipsum.
3611 3725 3637 3751 ι»
3669 3704 3757 3759 Ad

2114 3770 2350 3822 Enhes..
2383 3785 2434 3822 c.
2470 3771 2553 3822 16.

2114 3771 2350 3836 Ερῒιθδ.,
2383 3785 2434 3822 c.
2470 3771 2553 3822 16.

2203 3787 2323 3823 nes.
2383 3787 2434 3822 c.
2470 3787 2553 3822 ιο.

2160 3787 2289 3910 I)(31)
2322 3811 2350 3888 (ἶ
2379 3837 2713 3910 Pramunio
2745 3855 2844 3892 vos
2875 3842 3084 3910 contra
3112 3838 3266 3894 feras
3287 3841 3610 3900 humanam
3635 3845 3756 3901 for-

2113 3909 2270 3988 mam
2339 3909 2807 3988 praseferentes‘
2856 3909 3158 3979 (haereticos
3232 3912 3553 3988 insectatur,
3623 3933 3758 3988 quos

2114 3984 2493 4056 Phantasticos
2524 3981 2833 4056 vocabant),
2859 3996 3007 4056 quos
3030 3996 3149 4056 non
3181 3983 3371 4037 solum
3400 3981 3757 4056 oportet-vos

2114 4070 2236 4126 non
2267 4053 2551 4126 recipere,
2586 4051 2707 4113 sed,
2743 4051 2789 4104 si
2824 4050 3104 4126 possibile
3138 4058 3246 4119 est,
3280 4050 3472 4126 neque
3527 4058 3759 4114 obviam

2115 4124 2356 4196 ﬁerieis
2382 4121 2620 4196 {solum
2651 4137 2785 4174 vero
2819 4121 3096 4196 pro_ips_is
3128 4140 3318 4196 orare,
3352 4121 3400 4180 si
3462 4131 3759 4196 quomodo

2155 4193 2522 4249 mnitentiam
2554 4198 2748 4264 agant,
2784 4191 2953 4264 quod
2984 4191 3305 4264 admodum
3357 4191 3603 4255 difﬁcile
3649 4208 3758 4256 est.

2164 4266 2300 4335 ujus
2333 4270 2528 4320 autem
2557 4262 2909 4335 potestatem
2941 4262 3117 4318 habet
3147 4267 3316 4320 Jesus
3338 4269 3601 4327 Christus
3625 4289 3764 4328 vera

2117 4344 2321 4392 nostra
2349 4336 2483 4390 vita.
2512 4358 2533 4386 ι
2566 4335 2652 4388 Ad
2686 4336 3022 4406 Smyrn.,c.
3057 4337 3108 4390 4.
3149 4359 3170 4384 α
3210 4338 3312 4392 Ubi
3346 4339 3558 4398 divisio
3577 4350 3685 4406 est,
3707 4350 3765 4400 et

366 4411 424 4464 in
444 4401 868 4490 'As'ia...v_quam
902 4408 1093 4490 saluto
1125 4408 1186 4461 in
1221 4401 1508 4488 sanguine
1535 4410 1672 4490 Jesu
1723 4401 2003 4489 Christi...
2041 4401 2084 4465 D
2117 4410 2224 4490 ira,
2260 4407 2525 4490 Deus
2557 4401 2802 4490 minime
2837 4405 3078 4486 habitat.
3115 4409 3402 4490 Omnibus
3433 4413 3612 4490 igitur
3640 4401 3765 4486 ρὰ)-

365 4482 622 4536 maxime
645 4481 693 4534 si
719 4497 903 4535 unum
935 4479 1055 4551 sint
1074 4495 1208 4533 cum
1239 4479 1538 4551 episcopo,
1564 4487 1624 4534 et
1653 4479 1752 4550 qui
1778 4495 1913 4534 cum
1937 4497 2006 4534 eo

367 4551 918 4632 suum-presbyteris
941 4556 998 4604 et
1017 4549 1625 4632 diaconis’designatis
1652 4549 1757 4632 per
1778 4557 2008 4632 senten-

367 4625 507 4678 tiam
529 4621 666 4678 Iesu
687 4623 927 4683 Christi,
955 4638 1101 4690 quos
1124 4621 1455 4676 secundum
1479 4621 1778 4692 propriam
1804 4621 2010 4676 volun-

364 4701 546 4749 tatem
587 4710 754 4748 suam
796 4693 1050 4748 ﬁrmavit
1080 4693 1139 4764 in
1183 4693 1517 4764 stabilitate
1571 4709 1676 4764 per
1727 4693 2012 4762 Spiritum

366 4782 560 4844 suum.
597 4785 624 4814 ››
657 4765 790 4844 luit.
824 4763 1104 4844 epistzad
1134 4763 1506 4844 Philadelph.
1539 4763 1608 4804 4
1653 4786 1680 4814 «
1708 4764 1920 4844 Hortor
1951 4764 2012 4844 in

369 4837 469 4892 Dei
500 4834 819 4891 concordia
857 4834 1060 4890 omnia
1110 4851 1282 4906 agere
1331 4834 1607 4906 episcopo
1658 4835 2012 4906 prasidente

370 4909 472 4962 Dei
505 4907 660 4971 loco,
692 4912 750 4962 et
778 4905 1302 4978 presbyteris’loco
1333 4905 1576 4962 senatus
1618 4905 1948 4978 apostolici.
1985 4927 2012 4955 ››

369 4979 460 5033 Ad
494 4980 773 5050 Magnes.,
805 4995 941 5050 cap.
965 4980 1018 5032 6.

441 5052 552 5118 (25)
581 5047 609 5100 «ἱ
643 5047 1054 5120 Necessarium
1085 5052 1193 5120 est,
1253 5052 1320 5120 ut
1367 5048 1500 5120 sine
1545 5047 1821 5120 episcopo
1863 5047 2016 5102 nihil

371 5121 580 5192 agatis,
614 5120 716 5175 sed
748 5127 806 5175 et
836 5119 1202 5192 presbyterio
1234 5119 1453 5174 subditi
1487 5120 1680 5192 sitis...
1706 5119 1903 5192 cuncti
1927 5135 2018 5192 _r_e-

371 5139 580 5192 agatis,
614 5139 716 5175 seu
748 5139 806 5175 Θῐ
878 5139 1202 5189 Γεεογιθΐιο
1234 5139 1453 5174 διωαιιι
1487 5139 1680 5175 suis...
1706 5139 1903 5174 CUIICU
1933 5139 2016 5173 ΓΘ·

370 5139 1168 5316 νθτθαὲιιιῖτ3ρτθεὲγιθΐοε,αῑ
1183 5207 1526 5246 consessum
1540 5191 1663 5246 Dei.
1675 5212 1701 5238 »
1717 5190 1804 5245 Ad
1816 5189 2016 5257 Trall.,

373 5279 500 5316 can.
597 5279 627 5316 e
719 5305 728 5314 .

373 5279 500 5334 cap.
535 5268 567 5316 2
597 5268 656 5316 et
679 5268 728 5316 3.

441 5332 553 5405 (26)
585 5361 612 5383 ι.
644 5333 878 5389 Utinam
895 5334 1060 5388 fruar
1079 5333 1319 5405 Sotione
1344 5332 1721 5403 diacono,qui
1747 5332 2020 5405 subditus

372 5411 463 5477 est
495 5401 794 5477 episcopo,
826 5410 892 5460 ut
919 5406 1120 5477 gratia
1154 5404 1277 5470 Dei,
1310 5410 1368 5460 et
1395 5401 1762 5476 presbyterio
1793 5409 1858 5459 ut
1910 5401 2020 5475 legi

370 5476 507 5531 Jesu
540 5476 779 5530 Christi.
816 5498 843 5549 ξ)
875 5476 963 5532 Ad
994 5479 1273 5549 Magnes”
1306 5492 1431 5549 cap.
1472 5479 1520 5530 1.

445 5548 558 5616 (27)
587 5569 612 5597 ‹‹
646 5547 975 5618 Ignatius...
1012 5545 1288 5603 Ecclesia
1320 5545 1550 5618 dilecta
1583 5551 1641 5600 et
1671 5545 2023 5600 illuminata

378 5618 439 5673 in
459 5617 761 5674 voluntate
791 5621 941 5689 ejus,
961 5619 1058 5688 qui
1090 5618 1214 5673 vult
1243 5617 1459 5681 omnir,
1490 5623 1648 5674 etc...
1683 5633 1813 5689 qua
1845 5617 2023 5671 etiam

377 5689 659 5762 praesidet
688 5689 747 5744 in
781 5690 910 5744 loco
941 5689 1195 5759 regionis
1226 5692 1646 5759 Romanorum,
1678 5689 1855 5761 digna
1881 5689 2000 5745 Deo

2122 4479 2449 4534 nitentibus
2473 4477 2723 4550 remittit
2743 4477 2919 4536 Deus.
2943 4477 2991 4530 si
3011 4479 3366 4550 resipiscant
3388 4477 3765 4543 inuunita'tem

2125 4551 2249 4615 Dei,
2284 4556 2369 4674 8et
2427 4549 2686 4620 episcopi
2742 4549 3172 4605 consessum}:
3234 4553 3316 4608 Ad
3373 4555 3765 4630 Philadelph.,

2125 4639 2250 4674 can.
2326 4662 2338 4673 .

2125 4639 2250 4678 CBD.
2284 4639 2338 4674 δ.

2197 4639 2368 4760 ῗ32ῗλ(
2402 4693 2470 4744 Et
2500 4706 2550 4744 c.
2587 4692 2653 4743 3:
2685 4690 2982 4760 Quotquot
3009 4692 3354 4760 panitentia
3404 4695 3563 4752 ducti
3609 4699 3771 4754 redi-

2127 4768 2304 4819 erunt
2331 4761 2407 4834 ad
2437 4761 3050 4834 unitatemiEcclesia,
3084 4768 3142 4816 et
3171 4764 3270 4818 isti
3299 4767 3402 4820 Dei
3451 4775 3660 4834 erunt;
3704 4774 3772 4824 ut

2129 4833 2455 4890 secundum
2484 4834 2682 4887 Jesum
2714 4832 3014 4888 Christum
3033 4834 3244 4888 vivant.
3280 4856 3308 4885 ››

2198 4907 2309 4972 (33)
2330 4904 2522 4977 «Ejus
2545 4903 2760 4977 Christi
2776 4905 3077 4974 propheta
3101 4903 3374 4975 discipuli
3399 4923 3532 4963 cum
3549 4915 3768 4977 essent,

2128 4977 2341 5052 spiritu
2364 4973 2558 5052 ipsum
2579 4973 2961 5052 utdoctore’m
2988 4973 3407 5052 exspecta—bant
3423 4995 3449 5052 :7
3463 4973 3773 5052 etpropter

2131 5045 2240 5102 hoc
2261 5045 2515 5116 is.quem
2533 5045 2693 5115 juste
2710 5046 3227 5114 prastotabantur,
3246 5045 3565 5105 adveniens
3579 5045 3771 5109 susci-

2133 5119 2273 5173 tavit
2301 5118 2463 5191 ipsos
2495 5132 2565 5170 ex
2595 5116 2864 5191 mortuis.
2900 5138 2929 5165 ››
2962 5117 3046 5191 Ad
3076 5119 3355 5187 Magnes.,
3385 5137 3512 5191 cap.
3547 5126 3600 5176 9.

2204 5187 2374 5259 (34)‹‹
2409 5189 2536 5258 Ipse
2565 5191 2654 5240 est
2673 5187 2860 5259 janua
2885 5188 3092 5246 Patris.
3118 5205 3224 5259 per
3245 5206 3420 5259 quam
3441 5187 3776 5259 ihgrediun~

2135 5255 2230 5316 tur
2260 5255 2576 5336 Abraham,
2611 5261 2693 5336 et_
2722 5255 2903 5336 Isaac.
2939 5263 2999 5336 et
3025 5255 3223 5336 Jac:ob_,
3255 5255 3314 5314 et
3360 5255 3683 5336 propheta,
3719 5269 3777 5320 et

2135 5330 2617 5403 apostoli,_atqu_e
2649 5326 2926 5403 Ecclesia.
2961 5329 3172 5385 Omnia
3201 5330 3328 5386 hac
3360 5326 3440 5388 ad
3471 5326 3776 5393 anitatem

2137 5397 2255 5458 D'ei.
2291 5423 2320 5452 »
2355 5401 2441 5456 Ad
2472 5397 2862 5469 Philadelph.,
2897 5415 3024 5469 cap.
3059 5404 3113 5456 9.

2209 5475 2320 5546 (³⁵)
2346 5495 2373 5523 “
2398 5470 3068 5560 O‘Z“t¢,,_(PE°_h.‘Er9§iPi?)
3094 5473 3463 5560 ἓὲἐέαρπηοάρ
3487 5481 3781 5560 Ρατὲηίιθῐν

2140 5540 2282 5622 tiam
2314 5547 2510 5622 agant,
2530 5541 2697 5622 quod
2729 5540 3056 5622 admodum
3079 5540 3320 5622 difficile
3351 5553 3460 5613 est,
3486 5540 3664 5622 hujus
3684 5569 3784 5608 au-

2140 5621 2258 5671 tem
2291 5611 2644 5686 potestatem
2675 5611 2855 5668 habet
2883 5614 3050 5670 Jesus
3081 5615 3348 5674 Christus
3395 5611 3531 5679 vera
3565 5611 3782 5679 "nostra

2139 5687 2277 5748 vita.
2294 5685 2342 5738 ὅ)
2381 5685 2470 5744 Ad
2500 5685 2759 5759 Smyrn.,
2787 5700 2916 5759 cap.
2948 5686 3002 5742 4.
