4112 6132
395 353 512 414 593

1579 351 1679 411 DE
1726 344 2127 410 DOCTBINA
2169 345 2232 405 S.
2280 342 2603 404 IGNATII.

3685 339 3806 398 594

391 488 681 542 sationem
714 487 815 540 Dei
849 503 920 541 ex
947 486 1175 540 semine
1206 485 1462 553 Davidis,
1494 501 1562 538 ex
1592 483 1813 554 Spiritu
1845 485 2042 536 autem
2072 480 2127 546 Α
2156 477 2379 532 sulsam
2411 475 2874 547 propositionem
2907 473 3248 544 assignabit.
3283 473 3578 526 Praeterea
3616 471 3666 527 si
3695 470 3802 528 da-

392 581 619 631 sancto.
648 598 674 624 »
699 577 763 630 In
789 575 996 631 eadem
1030 575 1302 647 epistola,
1329 591 1378 628 c.
1411 575 1506 628 19:
1531 568 1664 626 Θεοῦ
1693 567 2044 642 ἀνθρωπίνως

390 662 795 737 φανερουμένου
830 663 906 724 εἷς
933 664 1230 732 καινότητα
1259 659 1436 716 ἀϊδίου
1481 666 1646 730 ζωῆς.
1705 682 1733 710 ‹‹
1768 662 1883 714 Deo
1933 660 2048 714 hu-

389 755 654 809 manitus
675 753 757 818 (id
780 760 869 808 est
890 755 951 808 in
967 754 1437 822 humanacarne)
1462 750 1840 806 manifestato
1861 749 1919 802 in
1937 765 2042 802 no-

391 844 634 899 vitatem
663 844 794 897 vita:
826 849 1084 898 mternaa.
1119 865 1146 892 η
1201 847 1266 896 Et
1309 859 1360 896 c.
1401 844 1470 895 20
1503 858 1515 896 :
1573 862 1598 890 υ
1629 841 1768 894 Jesu
1811 838 2041 892 Christo

390 932 721 988 secundum
753 949 995 988 carnem
1027 950 1097 987 ex
1128 949 1341 1003 genere
1376 929 1634 994 Davidis,
1666 928 1813 984 Filio
1850 928 2041 981 homi-

391 1022 502 1089 nis,
541 1026 600 1076 et
629 1021 776 1076 Filio
807 1022 932 1089 Dei,
967 1044 994 1070 »
1026 1024 1102 1090 τῷ
1135 1020 1242 1090 Titii
1274 1018 1586 1092 ἀνθρώπου,
1617 1017 1705 1070 καὶ
1740 1016 1851 1086 Υἱῷ
1881 1019 2039 1072 Θεοῦ.

387 1112 451 1166 In
475 1111 865 1182 inscriptione
891 1110 1152 1182 epistelaa
1179 1110 1252 1165 ad
1279 1113 1574 1164 Romanos
1591 1109 1756 1162 Jesus
1771 1106 2040 1161 Christus

388 1201 477 1254 bis
509 1200 538 1252 ὁ
569 1199 700 1258 Θεὸς
729 1200 918 1271 ἡμῶν,
952 1222 979 1249 ‹‹
1013 1201 1166 1254 Deus
1198 1205 1402 1254 noster
1435 1221 1462 1247 »
1495 1197 1846 1269 appellatur.
1879 1197 1948 1249 Et
1977 1194 2038 1248 in

387 1289 515 1361 ipsa
545 1289 798 1360 epistola
828 1288 940 1361 (49)
975 1289 1101 1343 ιιωο
1133 1288 1465 1343 habentur:
1490 1308 1513 1338 (ι
1537 1289 1678 1341 Nam
1701 1286 1868 1340 Jesus
1883 1283 2040 1338 Chri-

386 1382 507 1432 stus
538 1378 694 1432 Deus
724 1382 928 1432 noster
949 1377 1010 1431 in
1033 1378 1204 1432 Patre
1224 1377 1482 1431 existens
1505 1375 1690 1447 magis
1712 1379 1975 1445 apparet.
2009 1394 2037 1421 »

387 1466 714 1536 Epistolam
747 1465 819 1521 ad
839 1465 1175 1537 Smyrnaaos
1206 1466 1299 1521 his
1328 1465 1524 1520 verbis
1544 1463 1882 1518 exorditur:
1911 1462 2039 1517 Glo-

386 1553 550 1608 riﬁco
583 1555 781 1608 Jesum
819 1554 1117 1608 Christum
1152 1555 1337 1608 Deum
1367 1552 1477 1621 (τὸν
1537 1551 1690 1622 Θεὸν)
1739 1573 1766 1601 ‹‹
1803 1551 1901 1621 qui
1953 1550 2038 1604 sic

383 1659 482 1698 vos
514 1642 812 1714 sapientes
844 1643 1006 1698 facit.
1043 1665 1070 1691 »
1093 1642 1208 1698 Sed
1230 1642 1480 1698 illustris
1498 1641 1706 1696 essein
1729 1640 2035 1711 primislo-

385 1748 488 1787 cus
519 1732 583 1786 in
614 1731 868 1803 epistola
897 1731 972 1788 ad
1001 1732 1310 1803 Ephesios,
1342 1731 1441 1786 ubi
1476 1730 1546 1786 de
1579 1731 1808 1786 Christo
1831 1730 1914 1784 sic
1943 1729 2035 1784 lo-

2155 583 2376 620 remus.
2413 564 2705 636 Ignatium
2737 564 2797 618 in
2827 563 3248 617 munitioribus
3271 561 3627 633 quihusdam
3651 578 3685 616 a
3707 561 3806 616 do-

2156 655 2347 710 ctrina
2379 653 2706 725 apostolica
2735 651 3006 707 nonnihil
3051 651 3362 706 deﬂexisse
3394 667 3407 716 ;
3439 651 3650 705 ideone
3701 667 3803 704 ve-

2153 743 2404 798 risimile
2435 743 2668 798 cuidam
2701 742 2883 796 videri
2927 746 3144 812 posset,
3195 741 3391 812 ipsum
3442 741 3501 793 in
3549 740 3799 794 articulo

2155 832 2291 887 fidei
2322 832 2668 888 Christianas
2703 832 2849 886 tanti
2882 831 3167 886 momenti
3201 836 3320 886 tam
3345 831 3596 902 turpiter
3616 830 3799 884 fuisse

2151 922 2395 978 illusum
2418 923 2444 976 ‘I
2473 923 2873 992 Quisquamne
2906 929 3016 987 est,
3049 921 3147 990 qui
3168 921 3257 975 vel
3283 922 3615 991 suspicetur
3641 920 3802 989 lgna-

2153 1011 2322 1077 tium,
2359 1012 2457 1081 qui
2491 1029 2611 1066 una
2650 1027 2781 1065 cum
2809 1012 2942 1065 Jesu
2973 1010 3188 1064 Christi
3221 1009 3504 1080 apostolis
3561 1013 3682 1062 tam
3713 1007 3798 1061 fa-

2152 1100 2466 1155 miliariter
2494 1105 2760 1154 versatus
2792 1104 2899 1164 est,
2935 1115 3231 1169 quemque
3263 1098 3596 1170 apostolicae
3660 1096 3798 1150 fidei

2153 1197 2472 1262 martyrem
2504 1191 2683 1246 fuisse
2708 1190 2982 1245 universa
3004 1189 3184 1244 tradit
3203 1188 3548 1258 antiquitas,
3571 1204 3605 1242 a
3629 1202 3798 1258 pseu-

2149 1279 2527 1351 do-apostolo
2579 1281 2638 1332 in
2697 1280 2982 1351 primaria
3038 1278 3472 1334 Christianismi
3530 1276 3799 1331 doctrina

2149 1369 2463 1442 deceptum
2492 1370 2675 1425 fuisse
2705 1369 2733 1424 ‘I

2623 1459 2822 1515 Credat
2849 1458 3069 1514 Judzus
3097 1458 3319 1529 Apella.

2431 1549 2550 1602 Non
2579 1563 2745 1616 ego...

2145 1654 2493 1708 Temerariaa
2526 1668 2661 1724 ergo
2693 1652 2812 1707 illis
2845 1653 3165 1723 impiorum
3197 1652 3509 1707 nominum
3543 1668 3793 1722 respon-

2144 1742 2342 1796 siones
2374 1740 2758 1812 explodendaa
2791 1746 2949 1809 sunt,
2983 1741 3156 1811 eique
3189 1740 3470 1794 dectrinm
3499 1739 3793 1795 inhaeren-

391 1821 594 1892 quitur
658 1821 966 1892 Ignatius:
1027 1818 1122 1880 Εἷς
1178 1817 1382 1892 ’ἰατρός
1441 1816 1575 1886 ἐστι,
1633 1817 1889 1891 σαρκικὸς
1941 1815 2022 1869 καῖ

2143 1829 2304 1898 dum,
2336 1847 2442 1901 pro
2475 1846 2593 1900 qua
2622 1847 2742 1884 non
2773 1829 2967 1884 solum
3016 1829 3300 1900 Ignatius,
3342 1829 3444 1883 sed
3489 1828 3791 1883 innumeri

381 1908 772 1980 πνευματικὸς,
857 1907 1142 1983 γεννητὸς,
1224 1907 1316 1960 καὶ
1397 1905 1712 1983 ἀγὲννητος,
1773 1903 1824 1959 ἐν
1876 1903 2033 1977 σαρκὶ

379 1995 676 2070 γενόμενος
735 1995 884 2065 Θεὸς,
944 1995 995 2050 ἐν
1055 1995 1269 2067 θανάτῳ
1330 1995 1442 2064 ζωὴ
1498 1992 1760 2064 ἀληθινὴ,
1818 1993 1909 2047 καὶ
1976 1991 2035 2048 ἐκ

379 2086 610 2161 Μαρίας,
683 2087 776 2142 καὶ
837 2086 897 2141 ἐκ
956 2090 1112 2154 Θεοῦ,
1171 2090 1386 2161 πρῶτον
1428 2085 1694 2155 παθητὸς,
1762 2085 1850 2138 καὶ
1912 2085 2034 2138 τότε

382 2176 619 2246 ἀπαθὴς,
654 2177 865 2245 Ἰησοῦς
899 2176 1135 2249 Χριστὸς
1170 2176 1196 2230 ὁ
1230 2178 1428 2249 Κυριος
1479 2176 1660 2246 ἡμῶν.
1714 2198 1740 2224 ‹‹
1776 2174 2032 2229 Medicus

380 2275 581 2322 autem
612 2283 768 2321 unus
801 2271 911 2334 est,
946 2272 1003 2320 et
1029 2265 1287 2320 carnalis
1319 2266 1370 2319 ei
1401 2265 1746 2336 spiritualis,
1800 2265 2032 2319 oenitus

380 2363 436 2411 et
457 2355 760 2427 ingenitus
783 2355 911 2426 (seu
933 2355 1192 2426 melius),
1222 2355 1334 2427 (50)
1364 2353 1555 2409 factus
1578 2360 1634 2408 et
1665 2371 1784 2408 non
1817 2353 2028 2420 factus,

379 2445 443 2499 in
481 2445 727 2499 homine
759 2443 1016 2499 existens
1042 2445 1216 2510 Deus,
1251 2445 1311 2498 in
1345 2450 1532 2499 morte
1561 2445 1679 2498 vita
1699 2460 1853 2510 vera,
1880 2449 1937 2497 et
1960 2459 2031 2497 ex

381 2534 582 2601 Maria,
607 2539 666 2588 et
692 2549 764 2586 ex
786 2534 929 2598 Deo,
951 2533 1212 2604 primum
1236 2533 1538 2604 passibilis
1569 2538 1625 2587 et
1657 2538 1796 2587 tunc
1818 2533 2032 2602 impas-

381 2623 566 2677 sibilis
593 2624 762 2677 Jesus
794 2622 1082 2688 Christus,
1128 2623 1412 2676 Dominus
1463 2629 1682 2677 noster.
1721 2643 1748 2670 »
1807 2621 1940 2674 Haec
1971 2619 2027 2675 S.

385 2711 588 2779 lgnatii
617 2711 793 2766 verba
823 2711 894 2765 ab
927 2711 1270 2776 Athanasio,
1303 2711 1668 2765 Theodoreto
1709 2717 1766 2766 et
1797 2709 2028 2765 Gelasio

391 2805 592 2854 contra
629 2800 900 2870 antiquos
959 2799 1283 2853 divinitatis
1335 2799 1550 2854 Christi
1585 2799 2028 2871 impugnatores

386 2888 559 2943 citata
613 2889 775 2944 illam
809 2890 1020 2944 invicte
1055 2889 1373 2960 explicant,
1407 2894 1526 2943 uta
1555 2889 1720 2944 nullo
1743 2889 2030 2944 hactenus

378 2978 665 3033 infirmari
697 2994 962 3048 unquam
995 2979 1318 3049 potuerint.
1354 2979 1750 3042 Quamobrem
1785 2978 2028 3048 quidam

371 3084 400 3121 e
427 3067 879 3122 Socinianorum
904 3072 1063 3122 secta
1087 3067 1427 3121 Neotericus
1447 3069 1718 3137 scriptor,
1748 3083 1882 3122 cum
1909 3067 2026 3122 cla-

371 3157 610 3211 ritatem
639 3155 891 3226 hujusce
920 3155 1249 3210 testimonii
1278 3155 1461 3210 nullis
1491 3157 1688 3228 impia:
1706 3156 1922 3211 mentis
1940 3173 2029 3212 ar-

365 3245 524 3300 tibus
559 3244 878 3301 obscurare
908 3250 1130 3317 posset,
1163 3261 1231 3299 eo
1286 3245 1448 3299 venit
1500 3245 1905 3315 impudentia,
1955 3251 2022 3300 ut

369 3334 628 3389 scribere
662 3350 841 3389 ausus
881 3335 1004 3389 sit:
1057 3335 1122 3388 In
1179 3335 1390 3406 Ignatii
1436 3334 1703 3405 epistolis
1751 3333 2020 3404 proposi-

370 3424 568 3478 tiones
599 3422 887 3493 quasdam
918 3423 1325 3478 incommodas
1357 3428 1414 3476 et
1444 3423 1701 3477 insulsas
1749 3424 2018 3494 reperiri,

374 3526 441 3565 ac
470 3509 721 3581 proinde
753 3526 888 3564 eum
919 3511 978 3564 in
1010 3526 1117 3564 sua
1148 3510 1220 3565 de
1264 3510 1477 3565 Christi
1525 3510 1828 3566 divinitate
1883 3529 2020 3567 sen-

378 3600 563 3654 tentia
589 3598 758 3655 facile
792 3599 982 3670 decipi
1015 3600 1278 3671 potuisse
1310 3616 1381 3654 ex
1411 3599 1728 3656 traditione
1769 3601 2020 3674 alicujus

373 3687 871 3758 pseudo-Christi,
901 3695 958 3742 et
985 3688 1507 3758 pseudoapostoli.
1542 3689 1654 3744 Sed
1684 3689 1879 3744 nullus
1909 3707 2023 3745 un-

373 3792 553 3845 quam
585 3777 647 3831 in
673 3777 995 3849 Ignatianis
1027 3776 1291 3846 epistolis
1325 3777 1763 3832 incommodam
1796 3784 1895 3832 aut
1925 3779 2018 3833 in-

443 3928 650 4006 (49)__'Q
682 3928 785 4003 γὰρ
817 3929 944 4006 Θεὸς
969 3929 1148 4006 ἡμξλνΔ
1195 3929 1409 4006 Ἰησρῦξ
1465 3927 1703 4006 Χριστὸς
1754 3927 1804 4006 ἐν
1847 3932 2013 4006 Πατρὶ

370 3996 465 4072 ὥν(
502 3996 718 4070 μᾶλλον
751 3996 1022 4071 ιξιναίνετςιιιζ⁷
1048 4001 1230 4072 Epist.
1263 3996 1336 4056 ad
1367 3996 1556 4063 Rom.,
1592 4019 1640 4056 c.
1675 4005 1726 4056 3.
1759 4003 1823 4056 In
1855 3996 2017 4057 salti—

366 4071 591 4144 tatione
623 4072 890 4144 epistolas
919 4073 990 4127 ad
1013 4071 1478 4144 Ephesiosjpsos
1493 4073 1945 4143 praedestinatos
1961 4080 2019 4129 et

368 4141 588 4215 electos
623 4139 800 4198 dicit:
834 4144 920 4198 Ἐν
964 4139 1233 4215 θελῆματι
1283 4139 1379 4197 toi}
1436 4139 1643 4212 Ματρὸς
1693 4144 1780 4196 καὶ
1835 4145 2015 4214 Ἰησοῦ

363 4212 600 4286 Χριστοῦ
630 4217 726 4266 τοῦ
759 4218 892 4268 Θεοῦ
918 4215 1077 4286 ἡμῶν
1107 4212 1121 4270 Ξ
1158 4239 1183 4265 ‹‹
1222 4215 1530 4270 Voluntate
1563 4217 1753 4270 Patris
1785 4221 1843 4269 et
1878 4212 2014 4272 J‘esu

365 4265 582 4374 ειπίειξ
600 4287 715 4374 ,υθέ
745 4265 973 4341 tam?
992 4265 1121 4374 ςιρ·
1148 4265 1750 4374 ερίεῑῖείεζίξρξηῖῑξιῖ
1791 4265 1857 4370 '9',
1879 4265 2009 4374 git;

367 4355 720 4430 Ἐπιτρέψατέ
753 4377 844 4428 μοι
882 4358 1131 4430 μιμητὴν
1163 4355 1301 4409 εἶναι
1337 4360 1435 4410 τοῦ
1490 4357 1691 4418 πάθους
1733 4360 1828 4411 τοῦ
1854 4361 2012 4430 ῌΘεοῦ

372 4428 796 4493 μουείῖοηοοάίιθ
817 4428 961 4484 τηϋιὶ
974 4431 1308 4484 imitatorem
1329 4444 1437 4484 esse
1455 4430 1731 4499 passionis
1763 4428 1863 4483 Dei
1881 4431 2008 4485 mei.

363 4473 428 4553 in
463 4499 580 4554 fine
614 4501 878 4582 epistolas
909 4501 982 4555 ad
1013 4499 1430 4582 Polyc-arpuni‘:
1455 4473 1662 4582 ιξΟριο
1695 4518 1795 4582 vos
1815 4501 2011 4582 valere
2045 4473 2088 4537 D

363 4586 606 4661 semper
631 4567 692 4625 in
744 4573 878 4661 D‘eo,
909 4567 1133 4661 nostro'
1169 4567 1320 4661 {es—1,1,
1363 4567 1614 4661 Christo,
1651 4593 1696 4656 ξ’
1739 4567 2005 4661 ἐξρῶσθαι

363 4638 617 4716 cuiq—Sta
635 4643 832 4716 ante:
860 4640 910 4695 ἐν
947 4642 1241 4716 ΘεῷᾹήμῶν
1283 4642 1464 4716 ’ξηᾳοῦ
1493 4638 1709 4715 Χριστῷ
1731 4638 2009 4716 νέὕχομαι.

433 4714 545 4788 (59)
576 4715 802 4783 Merito,
862 4710 1243 4788 γεννητός’καί
1288 4710 1607 4788 ἀγέννητὸς,
1655 4710 1690 4763 ‹‹’
1717 4710 1905 4788 factus
1957 4720 2016 4788 et

359 4799 481 4857 non
505 4786 692 4840 factus
714 4809 740 4833 ι»
764 4785 899 4840 cum
915 4785 1145 4841 Gelasio
1167 4785 2014 4857 Papainterpretamur,siqui-

361 4854 498 4928 diem
530 4873 739 4911 sensus
767 4857 827 4911 id
857 4857 1160 4928 efﬂagitat,
1194 4854 1661 4928 etnotissimum
1689 4864 1778 4912 est
1809 4854 1844 4912 a
1866 4854 2012 4912 om.

359 4927 444 4980 cis
485 4944 650 4982 voces
681 4928 937 5000 γεννητός
969 4926 1027 4982 et
1054 4926 1277 5000 γενητός
1320 4929 1655 5000 promiscue
1709 4929 2008 4998 usurpari,

358 4999 703 5069 quanquam
751 4999 1136 5054 ecclesiastici
1181 4999 1303 5054 fere
1362 5001 1679 5070 scriptores
1710 5001 2008 5069 catholici,

357 5071 688 5142 praesertim
722 5071 820 5142 qui
855 5077 985 5142 post
1005 5071 1244 5126 tertium
1266 5073 1550 5125 saculum
1574 5073 1862 5138 Vixeruni,
1889 5089 2010 5125 cas-

358 5139 495 5194 dem
529 5141 590 5195 in
624 5139 949 5211 quaestione
981 5142 1053 5196 de
1085 5142 1215 5196 Filii
1235 5142 1536 5196 divinitate
1561 5143 1896 5197 accuratius
1923 5142 2008 5197 di-

358 5211 715 5268 stinxerunt.
752 5213 994 5268 Accedit
1023 5213 1179 5284 quod
1220 5230 1327 5267 vox
1377 5212 1638 5285 ἀγὲνητος
1686 5214 1796 5268 soli
1846 5215 2006 5268 Patri

357 5290 560 5354 utpote
593 5285 857 5356 ingenito
890 5292 1221 5355 competat;
1252 5301 1436 5356 quare
1467 5286 1725 5355 Ignatius
1757 5301 1877 5338 non
1908 5303 2008 5354 po-

355 5356 470 5436 tuit
500 5355 830 5436 intelligere
851 5378 875 5404 ‹‹
895 5357 1160 5426 genitum
1177 5355 1776 5436 etinge_nitum,.»_qu.i
1803 5356 1858 5409 in
1878 5356 2004 5436 epit

353 5425 508 5497 stola
538 5427 612 5481 ad
641 5425 964 5481 Tialhanbs
997 5443 1094 5480 eos
1130 5433 1486 5490 exsecratur.
1521 5427 1620 5497 qui
1654 5425 1864 5481 Filium
1900 5425 2004 5480 Dei

354 5496 564 5569 dicunt
590 5497 868 5568 ἀγένητον,
887 5522 912 5543 σι
932 5499 1262 5569 ingenitum
1283 5523 1303 5542 η
1324 5499 1463 5561 Quis
1486 5496 1607 5553 non
1630 5498 1785 5552 videt
1802 5498 2006 5569 prmia:-

355 5568 429 5641 t‘is
449 5567 663 5641 lgnatii
688 5569 878 5641 verbis
898 5567 1127 5623 Arianzn
1148 5567 1818 5641 blasphemizejugulum
1844 5567 2004 5639 peti?

354 5639 580 5723 Quippe
616 5641 712 5696 hic
743 5639 1008 5723 Christus
1052 5656 1170 5695 non
1233 5640 1431 5723 modo.
1467 5639 1639 5696 Deus,
1664 5641 2004 5723 agnoscitur

356 5710 489 5766 vere
515 5710 898 5777 immortalis,
934 5710 990 5764 in
1026 5728 1201 5767 carne
1236 5711 1536 5782 quondam
1587 5710 1820 5766 mortali
1849 5727 1862 5774 ;
1897 5711 2000 5764 sed

356 5797 478 5840 non
509 5783 722 5851 factus,
754 5783 866 5839 hoc
897 5788 986 5838 est
1016 5782 1312 5839 increatus
1361 5782 1580 5837 diserte
1629 5783 1864 5836 dicitur.
1914 5784 2001 5836 Ita

2141 1923 2433 1988 martyres
2465 1917 2812 1988 sanguinem
2845 1933 3017 1972 suum
3067 1916 3400 1972 constantia
3452 1915 3789 1971 admirabili

2140 2007 2438 2078 planeque
2469 2005 2667 2060 divina
2697 2006 3107 2076 profuderunt.

2211 2097 2502 2149 Cmterum
2537 2095 2815 2149 omnibus
2873 2094 3043 2148 facile
3094 2094 3433 2161 innotescit,
3481 2093 3789 2161 hucusque

2139 2184 2392 2256 allegata
2415 2184 2468 2237 S.
2492 2184 2701 2254 Ignatii
2727 2183 2856 2238 loca
2882 2199 3047 2253 asque
3073 2199 3332 2254 pugnare
3356 2198 3460 2252 pro
3481 2181 3788 2237 divinitate

2139 2272 2476 2333 Salvatoris,
2510 2289 2614 2342 pro
2646 2272 2875 2327 unitate
2907 2271 3034 2341 ejus
3067 2287 3354 2342 personui,
3401 2288 3508 2340 pro
3560 2270 3787 2325 duabus

2139 2363 2268 2432 ejus
2300 2361 2554 2422 naturis,
2588 2376 2656 2415 ac
2717 2378 2822 2432 pro
2883 2361 3081 2414 divina
3133 2359 3325 2413 Maria;
3384 2360 3785 2416 maternitate.

2137 2451 2376 2505 Fatetur
2397 2450 2556 2504 enim
2581 2471 2607 2498 »
2635 2450 2833 2504 Iesum
2857 2449 3151 2503 Chrisium
3174 2465 3376 2503 verum
3401 2449 3583 2503 Deum
3605 2448 3787 2503 simul

2138 2557 2266 2596 esse
2298 2555 2366 2593 ac
2396 2556 2598 2593 verum
2630 2539 2956 2602 hominem,
3002 2543 3266 2592 creatum
3325 2544 3382 2593 et
3428 2537 3779 2607 increatum,

2136 2628 2320 2682 Deum
2353 2627 2412 2681 in
2443 2627 2688 2681 homine
2721 2628 3128 2687 exsistentem.
3163 2628 3224 2680 in
3255 2633 3445 2681 morte
3476 2627 3654 2682 vitam
3687 2644 3784 2681 ve-

2135 2717 2392 2783 ram,Dei
2412 2716 2622 2770 Filium
2638 2715 2795 2769 Patri
2815 2732 2921 2769 suo
2941 2715 3634 2785 coaeternumsemperin
3652 2716 3779 2784 ipso

2135 2809 2193 2857 et
2215 2821 2348 2858 cum
2368 2805 2494 2875 ipso
2519 2803 3629 2874 exsistentem,potentiamqualem.sed
3651 2803 3783 2856 sub-

2127 2893 2545 2964 jectumjuxta
2571 2899 2899 2960 caruem,et
2920 2899 3201 2962 tanquam
3225 2891 3418 2946 Mariae
3443 2891 3628 2945 tilium
3647 2893 3778 2960 (51),

2137 2999 2272 3036 eum
2306 2999 2510 3036 revera
2539 2987 2840 3036 mortuum
2886 2999 3035 3049 esse,
3095 2987 3154 3036 et
3194 2981 3609 3046 resurrexisse,
3644 2980 3782 3035 nul-

2135 3073 2371 3141 lamque
2405 3071 2531 3125 sine
2567 3070 2692 3140 ipso
2734 3070 2942 3124 salutis
2983 3087 3144 3141 spem
3200 3069 3374 3124 nobis
3422 3085 3730 3139 superesse
3765 3085 3780 3134 ;

2134 3159 2467 3232 principem
2498 3175 2634 3213 vero
2675 3159 2856 3230 hujus
2913 3159 3122 3213 mundi
3181 3159 3293 3230 (52)
3355 3158 3482 3229 ejus
3528 3162 3784 3212 mortem

2128 3248 2286 3304 velut
2307 3253 2366 3302 et
2394 3248 2589 3302 Marias
2621 3247 3020 3319 virginitatem
3053 3264 3120 3304 ac
3141 3252 3377 3318 partum
3400 3246 3722 3318 ignorasse.
3746 3267 3776 3296 »

2202 3337 2499 3391 Unitatem
2530 3351 2801 3407 personas
2833 3337 2894 3390 in
2929 3337 3124 3407 specie
3157 3337 3413 3407 probant
3441 3336 3544 3391 illa
3574 3335 3784 3407 Ignatii

2131 3425 2310 3479 verba
2341 3424 2415 3478 ad
2447 3424 2854 3492 Magnesianos
2884 3425 3028 3496 (53):
3063 3447 3091 3474 «
3126 3425 3343 3480 Omnes
3375 3424 3778 3478 concurrite...

2131 3514 2290 3569 velut
2317 3513 2392 3568 ad
2418 3529 2602 3568 unum
2634 3513 2832 3568 Jesum
2863 3513 3183 3581 Christum,
3215 3513 3316 3584 qui
3349 3518 3407 3567 et
3435 3512 3507 3567 ab
3526 3529 3643 3566 uno
3666 3513 3776 3566 Pa-

2130 3609 2220 3658 tre
2253 3601 2468 3674 prodit,
2503 3608 2561 3657 et
2591 3602 2653 3656 in
2682 3620 2801 3657 uno
2853 3603 3101 3671 exsistit,
3133 3607 3191 3656 et
3220 3603 3280 3656 in
3308 3618 3495 3656 unum
3530 3601 3775 3654 reverti-

2132 3697 2245 3747 tur.
2280 3713 2308 3741 »
2345 3693 2495 3745 Duas
2525 3691 2745 3761 ubique
2773 3693 2907 3746 Jesu
2939 3691 3154 3745 Christi
3183 3695 3424 3745 naturas
3454 3691 3537 3744 ita
3554 3705 3777 3744 memo-

2129 3787 2219 3835 rat
2238 3783 2344 3850 (54)
2368 3785 2433 3834 ut
2455 3795 2554 3833 eas
2576 3796 2784 3850 reapse
2807 3781 2962 3834 inter
2990 3797 3052 3834 se
3074 3779 3382 3834 distinctas
3406 3795 3556 3844 esse,
3575 3795 3774 3850 nequo

2129 3938 2391 4006 mentem
2425 3935 2488 3987 D.
2523 3934 2745 4006 Ignatii
2763 3934 2984 4006 optime
3018 3937 3331 4006 expressit,
3360 3936 3656 4006 simulque
3675 3953 3775 3992 vo-

2128 4006 2210 4060 cis
2243 4003 2499 4078 αγὲνητρς
2535 4002 2669 4078 ίὲἱνθ
2722 4002 3043 4078 ᾃὰγένπιητος,
3093 4002 3268 4077 prout
3316 4024 3387 4062 ea
3416 4023 3449 4061 a
3478 4002 3773 4063 veteribus

2126 4075 2409 4146 usurpata
2437 4075 2670 4148 legitur,
2705 4076 2999 4146 duplicem
3051 4075 3455 4148 acceptionem
3501 4085 3774 4133 accurate

2127 4148 2399 4202 distinxit
2429 4149 2498 4202 M.
2535 4146 2913 4216 Athanasius,
2941 4165 3118 4218 quem
3153 4146 3395 4204 consule
3429 4149 3490 4203 in
3521 4149 3672 4204 libro
3697 4151 3776 4204 De

2122 4219 2364 4289 synodis,
2399 4223 2540 4272 tom.
2576 4219 2617 4285 Ι,
2652 4235 2706 4288 p.
2741 4222 2863 4274 922.

2198 4291 2250 4361 (5
2266 4289 2310 4362 t)
2339 4308 2364 4340 ι
2390 4289 2668 4362 Ohturate
2683 4306 2855 4344 aures
2873 4296 3114 4359 vestras,
3139 4309 3272 4346 cum
3293 4291 3456 4346 vobis
3475 4291 3773 4362 quispiam

2123 4360 2544 4442 loquitu_r_sine
2574 4361 2708 4442 Jesu
2749 4362 3001 4442 Christo,
3037 4364 3135 4433 qui
3168 4380 3239 4442 ex
3272 4360 3766 4442 genere-pavidis,

2123 4432 2222 4502 qui
2253 4449 2323 4486 ex
2357 4432 2554 4498 Maria,
2587 4432 2688 4501 qui
2719 4449 2853 4486 vero
2887 4432 3070 4488 natus,
3093 4441 3202 4498 est,
3237 4435 3378 4503 edit,
3433 4434 3602 4502 bibit,
3636 4451 3768 4489 vere

2120 4504 2595 4573 persecutionem
2628 4519 2838 4573 passus
2869 4510 2958 4559 est
2988 4505 3095 4560 sub
3128 4507 3337 4560 Pontio
3369 4505 3558 4560 Pilato
3586 4522 3598 4571 ;
3633 4523 3766 4560 vere

2120 4575 2434 4629 cruciﬁxus
2467 4580 2524 4628 et
2554 4581 2823 4629 mortuus
2855 4582 2963 4638 est.
3018 4577 3353 4632 videntibus
3404 4577 3766 4642 ccelestibus,

2120 4646 2498 4719 terrestribus
2526 4649 2581 4699 et
2611 4645 3046 4719 subterraneis;
3082 4650 3182 4719 qui
3208 4657 3265 4703 et
3287 4665 3420 4703 vere
3444 4648 3772 4703 resurrexit

2117 4734 2151 4791 a
2181 4717 2851 4791 mortuisresuscitante
2885 4720 3080 4788 ipsum
3100 4717 3301 4774 Patre
3335 4720 3522 4791 ipsius
3554 4733 3770 4791 secun-

2117 4788 2257 4842 dum
2289 4787 2765 4861 similitudinem,
2794 4787 2994 4859 qua’et
3027 4807 3133 4844 nos
3160 4792 3273 4861 ipsi
3325 4787 3635 4845 credentes
3689 4789 3771 4843 ita

2115 4859 2492 4930 resuscitabit
2521 4859 2695 4930 Pater
2726 4860 2787 4913 in
2819 4861 3049 4915 Christo
3079 4859 3238 4929 Jesu,
3272 4862 3397 4916 sine
3431 4878 3546 4930 quo
3568 4875 3768 4914 veram

2114 4931 2294 4984 vitam
2326 4947 2444 4983 non
2472 4929 2826 5001 habemus.»
2858 4932 3039 5001 Epist.
3074 4931 3148 4986 ad
3178 4929 3524 4991 Trallianos,
3551 4947 3678 5000 cap.
3709 4933 3762 4984 9.

2186 5004 2294 5070 (52)
2332 5023 2351 5047 ι
2390 5000 2724 5070 Principem
2759 5000 2938 5072 hujus
2982 5002 3188 5056 mundi
3239 5003 3413 5057 fatuit
3463 5001 3768 5072 virginitas

2113 5073 2326 5154 Marias,
2363 5077 2420 5124 et
2449 5077 2652 5154 partus
2685 5072 2869 5154 ipsius
2901 5074 3194 5154 similiter,
3249 5080 3508 5154 et_mors
3535 5071 3763 5154 “Domi-

2112 5144 2195 5212 ni,
2231 5143 2342 5196 tria
2373 5141 2650 5214 mysteria
2683 5141 2978 5214 clamoris,
3013 5161 3144 5214 quas
3175 5141 3237 5198 in
3267 5143 3504 5198 silentio
3535 5143 3637 5197 Dei
3663 5159 3763 5214 pa-

2113 5220 2264 5269 trata
2293 5217 2450 5267 sunt.
2485 5234 2512 5261 »
2547 5213 2648 5282 Ep.
2687 5212 2758 5266 ad
2799 5215 2971 5282 Eph.,
3013 5212 3063 5270 ὁ.
3101 5218 3186 5269 19.

2182 5287 2289 5354 (53)
2317 5284 2498 5354 Epist.
2533 5283 2605 5337 ad
2641 5285 2916 5355 Magnes.
2960 5301 3010 5340 c.
3047 5289 3096 5340 7.
3136 5288 3199 5340 In
3251 5286 3453 5340 eadem
3509 5284 3761 5355 epistola

2112 5357 2165 5411 S.
2218 5355 2479 5428 lgnatius
2539 5355 2930 5428 Magnesianis
2988 5357 3130 5410 satis
3198 5374 3258 5411 se
3310 5356 3759 5411 commendasse

2110 5425 2457 5481 Christianae
2479 5425 2724 5479 unitatis
2743 5427 3157 5482 excellentiam
3176 5431 3312 5497 jure
3333 5429 3651 5483 arbitratus
3674 5432 3765 5482 est

2108 5499 2200 5552 his
2231 5498 2423 5570 verbis
2451 5513 2463 5550 :
2497 5519 2523 5545 ‹‹
2560 5497 2721 5551 Unus
2754 5504 2843 5552 est
2877 5499 3045 5552 Jesus
3103 5499 3392 5569 Christus,
3443 5517 3560 5570 quo
3607 5499 3761 5554 nihil

2108 5568 2487 5640 praastantius
2519 5574 2625 5640 est.
2658 5591 2685 5618 ››

2178 5642 2286 5709 (54)
2319 5639 2735 5714 Consuleloca
2768 5657 2946 5712 supra
2968 5641 3092 5714 jam
3129 5641 3398 5714 allegata,
3433 5644 3492 5698 in
3526 5642 3755 5713 primis,

2106 5715 2231 5785 c._7_
2259 5728 2347 5780 ep.
2383 5711 2456 5764 ad
2487 5712 2657 5780 Eph.,
2690 5728 2738 5764 c.
2774 5715 2804 5785 3_
2838 5729 2927 5782 ep.
2976 5711 3048 5767 ad
3099 5711 3599 5785 l’olyc—arpumfet
3639 5730 3686 5766 c.
3722 5715 3752 5764 3

2106 5732 2154 5763 c.
2200 5732 2212 5762 ι
2259 5732 2347 5780 ep.
2383 5732 2456 5764 au
2487 5732 2657 5780 mpm,
2690 5732 2738 5764 c.
2774 5732 2802 5765 ιι
2838 5732 2927 5782 ep.
2976 5732 3048 5767 au
3099 5732 3199 5768 ι’οι
3224 5732 3506 5785 νεδνριιηι,
3542 5732 3599 5768 et
3639 5732 3686 5766 c.
3722 5732 3745 5764 .3

2106 5781 2178 5836 ad
2202 5782 2431 5853 Smyrn.
2457 5797 2471 5844 ;
2497 5796 2625 5851 cap.
2654 5785 2716 5835 15
2738 5783 2808 5836 ad
2831 5785 3082 5855 Magnes.
3111 5732 3593 5859 ;adSmyrnaaos,
3619 5801 3669 5837 c.
3698 5786 3745 5837 1.
