4112 6132
350 280 466 345 595

1419 286 1484 347 S.
1532 282 1930 347 lGNATlUS.
1974 311 2051 325 --
2092 279 2720 342 PROLEGOMENA.

3642 275 3760 339 596

352 412 715 477 commistas,
747 415 850 466 aut
879 411 1174 477 confusas,
1206 412 1310 467 sed
1341 428 1519 467 unam
1547 411 1610 466 in
1637 412 1767 483 ipso
1790 426 1996 482 perso-
2024 410 2074 476 Α
2106 411 2286 473 ctam,
2318 407 2480 477 quia,
2512 410 2578 462 ut
2608 406 2691 463 ait
2719 405 3119 464 Tertullianus
3165 406 3276 478 (57)
3308 422 3321 460 :
3375 425 3402 458 ι
3433 406 3594 460 Vana
3641 420 3759 469 res,

353 516 494 556 nam
524 516 632 571 per
659 498 948 555 unitatem
978 498 1302 556 efﬁcientes
1333 504 1625 556 censeret.

422 590 744 645 Veritatem
775 588 1222 655 incarnationis,
1254 589 1673 660 Christumque
1701 604 1836 644 vere
1865 603 1998 659 pas-

352 693 484 734 sum
516 693 584 732 ac
615 678 1036 743 resurrexisse,
1095 684 1303 734 contra
1349 678 1751 750 phantasticos
1796 676 1999 732 multis

353 768 411 823 S.
445 767 707 839 lgnatius
738 766 971 838 probat.
999 767 1156 823 Inter
1174 768 1294 823 alia
1322 768 1405 824 ita
1426 768 1849 824 ratiocinatur:
1891 787 1918 820 α
1939 764 1997 819 Si

347 861 580 926 vero,ut
600 855 841 926 quidam
863 856 1165 925 athei,hoc
1187 861 1277 911 est
1294 856 1590 923 inﬁdeles,
1606 856 1995 935 aiunt,ipsum

347 944 691 1017 (Christum)
723 945 1054 1000 secundum
1086 946 1495 1016 apparentiam
1552 961 1681 1000 esse
1728 960 1992 1016 passum,

347 1033 463 1105 ipsi
493 1032 825 1089 secundum
855 1035 1267 1105 apparentiam
1300 1035 1654 1090 exsistentes
1679 1050 1692 1099 ;
1719 1050 1822 1106 ego
1853 1032 1997 1105 quid

345 1124 578 1179 vinctus
609 1140 740 1179 sum
762 1123 789 1177 ‘I
819 1129 880 1179 et
908 1140 1013 1179 cur
1042 1129 1179 1195 opto
1209 1140 1348 1179 cum
1378 1123 1584 1179 bestiis
1608 1123 1947 1195 depugnare
1968 1122 1997 1177 ?

345 1210 568 1267 frustra
595 1210 794 1280 itaque
811 1210 1054 1266 morior.
1083 1232 1111 1260 »
1137 1241 1205 1253 η
1228 1234 1255 1260 «ι
1286 1210 1577 1278 Profecto,
1600 1231 1630 1261 »
1648 1209 1812 1266 addit
1838 1210 1996 1265 insu-

345 1315 474 1372 per,
498 1319 530 1353 «
552 1298 864 1355 mendacia
893 1299 966 1354 de
996 1299 1245 1354 Domino
1278 1316 1399 1354 non
1429 1298 1720 1372 conﬁngo.
1747 1321 1777 1350 »
1809 1300 1910 1372 ἄρα
1931 1294 1992 1352 οὔ

346 1383 755 1460 καταψεύδομαι
784 1390 882 1440 τοῦ
913 1386 1134 1460 Κυρίου.
1171 1409 1201 1440 ‹‹
1240 1388 1441 1460 Fugite
1484 1404 1643 1457 ergo,
1669 1410 1698 1437 ››
1747 1388 1993 1443 conclu-

347 1476 436 1531 dit
463 1477 586 1548 ipse
619 1476 690 1532 de
720 1476 1110 1547 phantasticis
1139 1476 1408 1546 loquens,
1441 1498 1469 1526 ‹‹
1501 1475 1683 1548 fugite
1704 1476 1994 1549 malignas

349 1562 458 1619 has
497 1564 733 1635 stirpes,
793 1580 924 1633 quas
981 1562 1228 1635 gignunt
1283 1562 1655 1618 mortiferum
1712 1563 1991 1631 fructum,

350 1668 527 1724 quem
557 1652 608 1707 si
633 1652 766 1723 quis
794 1651 1063 1725 gustarit,
1095 1652 1377 1707 continuo
1408 1652 1661 1708 moritur
1690 1652 1821 1723 (55).
1856 1674 1886 1703 ››

2112 495 2273 567 quod
2304 502 2394 550 est
2423 496 2795 567 phantasma,
2830 497 3081 568 ﬁguram
3124 512 3246 553 non
3275 494 3554 550 admittit.
3589 514 3618 543 »
3649 491 3761 547 Sed

2110 585 2227 641 huc
2258 584 2363 640 illa
2385 584 2722 641 Tertulliani
2745 585 3066 641 auctoritas
3090 600 3401 656 perperam
3426 581 3760 639 adducitur.

2111 673 2199 729 Ibi
2234 673 2394 728 enim
2425 675 2634 730 doctus
2664 674 2764 728 ille
2794 675 2881 729 vir
2911 673 3290 742 Marcionem,
3333 673 3433 745 qui
3465 672 3763 727 Christum

2110 762 2315 818 ﬁctum
2339 762 2644 817 hominem
2660 769 2719 818 et
2736 763 3091 834 phantasma
3112 762 3293 817 fuisse
3315 760 3631 827 delirabat,
3653 760 3763 814 hoc

2110 851 2455 906 testimonio
2483 851 2752 907 Jeremiae
2785 851 3074 907 dicentis:
3115 852 3327 920 Venite,
3359 851 3642 904 mittamus
3691 848 3763 901 li-

2107 955 2276 1010 gnum
2316 939 2377 994 in
2401 956 2605 1009 panem
2637 941 2745 1011 (58)
2774 941 3001 1013 egregie
3034 938 3271 1009 refellit,
3295 938 3670 1009 ostenditque
3692 953 3760 992 eo

2108 1027 2223 1083 loci
2255 1043 2473 1099 panem
2505 1044 2625 1083 non
2656 1028 2906 1100 ﬁguram
2936 1028 3152 1083 Christi
3186 1026 3517 1099 simplicem
3549 1029 3608 1080 et
3650 1042 3754 1080 nu-

2108 1116 2266 1186 dam,
2306 1117 2411 1174 sed
2439 1118 2850 1190 prOpheticam
2882 1118 3191 1190 appellari.

2175 1211 2249 1263 At
2271 1208 2332 1263 in
2364 1208 2724 1265 eucharistia
2746 1209 2919 1282 juxta
2938 1209 3399 1265 Calvinistarum
3419 1207 3760 1278 opinionem

2104 1314 2227 1353 non
2257 1297 2438 1352 futuri
2472 1297 2736 1369 corporis
2766 1298 3134 1369 prophetica,
3168 1296 3274 1353 sed
3315 1297 3582 1368 corporis
3628 1312 3761 1351 vere

2115 1386 2459 1441 exsistentis
2489 1386 2679 1459 ﬁgura
2706 1393 2816 1443 est.
2848 1387 2989 1452 Quis
3019 1392 3219 1444 autem
3241 1386 3540 1443 revocabit
3567 1386 3627 1440 in
3654 1385 3764 1440 du-

2108 1475 2295 1544 bium,
2328 1474 2590 1545 aliquam
2610 1476 2895 1547 corporis,
2920 1475 3078 1548 quod
3094 1476 3370 1531 simulate
3391 1481 3448 1531 et
3472 1475 3604 1529 ﬁcte
3627 1480 3761 1548 tanf

2105 1568 2233 1618 tum
2264 1563 2516 1631 exsistit,
2548 1580 2721 1635 posse
2749 1580 2875 1620 esse
2899 1546 3142 1637 ﬁguram
3166 1564 3194 1618 ‘2
3216 1563 3487 1620 Haaretici
3511 1579 3647 1635 ergo
3670 1546 3759 1616 illi

2108 1652 2263 1709 hanc
2293 1652 2364 1709 ob
2397 1669 2639 1709 causam
2667 1653 3108 1722 eucharistiam,
3143 1654 3316 1709 sicuti
3372 1652 3757 1726 baptismum,

349 1760 377 1828 δ
410 1760 521 1839 1γῖ
537 1761 615 1839 ρο
642 1759 790 1839 ,Σοαιρ
809 1760 1379 1839 ρτιωξθηιξα-οοτῬρτ-ίε
1423 1759 1631 1839 φιῖνεξιξ
1679 1762 1740 1815 in
1765 1761 1996 1839 Αεαριια..
2032 1773 2076 1839 Β
2107 1757 2284 1839 quem
2316 1741 2450 1796 ﬁcte
2481 1741 2698 1797 Christi
2730 1741 2938 1839 mortis
2968 1742 3223 1839 ﬁguram
3259 1758 3388 1839 esse
3409 1740 3761 1839 .contende-

419 1832 605 1896 ristia,
636 1830 703 1885 de
731 1830 977 1884 diaconis
1006 1831 1348 1885 eucharistia:
1376 1832 1663 1899 ministris,
1723 1837 1776 1885 et
1832 1832 1898 1886 de
1938 1832 1995 1887 S.

421 1901 860 1956 Christianorum
899 1901 1089 1956 altari.

419 2008 502 2063 Ex
533 2007 795 2078 antiquis
827 2005 1215 2078 scriptoribus
1246 2011 1451 2063 noster
1479 2009 1540 2063 in
1580 2008 1791 2080 primis
1828 2008 2000 2080 Igna-

348 2098 487 2166 tius,
519 2113 722 2153 verum
753 2096 815 2151 in
847 2096 1210 2153 eucharistia
1240 2114 1371 2152 esse
1403 2097 1616 2152 Christi
1646 2113 1882 2169 corpus,
1914 2097 2000 2153 di-

351 2187 678 2245 sertissime
710 2188 901 2242 docet.
937 2186 1243 2258 Siquidem
1274 2186 1375 2242 ubi
1402 2187 1474 2242 de
1519 2187 1835 2253 hasreticis,
1896 2188 1997 2259 qui

349 2277 648 2333 Christum
678 2293 800 2331 non
830 2292 1048 2343 veram,
1081 2277 1180 2330 sed
1219 2275 1413 2330 ﬁctam
1438 2280 1497 2330 et
1516 2275 1853 2331 simulatam
1876 2291 1999 2331 car-

349 2381 489 2421 nem
510 2365 903 2436 assumpsisse
920 2363 1283 2437 garriebant,
1307 2380 1644 2419 sermonem
1667 2363 2000 2431 habet,haec

347 2454 663 2510 observatu
688 2453 1040 2526 dignissima
1069 2454 1295 2525 profert
1324 2452 1537 2509 verba:
1576 2474 1604 2503 «
1651 2453 1737 2508 Ab
1778 2454 1996 2509 eucha-

347 2542 536 2610 ristia,
569 2542 784 2614 inquit,
818 2542 1141 2608 abstinent,
1164 2548 1406 2613 propter
1428 2558 1548 2597 non
1573 2542 2001 2609 conﬁteri,car-

346 2647 486 2687 nem
516 2647 645 2686 esse
676 2630 993 2687 Salvatoris
1024 2631 1213 2686 nostri
1242 2632 1379 2686 Jesu
1400 2630 1616 2685 Christi
1649 2648 1755 2702 pro
1788 2647 1999 2703 pecca-

346 2719 424 2775 tis
454 2719 675 2775 nostris
705 2735 942 2790 passam
973 2718 1105 2791 (56).
1141 2740 1169 2767 ››
1200 2720 1272 2772 Et
1296 2735 1454 2787 vero,
1479 2718 1528 2774 si
1560 2723 1699 2774 tunc
1730 2718 2001 2774 Christia-

345 2809 408 2864 ni
431 2809 494 2865 in
520 2808 753 2877 eadem,
772 2824 840 2863 ac
863 2808 1188 2864 Calviniani
1208 2808 1399 2863 nostri
1419 2806 1996 2869 fuissentsententia.

346 2897 769 2955 eucharistiam
792 2898 1056 2968 corporis
1079 2897 1294 2952 Christi
1317 2897 1540 2952 nudam
1563 2897 1849 2953 duntaxat
1870 2912 1997 2951 esse

344 2985 621 3058 ﬁguram.
651 2984 723 3040 ab
757 2985 842 3038 eis
874 3000 992 3039 nen
1024 2983 1221 3055 potius
1253 2983 1358 3037 illa
1386 2983 1554 3055 rejici
1574 2983 1799 3052 debuit,
1818 2999 1999 3054 quam

344 3073 698 3145 baptismus,
729 3073 828 3143 qui
860 3088 994 3127 vere
1039 3071 1243 3127 mortis
1272 3071 1488 3126 Christi
1522 3071 1710 3143 ﬁgura
1739 3088 1866 3127 esse
1909 3071 1999 3127 di-

346 3166 520 3219 citur.
551 3163 678 3215 Imo
708 3160 781 3215 ab
807 3160 926 3215 illis
958 3165 1017 3215 et
1047 3160 1406 3216 eucharistia
1435 3176 1557 3214 non
1585 3176 1755 3215 secus
1796 3176 1864 3216 ac
1893 3159 2001 3216 ba-

345 3248 601 3321 ptismus
629 3245 919 3302 ambabus
950 3246 1109 3301 ulnis
1141 3246 1517 3318 suscipienda
1565 3252 1728 3313 erat;
1780 3248 1999 3319 quippe

346 3352 465 3409 qua
496 3336 795 3390 Christum
827 3334 1062 3403 nullibi,
1096 3335 1208 3389 nisi
1254 3334 1316 3389 in
1372 3334 1579 3404 ﬁgura,
1631 3351 1752 3390 non
1804 3338 2002 3408 reipsa

348 3426 643 3484 exstitisse
675 3424 1123 3482 concluderent.
1147 3425 1290 3479 Cum
1316 3441 1453 3498 ergo
1476 3424 1548 3480 ab
1577 3424 1681 3480 illa
1702 3425 2001 3483 abstinue-

347 3518 489 3586 rint,
517 3515 579 3570 in
612 3514 821 3570 eadem
851 3514 980 3586 ipsa
1000 3530 1208 3570 verum
1240 3530 1456 3586 corpus
1476 3513 1691 3568 Christi
1709 3531 1840 3571 esse
1867 3533 2003 3588 per-

350 3621 593 3665 suasum
624 3602 947 3660 habebant.

418 3693 671 3765 Objiciet
697 3692 901 3748 forsan
932 3691 1151 3763 aliquis
1184 3690 1625 3759 eucharistiam,
1649 3693 1760 3747 etsi
1779 3692 2003 3749 nudam

350 3781 613 3853 corporis
644 3780 859 3836 Christi
893 3780 1161 3853 ﬁguram,
1198 3780 1330 3836 ideo
1358 3784 1557 3836 tamen
1594 3781 1670 3835 ab
1721 3780 1805 3836 eis
1851 3781 1999 3854 reje-

423 3912 538 3987 (55)
569 3912 748 3987 Epist.
785 3911 860 3987 ad
877 3909 1090 3987 _Trall_.,
1126 3927 1176 3965 c.
1206 3911 1291 3966 10.
1332 3912 1431 3987 ln_
1451 3911 1652 3987 epist:_
1681 3910 1755 3987 ad
1804 3912 2003 3981 Smyr-

352 3981 756 4055 naéos’repetit
788 3983 844 4038 S.
876 3982 1159 4054 lgnatius,
1194 3981 1352 4053 quod
1393 3981 1544 4055 Iesus
1591 3981 1835 4055 Christus
1882 3999 2003 4037 vere

390 4073 540 4112 assus
570 4051 666 4123 est,
706 4058 847 4109 sicut
874 4051 927 4124 et
987 4051 1228 4124 δείρειιηὶ
1280 4053 1584 4124 suscitauit,
1631 4051 1722 4124 καὶ
1779 4051 2004 4121 ἀληθῶς

390 4074 540 4112 assus
570 4074 666 4123 εει,
706 4074 847 4109 ειευι
876 4074 927 4108 ει
987 4074 1224 4124 εεῳδῑιτη
1280 4074 1584 4121 εαεσῑιαυτι,
1631 4074 1722 4106 και
1779 4074 1998 4121 αΛηθως

342 4074 569 4192 ἔπαθεν,
604 4125 678 4185 ὡς
710 4124 800 4178 καὶ
861 4119 1084 4191 ἀληθῶς
1142 4123 1425 4191 ἀνέστησεν
1484 4123 1693 4177 ἑαυτόν.
1749 4125 1886 4195 Cap.
1943 4126 1998 4190 2,

354 4204 413 4256 et
440 4198 597 4252 infra
624 4197 835 4251 habet:
859 4216 887 4244 ‹‹
912 4197 1026 4266 Ego
1041 4201 1099 4250 et
1122 4194 1765 4266 postresurrectionem
1785 4194 1918 4250 eum
1939 4195 1999 4249 in

354 4284 533 4326 carne
565 4268 717 4323 novi,
753 4272 811 4320 et
840 4266 1015 4319 credo
1048 4282 1197 4337 esse.
1240 4268 1309 4320 Et
1346 4266 1582 4335 quando
1613 4266 1686 4320 ad
1743 4282 1862 4329 eos,
1897 4266 1998 4337 qui

355 4355 490 4398 cum
518 4340 689 4409 Petro
717 4341 906 4397 erant,
937 4336 1115 4409 venit,
1155 4336 1347 4409 inquit
1379 4337 1522 4407 ipsis
1551 4354 1563 4391 :
1589 4336 1998 4409 Apprehendi-

354 4417 434 4474 te,
469 4407 703 4478 palpate
727 4422 842 4474 me,
876 4410 933 4457 et
953 4406 1330 4478 videtequod
1353 4406 1472 4460 non
1491 4424 1621 4462 sum
1638 4406 2001 4463 daemonium

356 4476 738 4560 incorporale
761 4493 773 4529 :
808 4480 864 4529 et
895 4476 1205 4560 confestim
1235 4477 1430 4557 ipsum
1458 4479 1800 4560 tetigerunt,
1824 4485 2003 4560 atque

361 4544 747 4621 crediderunt
765 4544 1012 4601 convicti
1037 4561 1210 4600 carne
1233 4544 1417 4617 ipsius
1440 4555 1497 4602 et
1509 4544 1740 4619 spiritu.
1757 4544 2005 4621 Propter

357 4624 471 4677 hoc
500 4619 677 4674 etiam
708 4622 1517 4691 mortem_contempserunt;
1551 4637 1729 4691 supra
1750 4619 2005 4675 mortem

354 4708 492 4749 vero
522 4689 743 4745 inventi
775 4694 935 4743 sunt.
967 4687 1106 4741 Post
1135 4687 1847 4747 resurrectionem—autem
1871 4708 2005 4746 cum

360 4764 483 4820 illis
512 4760 791 4823 comedit,
823 4764 882 4813 et
920 4757 1086 4825 bibit,
1144 4763 1212 4812 ut
1269 4759 1541 4827 carnalis,
1601 4761 1676 4823 ὡς
1725 4760 1981 4827 σαρκικός

441 4806 625 4889 atavis
692 4806 1086 4904 spi'ritualiter’
1134 4829 1369 4904 unitus_
1392 4806 1571 4904 Patri.
1605 4806 1869 4904 n‘Epi'st.
1929 4806 2005 4889 aii

400 4921 616 4977 myrn.,
647 4900 780 4977 (λβ.
815 4904 939 4977 Non
973 4900 1305 4977 mirandum
1338 4900 1868 4977 S._Ignatium’tam
1900 4920 1994 4959 ve-

355 4971 666 5032 hementer
679 4972 1078 5045 depraadicare
1092 4971 1396 5045 veritatem
1410 4971 2004 5042 Incarnationis,cum

365 5064 531 5103 error
558 5041 865 5118 oppositus
888 5042 1054 5118 valde
1087 5041 1411 5098 obtinuerit
1439 5041 2005 5118 temporibusetiam

357 5114 783 5189 apostolorum,
813 5114 982 5189 sicuti
1009 5114 1608 5189 express‘etestantur
1632 5117 1852 5171 Tertull
1902 5117 2003 5172 lib.

360 5185 432 5245 De
454 5194 795 5262 praescript,
830 5203 878 5240 c.
924 5186 1011 5250 33,
1045 5200 1113 5238 ac
1144 5185 1212 5262 D._
1245 5186 2002 5262 Hieron._adve1_°sus_Lucife-

355 5257 566 5325 riahos,
601 5276 650 5315 c.
682 5257 738 5325 Β,
801 5271 1034 5329 necnon
1084 5257 1318 5329 eruitur
1346 5273 1380 5312 a
1410 5258 1602 5329 prima
1650 5258 1716 5313 D.
1760 5260 2006 5314 Joannis

359 5331 641 5400 Epistola,
660 5346 711 5384 c.
736 5346 771 5383 ι.
804 5326 1053 5400 Haeresis
1084 5325 1209 5400 haec
1232 5325 1564 5400 communis
1588 5329 2005 5385 eratomnibus

360 5397 674 5468 Gnosticis,
706 5401 858 5455 sicut
887 5397 1303 5454 animadvertit
1329 5400 1691 5466 Tillemont.,
1741 5402 1828 5455 t.l
1859 5400 2002 5455 Hist.

361 5473 572 5541 eccles.,
603 5476 738 5541 post
765 5472 1127 5541 Pearsonum
1159 5473 1216 5521 et
1246 5468 1499 5524 Bullum.

434 5536 973 5620 (δῆγβύχοαριστίας
1012 5536 1123 5620 καὶ.
1159 5544 1475 5620 προσειξχῆς
1525 5539 1855 5620 ςὶπέχονξαι,
1916 5536 2005 5620 8ιέ

362 5605 542 5688 κδ’μῆ
573 5605 875 5683 ὁμόλοῇεἲν
915 5615 1015 5676 τὴν
1073 5605 1438 5680 εὐχάριπίὰἷ
1475 5605 1676 5686 capiti:
1727 5605 1863 5666 εἶναὶ
1904 5614 2001 5667 τοῦ

2104 1829 2270 1895 bant,
2305 1846 2584 1900 respuere
2618 1847 2739 1886 non
2773 1830 3125 1887 debuerunt.
3161 1832 3288 1886 Vim
3320 1831 3568 1903 hujusce
3587 1845 3761 1903 argu-

2104 1918 2295 1975 menti
2327 1934 2463 1973 cum
2496 1919 2749 1973 sentiret
2778 1919 3057 1975 Claudius
3087 1919 3592 1975 Charentonensis
3613 1919 3759 1974 olim

2101 2005 2397 2073 minister,
2430 2005 2494 2061 in
2524 2006 2707 2061 aliam
2733 2005 2881 2061 abiit
2906 2006 3282 2063 sententiam.
3310 2006 3637 2078 Respondit
3656 2008 3764 2062 ita-

2103 2111 2218 2165 que
2248 2095 2363 2165 (59)
2396 2094 2505 2149 hos
2536 2095 2846 2149 haereticos
2879 2094 3056 2149 stulte
3087 2094 3415 2150 credidisse
3436 2094 3759 2163 Christum,

2102 2184 2204 2254 qui
2240 2199 2444 2238 verum
2475 2199 2689 2255 corpus
2731 2182 2958 2250 habuit,
3003 2184 3095 2238 his
3124 2183 3352 2238 verbis:
3386 2185 3500 2238 Hoc
3532 2190 3608 2238 est
3637 2199 3757 2237 cor-

2092 2291 2201 2351 pus
2230 2291 2432 2344 meum,
2474 2290 2712 2346 panem,
2745 2280 2811 2329 ut
2860 2290 3072 2346 corpus
3122 2290 3295 2329 suum
3335 2274 3523 2341 ﬁeret,
3556 2288 3762 2328 revera

2100 2364 2437 2436 adoptasse.
2469 2363 2534 2418 Id
2563 2379 2720 2429 vero,
2756 2367 2823 2418 ut
2854 2362 3086 2434 probet,
3109 2362 3541 2418 Tertullianum
3573 2352 3703 2417 loco
3728 2378 3765 2417 a

2100 2452 2271 2507 nobis
2302 2469 2483 2524 supra
2529 2451 2730 2515 citato,
2766 2457 2975 2506 testem
3017 2451 3312 2523 producit.
3348 2451 3460 2506 Sed
3510 2450 3591 2505 ibi
3622 2453 3762 2505 Ter-

2102 2541 2393 2595 tullianus
2452 2540 2524 2595 de
2579 2540 2685 2595 illa
2712 2540 3127 2595 haereticorum
3162 2540 3345 2595 stulta
3376 2540 3658 2611 opinione
3687 2556 3763 2594 ne

2102 2629 2424 2686 minimum
2485 2628 2727 2700 quidem
2784 2628 3029 2683 verbum
3089 2629 3246 2683 fecit.
3307 2630 3494 2683 Instat
3543 2628 3645 2682 ille
3694 2645 3764 2683 ex

2102 2716 2567 2784 Bellarmino,ab
2590 2717 2887 2773 haereticis
2904 2716 3023 2773 illis
3042 2734 3163 2772 non
3179 2721 3299 2772 tam
3321 2722 3760 2773 sacramentum

2102 2807 2505 2874 eucharistia,
2530 2822 2710 2876 quam
2738 2806 3086 2876 mysterium
3117 2807 3552 2861 Incarnationis
3579 2805 3761 2861 fuisse

2102 2896 2534 2968 impugnatum.
2568 2894 2719 2961 Quid
2748 2894 2933 2949 inde?
2967 2894 3245 2964 Nunquid
3278 2894 3629 2966 mysterium
3664 2895 3757 2947 in-

2102 2983 2464 3039 carnationis
2491 2982 2667 3038 aliter
2698 2982 3033 3054 impugnari
3060 2999 3180 3037 non
3199 2988 3430 3054 potest;
3456 2983 3572 3037 nisi
3598 2982 3761 3037 Chri-

2103 3077 2228 3128 stus
2262 3088 2501 3144 panem,
2533 3076 2599 3127 ut
2628 3087 2801 3127 suum
2826 3088 3039 3143 corpus
3067 3077 3244 3138 esset,
3266 3071 3582 3144 adaptasse
3604 3072 3757 3127 dica-

2108 3161 2250 3217 tur?
2281 3162 2413 3217 Haec
2442 3177 2583 3217 sane
2614 3177 2765 3216 vana
2814 3175 2993 3232 quam
3049 3160 3170 3216 sint
3219 3167 3275 3217 et
3314 3162 3531 3232 futilia,
3583 3177 3758 3217 nemo

2107 3267 2228 3306 non
2259 3250 2435 3306 videt.

2180 3337 2623 3395 Observandum
2646 3353 2903 3409 quoque,
2929 3337 3211 3393 diaconos
3228 3336 3386 3394 inter
3405 3355 3600 3395 sacros
3623 3337 3758 3393 ado-

2108 3427 2281 3483 randi
2318 3426 2690 3483 eucharistias
2723 3426 3080 3481 sacramenti
3102 3427 3409 3483 ministros
3438 3427 3509 3483 ab
3531 3427 3756 3500 Ignatio

2109 3515 2464 3587 computari;
2497 3519 2731 3586 oportet
2762 3514 3116 3571 etdiaconos
3130 3515 3436 3570 ministros
3466 3516 3755 3570 exsisten-

2110 3611 2198 3661 tes
2227 3603 2646 3675 mysteriorum
2668 3603 2808 3657 Jesu
2823 3602 3106 3659 Christi...
3126 3606 3252 3660 Non
3283 3604 3444 3660 enim
3462 3604 3754 3672 ciborum,

2112 3698 2170 3748 et
2198 3698 2444 3763 potuum
2474 3696 2614 3746 sunt
2642 3691 2897 3746 ministri
2931 3691 3067 3764 (60).
3127 3693 3275 3749 Hinc
3324 3693 3503 3749 etiam
3536 3693 3589 3750 S.
3624 3694 3755 3749 Ste-

2110 3783 2344 3854 phanus
2373 3797 2529 3836 unus
2561 3797 2631 3835 ex
2660 3787 2885 3853 septem
2915 3781 3124 3852 primis
3164 3781 3439 3838 Ecclesiae
3489 3782 3757 3839 diaconis

2116 3915 2377 3985 Σωτῆρος
2405 3910 2568 3985 ᾕμῶν
2604 3908 2783 3985 Ἰησοῦ
2836 3913 3090 3985 ξριστοῦ,
3129 3910 3239 3985 ’τήν
3291 3910 3424 3985 ι’ξπὶρ
3471 3909 3755 3985 ἆμαρ-ζειῶν

2111 3979 2295 4052 ἠμῶν’
2321 3979 2613 4059 πᾳθόῦσςιν,
2799 3979 2895 4054 τῇ’
2928 3980 3267 4059 χρηστότηςι
3366 3979 3550 4055 Πατῆρ
3589 3979 3758 4059 ’ἤγειτ

2114 4072 2221 4127 ρεν.
2261 4074 2288 4103 α
2310 4052 2776 4127 Ab_eucharistia
2806 4052 2865 4127 et
2885 4052 3150 4127 oratione
3178 4052 3581 4127 abstinent,eq
3596 4052 3756 4123 quod

2110 4124 2235 4181 non
2266 4124 2660 4179 conﬁteantur
2698 4124 3115 4179 eucharistiam
3141 4141 3379 4179 carnem
3402 4141 3528 4179 esse
3551 4124 3751 4177 Serva-

2111 4197 2258 4255 toris
2286 4195 2470 4278 nostri
2500 4196 2639 4250 Jesu
2668 4195 2918 4278 Christi,
2953 4212 3084 4278 quas
3115 4213 3229 4278 pro.
3245 4194 3751 4278 peccatisnos‘tris

2154 4283 2289 4321 assa
2316 4272 2633 4338 est,iquam
2668 4267 2841 4320 Pater
2869 4265 2985 4321 sua
2998 4265 3357 4338 benignitate
3381 4265 3691 4338 suscitavit.
3718 4283 3747 4312 ››

2154 4284 2289 4321 assa
2316 4284 2422 4330 ρει,
2456 4284 2633 4336 quam
2668 4284 2841 4320 rater
2869 4284 2975 4321 sua
2998 4284 3357 4338 nemgmtate
3381 4284 3691 4321 suscuam.
3718 4284 3747 4312 ››

2111 4284 2298 4408 Epist.
2332 4337 2682 4408 adSmyrn.,
2713 4353 2761 4391 c.
2799 4340 2850 4389 7.
2885 4337 3076 4392 Verba
3107 4340 3231 4392 haec
3251 4344 3476 4392 certum
3499 4334 3754 4408 reddunt

2116 4406 2519 4487 testimonium
2553 4407 2624 4487 de
2655 4408 2973 4487 praesentia
3000 4409 3437 4487 re‘alicorporis
3458 4406 3753 4487 Christiin

2113 4478 2483 4549 sanctissimo
2514 4476 3135 4549 altarissacramento.
3163 4481 3230 4533 Et
3248 4476 3447 4534 revera
3469 4477 3610 4549 quid
3632 4476 3756 4532 cla-

2109 4551 2254 4622 rius,
2279 4547 2431 4622 _q_uid
2461 4548 2678 4622 certius
2710 4547 2824 4622 dici
2855 4554 3050 4618 potest
3086 4568 3192 4622 pro
3233 4552 3342 4605 hac
3370 4547 3612 4622 veritate
3644 4564 3755 4602 no-

2112 4621 2248 4676 stris
2279 4617 2439 4692 hisce
2472 4617 2680 4692 diebus
2710 4618 2770 4692 in
2792 4689 2805 4692 _
2829 4617 3230 4692 controversia
3277 4623 3484 4692 posita,
3518 4619 3591 4673 iis
3621 4636 3757 4690 quas

2111 4692 2283 4746 docet
2313 4691 2369 4743 S.
2405 4689 2684 4760 lgnatius,
2716 4689 2992 4746 videlicet
3016 4689 3432 4747 eucharistiam
3465 4707 3592 4746 esse
3626 4689 3759 4745 car-

2110 4778 2248 4817 nem
2278 4760 2598 4815 Servatoris
2631 4761 2813 4814 nostri
2845 4762 2981 4817 Jesu
3011 4763 3226 4818 Christi
3251 4781 3264 4831 ;
3301 4763 3465 4818 illam
3484 4762 3756 4817 eamdem

2112 4847 2373 4912 carnem,
2399 4847 2529 4912 quas
2552 4848 2658 4901 pro
2681 4832 3185 4912 peccatisanostris
3193 4850 3366 4905 passa
3378 4838 3493 4912 est,
3503 4838 3560 4888 et
3573 4849 3758 4912 quam

2111 4907 2287 4975 Pater
2308 4907 2513 4975 postea
2543 4903 2895 4975 suscitavit?
2925 4903 3229 4968 Quomodo
3260 4904 3586 4959 consociari
3607 4903 3760 4975 pos-

2111 4980 2249 5054 sunt
2275 4972 2615 5054 hujusmodi
2646 4973 2880 5054 phrasis
2926 4990 3059 5054 cum
3092 4992 3268 5031 sensu
3300 4976 3543 5054 ﬁgurato
3575 4972 3758 5054 nova-7

2110 5051 2306 5101 torum
2328 5040 2552 5098 TNunc
2584 5040 2761 5117 igitur
2790 5044 3042 5100 miretur
3088 5063 3283 5108 nemo,
3327 5040 3375 5100 si
3406 5048 3514 5101 hos
3557 5046 3757 5117 videat

2111 5121 2459 5189 respuentes
2512 5116 2923 5189 auctoritatem
2978 5117 3373 5189 epistolarumi
3410 5118 3467 5172 S.
3524 5116 3758 5189 lgnatii,

2112 5185 2362 5265 quorum
2398 5185 2666 5241 doctrina
2718 5203 2919 5241 eorum
2968 5185 3251 5243 doctrina:
3284 5205 3314 5242 e
3346 5185 3637 5243 diametro
3670 5193 3762 5241 est

2112 5258 2403 5315 opposita.

2151 5277 2741 5401 pggjl'll‘aertullianus,
2777 5327 2879 5385 lib.
2905 5345 2957 5383 1v
2982 5337 3175 5384 contra
3202 5329 3555 5400 Marcionem,
3589 5347 3641 5386 r.
3666 5332 3757 5386 40.

2205 5402 2295 5470 58)
2331 5399 2571 5465 Jerem.,
2606 5416 2710 5470 cap
2766 5416 2844 5465 χι,
2993 5402 3077 5454 19.

2205 5403 2272 5455 58
2331 5402 2571 5465 Jerem.,
2606 5416 2710 5470 cap
2766 5416 2844 5465 χι,
2993 5402 3077 5454 19.

2108 5402 2295 5597 21253?
2324 5473 2607 5595 ggspons.
2642 5470 2716 5525 ad
2746 5474 2913 5525 tract.
2955 5474 3032 5524 De
3053 5476 3383 5543 perpetua”
3411 5477 3579 5545 parte
3603 5488 3667 5542 ιι,
3700 5489 3752 5527 c.

2327 5560 2513 5666 έῗῖδδ
2566 5610 2655 5665 καὶ
2713 5608 2840 5671 τοὺς
2910 5608 3191 5677 διακόνυυς
3228 5610 3386 5678 ὄντας
3449 5612 3755 5690 μυστηρίου
