4112 6132
361 320 479 380 697

1563 325 1668 386 DE
1712 317 2101 384 DOCTRINA
2143 317 2207 378 S.
2253 318 2590 378 IGNATII.

3658 326 3778 384 598

360 453 433 509 ab
464 452 778 508 Ambrosio
826 460 1067 509 vocatur
1123 457 1375 512 minister
1430 457 1628 511 altari:
1679 457 1812 527 (6t).
1847 456 1916 509 Et
1945 454 2012 508 D.
2047 455 2100 522 Α
2129 451 2200 506 de
2231 450 2522 522 spirituali
2569 467 2636 506 ac
2682 450 3108 522 metaphorico,
3141 453 3246 508 sed
3278 453 3350 508 de
3393 456 3686 511 materiali
3721 473 3782 529 et

361 542 717 597 Laurentius
760 542 918 612 apud
976 542 1252 598 eumdem
1312 544 1614 600 doctorem
1644 545 1758 616 (62)
1791 543 2020 597 Sixtum

358 647 662 686 summum
690 630 1031 701 pontificem
1082 633 1174 686 his
1222 632 1416 688 verbis
1448 633 1801 705 compellat:
1846 654 1873 680 ‹ι
1909 633 2020 685 Ex-

356 721 772 791 perire,utrum
799 719 1081 775 idoneum
1105 722 1447 778 ministrum
1469 722 1739 794 elegeris,
1757 721 1852 777 cui
1875 737 2022 776 com-

358 807 574 863 misisti
621 807 914 862 Dominici
951 809 1255 878 sanguinis
1285 811 1812 865 consecrationem.
1847 831 1876 860 »
1910 808 2022 863 Sed

358 897 508 952 illud
531 896 910 968 potissimum
937 897 998 952 in
1022 898 1214 954 verbis
1238 899 1290 954 S.
1316 901 1525 971 Ignatii
1549 899 2024 955 animadverten-

359 987 524 1055 dum,
549 986 710 1057 quod
742 986 868 1058 ipse
901 985 972 1041 de
1008 986 1220 1042 iisdem
1244 988 1509 1043 diaconis
1541 988 1804 1043 addidit:
1845 1007 1868 1039 ι
1894 987 2020 1040 Non

361 1077 521 1131 enim
553 1076 823 1131 ciborum
859 1082 917 1131 et
947 1082 1194 1148 potuum
1228 1083 1365 1132 sunt
1395 1077 1674 1132 ministri.
1713 1097 1740 1127 υ
1788 1075 2021 1130 Etenim

358 1165 418 1220 hi
449 1164 713 1235 primum
735 1165 1000 1235 quidem,
1023 1171 1090 1220 ut
1114 1165 1428 1222 viduarum
1451 1181 1898 1236 pauperumque
1925 1181 2022 1219 cu-

359 1271 486 1310 ram
516 1260 826 1326 generent,
858 1255 930 1310 ab
971 1255 1258 1326 apostolis
1308 1261 1447 1310 sunt
1491 1255 1770 1310 ordinati.
1809 1256 2021 1308 Verum

360 1344 783 1398 secundarium
813 1343 962 1398 illud
996 1361 1206 1399 eorum
1247 1361 1485 1412 munus,
1518 1345 1785 1415 quamvis
1814 1343 2021 1415 prima;

361 1450 568 1488 eorum
600 1432 875 1488 electioni
930 1434 1306 1490 occasionem
1357 1434 1627 1500 dederit;
1661 1433 2016 1504 quibusdam

358 1527 557 1576 tamen
591 1523 653 1576 in
685 1522 1027 1594 regionibus
1061 1522 1236 1593 paulo
1283 1529 1417 1594 post
1449 1523 1876 1578 mutationibus
1908 1522 2020 1576 fuit

357 1610 698 1666 obnoxium.
731 1612 913 1666 Porro
945 1611 994 1665 si
1025 1611 1167 1682 quid
1200 1615 1406 1665 contra
1430 1611 1801 1666 Justinianus
1829 1615 1887 1664 et
1921 1627 2019 1674 sy-

359 1700 551 1755 nodus
583 1699 860 1755 Trullana
903 1702 1009 1770 (63)
1041 1701 1402 1756 deﬁnierunt
1431 1702 1540 1756 hac
1572 1702 1631 1754 in
1664 1717 1726 1754 re
1760 1717 1830 1754 ex
1863 1699 2018 1754 male

360 1789 703 1858 intellectis,
764 1806 901 1844 cum
957 1790 1451 1846 Neocaesariensis
1499 1789 1756 1855 concilii,
1805 1795 1930 1844 tum
1958 1789 2014 1844 S.
2056 1820 2103 1884 Β

358 1879 760 1950 Chrysostomi
791 1878 1007 1947 verbis,
1039 1878 1112 1934 ab
1157 1880 1406 1950 antiqua
1435 1881 1675 1934 Patrum
1701 1877 2015 1932 traditione

361 1971 759 2022 recesserunt.

431 2058 636 2126 Neque
667 2054 817 2110 illud
845 2056 1022 2110 etiam
1047 2056 1452 2126 perfunctoria
1471 2055 1880 2110 observatione
1914 2054 2020 2109 ad-

359 2144 714 2212 notandum,
747 2143 907 2214 quod
937 2145 1196 2216 Ignatius
1227 2144 1300 2199 de
1349 2161 1515 2199 sacro
1547 2145 2019 2199 Christianorum

359 2234 534 2290 altari
592 2233 669 2288 ad
725 2233 1009 2304 Ephesios
1043 2234 1155 2304 (64)
1187 2233 1432 2290 scribit:
1487 2257 1507 2283 ι
1544 2234 1600 2288 Si
1633 2233 1764 2304 quis
1796 2249 1917 2288 non
1947 2232 2024 2286 sit

359 2325 520 2379 intra
578 2323 786 2387 altare,
822 2345 851 2372 »
909 2325 1004 2376 τοῦ
1061 2322 1469 2396 θυσιαστηρίου,
1512 2345 1540 2374 ‹‹
1572 2324 1837 2394 privatur
1867 2339 2020 2394 pane

359 2415 484 2471 Dei.
523 2435 551 2463 »
584 2416 654 2468 Et
677 2413 751 2468 ad
772 2412 1147 2483 Philadelph.
1173 2414 1285 2483 (65)
1309 2428 1324 2468 :
1360 2435 1388 2463 «
1413 2414 1539 2468 Una
1560 2413 1718 2467 enim
1753 2429 1889 2466 caro
1916 2413 2022 2466 Do'

359 2503 507 2558 mini
537 2503 728 2558 nostri
754 2503 892 2558 Jesu
922 2501 1160 2569 Christi,
1187 2507 1245 2555 et
1271 2517 1426 2556 unus
1459 2501 1614 2555 calix
1641 2501 1702 2554 in
1734 2501 2022 2555 unionem

363 2592 667 2663 sanguinis
718 2590 926 2662 ipsius,
975 2606 1166 2646 unum
1225 2590 1430 2657 altare,
1460 2585 1514 2641 ἓν
1555 2588 1962 2659 θυσιαστήριον.
1994 2608 2019 2639 ι

367 2681 467 2734 llis
525 2682 587 2734 in
641 2680 788 2735 locis
845 2695 1046 2734 vocem
1105 2679 1489 2749 θυσιαστήριον
1530 2678 1592 2731 in
1624 2693 1731 2731 sua
1760 2677 2020 2746 propria,

372 2787 509 2825 vera
536 2787 601 2825 ac
629 2770 886 2843 genuina
913 2770 1370 2841 signiﬁcatione,
1399 2769 1686 2822 nimirum
1718 2783 1823 2838 pro
1856 2782 2024 2821 sacra

373 2874 595 2928 mensa,
628 2859 686 2914 in
718 2875 834 2929 qua
864 2859 1077 2913 Christi
1112 2874 1324 2928 corpus
1357 2856 1723 2924 immolatur,
1745 2855 2022 2924 usurpari

368 2947 763 3002 certissimum
791 2952 918 3012 est;
979 2946 1138 3001 unde
1172 2946 1435 3017 profecto
1469 2946 1802 3000 refutantur
1833 2943 2024 2998 Calvi-

364 3036 548 3101 niani,
573 3037 672 3106 qui
697 3053 903 3090 verum
933 3035 1147 3089 Christi
1183 3051 1396 3105 corpus
1420 3034 1482 3088 in
1505 3032 1863 3088 eucharistia
1893 3048 2022 3088 esse

361 3131 670 3196 negantes,
703 3140 904 3179 vocem
939 3140 1173 3194 quoque
1215 3122 1621 3194 θυσιαστήριον,
1653 3121 1853 3187 altare,
1885 3136 2021 3175 vero

361 3230 427 3269 ac
459 3214 702 3286 proprio
734 3213 1068 3284 signiﬁcatu
1125 3228 1230 3283 per
1286 3212 1400 3266 tria
1440 3212 1634 3282 prima
1678 3209 1896 3266 srecula
1947 3209 2021 3265 ab

362 3302 624 3372 antiquis
645 3301 919 3356 Patribus
944 3305 1247 3371 acceptam
1272 3299 1634 3354 inﬁciantur.
1660 3299 1899 3353 Frustra
1918 3314 2021 3352 au-

363 3397 481 3447 tem
513 3391 724 3463 objicit
772 3389 1087 3446 Vedelius:
1143 3389 1573 3444 Eucharistiam
1624 3387 1835 3459 Ignatii
1868 3393 2020 3441 tem-

362 3497 504 3552 pore
537 3479 612 3534 ad
642 3495 910 3533 mensam
951 3477 1232 3550 ligneam,
1264 3493 1395 3547 quas
1445 3476 1630 3531 altare
1666 3475 1901 3547 proprie
1933 3474 2024 3529 di-

365 3573 524 3625 ctum
575 3584 698 3623 non
757 3572 904 3635 erat,
964 3566 1148 3621 fuisse
1181 3564 1678 3621 administratam.
1724 3565 2022 3618 Incertum

365 3674 623 3728 namque
652 3656 845 3728 primo
869 3660 959 3710 est
987 3660 1186 3710 utrum
1219 3654 1312 3708 his
1341 3652 1619 3709 Ecclesiaa
1652 3651 2022 3724 temporibus

367 3746 570 3802 tabula
598 3745 799 3818 lignea
829 3760 904 3798 an
932 3743 1167 3815 lapidea
1196 3743 1288 3797 usi
1330 3742 1572 3797 fuerint.
1606 3741 1873 3796 Secundo
1901 3758 2022 3796 non

367 3835 647 3892 materies
678 3832 932 3903 lapidea,
961 3836 1062 3887 aut
1092 3832 1308 3903 lignea,
1335 3831 1435 3885 sed
1458 3829 1816 3885 sacrificium
1845 3847 2022 3901 super

366 3939 656 3990 mensam,
688 3922 1094 3993 cujuscunque
1126 3919 1395 3975 materiei
1443 3919 1542 3986 sit,
1575 3917 1648 3974 ab
1680 3917 2020 3974 hominibus

369 4014 482 4068 Deo
514 4011 778 4067 oblatum
811 4009 992 4065 altare
1023 4008 1256 4080 proprie
1291 4008 1514 4062 dictum
1547 4007 1874 4062 constituit.
1905 4007 2021 4060 Ne-

367 4121 480 4174 que
512 4119 647 4156 vero
679 4100 738 4155 id
765 4100 1008 4171 majoris
1033 4099 1317 4154 momenti
1345 4103 1452 4165 est,
1477 4097 1635 4168 quod
1656 4095 1812 4151 idem
1839 4095 2019 4151 Vede-

365 4192 481 4247 lius
513 4209 603 4258 eo,
640 4189 780 4260 quia
811 4188 1185 4252 mulieribus,
1218 4204 1291 4240 ne
1325 4186 1397 4241 ad
1428 4186 1614 4240 altare
1645 4185 2016 4248 accederent,

366 4279 674 4336 nonnullis
705 4277 1033 4333 canonibus
1055 4276 1165 4346 (66)
1195 4275 1438 4329 vetitum
1472 4279 1649 4338 esset,
1682 4273 1818 4327 inde
1855 4275 2019 4344 lgna-

366 4371 515 4425 tium
547 4383 666 4423 non
718 4365 789 4420 de
847 4365 1047 4435 aliquo
1108 4362 1422 4429 materiali,
1459 4362 1562 4417 sed
1595 4361 1668 4415 de
1699 4361 2015 4432 spirituali,

367 4473 611 4530 precum
641 4455 868 4510 scilicet
926 4457 985 4508 et
1038 4451 1338 4506 rationum
1395 4449 1848 4520 intelligendum
1886 4466 2016 4505 esse

2124 557 2259 596 vero
2287 540 2460 596 altari
2491 557 2627 594 eum
2660 540 2824 610 loqui
2856 557 3100 596 necesse
3132 549 3240 598 est.
3264 544 3529 614 Denique
3556 546 3604 599 si
3646 562 3783 602 mu-

2123 628 2367 684 lieribus
2399 627 2599 682 altaris
2646 644 2916 684 accessus
2956 629 3101 684 olim
3149 631 3642 702 interdicebatur,
3677 651 3783 704 per

2125 717 2307 772 divini
2332 722 2560 772 tantum
2592 717 2771 772 officii
2803 725 3090 789 tempora,
3115 736 3236 774 non
3261 728 3484 790 autem,
3507 739 3642 777 cum
3675 739 3779 778 eu-

2125 807 2407 862 charistia
2426 806 2774 876 accipienda
2790 816 2964 872 esset,
2986 807 3130 862 illud
3153 810 3238 864 eis
3263 810 3626 881 prohibitum
3647 812 3780 866 fuit-

2199 897 2489 952 Instabis:
2523 896 2737 952 Primis
2787 897 3059 952 Ecclesia)
3106 900 3339 954 saaculis
3373 917 3571 955 vocem
3603 902 3781 956 altare

2125 986 2319 1040 rarius
2349 985 2675 1040 adhibitam
2735 1003 2769 1040 a
2821 985 3117 1052 Patribus,
3171 988 3295 1057 qui,
3329 1005 3463 1043 cum
3496 988 3780 1045 adversus

2127 1074 2395 1130 ethnicos
2425 1073 2815 1144 disputarent,
2840 1074 2963 1128 ulla
2986 1074 3333 1131 Christianis
3365 1076 3572 1132 altaria
3596 1077 3779 1134 fuisse

2129 1167 2477 1218 constanter
2501 1163 2918 1235 pernegabant.
2950 1163 3064 1219 Sed
3094 1164 3186 1218 his
3216 1164 3388 1220 facile
3420 1168 3782 1238 respondeas

2126 1257 2318 1327 primo
2357 1273 2550 1310 vocem
2586 1256 2752 1310 illam
2782 1257 2962 1312 altare
3000 1258 3072 1312 ab
3110 1259 3355 1330 Ignatio,
3380 1260 3588 1329 quidni
3621 1268 3678 1315 et
3706 1261 3780 1316 ab

2127 1345 2262 1400 aliis
2292 1344 2582 1406 Patribus,
2615 1361 2869 1415 quorum
2894 1346 3114 1416 scripta
3146 1348 3601 1417 perierunt,non
3622 1366 3775 1417 raro,

2129 1433 2232 1489 sed
2263 1450 2415 1505 stepe
2448 1439 2813 1504 usurpatam.
2848 1435 3138 1505 Secundo,
3186 1437 3233 1491 si
3284 1438 3463 1508 primi
3498 1439 3778 1494 Ecclesim

2128 1526 2330 1579 Patres
2362 1525 2423 1579 in
2455 1525 2576 1580 suis
2608 1531 2813 1580 contra
2843 1543 3103 1597 paganos
3147 1528 3382 1598 scriptis
3415 1535 3474 1584 et
3511 1529 3780 1601 disputa-

2129 1614 2388 1669 tionibus
2420 1613 2584 1668 nulla
2615 1614 2963 1668 Christianis
2994 1615 3206 1670 altaria
3252 1616 3435 1672 fuisse
3480 1619 3777 1687 dixerunt,

2129 1703 2191 1756 in
2224 1703 2359 1757 aliis
2389 1702 2670 1772 operibus
2717 1708 2819 1756 aut
2868 1705 3243 1759 sermonibus
3292 1705 3364 1759 ad
3414 1707 3780 1762 Christianos

2129 1791 2367 1857 habitis,
2391 1807 2499 1846 sua
2528 1793 2688 1861 ipsos
2710 1790 2921 1846 altaria
2944 1791 3221 1846 habuisse
3245 1801 3537 1849 asserunt.
3565 1797 3784 1860 Quam-

2133 1879 2338 1935 obrem
2371 1896 2505 1934 cum
2537 1879 2937 1949 antiquissimi
2999 1880 3086 1934 illi
3143 1882 3460 1952 scriptores
3492 1883 3604 1937 sibi
3636 1884 3780 1952 ipsis

2132 1967 2414 2022 contrarii
2447 1982 2576 2020 esse
2633 1982 2755 2020 non
2814 1967 3064 2037 possint,
3120 1968 3300 2023 iidem
3341 1969 3546 2040 procul
3577 1970 3778 2035 dubio,

2131 2055 2233 2110 nbi
2267 2055 2414 2109 illud
2446 2054 2807 2118 inficientur,
2841 2055 2922 2110 ibi
2968 2055 3039 2109 de
3071 2055 3356 2112 altaribus
3408 2057 3683 2128 publicis,
3719 2058 3782 2111 in

2131 2143 2349 2215 quibus
2378 2143 2670 2198 sacrificia
2703 2144 2960 2199 maximo
2991 2149 3297 2214 apparatu,
3329 2150 3387 2199 et
3416 2162 3780 2216 paganorum

2132 2248 2296 2288 more
2329 2233 2562 2297 fierent,
2603 2237 2743 2287 sunt
2790 2232 3184 2303 intelligendi.
3219 2235 3288 2286 Et
3313 2239 3472 2288 certe
3503 2250 3638 2288 cum
3669 2233 3781 2302 ipsi

2133 2320 2553 2376 eucharistiam
2584 2336 2786 2374 verum
2817 2320 3079 2389 corporis
3127 2326 3186 2373 et
3233 2321 3538 2391 sanguinis
3567 2322 3783 2376 Christi

2134 2410 2491 2466 sacrificium
2512 2425 2640 2464 esse
2664 2409 2825 2463 omni
2845 2410 3280 2465 asseveratione
3301 2410 3784 2482 affirment,apud

2133 2499 2498 2554 Christianos
2547 2514 2749 2554 verum
2807 2514 2873 2553 ac
2931 2499 3237 2569 proprium
3301 2500 3488 2556 altare
3545 2500 3785 2573 aliquod

2132 2587 2337 2656 fuisse,
2369 2603 2585 2658 negare
2611 2603 2730 2641 non
2762 2591 3101 2656 potuerunt.

2207 2677 2286 2730 De
2317 2676 2692 2731 eucharistiae
2714 2682 3086 2730 sacramento
3110 2676 3411 2733 disserens
3438 2680 3498 2734 D.
3523 2681 3786 2750 lgnatius

2134 2766 2310 2820 simul
2343 2764 2608 2820 declarat
2627 2765 2892 2820 divinum
2918 2765 3075 2820 hunc
3098 2766 3295 2820 cibum
3327 2767 3624 2836 quoddam
3658 2785 3784 2824 esse

2133 2855 2488 2921 remedium,
2517 2853 2675 2924 quod
2694 2853 2968 2925 producit
2991 2854 3500 2910 immortalitatem
3524 2873 3536 2910 :
3561 2856 3788 2929 Φάρμα-

2132 2967 2226 3000 κον
2260 2945 2566 3012 ἀθανασίας,
2601 2969 2614 2996 ι
2662 2947 3047 3016 pharmacum
3096 2945 3558 3002 immortalitatis
3590 2950 3720 3016 (67).
3753 2969 3782 3000 υ

2133 3036 2389 3109 glorioso
2421 3035 2531 3090 hoc
2565 3035 2806 3089 nomine
2849 3035 3005 3089 istud
3053 3033 3315 3089 divinum
3348 3042 3786 3092 sacramentum

2137 3125 2394 3197 appellat
2421 3142 2432 3178 :
2469 3124 2786 3195 statimque
2819 3123 2985 3178 addit
3013 3123 3172 3193 quod
3201 3131 3638 3180 sacramentum
3679 3127 3789 3182 hoc

2139 3221 2228 3271 est
2249 3238 2276 3264 «
2301 3213 2730 3280 antidotum,ne
2750 3212 3200 3278 moriamur,sed
3218 3214 3468 3268 vivamus
3483 3231 3710 3285 semper
3727 3214 3788 3270 in

2137 3306 2273 3359 Jesu
2299 3303 2550 3358 Christo.
2587 3325 2614 3351 ››
2634 3303 2953 3374 Magniﬁca)
2985 3303 3296 3373 hujumodi
3329 3304 3574 3374 phrases
3603 3305 3664 3358 in
3685 3321 3787 3359 au-

2139 3399 2297 3448 ctore
2332 3397 2450 3447 tam
2477 3396 2725 3459 vetusto,
2759 3392 2914 3446 sicut
2960 3397 3049 3446 est
3077 3393 3142 3445 D.
3177 3393 3459 3464 Ignatius,
3492 3410 3788 3448 summam

2141 3481 2445 3538 evidenter
2475 3479 2795 3535 ostendunt
2815 3479 3278 3547 venerationem,
3305 3497 3420 3551 qua
3439 3480 3789 3536 colebantur

2141 3569 2341 3626 divina
2370 3571 2495 3625 haec
2526 3569 2811 3641 mysteria
2846 3568 3056 3640 primis
3087 3567 3364 3624 Ecclesia:
3401 3568 3784 3640 temporibus.

2707 3728 3101 3784 ARTICULUS
3147 3729 3216 3782 II.

2600 3877 3034 3918 OBSERVATIONES
3080 3878 3326 3917 HOMLES

2210 4006 2430 4058 Praeter
2447 4002 2833 4075 obligationes
2851 4003 3562 4074 episcopos,presbyteros
3580 4021 3646 4059 ac
3668 4005 3789 4061 dia-

2141 4109 2320 4147 conos
2342 4097 2791 4157 concernentes,
2812 4091 3281 4146 Christianorum
3316 4092 3560 4162 insuper
3581 4094 3786 4147 munia

2139 4187 2198 4236 et
2226 4181 2618 4253 obligationes
2649 4181 2707 4234 in
2740 4180 2991 4251 epistola
3011 4181 3083 4234 ad
3109 4181 3500 4252 Polycarpum
3524 4184 3635 4251 (68)
3652 4200 3784 4253 per-

2139 4275 2370 4337 tractat,
2403 4270 2463 4324 in
2495 4287 2610 4340 qua
2639 4270 2869 4340 magnis
2899 4269 3074 4324 etiam
3117 4269 3392 4324 laudibus
3425 4279 3598 4326 ornat
3625 4271 3787 4326 caeli-

2137 4360 2272 4415 bem
2295 4362 2472 4416 vitam
2494 4363 2605 4431 (69)
2629 4367 2868 4433 agentes
2891 4378 2902 4414 :
2938 4378 3036 4415 eos
3059 4368 3257 4416 tamen
3282 4370 3595 4433 propterea
3619 4364 3782 4417 inani

2136 4453 2324 4522 gloria
2355 4452 2550 4506 efferri
2601 4468 2720 4505 non
2752 4451 2890 4506 vult.
2924 4450 3008 4505 Illi
3054 4467 3210 4518 vero,
3243 4452 3344 4521 qui
3375 4453 3613 4524 nuptias
3643 4470 3782 4507 con-

370 4545 695 4602 contendit.
729 4542 1038 4598 Enimvero
1069 4540 1228 4595 idem
1260 4539 1385 4610 ipse
1417 4539 1714 4604 Vedelius,
1748 4555 1882 4593 cum
1914 4539 2021 4593 hos
2053 4541 2100 4604 D
2141 4542 2404 4609 trahunt,
2436 4541 2638 4595 subdit
2670 4541 2794 4611 ipse
2827 4541 2936 4611 (70)
2969 4539 3025 4594 id
3069 4543 3340 4613 episcopo
3373 4549 3672 4597 annuente
3698 4543 3782 4597 fa-

371 4636 511 4690 citat
541 4648 820 4697 canones,
862 4630 961 4701 qui
994 4645 1196 4683 vocem
1247 4627 1450 4682 altaris
1495 4643 1637 4682 vero
1669 4643 1738 4681 ac
1767 4628 2024 4698 genuino

372 4741 552 4782 sensu
571 4721 1151 4794 usurpant,seipsum
1174 4718 1520 4789 imprudens
1537 4717 2023 4789 jugulat.Deinde

365 4814 631 4886 Ignatius
661 4811 734 4866 de
764 4808 1123 4866 eucharistia
1168 4806 1452 4876 loquitur,
1503 4822 1572 4860 ac
1621 4805 1868 4876 proinde
1902 4823 2021 4861 non

358 4969 548 5034 Ἰησοῦ
587 4964 822 5037 Χριστοῦ
875 4960 1014 5014 κατὰ
1073 4958 1244 5012 πάντα
1288 4978 1318 5010 τ
1357 4957 1489 5011 ὁπον
1539 4962 1700 5010 πᾶσιν
1753 4953 2014 5030 ἀρέσκειν⁹

362 5038 425 5082 Μ’)
453 5037 558 5082 γὰο
586 5035 894 5082 ϐρωμάτων
925 5031 1015 5082 καὶ
1057 5034 1238 5082 ποτῶν
1290 4975 1391 5082 εἶσι
1426 5026 1692 5082 διάκονοι.
1728 5025 1854 5081 ἀλλ’
1892 5030 2014 5082 Ἐκ-

362 5031 558 5112 οὖγὰρ
586 5031 894 5109 βρωμάτων
925 5031 1015 5084 καὶ
1057 5034 1238 5084 ποτῶν
1290 5031 1391 5082 εἰσι
1426 5031 1692 5092 διάκονοι,
1728 5031 1854 5081 ἀλλ’
1892 5031 2019 5082 Ἐκ-

357 5106 592 5176 κλησίας
623 5109 756 5162 Θεοῦ
792 5105 1142 5181 ὑπήρεταικα
1159 5103 1408 5181 pportet
1428 5108 1625 5156 autem
1655 5105 1712 5181 et
1733 5099 2016 5181 diaconos

361 5171 782 5252 mysteriorum
803 5171 940 5230 Jesu
957 5174 1173 5228 Christi
1196 5171 1498 5227 ministros
1517 5172 1677 5226 omni
1697 5171 1872 5226 modo
1895 5188 2018 5225 om-

361 5253 537 5296 nilum
568 5249 818 5296 nlacere.
855 5249 978 5296 Non
1010 5245 1171 5296 enim
1208 5243 1478 5296 ciborum
1531 5249 1589 5296 et
1620 5248 1866 5296 notuum
1903 5243 2015 5295 mi-

361 5249 537 5306 nibus
568 5249 818 5321 placere.
855 5249 978 5300 Non
1010 5249 1171 5298 enim
1208 5249 1478 5297 ciborum
1531 5249 1589 5296 et
1620 5249 1866 5312 potuum
1903 5249 2012 5295 mi-

364 5322 536 5377 nistri
570 5327 726 5386 sunt,
751 5318 855 5374 sed
900 5315 1174 5371 Ecclesim
1203 5314 1304 5368 Dei
1327 5313 1604 5368 ministri.
1632 5335 1658 5361 »
1694 5312 1777 5366 Ad
1809 5313 2012 5379 Trall.,

368 5411 419 5448 θ’
441 5397 556 5533 (261)
589 5459 710 5533 Lib.
743 5461 818 5514 De
846 5459 1121 5533 virginit.,
1153 5455 1382 5533 c.__18,§
1414 5456 1533 5508 “9.

442 5529 555 5599 (62)
588 5531 710 5586 Lib.
746 5546 759 5583 ι
789 5533 864 5584 De
894 5532 1075 5598 0fﬂc.,
1107 5545 1158 5584 c.
1189 5529 1278 5580 41.

444 5606 556 5674 (63)
589 5603 821 5657 Canone
851 5603 940 5654 41.

444 5609 537 5674 (63
589 5609 808 5657 Οειῐιοιιε

443 5609 558 5748 (64)
586 5674 724 5744 Cap.
742 5674 808 5747 ¹5.

2137 4630 2318 4697 ciant,
2346 4635 2410 4684 ut
2439 4629 2660 4700 nuptias
2696 4628 3024 4684 secundum
3050 4631 3235 4684 Deum
3258 4630 3398 4698 sint,
3423 4647 3542 4686 non
3572 4647 3780 4687 secun-

2139 4717 2279 4774 dum
2311 4718 2720 4789 cupiditatem.

2208 4810 2273 4862 In
2307 4807 2559 4878 epistola
2579 4806 2652 4862 ad
2677 4807 2962 4877 Ephesios
2984 4813 3220 4863 sanctus
3239 4813 3464 4878 martyr
3485 4823 3781 4862 commen-

2200 4961 2312 5030 (65)
2340 4962 2480 5031 Cap.
2511 4963 2565 5014 4.

2199 5050 2309 5119 (66)
2340 5048 2564 5104 Concil.
2597 5047 3026 5116 Laodiczenum,
3061 5063 3288 5102 canone
3318 5049 3406 5102 44.

2197 5138 2310 5205 (67)
2338 5137 2516 5207 Epist.
2553 5136 2625 5190 ad
2658 5137 2896 5206 Ephes.,
2929 5153 3056 5206 cap.
3083 5139 3170 5191 20.

2198 5227 2308 5294 (68)
2342 5227 2479 5295 Cap.
2513 5227 2565 5280 6.

2195 5300 2302 5365 (69i
2338 5321 2362 5344 ‹‹
2399 5298 2454 5351 Si
2490 5297 2620 5366 quis
2652 5300 2842 5364 potest
2872 5297 2930 5349 in
2965 5297 3233 5349 castitate
3267 5311 3505 5350 manere
3543 5297 3616 5351 ad
3669 5300 3776 5352 ho—

2126 5385 2334 5423 norem
2367 5369 2562 5422 carnis
2589 5368 2928 5426 Dominicae,
2964 5368 3021 5420 in
3056 5367 3389 5420 humilitate
3421 5377 3676 5424 maneat.
3713 5372 3771 5424 Si

2124 5440 2430 5522 glorietur,
2460 5440 2657 5522 periit.
2857 5455 2917 5522 se
2940 5438 3525 5522 majoreinnepiscopo
3548 5450 3770 5504 censet,

2123 5508 2371 5567 interiit.
2407 5531 2432 5562 ι
2463 5508 2648 5581 Epist.
2680 5508 2754 5564 ad
2784 5509 3113 5581 Polycarp.,
3147 5526 3197 5564 c.
3229 5512 3280 5562 5.

2194 5583 2301 5650 (70)
2333 5605 2360 5632 ‹‹
2396 5579 2575 5637 Decet
2602 5587 2668 5635 ut
2696 5579 2904 5652 sponsi
2953 5587 3011 5635 et
3034 5579 3046 5580 ί
3069 5597 3298 5651 sponsae
3332 5579 3422 5652 fde
3472 5585 3771 5640 sententia

2121 5655 2382 5725 episcopi
2405 5651 2747 5725 conjugium
2767 5652 3006 5720 faciant,
3031 5668 3146 5722 quo
3174 5651 3396 5722 nuptiae
3428 5653 3547 5710 sint
3567 5671 3772 5710 secun-
