4062 6150
323 343 439 407 599

1405 347 1468 404 S.
1513 340 1906 405 IGNATIUS.
1955 374 2026 386 —
2073 337 2694 401 PROLEGOMENA.

3648 342 3772 401 600

327 477 446 544 dat,
480 476 659 531 ﬁdem
699 492 767 530 ac
798 476 1149 532 charitatem
1206 477 1348 547 (7t);
1408 477 1694 532 orationis
1724 475 1977 547 publica)
2006 483 2054 544 Α
2090 472 2294 527 Nullus
2324 471 2502 526 ﬁdem
2532 471 2959 542 repromittens
2990 477 3213 542 peccat,
3251 489 3459 544 neque
3494 474 3771 533 charita-

329 570 639 621 enumerat
667 565 954 619 utilitates
986 568 1122 634 (72).
1161 589 1180 614 σι
1220 568 1401 620 Nemo
1431 572 1609 634 erret,
1635 566 1719 621 ait
1739 566 1793 620 S.
1813 567 1979 637 Igna-

327 655 468 723 tius,
505 654 619 708 nisi
644 653 777 724 quis
808 653 964 708 intra
993 654 1179 708 altare
1219 655 1316 724 sit,
1349 656 1613 726 privatur
1649 670 1800 725 pane
1832 654 1932 708 Dei
1963 669 1975 706 :

331 744 379 798 si
410 743 570 798 enim
601 744 778 798 unius
812 748 987 813 atque
1019 744 1262 799 alterius
1309 745 1570 815 precatio
1602 749 1795 799 tantas
1828 745 1979 798 vires

328 831 528 900 habet,
564 837 785 901 quanto
819 833 1004 902 magis
1026 832 1150 900 illa,
1175 850 1306 903 qua:
1337 834 1599 904 episcopi
1632 838 1741 898 est,
1774 832 1864 887 vel
1897 838 1979 887 to-

331 923 447 976 tius
477 922 775 976 Ecclesiaa.
809 922 916 984 Qui
948 923 1126 992 igitur
1155 924 1216 977 in
1261 928 1614 978 conventum
1646 940 1765 977 non
1794 923 1977 991 venit,

329 1011 427 1064 hic
454 1009 580 1079 jam
613 1011 892 1080 superbia
924 1011 1113 1065 elatus
1144 1018 1254 1078 est,
1287 1018 1345 1065 et
1374 1012 1636 1082 seipsum
1663 1012 1977 1082 separavit.

331 1100 470 1153 Date
502 1099 700 1169 itaque
725 1115 987 1169 operam,
1020 1121 1039 1146 ιι
1068 1100 1152 1154 ait
1174 1100 1419 1171 insuper
1438 1099 1512 1154 ad
1535 1099 1775 1156 eosdem
1797 1100 1982 1170 Ephe-

328 1188 469 1254 sios,
525 1211 544 1235 ι
581 1194 642 1241 ut
689 1189 946 1242 crebrius
973 1189 1430 1260 congregemini,
1481 1189 1554 1243 ad
1600 1189 1818 1260 gratias
1862 1190 1978 1243 Deo

327 1275 603 1348 agendas,
639 1276 920 1346 illiusque
967 1277 1216 1347 gloriam
1244 1294 1256 1330 :
1303 1277 1540 1348 quando
1573 1279 1732 1333 enim
1762 1278 1980 1349 szepius

326 1365 390 1417 in
413 1363 572 1418 idem
597 1365 710 1418 loci
734 1365 1080 1432 convenitis,
1105 1365 1535 1420 labefactantur
1555 1366 1707 1420 vires
1729 1366 1979 1435 Satanas,

329 1458 388 1508 et
409 1452 729 1507 concordia
750 1459 957 1507 vestra;
981 1453 1116 1509 ﬁdei
1141 1454 1392 1509 solvitur
1410 1455 1678 1523 exitium,
1699 1454 1858 1525 quod
1878 1454 1979 1508 ille

328 1542 527 1596 infert.
567 1565 594 1592 ››
629 1543 685 1597 Si
735 1543 1093 1614 gravissima;
1146 1545 1488 1616 hujusmodi
1539 1546 1815 1602 veritates
1845 1563 1981 1617 pro-

329 1631 511 1685 funde
540 1631 602 1686 in
636 1632 937 1686 mentibus
970 1632 1235 1688 ﬁdelium
1273 1640 1490 1689 nostra;
1537 1637 1727 1690 aetatis
1757 1635 1983 1689 inscul-

331 1723 405 1774 ta:
436 1726 656 1786 essent,
689 1721 1039 1790 neutiquam
1088 1722 1437 1777 innumeros
1478 1724 1979 1794 conspiceremus,

330 1808 432 1876 qui
457 1807 680 1876 absque
698 1808 962 1879 legitima
983 1826 1160 1864 causa
1183 1816 1240 1865 et
1255 1816 1460 1865 contra
1481 1827 1685 1866 verum
1709 1811 1982 1866 Ecclesiaa
2013 1840 2060 1905 Β

328 1897 628 1966 spiritum,
661 1903 1035 1953 sacrosancto
1087 1901 1285 1954 missas
1335 1901 1649 1970 sacriﬁcio,
1678 1906 1738 1955 et
1767 1901 1980 1956 divinis

324 1986 580 2056 proprias
614 1987 882 2056 parua-ciae
916 1988 1149 2055 OfﬁCllS,
1175 2006 1242 2044 ac
1264 1990 1312 2044 si
1335 2007 1537 2046 revera
1568 1992 1866 2046 immunes
1898 2007 1982 2044 es-

327 2079 478 2140 sent,
499 2091 630 2128 raro
654 2082 757 2129 aut
778 2093 1083 2146 nunquam
1107 2079 1351 2132 omnino
1376 2081 1755 2134 intersunt.Si
1781 2085 1979 2134 autem

325 2161 601 2214 maxime)
630 2161 938 2226 utilitates,
975 2179 1106 2232 qum
1154 2165 1433 2219 ﬁdelibus
1463 2166 1787 2220 obveniunt
1813 2166 1982 2222 Chri-

324 2248 532 2302 stianis
563 2249 722 2304 hisce
754 2266 789 2304 a
819 2252 1230 2320 conventibus,
1263 2270 1363 2308 eos
1403 2270 1523 2309 non
1551 2260 1820 2326 tangunt,
1854 2270 1978 2310 m'o-

325 2353 457 2391 vere
481 2338 693 2392 saltem
720 2338 1009 2394 deberent
1028 2342 1312 2411 pericula,
1341 2343 1556 2413 quibus
1579 2350 1978 2416 exponuntur,

327 2426 470 2480 dum
503 2427 730 2498 seipsos
761 2428 835 2482 ab
866 2427 983 2482 illis
1014 2438 1342 2503 segregant.

399 2515 716 2586 Complura
738 2516 993 2588 denique
1017 2526 1349 2575 memoratu
1370 2521 1721 2592 dignissima
1741 2523 1813 2577 de
1838 2522 1974 2593 ﬁde,

327 2604 634 2670 charitate,
669 2621 737 2659 ac
771 2605 981 2661 timore
1015 2609 1195 2663 tradit
1227 2609 1281 2666 S.
1315 2616 1572 2682 martyr:
1603 2611 1677 2666 de
1710 2612 1824 2667 fide
1854 2614 1980 2683 qui-

325 2693 483 2756 dem,
516 2699 696 2762 atque
728 2695 1016 2750 charitate
1073 2697 1154 2751 ita
1214 2698 1512 2769 loquitur:
1548 2723 1575 2750 ‹‹
1611 2701 1979 2772 Principium

329 2781 570 2851 quidem
604 2784 781 2854 (vitae)
815 2784 983 2843 ﬁdes.
1020 2786 1158 2840 ﬁnis
1197 2803 1332 2842 vero
1382 2788 1640 2843 charitas
1683 2790 1732 2857 (1
1766 2792 1904 2845 Tim.
1938 2807 1978 2854 ι,

323 2870 398 2940 5).
432 2893 452 2918 ιι
489 2889 520 2922 ‹‹
550 2873 683 2926 Haec
709 2877 907 2927 autem
932 2873 1047 2928 duo
1072 2875 1130 2927 in
1162 2891 1351 2930 unum
1381 2878 1657 2931 coeuntia
1680 2878 1780 2931 Dei
1803 2884 1942 2933 sunt
1967 2895 1984 2934 :

321 2959 524 3014 omnia
552 2977 688 3015 vero
726 2960 841 3017 alia
873 2962 945 3018 ad
995 2963 1351 3034 probitatem
1395 2972 1788 3022 consectanea
1818 2973 1978 3022 sunt.

321 3083 458 3162 dum
493 3085 832 3162 Dominum,
867 3093 937 3162 et
973 3105 1118 3162 n_on_
1143 3089 1469 3144 secundum
1502 3090 1909 3162 cupiditatem.
1948 3115 1969 3144 ι

318 3155 564 3228 Ibidem.
598 3158 684 3211 En
718 3159 970 3228 requirit
999 3160 1050 3212 S.
1088 3159 1294 3214 doctor
1325 3155 1703 3222 sententiam,
1739 3179 1844 3217 seu
1874 3162 1972 3216 be-

322 3227 726 3302 nedictionem
747 3227 1028 3302 episcapi,
1043 3236 1109 3283 ut
1127 3232 1348 3302 nuptiae
1372 3234 1686 3288 conferant
1703 3235 1974 3302 gratiam.

391 3300 507 3367 (71)
540 3300 800 3372 Epistola
829 3300 903 3372 ad
934 3303 1170 3372 Ephes.,
1203 3300 1332 3372 cap.
1389 3305 1420 3356 8
1463 3310 1519 3358 et
1563 3307 1647 3359 14.
1678 3300 1827 3360 Vide
1857 3321 1973 3359 no-

329 3373 511 3444 stram
543 3369 827 3444 _Analysin
860 3369 1114 3444 laudatae
1148 3369 1430 3444 epistola).

399 3441 509 3515 (72)
543 3441 722 3515 Epist.
743 3441 831 3515 _ad
864 3443 1102 3513 Ephes.,
1132 3441 1259 3515 cap.
1285 3446 1320 3498 6
1343 3450 1398 3498 et
1425 3447 1508 3499 l3.

401 3512 509 3586 (73)
544 3512 629 3586 Ad
656 3513 865 3583 Ephes.
892 3512 1022 3584 Ep,
1045 3532 1173 3586 cap.
1197 3512 1262 3570 ῑ4
1286 3521 1342 3570 et
1363 3517 1414 3585 8,
1436 3517 1576 3571 dicit
1597 3533 1610 3570 :
1635 3539 1662 3566 «
1697 3519 1977 3574 Carnales

329 3581 996 3659 spiritu_alia_'exercere
1030 3581 1378 3659 nequeunt,
1403 3581 1607 3659 neque
1638 3590 1977 3659 spirituales

329 3653 610 3730 carnalia,
643 3656 796 3730 sicut
827 3673 937 3711 nec
970 3653 1303 3730 ﬁdesfquae
1351 3653 1784 3715 incredulitatis
1816 3667 1975 3730 sunt,

328 3739 436 3780 nec
467 3725 870 3800 incredulitas,
897 3744 1028 3798 quae
1053 3725 1224 3800 ﬁdei;
1258 3747 1388 3800 quas
1410 3747 1546 3785 vero
1571 3738 1630 3786 et
1649 3725 1977 3788 secundum

327 3811 566 3871 carnem
625 3799 817 3869 agitis,
869 3815 937 3853 ea
987 3799 1320 3871 spirituali’a
1351 3808 1507 3870 sunt,
1541 3803 1601 3857 in
1649 3804 1785 3859 Jesu
1820 3806 1978 3860 enim

329 3866 558 3923 Christo
589 3866 1075 3925 omnia'aaitisf»

399 3940 513 4012 (74)
543 3940 728 4011 Epist.
761 3941 835 3997 ad
865 3940 1103 4015 Ephes.,
1139 3959 1265 4016 cap.
1299 3946 1352 4002 9.

2089 567 2206 615 tem
2240 561 2549 631 possidens
2581 561 2727 614 odit.
2760 561 3075 616 Manifesta
3124 567 3211 616 est
3241 563 3429 618 arbor
3462 579 3537 618 ex
3571 565 3770 621 fructu

2089 650 2311 720 ipsius:
2367 649 2641 704 similiter
2697 650 2798 720 qui
2850 651 3205 720 proﬁtentur
3263 669 3324 706 se
3389 653 3768 710 Christianos

2088 756 2238 806 esse,
2259 756 2329 792 ex
2353 739 2447 804 iis,
2470 756 2601 808 quin
2624 739 2861 806 facient,
2885 745 3228 795 cernentur.
3250 742 3380 795 Non
3407 742 3582 796 enim
3607 760 3772 799 nunc

2087 827 2569 898 repromissionis
2599 843 2769 898 opus,
2788 827 2891 882 sed
2915 844 3021 898 per
3049 829 3327 883 virtutem
3366 830 3542 898 ﬁdei,
3567 833 3618 886 si
3639 834 3773 902 quis

2087 917 2422 971 inveniatur
2468 933 2656 987 usque
2706 916 2780 970 ad
2830 917 3008 972 ﬁnem
3041 919 3170 988 (73).
3205 940 3232 967 ››
3285 920 3369 973 De
3427 921 3652 976 timore
3687 938 3774 976 se-

2089 1006 2332 1076 quentia
2363 1006 2576 1061 habet:
2607 1028 2633 1054 «
2658 1008 3137 1073 Revereamur,et
3159 1007 3490 1063 timeamus
3516 1011 3623 1064 Dei
3648 1011 3770 1064 lon-

2089 1098 2517 1169 ganimitatem,
2537 1115 2610 1152 ne
2635 1099 2695 1153 in
2709 1099 3006 1169 judicium
3038 1100 3209 1154 nobis
3240 1101 3574 1157 cedat.Aut
3603 1104 3765 1158 enim

2090 1186 2349 1240 futuram
2381 1187 2696 1240 timeamus
2741 1186 2913 1254 iram,
2955 1191 3059 1241 aut
3104 1196 3477 1259 praesentem
3509 1192 3766 1263 gratiam

2092 1273 2428 1346 diligamus,
2452 1291 2637 1330 unum
2669 1290 2737 1329 ex
2769 1275 3022 1344 duobus,
3055 1277 3230 1332 modo
3258 1279 3319 1332 in
3347 1280 3598 1334 Christo
3629 1282 3769 1337 Jesu

2090 1365 2464 1419 inveniamur
2492 1365 2567 1418 ad
2594 1381 2796 1419 veram
2826 1368 3003 1420 vitam
3036 1367 3344 1423 vivendum
3378 1370 3526 1442 (74).
3558 1392 3589 1418 ››

2647 1498 3042 1554 ARTICULUS
3080 1499 3175 1554 ΙΙΙ.

2461 1624 2893 1665 OBSERVATKONES
2940 1627 3368 1668 DlSCIPLlNARES.

2164 1719 2387 1772 Praeter
2407 1717 2535 1788 jam
2586 1717 2704 1772 alia
2758 1719 2918 1772 inter
2973 1719 3336 1788 dogmaticas
3367 1722 3760 1778 animadver-

2096 1807 2293 1860 siones
2316 1807 2688 1861 occurrentia
2709 1805 3042 1878 disciplinae
3064 1809 3473 1879 puncta,illud
3497 1811 3679 1866 etiam
3702 1813 3761 1867 in

2092 1895 2148 1950 S.
2170 1894 2381 1967 lgnatii
2404 1895 2675 1966 epistolis
2699 1896 3104 1952 adnotandum
3125 1902 3379 1964 est,cum
3403 1900 3762 1971 episcopum

2093 1983 2412 2053 quemdam
2470 1984 2542 2038 ab
2601 1984 2851 2040 ecclesia
2907 2001 3015 2040 sua
3064 1987 3190 2041 sine
3236 1987 3360 2042 ulla
3389 1989 3632 2044 reditus
3663 2004 3764 2060 spe

2090 2073 2298 2127 abesse
2330 2073 2718 2143 contingeret,
2751 2074 2880 2144 ejus
2912 2080 3112 2129 tamen
3141 2076 3556 2133 ministerium
3589 2094 3657 2132 ea
3687 2079 3756 2132 de

2090 2178 2271 2216 causa
2300 2161 2376 2216 ad
2407 2163 2705 2216 seniorem
2731 2162 2844 2233 (75)
2878 2179 2908 2216 e
2939 2163 3303 2234 presbyteris
3334 2166 3604 2221 delatum
3637 2183 3752 2221 non

2090 2250 2293 2318 fuisse,
2311 2255 2487 2320 atque
2509 2267 2662 2320 saepe
2679 2250 2982 2321 juniorem
2999 2252 3412 2323 presbyterum
3431 2259 3547 2326 ('76)
3566 2257 3753 2310 senio-

2090 2339 2254 2394 ribus
2276 2339 2628 2410 posthabitis
2659 2340 2735 2394 ad
2775 2340 3182 2411 episcopatum
3230 2349 3503 2399 evectum
3545 2344 3745 2399 fuisse.

2164 2428 2555 2483 Observamus
2593 2435 2892 2498 postremo
2937 2430 3304 2485 Dominicam
3338 2437 3481 2488 tunc
3512 2433 3743 2488 Sabbati

2093 2518 2222 2572 loco
2257 2517 2320 2572 in
2347 2519 2486 2573 Jesu
2516 2517 2732 2572 Christi
2765 2521 3224 2575 resurrectionis
3246 2523 3599 2578 memoriam
3632 2523 3744 2576 coli

2094 2605 2327 2660 solitam
2362 2621 2510 2659 esse.
2545 2606 2746 2675 Inquit
2771 2606 2930 2660 enim
2956 2607 3009 2660 S.
3035 2606 3295 2678 lgnatius
3319 2609 3380 2663 in
3404 2609 3651 2680 epistola
3671 2607 3742 2662 ad

2091 2698 2500 2768 Magnesianos
2533 2700 2638 2758 (77)
2676 2715 2688 2751 :
2749 2721 2775 2746 ‹‹
2809 2698 2898 2752 Ad
2927 2699 3251 2755 novitatem
3302 2702 3432 2755 vitae
3461 2703 3740 2755 venerunt

2088 2789 2436 2860 (prophetae)
2469 2805 2590 2842 non
2641 2788 2898 2859 amplius
2947 2789 3269 2845 Sabbatum
3322 2792 3599 2856 colentes,
3634 2789 3734 2843 sed

2085 2876 2255 2947 juxta
2290 2877 2657 2931 Dominicam
2693 2877 2973 2945 viventes,
3008 2879 3068 2932 in
3121 2896 3239 2949 qua
3287 2887 3347 2934 et
3393 2882 3508 2933 vita
3537 2884 3736 2930 nostra

2094 2972 2301 3021 exorta
2331 2971 2419 3021 est
2449 2982 2556 3036 per
2574 2967 2772 3020 Jesum
2795 2965 3094 3022 Christum
3126 2975 3183 3022 et
3203 2975 3446 3022 mortem
3471 2965 3676 3037 ipsius.
3705 2983 3731 3010 ››

2160 3091 2268 3161 (75)
2300 3112 2319 3140 ι
2343 3092 2630 3144 Memores
2655 3095 2842 3145 estote
2893 3091 2953 3146 in
2999 3092 3266 3162 precibus
3295 3091 3500 3145 vestris
3543 3084 3730 3141 Eccle-

2088 3163 2350 3240 siae,un
2381 3168 2472 3240 est
2501 3162 2585 3240 _in
2615 3162 2782 3240 Syria
2811 3179 2955 3240 quae,
2975 3180 3081 3240 pro
3109 3179 3197 3217 me
3231 3183 3271 3240 _«
3295 3164 3518 3240 Deo_pa
3537 3165 3687 3240 store
3713 3179 3734 3206 ι

2085 3233 2472 3289 utitur.Solus
2497 3233 2686 3303 ipsam
2708 3235 2877 3287 Jesus
2901 3233 3167 3290 Christus
3195 3235 3316 3288 vice
3347 3233 3619 3304 episcopi
3650 3246 3741 3284 re-

2087 3311 2204 3382 get,
2225 3310 2298 3382 _et
2329 3304 2828 3382 ve_stra_charitas.
2863 3305 3222 3382 »_Ad_ﬁom.,
3252 3322 3379 3376 cap.
3411 3323 3485 3360 ix.
3558 3375 3567 3382 _
3697 3371 3729 3382 ﬂ

2154 3377 2269 3446 (76)
2304 3397 2330 3424 «
2362 3377 2474 3449 Yos
2505 3374 2698 3449 decet
2722 3393 2841 3430 non
2883 3377 3237 3449 familiarius
3277 3374 3344 3432 ac
3375 3375 3619 3449 superbe
3651 3374 3729 3449 uti

2088 3445 2260 3501 mtate
2292 3445 2578 3516 episcopi,
2600 3447 2703 3500 sed
2754 3448 3082 3502 secundum
3108 3449 3386 3502 virtutem
3419 3445 3516 3502 Dei
3547 3445 3729 3501 Patris

2087 3534 2328 3572 omnem
2352 3517 2644 3587 impertiri
2670 3518 2755 3572 illi
2780 3521 3171 3574 reverentiam
3196 3536 3208 3585 ;
3237 3517 3730 3589 quemadmodum

2086 3591 2217 3663 novi
2251 3595 2486 3643 sanctos
2532 3589 2727 3663 facere
2774 3592 3185 3662 presbyteros;
3219 3608 3339 3644 non
3381 3591 3727 3663 repicientes

2087 3661 2161 3716 ad
2206 3666 2590 3731 apparentem
2643 3661 2971 3731 juvenilem
3031 3661 3494 3728 ordinationem,
3542 3661 3643 3717 sed
3672 3663 3735 3713 ut

2086 3733 2406 3805 prudentes
2455 3731 2517 3805 i_n
2578 3732 2698 3805 Deo
2736 3733 3014 3788 cedentes
3046 3733 3183 3804 ipsi,
3218 3751 3338 3788 non
3373 3735 3484 3805 ipsi
3517 3740 3730 3805 autem,

2088 3801 2188 3878 sed
2245 3803 2403 3858 Patri
2452 3803 2588 3878 Jesu
2643 3804 2857 3858 Christi
2917 3801 3184 3860 omnium
3239 3801 3602 3878 episcopo.»
3651 3801 3734 3856 Ad

2088 3877 2342 3946 Magnes.
2358 3915 2383 3946 ,ί
2397 3890 2526 3944 cap.
2560 3876 2614 3928 3.

2181 3945 2269 4016 77)
2302 3945 2389 4002 Ad
2418 3947 2698 4017 Magnes,
2732 3962 2862 4018 cap.
2894 3950 2948 4003 9.
