2031 3075
156 139 211 171 601
478 138 528 169 DE
549 137 822 170 INTEGRlTATE
843 137 999 169 TEXTUS
1020 137 1184 168 RECEPTI
1206 138 1295 168 EPP.
1319 137 1349 169 S.
1374 136 1535 168 IGNATlI.
1807 136 1866 166 602

687 301 770 347 DE
794 300 1028 347 TEXTUS
1064 302 1327 349 RECEPTI

276 415 754 478 EPISTOLABUM
833 417 886 479 S.
971 416 1246 479 IGNATII
1319 417 1740 480 ANTIOCHENI

872 533 1147 563 lN'l‘lZGRlTATE

566 634 1077 708 DISQUISITIO
1125 635 1457 697 CRITICA

726 759 868 792 Iteratis
889 759 987 793 curis
1008 759 1132 794 Latine
1150 760 1289 795 reddita

933 881 1097 906 AUCTORE

434 964 892 1015 HBNRICO
979 965 1576 1016 DBNZINGER

252 1078 291 1107 IN
314 1077 611 1108 UNIVEHSI'I‘A'I‘E
633 1076 967 1107 WIRCEBURGENSI
989 1077 1225 1107 THEOLUGIE
1248 1077 1483 1107 DOGMATICAI
1499 1077 1760 1108 PltOFESSORE.

1004 1242 1018 1274 Ι

623 1325 871 1359 Controversia
890 1334 997 1358 causa
1013 1329 1045 1359 et
1060 1329 1172 1358 status
1188 1325 1396 1368 quaestionis.

201 1396 337 1441 Duplex
357 1396 549 1439 hucusque
565 1394 803 1441 epistularum
821 1396 856 1428 S.
881 1394 1031 1441 lgnatii,
1049 1394 1211 1440 episcopi
1228 1397 1262 1428 et
1289 1395 1462 1441 martyris
1488 1395 1724 1441 Antiocheni,
1743 1397 1861 1430 textus

153 1439 399 1477 aderatAlter.
419 1450 528 1484 quem
543 1450 671 1485 omnes
688 1439 844 1485 rationes
859 1441 899 1485 ut
912 1439 1117 1485 genuinum
1134 1440 1456 1480 commendabant,
1471 1440 1605 1484 quique
1623 1441 1860 1485 antiquorum

154 1483 614 1530 scriptorum,praasertim
638 1483 794 1530 Eusebii,
820 1484 1041 1530 testimoniis
1056 1484 1179 1530 plane
1208 1483 1558 1530 consonattseptem
1575 1483 1746 1529 epistolas
1762 1496 1859 1519 com-

155 1527 348 1575 plectitur;
369 1527 471 1567 alter,
495 1528 609 1575 multo
632 1527 813 1575 prolixior,
831 1528 976 1562 easdem
1007 1527 1178 1575 epistolas
1200 1528 1325 1575 multis
1347 1527 1606 1575 additamentis
1623 1529 1860 1575 interpolatas

157 1572 358 1619 'praaterque
374 1584 435 1607 eas
451 1573 613 1619 quinque
635 1572 739 1619 alias,
757 1583 914 1619 quarum
932 1573 1107 1607 Eusebius
1124 1573 1351 1619 mentionem
1368 1583 1442 1619 non
1460 1573 1556 1619 fecit,
1574 1572 1732 1607 exhibet:

199 1616 321 1662 Nuper
335 1628 420 1668 vero
441 1616 482 1668 ei}
509 1616 1061 1668 quibusdamfollectaneprum
1087 1618 1322 1668 Syriacorum
1351 1617 1552 1668 codicibus,
1575 1628 1664 1662 quos
1676 1618 1798 1668 ‘Augli
1823 1619 1862 1668 in

157 1661 376 1697 monasterio
392 1664 427 1695 S.
448 1661 570 1696 Mariae
586 1661 718 1706 deserti
736 1661 928 1695 Nitriensis
944 1661 1155 1696 detexerunt
1169 1663 1205 1696 et
1221 1664 1408 1706 coemptos
1433 1662 1471 1695 in
1488 1661 1648 1696 Museum
1676 1661 1864 1697 Britanni—

156 1718 242 1741 cum
263 1706 474 1740 detulerunt
488 1707 567 1749 (78),
582 1706 639 1739 vir
653 1705 696 1739 de
712 1705 841 1739 litteris
856 1706 1104 1741 Orientalibus
1118 1705 1518 1746 benemerentissimus,
1537 1707 1740 1741 Gulielmus
1755 1709 1862 1741 Cure-

156 1754 233 1790 ton,
255 1754 393 1785 textum
411 1751 608 1795 quemdam
632 1750 822 1795 Syriacum
848 1750 971 1791 edidit,
1000 1761 1109 1795 quem
1126 1753 1197 1784 tres
1231 1751 1374 1785 codices
1390 1762 1549 1784 consone
1588 1752 1763 1795 praebent.
1799 1752 1862 1795 qui

157 1796 306 1830 nonnisi
327 1798 399 1829 tres
415 1794 599 1839 epistolas,
615 1794 658 1828 ad
679 1795 934 1839 Polycarpum,
952 1794 1126 1840 Ephesios
1147 1798 1182 1829 et
1210 1797 1407 1835 Romanos,
1424 1795 1570 1829 exhibet
1588 1794 1729 1840 feasque
1747 1794 1861 1830 multo

156 1841 339 1875 breviores
366 1850 407 1873 ac
429 1840 467 1873 in
484 1841 582 1874 textu
613 1841 757 1884 recepto
778 1840 968 1873 habentur.
1006 1840 1118 1873 Multa
1147 1841 1349 1884 praesertim
1370 1840 1514 1880 desunt,
1551 1850 1631 1883 quas
1652 1842 1696 1873 de
1725 1840 1860 1874 Christi

157 1884 302 1919 Domini
319 1885 437 1929 nostri
454 1884 644 1918 divinitate
666 1886 700 1917 et
720 1883 952 1918 hierarchica
969 1883 1224 1928 episcoporum
1246 1887 1420 1928 potestate
1441 1884 1478 1917 in
1501 1884 1575 1924 illo,
1603 1895 1711 1929 quem
1731 1884 1863 1919 hucus-

155 1940 224 1975 que
246 1940 309 1973 pro
326 1928 493 1975 genuino
511 1938 776 1975 receperamus,
795 1929 908 1975 textu,
930 1929 1124 1975 habentur.

200 1972 357 2013 Quaestio
374 1973 458 2018 inde
474 1975 552 2018 orta
572 1974 636 2010 est,
658 1983 733 2006 non
751 1972 840 2006 levis
860 1983 961 2018 sane,
987 1983 1073 2018 cum
1095 1972 1138 2006 de
1163 1972 1423 2018 antiquissimo
1448 1972 1672 2017 maximique
1693 1974 1862 2018 ponderis

157 2018 284 2068 saeculi
305 2017 496 2068 apostolici
518 2018 773 2068 monumento,
789 2017 1157 2068 praecl‘arissimisque
1182 2018 1217 2067 et
1237 2017 1481 2068 sanctissimis
1510 2019 1643 2068 nostra;
1672 2018 1862 2068 religionis

158 2061 376 2097 testimoniis
399 2063 548 2107 agatur:
573 2063 696 2107 utrum
727 2063 845 2107 textus
865 2061 931 2095 iste
952 2072 1068 2096 novus
1102 2061 1300 2107 genuinus,
1323 2061 1546 2106 proindeque
1580 2062 1643 2106 qui
1672 2062 1861 2107 hucusque

157 2109 325 2152 receptus
340 2108 429 2152 erat,
452 2105 692 2152 interpolatus
715 2105 773 2146 sit,
792 2116 950 2152 an_vero_
968 2108 1087 2152 textus
1107 2106 1280 2150 Syriacus
1303 2105 1508 2147 truncatus,
1535 2105 1641 2151 atque
1675 2106 1736 2140 ille
1751 2105 1861 2151 quem

157 2162 223 2197 pro
238 2150 401 2196 genuino
416 2150 644 2186 habebamus
663 2160 771 2195 porro
786 2150 998 2185 retinendus
1014 2151 1073 2185 sit.

997 2222 1031 2256 II

508 2294 604 2337 Quid
616 2294 659 2328 de
671 2294 739 2329 hac
756 2295 947 2339 quastione
970 2294 1151 2339 hucusque
1165 2296 1354 2330 statuerint
1370 2296 1512 2330 eruditi.

202 2361 252 2395 CI.
271 2362 437 2408 Cureton,
460 2361 521 2408 qui
537 2362 677 2408 textum
698 2361 1040 2408 Syriacumudetexit
1057 2363 1164 2408 atque
1195 2362 1335 2405 primus
1360 2362 1482 2400 edidit,
1502 2363 1743 2408 criticamque
1759 2363 1801 2397 de
1819 2375 1860 2398 eo

157 2406 608 2456 disquisitionemprimus
620 2405 790 2456 instituit,
808 2405 903 2456 quod
923 2406 1244 2456 mirandum‘sane
1266 2417 1339 2440 non
1361 2409 1426 2456 est,
1448 2409 1588 2456 textum
1608 2405 1717 2441 suum
1733 2409 1861 2456 genui-

155 2461 245 2485 num
263 2462 340 2485 esse
362 2450 546 2493 Ignatium
567 2452 699 2490 tuetur,
725 2451 832 2495 atque
853 2450 889 2483 in
915 2450 1095 2493 prioribus
1110 2450 1279 2495 duobus,
1297 2461 1379 2495 quae
1400 2451 1469 2484 hac
1498 2451 1541 2484 de
1558 2453 1712 2485 materia
1733 2452 1858 2492 edidit,

155 2495 325 2540 operibus
341 2495 435 2538 (78'),
454 2496 593 2528 textum
611 2496 797 2540 receptum
811 2494 850 2540 in
877 2495 987 2538 priori
1008 2494 1132 2528 saeculi
1152 2505 1188 2528 1v
1212 2494 1317 2540 parte,
1333 2496 1376 2528 ad
1401 2496 1573 2530 tuendam
1600 2496 1773 2529 adversus
1794 2501 1861 2531 Ae-

156 2540 251 2573 rium
267 2542 375 2585 atque
390 2539 543 2573 Arianos
559 2539 779 2585 catholicam
798 2539 1006 2585 doctrinam
1023 2540 1067 2585 ab
1091 2539 1347 2585 interpolatore
1377 2540 1589 2574 confectum
1607 2541 1715 2574 fuisse
1732 2552 1862 2585 suppo-

153 2585 228 2630 nit;
249 2583 420 2628 epistolas
440 2585 597 2630 quatuor
610 2593 691 2627 quae
712 2583 751 2615 in
772 2583 924 2630 Syriaca
937 2584 1104 2617 versione
1121 2584 1265 2621 desunt,
1280 2594 1353 2617 non
1364 2585 1515 2618 omnino
1536 2585 1676 2624 nothas,
1699 2583 1859 2630 interpo-

151 2629 244 2663 latas
264 2627 388 2663 tamen
405 2630 440 2662 et
454 2629 535 2672 ipsa
555 2638 645 2665 esse,
670 2627 871 2661 contendit.

187 2735 240 2769 (78)
257 2733 376 2769 Singula
391 2741 456 2768 quas
472 2733 530 2761 huc
546 2734 696 2771 pertinent
711 2733 775 2761 vide
792 2734 870 2769 apud
886 2735 1024 2765 Cureton.
1041 2736 1144 2769 Corpus
1160 2737 1349 2770 lgnatz‘anum,
1367 2744 1395 2771 p.
1414 2743 1490 2767 xxw,
1508 2743 1571 2770 sqq.

188 2771 231 2807 (78
248 2770 256 2804 )
274 2771 330 2807 Tne
342 2771 450 2807 uniter}!
465 2770 676 2807 syriaeﬁversiou
691 2771 780 2807 oftpe
794 2770 910 2807 epistlesr
925 2773 956 2804 of
967 2772 1039 2799 saint
1055 2772 1187 2804 lgnatius.
1206 2772 1328 2799 London
1352 2770 1429 2798 1846.
1453 2772 1587 2800 Vindicize
1608 2773 1775 2807 Ignatianae,
1801 2778 1858 2803 etc.

153 2805 284 2838 London,
303 2805 370 2832 1843
386 2804 538 2839 (adversus
553 2804 627 2833 Rud.
644 2804 710 2831 Chr.
727 2805 945 2841 Wordsworth).
