4062 6150
290 297 410 360 613
933 297 1038 358 DE
1083 295 1618 358 INTEGRITATE
1659 295 1968 356 TEXTUS
2013 295 2350 356 RECEPTI
2395 296 2568 355 EPP.
2613 297 2675 355 Β.
2723 293 3053 356 IGNATII.
3637 315 3748 370 514

295 430 725 500 scriberent.
764 429 894 498 Vel
935 431 1134 498 enim
1169 430 1380 520 ponis
1419 429 1747 520 Virginis
1783 431 2076 517 partum
2108 432 2178 496 et
2221 430 2530 520 mortem
2567 452 2581 506 ;
2619 428 3140 520 at_tunc__quis_
3175 443 3506 506 mortem
3540 441 3725 508 inter

299 525 371 590 et
402 521 686 589 stellam
726 541 953 588 nexus
983 516 1386 587 intercedat
1427 516 1824 594 nescimus,
1863 538 2096 605 neque
2132 519 2380 585 stricte
2415 516 2776 606 loquendo
2810 516 3014 584 stella
3056 516 3146 583 ad
3213 522 3711 606 virginitatem

304 612 626 699 Deiparae
669 610 1154 699 referebatur;
1191 609 1300 677 vel
1337 609 1545 699 ponis
1583 607 2082 699 virginitatem
2115 611 2184 699 et
2217 611 2506 694 partum
2545 629 2558 670 :
2598 607 2718 699 sed
2751 611 2927 699 tunc
2964 627 3108 699 non
3141 615 3316 674 sunt
3351 611 3487 699 tria
3516 633 3709 699 mys-

299 694 510 777 teria,
546 699 666 766 sed
711 700 898 778 duo;
945 698 1058 765 vel
1102 699 1160 765 si
1193 709 1257 766 et
1298 694 1548 775 addas,
1586 697 1800 785 plane
1841 696 2221 782 ignoratur
2261 717 2602 785 quaenam
2638 696 2786 763 sint
2814 694 2944 761 illa
2983 695 3122 762 tria
3161 698 3510 785 mysteria
3545 694 3706 785 quae

299 787 712 874 virginitati
753 787 1100 876 etpartui
1129 783 1740 876 superaddun'tur.
1780 788 1923 852 Nec
1971 785 2212 876 minus
2271 784 2670 876 absurdum
2737 789 2846 851 est
2879 783 3226 876 mysteria
3254 783 3390 850 illa
3419 786 3532 853 vel
3565 783 3706 856 duo

301 877 416 945 vel
448 877 586 945 tria
616 899 658 943 a
691 874 901 943 stella
927 881 1118 961 facta
1151 874 1321 943 dici.
1362 875 1562 953 Quod
1604 895 1774 944 cum
1825 874 2126 940 sentiret
2168 874 2601 951 Bunsenius,
2644 895 2900 941 vocem
2941 874 3143 941 illam
3177 877 3429 954 ἐπράχθη
3472 877 3545 942 in
3573 882 3704 955 ἐκη-

305 974 507 1052 ρῦχθη,
544 965 743 1032 nulla
776 966 1207 1033 auctoritate
1247 967 1400 1032 vim
1441 966 1882 1052 conjecturae
1915 963 2451 1052 suppeditante,
2485 963 2871 1052 convertit,
2898 983 3059 1050 quae
3090 962 3427 1030 lectionis
3471 970 3710 1035 muta-

305 1050 414 1124 tio
435 1076 526 1122 ne
567 1054 740 1121 satis
773 1055 1070 1142 quidem
1101 1050 1658 1122 incommodum
1692 1051 2102 1142 tollit,_cum
2134 1050 2341 1142 stella
2371 1072 2508 1142 nec
2533 1051 3029 1142 virginitatem
3065 1052 3307 1142 Mariae
3341 1074 3473 1121 nec
3512 1076 3705 1122 mor-

307 1150 452 1212 tem
490 1139 1294 1217 Domini—nuntiaverit,
1335 1163 1569 1231 neque
1605 1141 1840 1228 magis
1863 1139 2148 1231 eluceat
2177 1141 2302 1228 qui
2327 1141 2464 1231 sibi
2497 1140 2635 1208 tria
2661 1145 3007 1231 mysteria
3040 1141 3290 1208 velint.
3326 1143 3556 1218 Quam
3593 1145 3701 1211 in-

293 1233 491 1320 juste
522 1253 718 1314 vero,
755 1231 844 1300 ad
888 1232 1242 1299 tuendum
1286 1229 1480 1299 hanc
1513 1251 1723 1297 suam
1755 1229 2288 1320 conjecturam,
2331 1229 2419 1296 de
2442 1250 2588 1316 qua
2617 1229 2753 1298 sibi
2784 1249 3225 1320 magnopere
3265 1231 3698 1320 gratulatur,

302 1319 719 1408 Bunsenius
761 1321 1059 1408 phrasin
1092 1320 1292 1388 illam
1336 1329 1608 1401 μυστήρια
1636 1327 1894 1400 πράσσειν

2096 1340 2175 1386 us
2206 1321 2536 1386 Graecam
2568 1339 2734 1408 esse
2766 1319 3183 1401 contendat,
3230 1319 3557 1408 pluribus
3591 1345 3700 1389 os-

296 1409 531 1478 tendit
567 1407 669 1476 Gl.
712 1406 879 1477 Edv.
925 1409 1243 1476 Churton
1270 1412 1433 1498 (32),
1473 1413 1630 1478 Non
1664 1409 1862 1477 enim
1894 1406 2084 1498 alius
2115 1410 2223 1474 est
2254 1408 2490 1498 hujus
2515 1406 2862 1498 p_h_rase_os
2906 1428 3162 1474 sensus
3223 1407 3548 1498 nisigfres
3589 1433 3701 1480 ar-

301 1519 542 1578 canas,
575 1498 892 1585 mysterii
913 1501 1161 1586 plenas
1199 1495 1428 1585 agere.
1463 1503 1777 1567 Gureton
1817 1499 1953 1584 (33)
2018 1496 2136 1586 hic
2171 1506 2417 1586 aperte
2455 1495 2721 1586 dubius
2766 1495 3016 1576 haeret,
3044 1517 3311 1586 ineque
3362 1496 3705 1586 distincte

302 1589 487 1677 satis
519 1586 608 1653 de
640 1587 777 1655 hoc
811 1585 967 1655 loco
999 1587 1305 1669 disserit,
1341 1589 1586 1677 aitque
1625 1587 1761 1656 tria
1810 1585 2181 1677 mysteria,
2251 1585 2604 1677 quidquid
2646 1585 2960 1677 denique
3002 1585 3173 1664 sint,
3221 1585 3580 1677 pertinere
3612 1593 3702 1660 ad

303 1676 814 1765 virginitatem
864 1677 1214 1764 Deiparte,
1251 1672 1712 1746 nativitatem
1747 1672 2040 1744 Domini
2097 1678 2166 1741 et
2205 1672 2428 1765 stellae
2479 1673 3040 1765 apparitionem.
3103 1672 3347 1765 Neque
3417 1676 3701 1748 felicius

303 1761 771 1858 Ritsbliores
832 1761 1073 1858 cessit,
1134 1787 1305 1833 cum
1357 1767 1724 1833 Bunsenio
1754 1783 2204 1858 succurrens
2263 1763 2392 1858 ait,
2449 1766 2724 1829 textum
2793 1761 3480 1848 genuinum—illum
3516 1788 3695 1858 esse,

301 1855 428 1943 qui
461 1855 549 1921 de
583 1854 1009 1942 virginitate
1049 1859 1120 1922 et
1151 1859 1360 1942 partu
1410 1858 1701 1922 tantum
1754 1853 1905 1942 loqL‘

2091 1905 2099 1928 ,
2137 1851 2718 1943 legendumque;
2747 1860 2816 1912 τὰ
2848 1859 3142 1931 μυστήρια,
3178 1874 3322 1920 non
3355 1862 3440 1914 καὶ
3475 1865 3541 1917 τὰ
3570 1851 3695 1937 τρξᾴ

304 1939 599 2031 μυστήριλα.
636 1939 771 2011 Sed
807 1965 1042 2031 neque
1072 1939 1209 2011 hoc
1241 1943 1748 2011 difﬁcultatem
1781 1939 1908 2009 soli

2096 1940 2237 2029 [uid
2279 1939 2415 2008 sibi
2446 1939 2615 2008 velit
2644 1940 2768 2031 illa
2802 1962 2936 2008 vox
2968 1947 3238 2022 ἐπράχθη.
3275 1947 3518 2030 Neque
3559 1950 3700 2016 mi-

303 2053 456 2123 nus
484 2029 806 2123 violenta
838 2029 946 2100 est
976 2033 1312 2123 lectionis
1363 2033 1700 2123 mutatio,
1738 2033 1840 2099 ita
1871 2035 1949 2098 ut
1996 2052 2082 2123 eo
2120 2031 2301 2117 ipso,
2335 2049 2574 2123 quam
2620 2029 3240 2123 malecohaerens
3290 2029 3505 2123 atque
3565 2038 3699 2105 im-

301 2121 587 2210 peditus
621 2123 714 2189 sit
753 2121 956 2189 locus
989 2122 1174 2211 apud
1199 2126 1492 2210 Syrum,
1531 2121 1863 2209 prodant,
1898 2119 2088 2208 quod
2122 2118 2622 2211 nonnisisum
2654 2119 3092 2211 corrigendo
3116 2118 3412 2188 sensum
3456 2144 3705 2211 quem-

300 2205 470 2302 dam
516 2212 894 2302 restituere
935 2205 1275 2302 valeant,
1299 2205 1762 2298 neque-hunc
1797 2205 2050 2302 aptum
2083 2206 2552 2302 sufficienter.
2591 2205 2808 2302 Aliud
2829 2229 3002 2302 vero
3033 2209 3184 2302 ipse
3226 2205 3502 2279 Ritschl
3541 2237 3702 2302 pro-

298 2299 716 2388 didit,quod
753 2303 1010 2367 contra
1042 2299 1282 2388 ipsum
1307 2297 1586 2367 vertere
1617 2297 2002 2388 commode
2027 2297 2314 2388 poteris.
2351 2298 2528 2362 Cum
2576 2297 2777 2362 enim
2816 2298 3119 2388 Grmcus
3154 2297 3347 2385 legat
3383 2325 3398 2368 :
3436 2308 3462 2360 ὁ
3487 2297 3701 2376 τοὶιετὸς

297 2396 493 2463 αὐτῆς,
523 2387 746 2480 Syrus
787 2389 1027 2480 posuit
1051 2385 1130 2454 :vé
1154 2396 1378 2480 ίτοκεςεὸς
1406 2399 1504 2449 τοῦ
1535 2393 1759 2480 Κυρίου)
1787 2408 1901 2475 qm

2104 2405 2194 2451 ne
2220 2385 2721 2480 abs_onum_est
2743 2385 3154 2480 eloquendi
3179 2410 3336 2468 usu,
3373 2411 3544 2459 cum
3577 2393 3701 2462 illa

295 2499 430 2545 vox
471 2472 690 2546 τοκέτὸς
721 2472 858 2545 acti
875 2498 955 2544 ve
998 2478 1171 2565 poni
1199 2475 1450 2550 soleat,
1497 2472 1899 2564 proindequ

2093 2494 2148 2540 Il
2189 2473 2515 2560 genitivo
2556 2472 2678 2540 illo
2737 2473 2999 2561 objecti
3029 2487 3127 2538 τοῦ
3155 2486 3358 2559 Κυρίου
3400 2483 3697 2551 nonnisi

297 2566 766 2634 incommode
796 2567 1011 2654 jungi
1053 2566 1299 2653 possit.

392 2589 766 2634 commoue
835 2589 934 2632 un
993 2589 1011 2631 ι
1103 2589 1299 2634 ossit.

392 2655 705 2742 Epistola
740 2589 829 2722 ad
865 2589 1230 2722 Rogmiinos
1260 2654 1603 2742 denique,
1648 2652 1840 2727 licet,
1885 2652 2126 2742 utpote
2180 2648 2424 2716 minus
2491 2649 2783 2742 exciso,
2822 2653 3192 2739 pauciora,
3249 2677 3399 2724 non
3440 2661 3696 2728 tamen

305 2739 552 2811 minus
594 2743 1005 2827 manifesta,
1041 2743 1427 2831 interrupti
1457 2739 1500 2810 ὁ.
1530 2745 1708 2830 Syro
1741 2739 2267 2808 sententiarum
2313 2759 2538 2806 nexus
2563 2739 2838 2805 indicia
2871 2743 3164 2827 praebet.
3203 2746 3439 2814 Velim
3473 2749 3700 2816 verba

302 2832 425 2899 illa
459 2836 566 2918 (34
607 2833 848 2924 legas_:
894 2833 1106 2919 Ignis,
1149 2841 1214 2900 et
1247 2852 1448 2908 crux,
1483 2843 1548 2899 et
1595 2833 1847 2924 bestiae,
1873 2850 2021 2916 quae
2050 2838 2342 2924 paratae,
2365 2833 2767 2924 Δᾳηςιρᾳίαιίθ
2805 2834 3299 2912 membrorum,
3340 2849 3402 2902 et
3430 2840 3698 2924 sparsio

298 2917 554 2988 ossium
595 2934 660 2989 et
687 2917 1082 2989 inolz'tz'mzes
1124 2924 1336 2989 totz'us
1374 2921 1705 3006 corporis,
1741 2927 2082 2986 tormenta
2115 2917 2294 2982 dura
2325 2918 2591 2984 diaboli
2635 2937 2847 3002 super
2875 2940 2983 2986 me
3030 2926 3342 3000 veniant,
3380 2935 3445 2992 et
3459 2917 3701 2993 solum

295 3010 468 3077 Jesu
501 3014 774 3080 Christo
807 3011 1198 3096 dz'gnz'ﬂcer.
1235 3013 1513 3079 Dolores
1541 3016 2011 3097 partusstqnt
2046 3025 2258 3097 super
2286 3025 2393 3097 me
2433 3015 2498 3097 et
2525 3026 2720 3073 umor
2753 3027 2948 3074 meus
2989 3012 3403 3097 cruci/imus,
3455 3025 3521 3081 et
3561 3037 3698 3083 non

301 3110 399 3165 est
442 3103 516 3166 in
538 3121 646 3166 me
679 3101 866 3184 ignis
887 3094 976 3164 'm
1007 3119 1240 3179 amore
1280 3101 1446 3166 alio.
1491 3095 1863 3176 Quomodo
1886 3096 2068 3186 ΔΙιδιξξςξ
2108 3094 2452 3186 ulteriora
2484 3095 2672 3186 inter
2702 3116 2777 3161 se
2829 3101 3100 3165 etcum
3165 3094 3528 3186 prioribus
3577 3125 3696 3170 co.

299 3186 650 3268 haereant,
684 3182 831 3254 non
868 3187 1104 3264 video,
1141 3209 1389 3276 neque
1415 3186 1588 3276 quid
1621 3185 1756 3253 sibi
1797 3184 1966 3252 velit
1997 3182 2298 3276 illudlet,
2342 3183 2530 3270 quod
2573 3185 2821 3272 Syrus,
2877 3206 3076 3253 more
3132 3182 3397 3276 raptim
3451 3213 3700 3261 excer-

295 3277 559 3362 pentis,
605 3277 998 3366 praeposuit
1027 3276 1171 3342 illis
1197 3272 1476 3344 verbis:
1521 3277 1735 3343 Amor
1763 3293 1956 3341 meus
1997 3272 2374 3360 cruciﬁxus
2407 3281 2530 3340 est.

1935 3487 2058 3554 Vll

1073 3680 1438 3748 Momenta
1461 3699 1549 3747 ex
1571 3676 1733 3746 aliis
1772 3676 2150 3745 rationibus
2192 3678 2492 3745 internis
2525 3678 2916 3766 desumpta.

387 3893 719 3961 Plurima
765 3893 1174 3985 Blon_delli,_
1217 3892 1466 3985 Dallaei
1514 3891 1974 3985 aliorumque
2022 3889 2519 3985 antiquiorum
2571 3890 2836 3985 Ignatii
2880 3891 3493 3985 adversariorum,
3530 3918 3693 3985 quae

305 3982 676 4070 integrum
728 3983 1093 4072 Ignatium
1126 3981 1634 4072 impetebant,
1678 3979 1888 4072 suam
1946 3979 2023 4072 in
2076 3999 2226 4072 rem
2270 3981 2708 4072 Qurretonet
2758 3982 3165 4072 Bunsenius
3232 3979 3695 4072 adaptarunt.

303 4065 495 4150 Quae
513 4092 686 4139 cum
727 4065 1188 4140 aVPearsonio
1221 4065 1572 4160 praeclare
1613 4073 1682 4136 et
1725 4068 2088 4160 uberrime
2119 4067 2389 4160 fuerint
2428 4065 2692 4160 soluta,
2725 4088 2874 4160 non
2915 4071 3052 4160 erit
3082 4091 3319 4158 Operae
3353 4065 3695 4160 pretium,

297 4182 459 4250 quae
491 4161 674 4229 bene
698 4161 856 4250 jam
905 4160 1104 4229 dicta
1143 4155 1461 4250 fuerunt,
1509 4161 1848 4250 repetere.
1885 4157 2217 4224 Sufﬁciat
2247 4156 2472 4250 igitur
2511 4155 2945 4224 benevolum
2987 4155 3461 4229 lectorem—ad
3496 4155 3703 4231 Pear-

292 4245 589 4342 s‘onium
614 4245 1005 4342 remittere,
1050 4253 1119 4316 et
1149 4248 1396 4342 aliqua
1427 4245 1934 4342 superaddere,
1969 4266 2132 4335 quae
2177 4249 2586 4333 opportuna
2616 4253 3123 4325 occurrerunt,
3166 4252 3696 4342 nonnullaque,

297 4361 457 4427 qua:
490 4339 580 4406 ab
613 4337 756 4405 illis
785 4361 869 4407 ex
895 4361 1022 4408 suo
1057 4334 1336 4427 prolata
1361 4334 1559 4427 sunt,
1595 4334 1896 4403 solvere.

386 4430 465 4491 ln
499 4427 803 4516 epistola
845 4422 1091 4496 nostra
1129 4427 1218 4494 ad
1257 4426 1740 4516 Polycarpum
1782 4423 2167 4516 Curetonio
2207 4422 2494 4516 videtur
2533 4443 2968 4516 repugnare,
3005 4427 3196 4514 quod
3250 4431 3574 4515 Ignatius
3623 4431 3700 4498 in

300 4511 573 4580 Troade
612 4517 788 4581 tunc
821 4518 1255 4593 consistens,
1301 4511 1647 4584 nuntium
1689 4513 1776 4603 de
1808 4512 2043 4603 sopita
2079 4513 2232 4599 jam
2280 4511 2741 4580 Antiochena
2790 4511 3312 4600 persecutione
3335 4520 3703 4603 accepisse

301 4605 781 4694 supponatur,
812 4624 944 4670 nec
976 4605 1250 4688 minus,
1284 4605 1471 4694 quod
1506 4603 1582 4670 in
1617 4601 1916 4690 epistola
1947 4600 2037 4667 ad
2069 4605 2460 4694 Romanos,
2497 4622 2667 4668 cum
2700 4603 3288 4694 Smyrnaaipsam
3328 4600 3699 4686 scriberet,

290 4688 462 4784 jam
493 4694 946 4784 supponatur
974 4688 1380 4784 audivisse,
1428 4688 2056 4784 Romanossuam
2102 4688 2610 4784 liberationem
2664 4688 3206 4784 procurandum
3249 4695 3387 4762 sibi
3445 4718 3704 4784 propo-

302 4777 562 4846 SUisse.
586 4777 693 4868 Ad
740 4777 898 4848 hmo
936 4781 1519 4868 respondendum
1554 4779 1960 4848 lentissime
1980 4778 2355 4868 itersuum
2397 4777 2633 4864 egisse
2664 4781 3058 4866 Ignatium,
3092 4803 3263 4850 cum
3290 4804 3379 4851 ex
3403 4777 3703 4852 Actibus

304 4867 636 4958 martyrii
680 4867 1085 4958 persecutio
1128 4889 1335 4958 nono
1373 4869 1664 4958 Trajani
1714 4889 1938 4958 anno
1972 4867 2382 4958 inemperit,
2445 4887 2781 4958 moxque,
2817 4868 2930 4935 die
2989 4874 3030 4936 7
3095 4873 3450 4947 Januarii,
3528 4876 3704 4939 teste

299 4955 585 5024 Joanne
641 4955 928 5038 Malala,
973 4957 1062 5024 ad
1123 4955 1583 5046 imperatoris
1622 4955 1944 5026 tribunal
1988 4955 2501 5046 deductus,_ex
2555 4957 2750 5046 Actis
2809 4958 3104 5025 nonnisi
3167 4960 3372 5026 initio
3431 4960 3703 5028 decimi

303 5046 510 5144 anni,
546 5046 664 5144 d_ie_
690 5050 778 5114 2O
809 5043 1422 5144 Decembris—107,
1456 5047 1805 5144 martyrio
1836 5046 2131 5144 functus
2161 5045 2275 5125 sit,
2320 5043 2644 5144 adeoque
2677 5045 2818 5144 fere
2853 5046 3136 5144 integro
3177 5069 3372 5115 anno
3406 5069 3448 5144 a_
3486 5049 3704 5116 satel-

300 5134 552 5226 litibus
594 5135 770 5226 hinc
803 5134 972 5226 inde
1017 5140 1428 5226 protractus
1461 5131 1700 5226 fuerit,
1740 5138 1879 5226 uta
1907 5134 2357 5201 diversarum
2392 5131 2684 5226 urbium
2717 5131 3153 5201 Chsistianis
3186 5137 3534 5224 pecunias
3579 5159 3704 5226 pro

297 5223 732 5312 alloquendo
749 5229 819 5291 et
839 5224 972 5291 ded
985 5221 1266 5292 u'cendo
1289 5224 1572 5311 Ignatio
1595 5222 1901 5312 extrahe

2109 5227 2287 5290 Acta
2311 5221 3067 5312 etiamreferunteum
3091 5221 3225 5302 μετᾶ
3253 5230 3427 5287 πολὺν
3459 5221 3705 5305 κάμᾶτον

298 5309 693 5402 Smyrnam
724 5313 1093 5403 appulisse
1125 5316 1285 5402 (35),
1328 5309 1560 5396 neque
1599 5311 1840 5380 brevis
1870 5315 2002 5396 est,
2045 5333 2268 5401 quam
2319 5309 2744 5378 describunt
2785 5310 3084 5380 ulterior
3115 5313 3232 5382 via
3289 5335 3332 5381 a
3389 5317 3709 5385 sanctis-

369 5479 484 5622 (32)
516 5480 786 5535 Vindictae
817 5482 1126 5552 Ignatian.,
1153 5483 1311 5539 Prol.
1346 5499 1480 5538 xxv.

397 5553 494 5618 33)
527 5553 688 5622 Corp.
724 5552 865 5622 Ign.,
898 5571 954 5622 p.
989 5557 1114 5609 285.

1002 5485 1126 5551 'an.,
1153 5483 1311 5539 Prol.
1346 5499 1480 5538 xxv.
2135 5480 2247 5548 (34)
2282 5481 2345 5533 Ν.
2382 5482 2436 5546 5,
2470 5481 2522 5547 6,
2555 5483 2606 5534 7.

1002 5557 1114 5609 285.
2136 5551 2252 5622 (35)
2283 5551 2352 5605 N.
2385 5551 2437 5607 3.

397 5553 494 5618 33)
527 5553 688 5623 Corp.
724 5551 865 5622 Ign.,
898 5571 954 5624 p.
989 5557 1114 5609 285.
2136 5551 2252 5622 {35)
2283 5551 2352 5605 Ν.
2385 5551 2437 5607 3.
