4112 6132
311 285 430 344 623
969 285 1069 344 DE
1111 283 1639 346 INTEGRITATE
1683 281 1992 342 TEX'I‘US
2039 280 2380 344 RECEPTI
2427 283 2598 344 EPP.
2645 285 2710 343 S.
2759 281 3086 344 IGNATII.
3615 280 3734 340 ϐἓᾶ

317 417 646 509 tico,_qui
678 417 974 487 articuli
1003 420 1243 488 vicem
1289 419 1479 509 apud
1520 422 1744 509 Syros
1795 418 2015 509 tenet.
2053 418 2325 486 Verum
2375 420 2911 509 Petermannus
2941 415 3224 487 notavit
3265 417 3539 509 statum
3580 435 3732 484 em-

318 507 703 598 phaticum
746 529 1237 598 nonnunqum
1280 507 1503 598 etiam
1536 507 2018 598 indefinitum
2039 526 2338 575 sensum
2366 507 2640 598 habere
2686 513 2902 577 Porro
2927 510 3187 598 notum
3217 507 3350 598 est,
3386 525 3733 598 numeros

319 594 734 665 cardinales
772 594 1220 665 ordinalium
1291 597 1538 667 locum
1581 597 1767 686 apud
1829 595 2169 686 Semitas
2206 597 2613 686 saepissime
2662 599 2927 666 tenere.
2992 596 3146 664 Dici
3205 594 3428 686 etiam
3470 597 3728 684 potest,

325 707 861 776 amanuensem
911 687 1398 756 determinate
1444 683 1669 776 loqui,
1714 685 1836 754 sed
1893 688 2037 776 tres
2101 684 2264 753 illas
2311 683 2618 776 epistola
2661 686 3086 774 signiﬁcare
3141 683 3490 776 voluisse,
3549 703 3734 776 quas

323 773 578 867 lectori
599 775 863 867 Aofferre
895 783 1270 867 excerptas
1303 773 1801 867 proposuerat.
1840 774 2162 864 Denique
2194 773 2487 845 tota'res
2527 773 2949 845 auctoritate
2993 773 3476 845 amanuensis
3509 773 3738 842 unius

324 863 618 956 obscuri
640 866 864 956 atque
885 863 1142 956 forsan
1175 863 1584 955 ignorantis
1618 865 1900 933 nititur.

417 952 492 1020 Si
533 953 697 1041 quis
721 951 1048 1044 denique
1078 951 1274 1044 aegre
1305 956 1438 1023 sibi
1483 957 1560 1023 in
1595 958 1919 1022 mentem
1957 953 2284 1044 inducat,
2328 958 2606 1044 textum
2648 955 2916 1044 Ignatii
2956 954 3424 1023 decurtatum
3461 951 3734 1044 fuisse:

324 1039 640 1134 alterum
671 1043 731 1134 ej
747 1039 1028 1112 usmodi
1060 1039 1476 1134 exemplum
1519 1046 1747 1125 adest,
1777 1046 2021 1134 atque,
2055 1043 2244 1130 quod
2282 1039 2861 1134 evidentius'est,
2900 1045 2977 1134 in
3029 1044 3207 1134 ipsis
3241 1041 3509 1134 Ignatii
3540 1041 3734 1130 epis-

325 1129 492 1198 tolis
517 1132 952 1220 consistens.
991 1129 1359 1202 Habemus
1389 1134 1591 1201 enim
1615 1131 1808 1220 apud
1837 1129 2247 1200 Simeonem
2274 1132 2804 1220 Metaphrasten
2832 1129 3218 1220 epistolam
3246 1129 3336 1199 ad
3362 1129 3730 1200 Romanos

323 1219 730 1310 narrationi
771 1223 1104 1310 martyrii
1136 1224 1516 1300 insertam,
1561 1219 1782 1310 quam
1817 1242 1892 1288 se
1914 1226 2002 1282 ἐπὶ
2036 1227 2202 1296 λέξως
2235 1219 2691 1290 redditurum
2725 1219 3134 1310 pollicetur,
3178 1221 3254 1288 in
3297 1241 3443 1310 qua
3480 1224 3734 1288 tamen

323 1311 392 1375 et
453 1308 572 1410 bic
614 1307 827 1410 plura
856 1307 1122 1378 desunt
1150 1315 1222 1410 et
1250 1312 1396 1380 alia
1435 1307 1733 1400 quidem
1773 1331 1994 1398 quem
2061 1310 2254 1399 apud
2288 1313 2579 1400 Syrum.
2645 1307 2802 1380 Non
2841 1315 3000 1380 erat
3059 1307 3366 1400 proinde
3403 1309 3739 1378 insuetus

327 1397 590 1490 modus
621 1397 754 1490 iste
793 1401 1252 1490 excerpendi.

416 1486 666 1578 Quoad
712 1489 938 1556 ﬁnem
974 1486 1170 1569 vero,
1225 1511 1443 1578 quem
1504 1493 1728 1578 Syrus
1788 1488 1910 1556 ille
1951 1487 2088 1556 sibi
2132 1493 2631 1576 proposuerat,
2671 1510 2846 1557 cum
2907 1489 3171 1578 Ignatii
3232 1488 3575 1578 epistolas
3634 1488 3739 1556 ita

325 1575 711 1667 excerpsit,
734 1599 884 1644 non
919 1578 1205 1646 videtur
1233 1575 1318 1646 ad
1359 1575 1627 1647 tuenda
1652 1579 1945 1667 propria
1965 1575 2318 1665 dogmata
2347 1579 2627 1646 factum
2661 1575 3113 1659 fuisse,cum,
3147 1581 3226 1645 ut
3255 1575 3740 1667 ostendimus,

327 1664 403 1731 in
436 1664 773 1732 doctrina
814 1687 984 1734 cum
1020 1673 1267 1735 nostro
1310 1668 1525 1755 plane
1573 1664 2010 1756 consentiat.
2065 1664 2722 1756 MonOphysita,iut
2769 1668 3152 1756 supposuit
3193 1665 3737 1748 Wordsworth,

328 1774 475 1846 non
517 1757 692 1846 erat,
729 1776 900 1846 cum
946 1757 1016 1822 in
1053 1757 1357 1846 epistola
1389 1756 1476 1846 ad
1527 1755 2007 1846 Polycarpum
2045 1759 2177 1846 (65)
2212 1757 2507 1846 insigne
2541 1755 2838 1846 effatum
2865 1755 3272 1846 reliquerit,
3308 1757 3460 1846 qui,
3487 1758 3738 1822 Mono-

329 1840 782 1935 physiticum
833 1840 1468 1935 dogma—destruit.
1536 1840 1690 1914 Prae
1731 1840 2014 1935 caeteris
2061 1840 2326 1933 itaque
2372 1840 2835 1935 admittenda
2901 1840 3050 1913 illa'
3080 1840 3527 1935 hypotﬁesis,
3577 1863 3740 1932 quae

331 1932 596 2023 Syrum
629 1933 1023 2023 quemdam
1085 1935 1174 2001 ad
1235 1956 1450 2002 usum
1511 1935 1910 2002 asceticum
1970 1933 2131 2001 illas
2169 1932 2510 2020 epistolas
2558 1934 3033 2023 descripsisse
3094 1932 3744 2023 suSpicatur,iquae

332 2022 580 2112 plures
629 2022 986 2112 ejusmodi
1030 2025 1375 2092 materias
1417 2024 1857 2104 retinebant,
1892 2023 2185 2090 omissis
2217 2023 2330 2112 iis,
2366 2043 2528 2110 quae
2574 2022 2964 2112 scopo’suo
3017 2044 3164 2112 non
3216 2022 3744 2112 inseryiebant.

330 2107 502 2201 Quae
532 2107 954 2201 bypothesis
994 2115 1064 2201 et
1089 2133 1172 2180 eo
1221 2113 1813 2192 commandatur,
1853 2112 2043 2200 quod
2077 2107 2410 2201 ejusdem
2444 2107 2736 2201 generis
2776 2112 2924 2180 sint
2969 2111 3115 2180 alia
3147 2111 3524 2201 opuscula,
3568 2129 3736 2197 quae

327 2194 404 2262 in
446 2194 918 2268 collectaneis
952 2200 1341 2286 habentur,
1374 2201 1450 2268 in
1484 2201 1746 2290 quibus
1789 2194 2132 2289 Ignatius'
2158 2194 2503 2290 Syriacus
2531 2200 2862 2271 detectus
2897 2207 3029 2270 est.

395 2363 512 2435 (65)
541 2365 608 2422 N.
642 2365 698 2419 3.
