4062 6150
359 334 474 394 627

1324 329 1615 394 SANCTI
1658 331 1969 394 lGNATlI
2015 334 2417 399 EPISTOLIE
2460 339 2856 402 GENUINAE.

3695 346 3809 408 628

353 485 519 557 jano,
553 487 761 539 contra
805 483 1151 540 Armeniam
1191 488 1250 539 et
1293 484 1546 540 Parthos
1594 485 2011 557 proﬁciscentes

2129 468 2448 543 logicarum
2480 473 2767 547 magistri,
2819 475 3109 532 Henricus
3148 475 3458 545 Norisius,
3508 480 3802 538 Antonius

358 573 811 645 Antiochiwque
871 578 1168 641 morante,
1229 573 1303 629 ad
1363 573 1585 630 bestias
1644 574 2013 646 damnatum,

365 666 611 721 Romam
644 679 776 719 esse
806 662 1154 719 abductum.

431 754 570 808 Post
602 752 836 824 longam
868 756 925 807 et
978 752 1375 823 periculosam
1427 753 1884 828 navigationem,
1942 755 2015 811 ad

360 842 565 897 decem
598 840 841 909 milites,
885 857 1034 911 quos
1064 841 1376 911 leopardos
1418 847 1583 897 vocat
1631 844 1762 913 (13),
1812 843 2015 916 alliga-

361 936 479 1000 tus,
530 934 769 986 sanctus
825 934 1052 1001 martyr
1100 930 1411 1001 Smyrnam
1459 933 1744 1003 pervenit,
1793 932 1896 989 ubi
1947 949 2019 988 ex

364 1020 661 1090 colloquio
719 1036 855 1074 cum
908 1020 963 1073 S.
1007 1018 1329 1091 Polycarpo
1363 1024 1422 1074 et
1463 1020 1863 1094 adjacentium
1908 1021 2017 1077 Ec-

359 1109 675 1165 clesiarum
736 1108 945 1181 legatis
1004 1108 1230 1179 habito,
1290 1108 1595 1182 ingentem
1652 1110 2018 1182 voluptatem

360 1199 643 1270 percepit,
679 1203 739 1253 et
787 1202 1045 1268 quatuor
1077 1197 1358 1268 epistolas
1389 1198 1465 1253 ad
1524 1199 1832 1270 Ephesios,
1890 1201 2018 1255 Ma-

356 1286 615 1357 gnesios,
646 1285 980 1340 Trallianos
1019 1290 1079 1340 et
1101 1287 1399 1341 Romanos
1430 1288 1804 1358 conscripsit.

429 1376 680 1447 Smyrna
705 1375 999 1430 Troadem
1031 1376 1210 1442 venit,
1244 1376 1346 1431 ubi
1396 1378 1661 1448 Ignatius
1692 1391 2020 1448 paucorum

360 1464 586 1521 dierum
607 1480 834 1520 moram
857 1464 1125 1536 epistolis
1147 1465 1218 1520 ad
1245 1465 1801 1537 Philadelphenses,
1825 1467 2022 1537 Smyr-

359 1568 520 1608 naaos
552 1558 610 1607 et
639 1552 1034 1624 Polycarpum
1067 1551 1383 1607 exarandis
1410 1552 1642 1609 dicavit.
1692 1553 1836 1608 Inde
1870 1555 2020 1609 Nea-

358 1641 567 1713 polim,
592 1645 657 1695 ut
686 1640 878 1696 verbis
903 1640 1180 1711 Lumperi
1198 1645 1352 1706 utar,
1382 1640 1695 1710 adductus,
1715 1642 2020 1713 Philippos

2122 561 2330 633 Pagius
2359 569 2416 619 et
2444 566 2793 621 Guihelmus
2821 565 3099 639 Lloydius
3128 569 3237 639 (18)
3268 570 3655 639 probarunt,
3688 571 3803 626 bel-

2121 650 2247 707 lum
2275 653 2511 724 Trajani
2543 654 2887 711 Parthicum
2916 671 3071 711 anno
3103 656 3316 712 Christi
3371 658 3487 712 112
3518 660 3795 731 coepisse.

2121 740 2179 794 Si
2211 741 2412 813 itaque
2434 744 2721 816 Trajanus
2745 744 2931 799 semel
2952 748 3185 801 tantum
3207 752 3425 802 contra
3449 750 3798 804 Armeniam

2122 830 2493 903 Parthosque
2523 849 2689 889 arma
2720 833 2975 903 tulisset,
3009 839 3069 889 et
3093 835 3279 891 semel
3312 840 3569 892 tantum
3599 838 3801 893 Antio-

2123 919 2271 974 chiaa
2306 927 2465 977 esset
2504 927 2790 991 moratus,
2844 924 3051 994 utique
3097 928 3155 979 et
3204 925 3482 997 Ignatius
3529 932 3671 999 post
3700 943 3802 983 an-

2124 1023 2271 1064 num
2304 1010 2406 1065 112
2435 1011 2788 1082 martyrium
2821 1011 3100 1068 subisset.

2197 1099 2311 1155 Sed
2336 1099 2630 1172 duplicem
2647 1101 3025 1157 Armenicam
3046 1103 3521 1175 Parthicamque
3558 1105 3796 1178 expedi-

2125 1189 2351 1244 tionem
2382 1206 2418 1244 a
2437 1191 2687 1262 Trajano
2711 1196 3044 1262 susceptam
3070 1192 3498 1250 Tillemontius
3528 1195 3645 1265 (19)
3670 1195 3797 1265 jure

2124 1279 2454 1351 conjecisse
2474 1280 2726 1349 videtur,
2749 1279 2920 1351 cujus
2943 1282 3302 1338 sententiam
3322 1283 3653 1340 Eduardus
3676 1285 3800 1339 Cor-

2126 1368 2316 1423 sinius
2364 1370 2497 1440 (20),
2542 1370 2629 1423 vir
2677 1369 3055 1441 politioribus
3107 1370 3326 1427 litteris
3376 1379 3705 1444 praaslans,
3736 1389 3800 1428 ex

2125 1457 2391 1513 nummis
2409 1458 2589 1513 etiam
2609 1458 3007 1514 conﬁrmavit.
3032 1460 3305 1516 Testibus
3333 1462 3507 1516 enim
3541 1462 3726 1517 Dione
3747 1467 3800 1518 et

2127 1546 2372 1604 Zonara.
2400 1546 2618 1615 Optimi
2650 1561 2875 1607 nomen
2899 1551 3040 1603 tunc
3070 1546 3331 1618 primum
3364 1549 3633 1622 Trajano
3665 1567 3798 1605 con-

2125 1649 2359 1689 cessum
2381 1634 2513 1702 fuit,
2534 1650 2682 1691 cum
2716 1635 2765 1690 is
2790 1637 3133 1692 Armeniam
3165 1637 3413 1708 expulso
3448 1639 3797 1695 Parthama—

358 1729 764 1801 pertransiens
797 1728 1211 1786 Macedoniam
1254 1734 1439 1785 totam
1472 1731 1823 1803 peragravit.
1884 1730 2023 1802 Epi-
2128 1724 2308 1780 siride
2327 1725 2674 1796 caeterisque
2697 1724 2921 1796 regulis
2952 1726 3196 1781 omnino
3221 1726 3482 1783 sublatis
3514 1744 3793 1799 occupas-

361 1818 562 1875 damni
592 1835 729 1874 vero
757 1820 816 1889 (ἰ.
872 1836 919 1874 e.
953 1818 1246 1908 Dyrachii)
1275 1819 1340 1874 in
1388 1819 1563 1891 Epiro
1609 1835 1820 1875 navem
1851 1819 2014 1874 brevi
2048 1842 2096 1908 Β
2129 1820 2238 1871 set.
2270 1814 2550 1908 ideoque,
2579 1830 2715 1869 cum
2746 1814 2808 1869 in
2824 1814 3103 1908 nummis
3125 1816 3402 1908 pluribus
3426 1818 3635 1873 Romaa
3662 1834 3791 1908 per-

362 1908 691 1963 soluturam
715 1907 1043 1975 olTendens,
1077 1907 1443 1964 Adriaticum
1474 1925 1637 1964 mare
1661 1909 2008 1981 enavigavit,
2048 1902 2090 1908 ”
2129 1904 2320 1959 cussis
2337 1902 2549 1974 Optimi
2570 1920 2793 1959 nomen
2823 1903 3075 1974 Trajano
3100 1904 3391 1961 tributum
3415 1912 3716 1973 occurrat,
3736 1907 3792 1960 in

359 2002 536 2067 atque
567 1997 628 2052 in
660 1998 1028 2068 Tyrrhenum
1060 1997 1346 2053 ascendit.
1370 1998 1648 2053 Puteolos
1678 1999 1779 2053 ubi
1805 2015 2009 2071 perve-
2120 1991 2335 2063 quibus
2391 1992 2518 2063 ipse
2575 1991 2781 2047 consul
2810 1993 2851 2046 V
2879 1997 3140 2061 vocatur,
3173 1993 3438 2049 dubitari
3482 1999 3644 2050 certe
3705 1994 3789 2048 vix

360 2086 468 2155 nit,
503 2103 533 2141 e
563 2088 698 2142 navi
749 2086 1109 2143 descendere
1158 2087 1455 2159 cupiebat,
1505 2093 1570 2143 ut
1613 2088 1687 2143 ad
1733 2090 1786 2143 S.
1844 2088 2011 2144 Pauli
2115 2081 2352 2153 poterit,
2387 2081 2532 2152 quin
2573 2081 2865 2153 Trajanus
2913 2083 3257 2138 Armeniam
3289 2083 3600 2157 subegerit
3663 2087 3789 2139 ante

360 2176 699 2249 exemplum
730 2179 976 2232 Romam
1007 2176 1273 2232 Puteolis
1305 2177 1713 2235 contenderet.
1735 2181 1810 2235 At
1838 2182 2010 2234 vento

360 2265 694 2321 vehementi
718 2265 779 2320 in
809 2264 993 2321 altum
1017 2266 1316 2336 repulsus,
1345 2267 1555 2322 urbem
1578 2266 1743 2322 illam
1774 2274 2012 2339 praeter-

361 2356 447 2410 ire
478 2360 714 2411 coactus
746 2359 852 2409 est.
873 2354 1138 2425 Denique
1160 2355 1234 2410 ad
1259 2357 1501 2411 Portum
1534 2358 1866 2413 Romanum
1888 2375 2014 2429 pcr-

358 2445 624 2511 veniens,
658 2460 692 2498 a
721 2442 1016 2511 ﬁdelibus,
1040 2445 1225 2498 Roma
1257 2443 1490 2499 obviam
1524 2446 1824 2513 euntibus,
1860 2446 2014 2501 salu-

360 2538 537 2599 tatus,
572 2549 607 2587 a
637 2532 980 2587 custodibus
1001 2537 1201 2588 autem
1234 2534 1658 2589 festinantibus
1682 2536 1927 2591 Romam
1951 2536 2013 2590 in

359 2622 863 2693 amphitheatrum
917 2621 1150 2688 ductus,
1185 2627 1243 2676 et
1272 2622 1503 2678 duobus
1544 2624 1820 2679 leonibus
1849 2624 2015 2695 obje-

359 2715 488 2764 ctus
519 2713 627 2771 est.
660 2707 760 2779 qui
793 2708 953 2763 illico
995 2709 1192 2780 ipsum
1221 2709 1603 2776 devorarunt,
1636 2710 1779 2765 solis
1810 2710 2010 2766 durio-

356 2797 519 2854 ribus
573 2797 798 2852 relictis
851 2795 1104 2863 ossibus,
1139 2813 1271 2867 quas
1332 2797 1581 2853 collecta
1640 2799 2015 2855 Antiochiam

356 2887 603 2959 pretiosi
634 2887 824 2942 instar
846 2886 1110 2940 thesauri
1138 2886 1450 2956 deportata
1480 2892 1638 2941 sunt.

426 2977 717 3049 lgnatium
748 2992 907 3032 nono
943 2991 1100 3030 anno
1123 2976 1507 3046 imperatoris
1529 2977 1793 3049 Trajani,
1827 2995 1934 3034 seu
1964 2995 2018 3035 a.

360 3069 457 3121 107
489 3084 545 3137 p.
580 3066 714 3121 Chr.
778 3071 923 3133 nat.,
968 3065 1045 3119 ad
1104 3064 1322 3120 bestias
1372 3065 1742 3132 damnatum,
1775 3067 2022 3123 ineunte

358 3160 556 3211 autem
583 3155 815 3210 decimo
847 3153 1112 3258 Trajani.
1145 3170 1327 3221 anno,
1362 3157 1435 3253 20
1462 3156 1595 3253 Dec.
1634 3158 1755 3254 107,
1792 3162 2017 3258 marty-
2045 3193 2095 3258 C

357 3244 445 3299 rio
479 3247 829 3298 coronatum
877 3259 1028 3309 esse,
1084 3244 1229 3297 Acta
1276 3243 1575 3314 passionis
1608 3244 1741 3315 ejus
1772 3245 2017 3301 tradunt

361 3351 411 3389 c.
441 3337 556 3387 2et
586 3336 642 3389 7.

430 3421 623 3477 Aliam
654 3420 1013 3476 sententiam
1038 3421 1399 3476 Pearsonius
1424 3422 1775 3493 excogitavit
1806 3429 2014 3496 etpro-

359 3510 636 3584 pugnavit
666 3511 727 3565 in
757 3509 1177 3566 dissertatione
1200 3510 1518 3580 posthuma
1539 3511 1610 3565 de
1643 3528 1790 3568 anno
1816 3530 1922 3584 quo
1955 3513 2010 3571 S.

359 3602 607 3671 Ignatius
636 3618 670 3655 a
704 3602 946 3670 Trojano
994 3598 1313 3655 Antiochia:
1368 3599 1443 3654 ad
1483 3598 1679 3656 bestias
1735 3609 1855 3666 erat
1884 3618 2013 3657 con-

359 3692 645 3747 demnatus
693 3690 825 3763 (14).
878 3690 996 3762 Ipsi
1047 3694 1430 3745 accesserunt
1480 3691 1774 3747 Antonius
1800 3693 2013 3765 Pagius

357 3780 493 3852 (15),
530 3781 774 3837 Grabius
804 3779 944 3852 (16).
997 3778 1364 3835 Benedictini
1399 3796 1429 3834 e
1461 3781 1921 3854 congregatione
1952 3784 2008 3839 S.

360 3871 544 3926 Mauri
575 3871 707 3943 (17),
729 3875 787 3926 et
818 3869 989 3925 multi
1023 3869 1147 3925 alii.

428 3960 790 4016 Auctoritate
813 3957 1056 4014 Joannis
1087 3957 1311 4014 Malalae
1345 3959 1470 4014 nixi
1501 3959 1609 4014 viri
1642 3960 1702 4015 hi
1735 3960 1891 4016 docti
1917 3979 2013 4017 as-

360 4055 565 4106 serunt
589 4050 929 4121 Trajanum,
962 4048 1026 4103 in
1075 4048 1328 4104 Parthos
1370 4049 1869 4119 proﬁcisceniem,
1903 4052 2010 4108 sub

360 4140 539 4195 linem
589 4138 730 4194 anni
784 4138 907 4205 115,
952 4143 1223 4208 tempore
1278 4136 1441 4193 illius
1483 4142 1877 4209 terrmmotus,
1907 4141 2011 4212 qui

358 4229 778 4300 imperatorem
800 4243 951 4297 pene
983 4227 1301 4298 oppressit,
1335 4227 1668 4283 Antiochiae
1690 4227 2008 4301 hiemasse;

360 4315 720 4385 ineunteque
739 4331 897 4369 anno
921 4314 1327 4385 1161gnatium
1360 4319 1630 4370 nostrum
1645 4316 2010 4387 injudicium

358 4420 597 4461 vocasse
621 4420 635 4469 ;
668 4403 909 4458 beatum
934 4407 1131 4457 autem
1154 4403 1314 4457 hunc
1335 4403 1655 4474 praesulem
1679 4405 1888 4461 eodem
1911 4424 2008 4461 an-

362 4510 438 4549 no
469 4494 567 4547 116
602 4492 912 4546 desinente
946 4492 1230 4562 martyrio
1263 4508 1391 4547 esse
1424 4498 1795 4550 coronatum.

2124 2185 2353 2224 annum
2412 2172 2513 2223 112
2561 2170 2649 2239 (U.
2683 2170 2743 2224 C.
2777 2171 2924 2239 865),
2975 2187 3092 2241 quo
3132 2172 3357 2228 Sextum
3414 2173 3782 2229 consolatam

2128 2260 2330 2315 Roma:
2353 2258 2635 2331 suscepit.
2660 2259 2951 2330 Denique,
2970 2266 3038 2317 ut
3056 2261 3175 2317 alia
3199 2261 3458 2318 Corsinii
3484 2279 3785 2338 argumen-

2122 2352 2181 2403 ta
2206 2348 2444 2403 silentio
2477 2354 2848 2419 praeteream,
2878 2350 3129 2405 eximius
3161 2350 3314 2407 alter
3343 2354 3591 2425 Trajani
3623 2369 3788 2408 num-

2122 2456 2256 2494 mus
2305 2439 2577 2505 habetur,
2628 2441 2691 2494 in
2740 2457 2857 2512 quo
2915 2438 3115 2496 Caesar
3164 2442 3288 2513 ipse
3342 2445 3584 2501 APICT.
3636 2444 3776 2499 CEB.

2122 2530 2337 2583 I‘ERM.
2386 2533 2541 2583 AAK.
2588 2532 2791 2583 ΠΑΡΘ.
2845 2530 2882 2584 i.
2936 2547 2988 2585 e.
3024 2532 3292 2601 Optimus,
3326 2532 3621 2604 Augustus,
3656 2532 3778 2588 Ger—

2122 2615 2397 2684 manicus,
2451 2618 2704 2684 Dacicus,
2763 2618 3059 2673 Parthicus
3105 2620 3460 2692 appellatur,
3493 2620 3774 2690 simulque

2127 2705 2369 2761 decimus
2399 2705 2637 2777 imperii
2679 2705 2868 2778 ipsius
2906 2723 3102 2764 annus
3149 2724 3466 2781 expressus
3496 2708 3774 2779 conspici-

2126 2799 2240 2850 tur.
2275 2797 2423 2864 Ergo
2475 2810 2632 2849 anno
2679 2795 2744 2849 U.
2778 2796 2839 2850 C.
2872 2798 2971 2850 861
3033 2798 3156 2866 (107
3188 2813 3246 2868 p.
3307 2798 3458 2872 Ch.),
3514 2799 3574 2853 in
3605 2812 3771 2868 quem

2126 2884 2369 2939 decimus
2400 2884 2636 2956 imperii
2673 2901 2866 2941 annus
2900 2885 3174 2955 incurrit,
3207 2889 3488 2961 Trajanus
3509 2888 3630 2959 jam
3656 2886 3765 2954 0p-

2129 2975 2251 3028 timi
2270 2978 2447 3044 atque
2478 2975 2727 3029 Parthici
2757 2991 2970 3030 nomen
3003 2983 3332 3047 acceperat.
3368 2977 3575 3049 Duplex
3595 2974 3764 3043 igitur

2127 3062 2363 3133 Trajani
2405 3062 2466 3116 in
2498 3062 2802 3118 Orientem
2847 3064 3135 3135 profectio
3179 3066 3406 3139 agnosci
3436 3063 3597 3118 debet
3624 3060 3752 3131 (21),

2132 3150 2405 3223 nihilque
2435 3153 2672 3225 gravius
2718 3154 2830 3225 (22)
2864 3155 3079 3224 obstat,
3113 3173 3228 3227 quo
3258 3155 3446 3210 minus
3483 3167 3631 3209 anno
3661 3149 3755 3204 107

2123 3241 2417 3314 lgnatium
2439 3257 2469 3296 e
2494 3242 2632 3296 vivis
2663 3241 2993 3300 decessisse
3022 3252 3321 3316 putemus.

2194 3332 2264 3386 It.
2292 3325 2644 3396 Quindecim
2698 3333 2806 3388 sub
2850 3333 3091 3389 nomine
3125 3335 3181 3389 S.
3216 3334 3425 3406 Ignatii
3456 3331 3762 3390 circumfe-

2123 3427 2337 3476 runtur
2365 3422 2656 3494 epistolaa,
2700 3439 2731 3477 e
2781 3422 2999 3495 quibus
3047 3429 3162 3479 tres
3208 3425 3412 3482 Latine
3446 3429 3667 3481 tantum
3696 3419 3764 3477 ad

2123 3527 2234 3567 nos
2264 3517 2684 3583 pervenerunt,
2710 3517 2768 3567 et
2798 3512 3181 3569 Graecismum
3214 3513 3461 3570 minime
3507 3511 3765 3570 redolen-

2123 3605 2235 3668 tes,
2270 3617 2390 3656 non
2422 3601 2494 3657 ab
2543 3601 2889 3674 interprete,
2920 3602 3024 3658 sed
3055 3608 3292 3660 auctore
3343 3604 3549 3661 Latino
3578 3601 3762 3675 profe-

2123 3694 2230 3746 cta)
2261 3689 2534 3745 videntur
2559 3707 2571 3745 :
2592 3690 2665 3746 ad
2700 3692 2761 3747 B.
2797 3690 3094 3764 Virginem
3123 3709 3264 3763 una,
3297 3692 3371 3749 ad
3402 3696 3458 3750 S.
3492 3696 3764 3751 Joannem

2122 3779 2274 3836 duae.
2306 3782 2547 3835 Caetera)
2578 3784 2777 3836 autem
2814 3782 3010 3836 Graece
3044 3787 3385 3854 supersunt.

2191 3872 2275 3925 Ex
2304 3869 2646 3940 quindecim
2676 3870 2769 3926 his
2803 3871 3074 3944 epistolis
3106 3877 3239 3928 octo
3266 3873 3541 3929 unanimi
3574 3873 3766 3929 docto-

2121 3976 2257 4016 rum
2287 3975 2584 4017 consensu
2614 3960 2832 4032 spuriae
2863 3959 3161 4017 habentur
3186 3979 3199 4017 :
3237 3962 3287 4033 1)
3319 3977 3437 4018 una
3466 3963 3547 4019 ad
3572 3965 3630 4018 Β.
3651 3960 3764 4014 Vir-

2120 4051 2346 4123 ginem,
2396 4051 2452 4122 2)
2496 4055 2555 4106 et
2599 4054 2651 4121 3)
2683 4049 2813 4107 duas
2862 4050 2938 4107 ad
2986 4053 3043 4107 S.
3089 4053 3400 4121 Joannem,
3461 4053 3515 4124 4)
3552 4069 3670 4110 una
3697 4046 3765 4104 ad

2121 4141 2363 4196 Mariam
2393 4140 2841 4209 Cassabolitem,
2869 4143 2923 4211 5)
2956 4158 3074 4196 una
3105 4141 3178 4196 ad
3210 4144 3554 4211 Tarsenses,
3587 4141 3637 4215 6)
3658 4153 3767 4196 una

2120 4229 2195 4285 ad
2224 4229 2649 4301 Antiochenos,
2704 4230 2760 4291 7)
2792 4245 2914 4284 una
2970 4229 3044 4286 ad
3104 4231 3423 4297 Heronem,
3456 4232 3762 4290 diaconum

2118 4320 2583 4390 Antiochenum,
2607 4318 2663 4391 8)
2688 4336 2808 4374 una
2836 4319 2910 4374 ad
2941 4320 3360 4392 Philippenses
3390 4324 3522 4393 (23).

2187 4409 2572 4482 Reliquarum
2606 4414 2855 4482 septem,
2889 4426 3020 4482 qua)
3052 4409 3203 4465 data:
3227 4417 3366 4467 sunt
3392 4414 3434 4481 1)
3474 4412 3550 4469 ad
3588 4409 3764 4482 Ephe—

2118 4499 2261 4566 sios,
2295 4500 2349 4569 2)
2379 4498 2454 4555 ad
2485 4499 2835 4572 Magnesios,
2891 4501 2943 4570 3)
2976 4499 3050 4555 ad
3093 4499 3441 4569 Trallianos,
3471 4503 3524 4573 4)
3556 4501 3634 4559 ad
3663 4500 3763 4555 llo-

428 4582 636 4654 Negari
666 4597 789 4637 non
815 4584 1028 4652 potest,
1061 4579 1217 4651 quod
1244 4581 1489 4636 maximi
1521 4600 1721 4639 rerum
1752 4583 2004 4643 chrono-
2035 4568 2088 4636 D
2117 4604 2348 4650 manos,
2381 4588 2433 4660 5)
2464 4587 2539 4644 ad
2583 4568 3133 4660 Philadelphenses,
3167 4590 3222 4661 6)
3254 4580 3330 4645 ad
3358 4568 3684 4663 Smyrnazos
3713 4587 3765 4639 et

432 4727 546 4807 (l3)
579 4731 788 4807 I_gnat.,
814 4742 909 4807 ep.
949 4740 1023 4807 aq
1053 4726 1224 4807 llam.
1259 4729 1389 4807 (λζ).

430 4797 543 4869 (14)
590 4797 750 4855 Hanc
808 4797 1291 4869 dissertationem
1325 4797 1610 4853 Smithius
1637 4804 1703 4854 ut
1732 4800 2013 4857 Jacobso-

358 4868 471 4928 nus
501 4872 591 4941 (II,
626 4890 681 4943 p.
716 4872 820 4925 524
851 4885 977 4939 sqq.
1016 4868 1156 4923 edit.
1190 4869 1245 4937 ιι)
1278 4868 1340 4923 in
1371 4885 1509 4925 suas
1540 4871 1834 4929 editiones
1865 4890 2010 4931 con-

362 4946 649 5001 iecerunt.

351 4963 649 5017 jecerunt.

427 5017 538 5083 (l5)
574 5016 737 5079 Crit.,
766 5012 839 5068 ad
870 5028 1011 5068 ann.
1047 5012 1169 5077 107,
1203 5026 1262 5066 n.
1296 5011 1415 5066 3-6.

425 5088 540 5157 (16)
570 5085 857 5157 Spicileg.,
892 5084 1037 5157 tri],
1070 5085 1159 5157 22.
1225 5115 1249 5157 ς
1875 5128 1890 5143 .

425 5154 535 5284 (171)
566 5154 718 5213 Πανὶ
747 5154 1056 5281 άὲυτὸένὶβεν
1090 5155 1161 5210 les
1202 5154 1376 5223 dates,
1422 5171 1481 5225 p.
1514 5157 1641 5225 239,
1673 5172 1767 5228 ap.
1826 5158 2002 5215 Lum-

425 5247 480 5284 r.
532 5270 544 5283 .
579 5247 654 5284 c..
687 5247 744 5284 ι).
814 5248 845 5281 ο
891 5269 903 5281 .

396 5247 480 5293 er,
503 5247 544 5284 1.
579 5247 654 5296 c.,
687 5247 744 5296 ι).
780 5247 903 5281 κου.

354 5247 480 5300 per,
503 5247 544 5284 1.
579 5247 654 5296 c.,
687 5247 744 5299 p.
780 5247 903 5281 κου.

427 5301 536 5371 (18)
566 5298 1022 5371 Grabe,sz'cil.,
1049 5301 1090 5351 t.
1123 5296 1194 5360 Il,
1226 5313 1283 5371 p_.
1318 5300 1406 5351 22.

422 5368 533 5441 (19)
565 5374 704 5426 Hist.
753 5370 844 5425 des
886 5370 1126 5438 Emper.,
1162 5373 1200 5421 t.
1237 5368 1306 5434 ΙΙ,
1351 5373 1475 5423 not.
1514 5369 1600 5435 17,
1632 5386 1735 5426 sur
1762 5371 1997 5439 Trajan.

354 5441 539 5505 Idem,
571 5441 853 5497 Mémoires
893 5457 1044 5511 pour
1070 5442 1261 5504 servir,
1317 5444 1454 5505 etc.,
1487 5444 1528 5496 t.
1584 5441 1659 5509 ΙΙ,
1694 5459 1750 5513 p.
1786 5445 1910 5510 195,
1944 5450 2002 5501 et

355 5518 479 5567 not.
513 5514 602 5573 10.
644 5530 700 5582 p.
736 5514 860 5566 583.

428 5585 537 5657 (20)
573 5580 866 5657 Ιξῖίὶιίιῐιᾱ..
900 5581 1191 5657 Bibligth._,
1238 5586 1292 5657 t._
1327 5581 1374 5645 Ι,
1405 5581 1659 5657 Proleg.,
1696 5602 1752 5654 p.
1786 5603 1875 5641 LXI
1907 5604 1994 5657 sq.

425 5649 537 5724 (21)
572 5655 757 5709 Unam
788 5657 1019 5709 tantum
1057 5649 1295 5722 Trajani
1327 5649 1764 5723 expeditionem
1794 5649 1997 5713 Partlii

2121 4745 2251 4785 eam
2281 4729 2548 4801 agnoscit
2575 4729 2841 4785 Francke
2865 4731 2927 4785 in
2955 4730 3106 4785 libro
3132 4745 3145 4786 :
3172 4734 3280 4786 Zur
3299 4732 3620 4791 Geschichte
3642 4735 3762 4789 Tra-

2109 4801 2266 4870 jans,
2298 4808 2409 4855 etc.
2446 4802 2603 4866 1837,
2635 4817 2691 4871 p.
2730 4804 2850 4856 161.

2188 4871 2301 4943 (22)
2324 4871 2497 4947 Apud
2528 4871 2799 4947 Halalam
2830 4873 3018 4947 enim,
3050 4878 3202 4947 teste
3233 4874 3542 4935 Gallandio
3574 4880 3635 4947 (Ι.
3667 4874 3757 4945 c.),

2116 4943 2237 4998 sive
2281 4942 2413 5014 ejus
2462 4942 2720 5007 inscitia,
2753 4944 2873 5000 sive
2931 4945 3315 5002 librariorum
3358 4942 3673 5006 oscitantia
3700 4942 3757 5002 in

2115 5015 2484 5092 notationem
2514 5019 2851 5092 temporum
2882 5032 3016 5092 cum
3068 5016 3304 5092 imperii
3348 5019 3609 5092 Trajani,
3642 5027 3758 5078 tum

2113 5086 3015 5162 Ignatiani_mart_yri_i,_menda
3065 5086 3313 5162 nonulla
3358 5086 3640 5162 irrépisse
3686 5106 3754 5145 no

2114 5162 2378 5231 scuutur.
2412 5159 2579 5215 Teste
2611 5157 2817 5231 Malala
2859 5158 3167 5229 Trajanus,
3200 5160 3447 5231 Septima
3475 5157 3755 5224 Januarii.

2111 5228 2261 5284 feria
2283 5228 2900 5355 guinthntiochiam
2948 5228 3389 5314 ingressus—est.
3424 5234 3537 5290 Sed
3582 5236 3757 5321 Septi-

2111 5316 2256 5354 mam
2315 5316 2545 5355 anuaru
2577 5316 2711 5355 cum
2741 5303 2885 5355 feria
2905 5308 3125 5355 aumta.
3157 5319 3209 5355 a.
3250 5306 3347 5355 107
3382 5307 3526 5355 (non
3556 5324 3609 5355 τι-
3638 5307 3756 5355 115)

2110 5316 2256 5354 mam
2283 5301 2545 5356 Januarii
2577 5316 2717 5372 cum,
2740 5303 2885 5368 feria
2905 5301 3125 5370 quinta,
3157 5319 3209 5358 a.
3250 5306 3347 5359 107
3382 5307 3528 5372 (non
3556 5324 3610 5363 a.
3638 5301 3756 5370 115)

2110 5373 2487 5513 ἵοιιιςιιιειιίεεθ
2515 5370 2776 5428 ostendit
2804 5372 3077 5429 Usserius
3116 5376 3262 5445 (not.
3295 5378 3326 5430 6
3358 5370 3422 5433 in
3454 5379 3670 5450 Martyr
3696 5377 3744 5430 S.

2136 5459 2233 5513 gn.
2269 5484 2282 5497 .

2176 5460 2282 5497 η.)-

2321 5515 2439 5570 Cfr.
2473 5513 3081 5593 virorumdoctorum
3108 5515 3212 5593 _de
3267 5517 3433 5593 hisce
3492 5520 3748 5593 epistolis

2102 5583 2331 5665 judicia
2358 5586 2515 5657 apud
2537 5585 2871 5643 Husselium
2890 5592 2949 5643 et
2967 5586 3363 5649 Jacobsonum
3388 5591 3453 5661 (t.
3486 5583 3620 5665 πρ.
3644 5606 3747 5650 xxv

2108 5656 2284 5733 sqq.).
