4062 6150
395 358 514 420 629

1595 357 1664 416 C.
1711 356 1770 416 J.
1820 353 2131 415 HEFELII
2180 354 2618 414 PlthFATIO.

3706 361 3826 422 630

395 491 449 562 7)
484 489 559 546 ad
590 489 1008 561 Polycarpum,
1041 486 1261 561 duplex
1293 491 1483 544 exstat
1531 489 1799 549 Graecum
1859 502 2056 542 exem-
2086 488 2141 555 Α
2172 485 2308 541 dem
2338 485 2558 557 regulis
2581 485 2780 542 minus
2801 485 3261 555 obnoxium,sed
3284 489 3494 546 ardore
3522 491 3829 563 scriptoris

395 579 546 651 plar,
579 579 838 634 alterum
873 578 1132 647 brevius,
1167 577 1421 633 alterum
1451 577 1706 649 longius.
1741 575 2056 632 Becensio-

2165 575 2494 630 ferventem
2529 592 2563 630 a
2593 574 2806 647 frigida
2828 576 3095 648 duraque
3117 578 3374 649 epitome
3401 579 3590 650 possit
3607 581 3826 638 discer-

397 685 536 724 nem
569 669 901 724 breviorem
931 667 1183 740 longiori
1216 684 1345 723 esse
1377 665 1858 739 praehabendam,
1903 681 2054 736 pene
2127 670 2134 676 '
2165 663 2502 730 nere.Quod
2517 664 2775 736 denique
2790 664 3169 722 obscuritatis
3184 668 3572 738 cpprobrium
3587 669 3818 737 attinet,

397 758 470 815 ad
503 775 688 813 unum
716 774 921 813 omnes
957 757 1066 811 viri
1098 757 1288 813 critici
1351 755 1750 811 afﬁrmarunt.
1784 753 2054 809 Schmid-
2164 753 2225 808 id
2256 753 2328 808 de
2357 754 2651 824 corruptis
2691 757 2919 809 tantum
2951 754 3096 808 locis
3128 755 3353 810 dictum
3384 762 3576 827 putes,
3602 756 3818 828 quibus

396 849 516 903 tius
547 849 658 920 (24)
693 851 891 903 autem
923 851 981 901 et
1011 846 1241 901 Netzius
1272 845 1408 917 (25),
1467 845 1664 900 neutri
1715 843 2051 899 recensioni

391 937 633 994 laudem
658 936 1017 991 sinceritatis
1040 935 1716 1007 praebentes,utramque
1740 950 1810 988 ex
1834 934 2049 988 immu-

2166 845 2497 915 saepissime
2529 843 2764 898 medela
2795 849 2990 915 potest
3022 845 3219 900 afferri
3253 847 3384 917 (33).

2234 938 2280 1004 c)
2304 939 2534 992 Testem
2561 953 2797 1008 quoque
2821 939 3135 1008 antiquum
3160 953 3280 993 sum
3305 939 3607 1010 opinionis
3629 940 3817 996 addu-

391 1028 612 1083 tatione
645 1027 888 1098 genuini
927 1026 1239 1098 cujusdam
1276 1024 1631 1097 exemplaris
1655 1029 1844 1080 ortam
1876 1027 2050 1096 puta-
2161 1026 2242 1080 cit
2270 1026 2541 1095 Meierus,
2575 1026 2910 1080 Chronicon
2944 1026 3074 1081 dico
3108 1028 3410 1098 paschale,
3443 1029 3815 1100 temporibus

386 1108 527 1172 bant
556 1117 690 1188 (26).
722 1115 1068 1171 Novissimis
1098 1132 1235 1169 vero
1299 1113 1665 1187 temporibus
1697 1114 1759 1167 D.
1796 1112 2043 1168 Carolus

386 1207 583 1273 Meier,
602 1206 909 1276 theologiaa
931 1204 1232 1276 professor
1255 1203 1584 1258 Giessensis
1602 1219 1794 1274 nuper
1809 1203 2042 1258 demor-

383 1300 543 1364 tuus,
577 1295 832 1367 longiori
874 1293 1212 1349 recensioni
1253 1292 1512 1364 palmam
1575 1292 1865 1360 tribuens,
1912 1309 2041 1347 eam

381 1401 501 1439 non
532 1384 711 1455 plane
746 1382 989 1455 quidem
1021 1383 1310 1455 integram
1334 1386 1392 1436 et
1414 1381 1758 1454 genuinam,
1783 1380 2042 1436 breviori

375 1478 576 1528 tamen
607 1473 783 1543 longe
805 1470 1239 1544 praferendam
1264 1487 1391 1526 esse
1424 1469 1733 1526 contendit
1754 1470 1894 1541 (27).
1925 1470 2039 1525 Sed

375 1569 612 1620 tantum
645 1563 870 1631 aberat,
903 1567 970 1617 ut
999 1563 1260 1617 virorum
1291 1561 1602 1616 doctorum
1654 1560 1947 1632 applausu
1978 1561 2039 1616 id

379 1653 623 1720 faceret,
648 1657 714 1707 ut
733 1652 1058 1720 neminem,
1085 1667 1261 1722 quem
1282 1651 1487 1716 sciam,
1511 1650 1572 1704 in
1593 1665 1760 1704 suam
1777 1650 2040 1705 traheret

379 1741 761 1810 sententiam,
784 1740 986 1811 plures
1017 1756 1172 1807 vero,
1205 1755 1269 1794 re
1301 1740 1518 1793 iterum
1538 1738 1599 1793 in
1620 1738 1784 1793 litem
1809 1742 2034 1808 vocata,

2158 1116 2488 1170 Constantii
2521 1115 2899 1186 imperatoris
2931 1117 3333 1188 conscriptum
3365 1117 3462 1187 (ad
3484 1133 3537 1173 a.
3573 1119 3636 1172 D.
3659 1120 3812 1190 32,p.

2155 1207 2280 1269 416,
2321 1205 2447 1260 Vol.
2489 1206 2530 1260 l.
2567 1205 2634 1260 ed
2667 1207 2853 1260 Bonn.
2891 1206 3071 1277 1832),
3100 1206 3160 1260 in
3221 1223 3336 1276 quo
3382 1207 3668 1279 longioris
3718 1226 3813 1264 re-

2156 1297 2457 1353 censionis
2487 1295 2655 1351 locus
2688 1296 2783 1367 (ad
2813 1295 2988 1350 Trall.
3025 1314 3075 1350 c-
3122 1298 3208 1369 10)
3240 1297 3539 1353 laudatur.
3575 1299 3686 1355 Sed
3707 1316 3811 1354 an-

2153 1385 2440 1457 tiquiores
2471 1384 2644 1440 nobis
2677 1388 2858 1440 testes
2880 1389 3096 1455 praesto
3122 1389 3282 1450 sunt,
3307 1386 3595 1441 Eusebius
3616 1387 3727 1458 (34)
3754 1393 3811 1442 et

2151 1474 2509 1528 Athanasius
2545 1473 2678 1544 (35),
2711 1473 2925 1544 quibus
2947 1473 3280 1528 breviorem
3303 1476 3714 1530 recensionem
3731 1477 3805 1530 ad

2151 1580 2364 1619 manus
2393 1562 2575 1617 fuisse
2610 1562 2748 1617 inde
2778 1562 2952 1617 facile
2985 1561 3245 1633 colliges,
3300 1563 3458 1633 quod
3509 1564 3685 1620 verba
3731 1564 3803 1619 ab

2149 1651 2292 1723 ipsis
2312 1652 2492 1707 citata
2522 1652 2584 1705 in
2606 1651 2860 1706 breviori
2891 1655 3273 1719 tantum,non
3289 1668 3455 1722 asque
3477 1654 3537 1707 in
3555 1653 3805 1723 longiori

2146 1740 2534 1796 inveniuntur
2564 1741 2912 1795 recensione
2944 1740 3076 1811 (36).

378 1828 675 1884 brevioris
701 1827 1066 1883 recensionis
1096 1843 1222 1881 rem
1253 1830 1516 1897 agerent.
1579 1824 1909 1881 Laudemus
1940 1826 2036 1880 hic
2062 1857 2112 1923 Β
2216 1827 2273 1898 (1)
2307 1829 2571 1898 Denique
2606 1830 2666 1883 in
2691 1828 2945 1900 longiori
2965 1828 3316 1884 recensione
3338 1834 3556 1901 praeter
3582 1831 3804 1902 episco-

376 1915 440 1972 V.
483 1917 548 1970 D.
585 1914 945 1971 Bichardum
977 1915 1160 1970 Bothe
1191 1915 1319 1985 (28),
1354 1930 1512 1968 nunc
1571 1913 2032 1985 Heidelbergen—
2062 1913 2109 1923 “’
2141 1934 2267 1988 pos,
2302 1917 2681 1989 presbyteros
2716 1921 2774 1970 et
2804 1916 3086 1972 diaconos
3116 1918 3333 1988 reliqui
3369 1935 3604 1989 quoque
3629 1919 3799 1974 cleri-

371 2022 518 2072 sem,
553 2005 868 2060 Arndtium
890 2005 1000 2076 (29)
1025 2003 1582 2075 Batzcburgensem,
1611 2004 1892 2059 Baurium
1913 2005 2027 2059 Tu-

364 2095 717 2166 bingensem
756 2096 874 2167 (30)
906 2098 966 2150 et
994 2093 1366 2150 Fridericum
1389 2093 1783 2149 Diisterdieck
1813 2095 2028 2150 flame-

363 2184 592 2239 lensem
623 2184 757 2255 (31).

433 2273 685 2328 Meierus
719 2273 906 2327 tribus
947 2272 1326 2345 potissimum
1359 2272 1724 2344 argumentis
1783 2276 2024 2327 senten-

360 2361 503 2418 tiam
536 2379 704 2418 suam
738 2363 974 2416 ﬁrmare
1006 2364 1258 2417 conatus
1290 2365 1399 2415 est.

430 2451 484 2523 a)
511 2453 575 2506 In
606 2451 879 2517 breviori,
915 2453 1131 2522 inquit,
1159 2449 1507 2504 recensione
1541 2450 1779 2505 Nicama
1798 2450 1869 2504 de
1897 2450 2021 2504 dei-

361 2544 482 2594 tate
507 2539 725 2593 Christi
741 2538 1012 2594 doctrina
1035 2543 1290 2605 tenetur,
1314 2555 1449 2610 ergo
1473 2539 1856 2610 postnicmnis
1875 2543 2023 2594 tem-

360 2628 606 2700 poribus
639 2633 880 2682 exarata
935 2631 1220 2698 putetur;
1279 2626 1511 2697 longior
1557 2643 1691 2681 vero
1751 2628 2019 2682 recensio

361 2716 563 2772 minus
595 2716 858 2770 decisum
892 2714 964 2769 de
994 2715 1103 2770 hac
1124 2730 1188 2768 re
1207 2713 1440 2769 dicendi
1465 2715 2019 2786 genus,apostolicis

357 2804 730 2876 temporibus
760 2819 1107 2876 congruum,
1142 2802 1450 2874 praesefert
1482 2807 1540 2858 et
1571 2809 1780 2858 servat.
1809 2834 1875 2844 -—
1904 2805 2015 2858 Ve-

354 2909 488 2949 rum
519 2893 714 2949 acrior
743 2893 1055 2963 utriusque
1086 2891 1462 2946 recensionis
1495 2891 1785 2964 inspectio
1819 2891 2012 2962 docet,

353 2981 684 3054 longiorem
709 2997 946 3053 quoque
971 2980 1154 3036 octies
1179 2980 1375 3034 decies
1401 2980 1698 3035 Christum
1720 2983 1887 3036 Deum
1907 2997 2012 3036 no-

349 3073 600 3140 minare,
635 3088 766 3126 eam
820 3069 1006 3142 magis
1055 3068 1298 3124 deﬁnite
1353 3069 1422 3124 de
1474 3086 1713 3142 persona
1760 3071 2011 3142 Spiritus

349 3161 539 3218 sancti
567 3161 755 3232 loqui,
789 3159 1165 3232 pleniorique
1223 3157 1483 3213 formula
1526 3159 1826 3214 Trinitatis
1882 3175 2011 3215 esse

2140 2023 2343 2062 corum
2377 2007 2614 2062 ordines
2667 2007 3058 2061 nominantur
3102 2006 3353 2077 (Philad.
3415 2025 3466 2062 c.
3525 2011 3602 2063 4:
3647 2009 3735 2061 καὶ
3768 2008 3796 2061 ὁ

2139 2091 2334 2158 λοιπὸς
2362 2093 2612 2169 κλῆρος),
2644 2096 2743 2166 qui
2779 2097 2832 2150 S.
2866 2095 3078 2168 Ignatii
3110 2096 3478 2165 temporibus
3528 2096 3795 2152 nondum

2137 2185 2196 2238 in
2233 2182 2488 2239 ecclesia
2519 2185 2896 2239 exstiterunt.

2209 2274 2545 2328 Breviorem
2607 2289 2743 2344 ergo
2788 2272 3202 2327 recensionem
3251 2272 3464 2326 merito
3513 2271 3791 2345 longiori,

2135 2362 2526 2434 interpolatae,
2561 2359 2994 2432 praeferendam
3028 2364 3325 2430 putamus.

2203 2451 2300 2504 III.
2333 2451 2480 2505 Cum
2513 2467 2543 2504 e
2576 2448 2841 2503 tenebris
2873 2449 3089 2503 iterum
3122 2449 3184 2503 in
3234 2449 3429 2504 lucem
3482 2450 3792 2522 prodirent

2133 2538 2399 2610 epistolae
2432 2539 2487 2593 S.
2515 2538 2747 2609 Ignatii,
2767 2537 2973 2609 primae
2995 2537 3263 2593 omnium
3282 2538 3526 2594 detecta
3550 2545 3608 2595 et
3631 2543 3787 2613 typis

2131 2628 2436 2698 impressw
2460 2631 2598 2680 sunt
2619 2625 2862 2681 Parisiis
2888 2627 3024 2680 1495
3042 2625 3342 2681 falsmistae
3365 2631 3485 2682 tres
3498 2629 3782 2699 epistolae,

2130 2714 2332 2770 Latine
2365 2717 2594 2769 tantum
2633 2714 2887 2786 scripta),
2921 2714 2994 2768 ad
3027 2716 3087 2768 Β.
3123 2715 3421 2787 Virginem
3450 2732 3573 2772 una
3619 2723 3678 2773 et
3706 2720 3781 2775 ad

2128 2805 2183 2859 S.
2215 2805 2504 2860 Joannem
2536 2803 2687 2861 dua).
2721 2803 2834 2858 Cfr.
2872 2820 3051 2874 supra
3080 2820 3246 2860 num.
3280 2806 3350 2860 II.
3375 2805 3585 2862 Tribus
3607 2809 3780 2865 annis

2125 2901 2260 2968 post
2276 2895 2525 2952 Iacobus
2548 2895 2735 2950 Faber
2752 2896 3237 2967 Stapulensis,his
3261 2897 3545 2968 epistolis,
3568 2920 3595 2949 «
3619 2902 3778 2971 quod

2123 2985 2385 3040 tenebris
2420 2985 2686 3040 omnium
2710 2983 3074 3056 dignissimae
3104 2983 3377 3041 fuerint»
3401 2988 3777 3056 omissis,un-

2122 3073 2313 3129 decim
2347 3072 2495 3129 alias
2529 3075 2583 3144 (7
2629 3073 3018 3144 interpolatae
3066 3079 3122 3128 et
3153 3075 3184 3128 4
3212 3073 3412 3146 falsas)
3445 3092 3475 3129 e
3506 3077 3773 3134 versione

2121 3163 2305 3219 veteri
2325 3163 2533 3218 Latina
2557 3162 2743 3217 edidit
2763 3162 3005 3217 Parisiis
3032 3163 3186 3217 1498.
3213 3165 3384 3218 Anno
3407 3169 3605 3220 autem
3638 3170 3772 3222 1536

338 3268 512 3308 usam
545 3229 698 3322 (32);
735 3229 850 3320 quo
885 3249 969 3316 fit,
1002 3253 1068 3303 ut
1107 3247 1321 3302 merito
1364 3248 1703 3319 posteribus
1746 3249 1822 3302 sit
1853 3253 2004 3304 tem-
2038 3229 2080 3299 Ο
2120 3252 2587 3323 Symphorianus
2639 3251 3046 3322 Champerius,
3101 3252 3530 3324 Lugdunensis,
3583 3255 3689 3311 has
3737 3275 3772 3313 a

340 3340 587 3413 poribus
627 3337 964 3394 tribuenda.

417 3429 478 3500 b)
509 3428 845 3483 Secundum
878 3431 1293 3499 argumentum
1327 3425 1577 3481 Meierus
1611 3442 1681 3480 ex
1703 3427 1837 3498 styli
1857 3428 2000 3484 cha-

339 3520 569 3572 ractere
593 3515 908 3588 depromit,
936 3530 1210 3582 monens,
1232 3513 1561 3569 breviorem
1585 3515 1997 3570 recensionem

333 3607 628 3678 epitomes
661 3603 942 3660 deformis
977 3609 1036 3659 et
1066 3604 1341 3658 obscurae
1370 3602 1527 3658 ferre
1570 3608 1868 3671 naturam,
1901 3605 1995 3659 cui

328 3695 565 3767 longior
596 3697 757 3748 textu
789 3693 1025 3747 meliori
1057 3691 1263 3748 lumen
1297 3690 1564 3762 praebere
1597 3691 1840 3748 debeat;
1881 3694 1993 3748 Sed

329 3790 539 3841 contra
570 3783 771 3854 plures
805 3781 1088 3854 longioris
1119 3779 1486 3834 recensionis
1516 3780 1626 3835 loci
1659 3797 1693 3836 a
1727 3781 1992 3837 breviore

325 3874 572 3930 demum
604 3872 999 3927 illustrantur.
1035 3869 1203 3923 Illam
1227 3870 1392 3939 justo
1409 3885 1539 3923 esse
1562 3869 1988 3938 loquaciorem,

324 3963 720 4033 dictionisque
734 3960 1016 4027 gravitate
1038 3973 1238 4012 carere
1249 3957 1441 4024 ,facile
1455 3957 1991 4015 videas.Necminus

323 4053 733 4109 additamenta
765 4048 984 4102 inertia
1014 4051 1073 4100 et
1103 4046 1418 4100 citationes
1450 4046 1766 4116 superfluas
1799 4053 1856 4102 te
1895 4049 1988 4102 fu-

321 4143 506 4216 gient,
528 4139 746 4211 quibus
769 4135 1160 4207 interpolator
1180 4134 1508 4206 genuinum
1529 4138 1754 4190 textum
1773 4153 1987 4208 augere

327 4237 418 4288 est
443 4247 644 4286 ausus.
670 4227 1006 4281 Breviorem
1023 4240 1159 4278 vero
1175 4223 1586 4278 recensionem
1602 4240 1777 4279 nemo
1799 4227 1983 4297 epito-

327 4337 466 4376 men
498 4317 752 4390 putabit,
781 4315 882 4386 qui
919 4313 1292 4369 succinctum
1324 4316 1383 4367 et
1415 4313 1723 4368 concisum
1755 4332 1980 4371 sermo-

326 4424 488 4477 nem,
506 4404 779 4480 gravibus
798 4403 1113 4459 scntentiis
1126 4402 1842 4474 refertum,grammaticis
1855 4406 1983 4477 qui-

397 4541 506 4609 (24)
563 4537 798 4594 Vcrsuch
839 4537 973 4591 iiber
1025 4536 1120 4609 die
1161 4536 1482 4609 gedoppelte
1542 4539 1838 4595 Recension
1884 4541 1981 4595 der

321 4587 508 4694 sagi;
539 4587 1004 4694 αέέςῑᾱτὶάεεῖιλςςέρ
1028 4587 1979 4694 ἶ’ἰιεῖιέὶέὲᾜὰᾰαῄἦξῖάἓι’ίῆρῐέξ.
2011 4587 2058 4652 D

315 4677 705 4759 philbsppltie,
729 4685 874 4759 tom.
909 4677 1002 4746 lll,
1035 4694 1165 4759 pag.
1211 4679 1276 4732 91
1333 4694 1463 4759 sqq.
1509 4681 1801 4759 .(_)_pin_ioni_
1842 4677 1981 4738 huic

318 4752 684 4813 Schmidtius
715 4757 924 4825 postea
969 4752 1250 4805 nuntium
1294 4752 1460 4805 misit
1501 4752 1714 4822 (Kirch.
1765 4756 1977 4825 Gesch.,

316 4833 360 4884 t.
396 4829 438 4890 Ι,
519 4868 531 4881 .
567 4829 672 4880 209
706 4823 846 4894 sq.).
1966 4823 1969 4825 ’

392 4843 508 4972 (251)
539 4898 605 4953 In
635 4914 647 4952 :
683 4895 959 4957 Ulmann,
993 4891 1240 4948 Studien.
1268 4910 1324 4947 u.
1359 4894 1503 4950 Krit.
1556 4895 1715 4963 1835,
1765 4913 1823 4968 p.
1872 4898 1972 4953 881

315 4988 498 5049 δίῖἕὶκ.
537 5043 579 5049 --
811 5039 822 5049 .
877 5038 887 5048 .

391 5038 505 5115 (26)
537 5043 698 5115 Hanc
729 5038 1072 5115 opinionem
1093 5041 1354 5115 secutus
1404 5041 1494 5091 est
1521 5038 1586 5091 V.
1621 5039 1680 5092 C.
1731 5039 1976 5096 Carolus

318 5108 497 5182 Hase,
526 5108 970 5182 11ἱνσΙιεεηζιεεεσΙι.2
1002 5125 1060 5182 p_.
1093 5111 1183 5182 7Q,
1218 5108 1309 5162 ed.
1344 5125 1394 5182 vi.

388 5178 504 5260 (27)
537 5186 638 5240 In:
673 5178 972 5238 Ullmanni
1005 5178 1185 5234 Stud.
1238 5185 1290 5233 et
1340 5181 1504 5247 Krit.,
1555 5180 1712 5249 1836,
1764 5199 1820 5252 p.
1871 5184 1975 5238 340

314 5276 493 5456 ἷξε)
527 5326 922 5451 Πίξέὲηγᾰηρθ
947 5322 1046 5376 der
1075 5321 1288 5376 christi.
1314 5321 1534 5392 Kirche,
1568 5323 1972 5397 Wittemberg-

461 5443 475 5456 .
508 5417 563 5456 ι)-
714 5437 726 5449 ~

388 5397 981 5544 :(3278)pl:n7_:3_%llmanni
1013 5465 1247 5544 StudLet
1261 5466 1418 5544 ἐξήιε
1453 5464 1621 5544 183ξ)ἱ
1646 5469 1862 5544 p._136.

387 5537 502 5615 (30)
532 5537 804 5609 Tubing.,
840 5537 1096 5592 Zeitschr.
1129 5539 1228 5605 γ’ἄν
1258 5537 1437 5591 Theol.
1490 5537 1659 5607 1838,
1701 5540 1865 5595 Fasc.
1898 5539 1967 5610 11,

311 5614 536 5688 p.148.

388 5689 502 5757 (31)
554 5680 964 5738 Dusterdieck.
1012 5680 1090 5734 De
1145 5679 1567 5750 Ignatianarum
1610 5682 1968 5754 epistolarum

314 5405 336 5455 1

2116 3340 2302 3396 Fabro
2337 3341 2526 3395 editas
2561 3357 2697 3396 cum
2730 3340 2920 3394 tribus
2953 3339 3084 3395 aliis
3130 3340 3202 3395 ab
3252 3341 3356 3396 illo
3404 3344 3664 3414 rejectis,
3713 3351 3771 3400 et

2116 3435 2326 3502 quarta
2360 3432 2500 3500 (non
2531 3430 2731 3484 minus
2761 3429 2932 3500 falsa)
2959 3429 3032 3484 ad
3054 3429 3295 3485 Mariam
3317 3432 3764 3501 Cassabolitem,

2113 3519 2420 3591 nbnquam
2452 3523 2587 3575 ante
2612 3518 2936 3590 publicata,
2966 3518 3058 3572 edi
3079 3520 3622 3591 curavit;atqueita
3642 3527 3765 3578 tan-

2111 3608 2246 3664 dem
2284 3612 2345 3663 15
2377 3607 2586 3681 Ignatii
2621 3608 2890 3679 epistolae
2922 3609 3127 3662 Latine
3160 3609 3530 3665 exstiterunt.

2181 3698 2502 3753 Duodecim
2537 3713 2741 3753 earum
2765 3699 2815 3768 (7
2847 3697 3236 3768 interpolatas
3259 3702 3360 3752 et5
3385 3698 3586 3768 falsas)
3613 3719 3642 3755 e
3665 3720 3759 3757 co-

2107 3785 2235 3840 dice
2261 3788 2459 3841 Grazco
2478 3785 2851 3840 bibliothecae
2872 3787 3226 3855 Augustanaa
3247 3787 3476 3857 primus
3489 3791 3756 3846 omnium

2106 3874 2540 3947 Dillingze155‘7
2574 3874 2763 3929 edidit
2821 3874 3164 3930 Valentinus
3215 3876 3548 3949 Hartungus
3595 3880 3751 3948 Frid,

2103 3982 2209 4023 seu
2240 3972 2483 4034 Pacaeus,
2515 3964 2755 4020 nomine
2791 3981 2896 4035 pro
2929 3965 3037 4019 aevi
3068 3966 3495 4022 consuetudine
3527 3968 3751 4024 immu-

2103 4059 2243 4109 tato.
2277 4054 2529 4110 Easdem
2557 4057 2622 4108 12
2654 4053 2934 4124 epistolas
2956 4053 3222 4109 Andreas
3240 4055 3532 4111 Gesnerus
3555 4059 3750 4114 Grmce

2101 4148 2159 4197 et
2192 4143 2392 4198 Latine
2452 4143 2800 4214 (interprete
2856 4143 3082 4196 Joanne
3141 4143 3424 4215 Brunero)
3477 4161 3506 4199 e
3551 4147 3750 4203 codice

2098 4231 2475 4286 bibliothecae
2510 4231 2571 4282 V.
2607 4231 2666 4284 C.
2703 4229 2942 4299 Gaspari
2974 4246 3008 4284 a
3035 4229 3370 4302 Nydpryck,
3395 4233 3588 4304 Tiguri
3615 4239 3748 4291 1559

2096 4320 2301 4375 edidit.
2339 4322 2484 4375 Cum
2516 4319 2707 4374 Pacaei
2741 4318 2921 4373 editio
2955 4319 3147 4390 ipsum
3180 4319 3412 4391 lateret,
3455 4323 3746 4381 Gesnerus

2093 4409 2350 4481 primum
2367 4426 2427 4464 se
2448 4407 2888 4480 Graecaslgnatii
2906 4407 3186 4479 epistolas
3199 4408 3454 4466 edidisse
3459 4411 3742 4483 jactabat.

2090 4545 2400 4611 authentia,
2436 4547 2548 4599 etc.
2581 4541 3014 4598 Commentatio
3051 4543 3338 4615 Gottingae
3370 4547 3615 4616 praemio
3647 4565 3740 4603 re-

2089 4617 2452 4689 gio_ornata,
2485 4632 2545 4686 p.
2578 4617 2646 4689 20
2678 4630 2810 4689 sqq.

2163 4687 2272 4759 (32)
2303 4687 2418 4741 Cfr.
2449 4684 2656 4759 Arndt,
2692 4685 2789 4759 in:
2823 4684 3121 4740 Ullmanni
3176 4686 3362 4759 Stud,
3405 4691 3516 4744 etc.
3580 4691 3734 4759 1839,

2088 4775 2146 4829 p.
2173 4757 2412 4812 161-164
2437 4774 2450 4822 ;
2480 4757 2684 4826 Bothe,
2717 4758 2998 4826 Anfa'nge,
3033 4762 3142 4812 etc.
3177 4775 3233 4828 p.
3264 4758 3503 4814 744-751
3539 4766 3598 4814 et
3628 4757 3738 4816 Dii-

2089 4829 2407 4896 sterdieck,
2440 4829 2480 4885 1.
2514 4845 2589 4893 c.,
2623 4845 2680 4899 p.
2709 4829 2778 4882 26
2809 4845 2897 4898 sq.
2933 4833 2993 4880 et
3017 4830 3103 4883 33.

2124 4901 2272 4990 υ(33)
2305 4900 2504 4956 Arndt.
2539 4899 2579 4954 l.
2609 4915 2684 4968 c.,
2716 4916 2774 4970 p.
2809 4900 3035 4952 149-161
3069 4916 3082 4964 ;
3119 4903 3176 4955 et
3204 4902 3413 4971 Bothe,
3464 4902 3505 4956 Ι.
3563 4919 3639 4972 c.,
3671 4921 3730 4975 p.

2085 4975 2188 5027 756
2220 4989 2351 5042 sqq.

2157 5044 2269 5144 (34)
2299 5046 2440 5100 Hist.
2475 5044 2626 5107 eccl.,
2659 5058 2743 5125 ιιιζ
2776 5043 2862 5095 36.

2155 5117 2242 5144 Ιοὲ
2303 5116 2370 5144 Πι-
2401 5115 2605 5144 ’ΔΙΜΛᾸΛ
2653 5115 2795 5144 Anam

2155 5113 2267 5186 (35)
2298 5116 2370 5170 De
2399 5115 2605 5183 synodo
2637 5115 2819 5168 Arim.
2878 5118 2928 5166 et
2966 5113 3200 5181 Seleuc.,
3251 5131 3309 5184 p.
3351 5117 3477 5184 922,
3511 5120 3550 5170 t.
3583 5119 3608 5171 Ι
3639 5118 3731 5176 ed.

2085 5187 2264 5241 Paris.
2298 5189 2453 5240 1627.

2156 5258 2268 5328 (36)
2300 5257 2510 5324 Bothe,
2544 5257 2583 5310 l.
2620 5273 2695 5322 c.,
2728 5272 2784 5326 p.
2819 5257 2942 5328 742,
2973 5257 3097 5313 743.
3129 5257 3358 5312 Fusiori
3409 5259 3585 5314 modo
3634 5279 3732 5317 ar-

2081 5326 2362 5402 gumenta
2396 5328 2594 5383 Meieri
2627 5326 3365 5402 enervavitJDi‘isterdieck
3414 5329 3454 5384 l.
3507 5348 3583 5397 c.,
3630 5335 3731 5402 qui

2083 5399 2287 5455 ihetica
2317 5399 3098 5471 quoquepargumentatione
3116 5399 3371 5455 breviori
3395 5399 3728 5460 recensioni

2081 5471 2323 5544 originis
2335 5469 2665 5544 primitivae
2683 5469 2920 5524 laudem
2943 5469 3242 5544 vindicare
3261 5471 3733 5544 studet,etinter-

2079 5542 2341 5615 polatam
2357 5542 2689 5597 editionem
2712 5546 2846 5597 ante
2869 5542 3132 5618 medium
3150 5543 3429 5601 saeculum
3451 5554 3726 5618 quartum

2081 5620 2381 5672 exaratam
2409 5631 2538 5672 esse
2577 5618 2772 5688 negat,
2805 5630 2862 5685 p.
2893 5616 3080 5671 28-41.
