4062 6150
373 325 485 387 631

1337 320 1624 383 SANCTI
1670 317 1977 378 lGNATIl
2021 316 2426 379 EPISTOLIE
2468 321 2863 383 GENUIN/E.

3732 317 3847 380 632

449 460 606 515 Pene
638 460 875 513 centum
907 456 1079 511 annis
1110 460 1243 528 post
1263 455 1561 511 breviores
1588 454 1826 509 demum
1853 456 1913 508 et
1931 467 2025 525 ge-
2053 450 2414 518 Acasionem
2431 455 3273 530 prmbuisseperhibetur,esse
3289 452 3837 510 commentitium.

378 549 581 605 nuinaa
607 548 663 603 S.
691 546 898 618 Ignatii
926 545 1187 617 epistola)
1214 545 1460 601 detectae
1492 550 1653 611 sunt,
1678 560 1895 614 easque
1910 542 2033 615 pri-

382 653 517 696 mus
548 638 741 693 Greece
787 635 973 690 edidit
1018 634 1423 691 Amstelodam
1483 636 1618 689 1646
1666 634 1741 688 ls.
1792 632 2032 689 Vossius

385 745 458 785 ex
489 742 610 782 uno
639 725 960 797 superstite
985 724 1360 780 bibliothecae
1388 724 1664 779 Mediceaa
1695 721 1895 778 codice
1917 738 2028 777 ms.

385 815 587 873 smculi
621 832 699 879 xx,
732 820 1110 884 veteremque
1134 816 1399 870 Latinam
1422 814 1755 869 versionem
1778 810 2026 881 addidit,

382 922 561 978 quam
588 906 787 960 Greece
821 903 1140 975 exemplari
1179 902 1611 975 propemodum
1662 901 1721 955 in
1753 900 2031 956 omnibus

382 993 845 1067 respondentem
869 992 1077 1048 Oxonii
1103 994 1239 1046 1244
1266 1009 1295 1047 e
1317 992 1549 1047 duobus
1566 990 1893 1056 codicibus,
1911 1005 2030 1044 uno

381 1082 852 1154 Cantabrigiensi
872 1087 931 1137 et
950 1081 1136 1136 altero
1155 1098 1224 1136 ex
1249 1081 1608 1136 bibliotheca
1628 1078 1862 1136 Ricardi
1897 1077 2030 1150 epi-

381 1174 543 1245 scOpi
560 1170 1208 1235 Norvicensis,.lacobus
1222 1170 1515 1234 Usserius,
1548 1166 2031 1239 archiepiscopus

379 1261 810 1329 Armachanus,
845 1259 1179 1332 vulgaverat
1207 1259 1341 1330 (37).

452 1352 667 1405 Verum
698 1365 833 1405 cum
865 1349 928 1403 in
950 1348 1052 1403 illo
1082 1351 1166 1417 (et
1194 1348 1394 1418 unico)
1419 1347 1621 1403 codice
1645 1345 1903 1401 Mediceo
1926 1361 2030 1401 seu

377 1438 718 1495 Florentino
752 1438 985 1495 deesset
1015 1437 1268 1509 epistola
1297 1436 1371 1492 ad
1421 1440 1740 1504 Romanos,
1788 1435 2033 1491 Vossius

379 1528 546 1585 illam
574 1545 645 1583 ex
666 1526 1159 1599 interpolatarum
1182 1526 1445 1582 editione
1470 1526 2031 1597 desumptam,duce

380 1622 578 1673 vetere
600 1616 945 1688 interprete,
966 1632 1087 1671 suae
1104 1615 1429 1689 integritati
1451 1616 1768 1671 restituere
1788 1613 2031 1669 adortus

382 1711 492 1762 est.
516 1708 688 1760 Anno
706 1708 906 1760 autem
935 1705 1070 1759 1689
1098 1704 1409 1775 epistolam
1429 1704 1502 1759 ad
1523 1702 2031 1771 Romanos,veteri

2212 542 2268 613 a)
2297 545 2613 616 Trajanum
2647 546 2807 602 enim
2839 545 3172 602 Antiochiae
3201 546 3549 601 hiemasse
3577 542 3840 599 dubitari

2141 647 2262 686 non
2292 638 2508 703 potest,

2212 719 2271 792 b)
2304 723 2451 777 Eum
2482 722 2864 789 Christianos,
2892 722 3027 778 illos
3046 722 3400 796 praesertim
3435 723 3553 794 qui
3579 721 3769 777 delati
3793 728 3844 775 et

2142 812 2402 867 accusati
2435 817 2624 880 erant,
2668 813 2742 867 ad
2773 818 3026 868 mortem
3058 813 3420 880 damnasse,
3470 827 3670 867 nemo
3712 810 3842 882 jure

2141 899 2531 971 negabit.Jam
2553 900 2746 955 Plinio
2763 901 2918 956 enim
2936 901 3277 973 proconsuli
3293 902 3672 974 imperator
3684 917 3841 957 mau-

2141 988 2381 1044 daverat
2407 1005 2421 1045 :
2455 991 2517 1045 Si
2544 990 2871 1059 deferantur
2894 998 2944 1046 et
2969 998 3305 1062 arguantur,
3335 991 3661 1063 puniendi
3696 997 3840 1045 sunt.

2215 1078 2267 1148 c)
2295 1078 2490 1148 Plebs,
2516 1096 2720 1150 panem
2753 1085 2813 1135 et
2859 1084 3118 1137 circenses
3170 1081 3537 1153 postulans,
3604 1078 3838 1137 meliori

2142 1166 2307 1222 nullo
2330 1167 2506 1223 modo
2536 1168 2759 1240 placari
2792 1174 3045 1241 poterat,
3095 1186 3274 1243 quam
3323 1170 3837 1227 Christianorum

2142 1255 2217 1313 ad
2243 1256 2464 1312 bestias
2494 1257 2896 1315 damnatione.

2213 1345 2273 1419 d)
2304 1346 2730 1418 Imperatorem
2762 1348 3074 1407 damnatos
3131 1350 3532 1407 Christianos
3586 1352 3836 1406 Romam

2142 1436 2400 1507 misisse,
2433 1443 2500 1495 ut
2528 1441 2807 1495 Romanas
2859 1440 3020 1513 plebi
3070 1442 3218 1514 grati
3267 1441 3526 1514 aliquid
3588 1440 3834 1509 faceret,

2142 1528 2310 1585 nullo
2341 1529 2518 1586 modo
2539 1530 2771 1587 veritati
2796 1536 3108 1605 repugnat.

2214 1621 2266 1689 e)
2300 1619 2466 1685 Quod
2494 1620 2759 1693 Ignatius
2790 1621 3054 1692 Smyrnae
3087 1624 3146 1676 et
3172 1618 3409 1677 Troade
3436 1622 3675 1679 fratres
3701 1639 3833 1679 con-

2142 1708 2375 1766 venisse
2408 1708 2611 1780 ibique
2642 1709 2923 1782 epistolas
2956 1711 3263 1783 scripsisse
3310 1712 3724 1784 perhibetur,
3774 1711 3830 1766 id

380 1795 603 1850 Latinae
634 1793 891 1849 versioni
934 1792 1300 1849 adamussim
1352 1793 1799 1864 aequiparatam,
1834 1809 1864 1847 e
1897 1790 2027 1848 cod.
2059 1820 2109 1888 Β
2142 1798 2390 1854 minime
2421 1798 2775 1855 contradicit
2806 1799 3143 1856 crudelitati
3175 1801 3540 1867 custodum,
3588 1801 3665 1857 de
3715 1818 3826 1873 qua

381 1886 512 1938 1451
570 1881 947 1938 bibliothecas
996 1881 1189 1954 Regia;
1240 1882 1593 1937 Parisiensis
1644 1882 2025 1938 membrana-
2059 1881 2102 1888 ’⁷
2140 1887 2268 1957 ipse
2302 1885 2363 1941 in
2395 1903 2487 1958 ep.
2521 1887 2595 1943 ad
2626 1889 2794 1946 Rom.
2827 1904 2878 1944 c.
2912 1892 2942 1942 5
2970 1890 3261 1960 queritur.
3292 1890 3484 1961 Apud
3517 1893 3822 1948 Romanos

378 1991 483 2029 ceo
522 1972 654 2045 (38),
688 1971 931 2027 Parisiis
982 1972 1206 2043 publici
1242 1972 1398 2044 juris
1445 1972 1586 2027 fecit
1631 1971 2027 2028 Theodericus
2137 1976 2299 2031 enim
2332 1974 2693 2047 captivis,ad
2712 1976 2935 2033 milites
2954 1977 3230 2051 alligatis,
3253 1980 3646 2050 permissum
3677 1983 3818 2045 erat,

377 2063 698 2119 Ruinartus
729 2062 791 2116 in
821 2062 976 2118 Actis
1012 2068 1322 2131 martyrum
1349 2063 1612 2129 sinceris;
1648 2077 1825 2133 quam
1858 2060 2025 2117 dein-
2137 2062 2361 2120 amicos
2387 2064 2688 2136 suscipere
2712 2069 2770 2119 et
2789 2064 2976 2121 libere
2991 2065 3250 2137 colloqui
3272 2084 3415 2123 cum
3440 2068 3819 2124 illis.Paulus

375 2168 513 2224 ceps
545 2150 796 2207 Grabius
828 2154 884 2204 et
914 2149 1177 2205 Clericus
1206 2150 1447 2221 prodire
1494 2152 1824 2222 jusserunt.
1860 2153 2029 2205 Anno
2140 2168 2193 2208 e.
2221 2168 2275 2224 g.
2312 2151 2374 2206 in
2432 2152 2685 2208 vinculis
2729 2153 3030 2210 Christum
3074 2154 3452 2225 praedicavit.
3510 2158 3639 2215 Cfr.
3690 2159 3814 2212 Act.

377 2244 512 2296 1709
534 2240 745 2297 Oxonii
766 2238 993 2312 prodiit
1011 2240 1509 2310 praestantissima
1531 2240 1771 2295 Thema)
1795 2239 2029 2295 Smithii
2138 2258 2335 2311 xxvm,
2370 2244 2456 2309 16,
2491 2243 2580 2311 30,
2614 2244 2701 2297 31.
2752 2244 3048 2299 Praeterea
3097 2244 3434 2316 saepissime
3488 2244 3815 2303 Christiani

375 2331 577 2398 editio,
607 2346 786 2401 quam
817 2330 1002 2385 secuti
1034 2334 1177 2386 sunt
1215 2329 1541 2387 Ludovicus
1572 2331 1742 2401 Frey,
1784 2330 2029 2385 Richar-

375 2421 487 2478 dus
509 2421 739 2488 Russel,
754 2420 1019 2476 Andreas
1033 2420 1377 2476 Gallandius
1391 2424 1449 2475 et
1461 2419 1810 2477 Guilielmus
1825 2420 2031 2475 Jacob-

379 2527 560 2567 sonus
589 2526 602 2577 ;
637 2527 787 2582 quos
817 2515 876 2566 et
903 2527 1013 2566 nos
1045 2510 1224 2566 duces
1252 2510 1593 2566 habuimus.

447 2600 544 2653 IV.
567 2599 729 2654 Inter
746 2614 847 2653 eos
870 2599 971 2669 qui
991 2615 1098 2668 pro
1117 2597 1387 2668 epistolis
1400 2598 1562 2653 hisce
1579 2598 1866 2655 vindicias
1880 2600 2035 2655 evul-

375 2691 591 2760 garunt
606 2687 998 2744 Pearsonium
1025 2687 1140 2758 (39)
1160 2686 1425 2741 eminere
1443 2703 1618 2743 nemo
1641 2690 1853 2743 nescit.
1879 2690 2037 2760 Opus

382 2777 434 2848 ej
449 2794 518 2831 us
549 2791 891 2849 oppugnare
929 2780 1069 2831 sunt
1097 2776 1357 2849 aggressi
1384 2776 1691 2833 Matthwus
1715 2778 2042 2849 Larroqua-

373 2882 488 2921 nus
519 2865 758 2922 Samuel
776 2865 1118 2938 Basnagius,
1139 2865 1460 2921 Casimirus
1482 2865 1770 2931 Oudinus,
1787 2868 2042 2923 Joannes

370 2954 628 3011 Dallaaus
647 2960 706 3012 et
722 2952 1064 3025 alii,quibus
1080 2954 1364 3024 frequens
1382 2955 1801 3026 episcoporum
1815 2957 2040 3013 mentio

372 3043 435 3098 in
468 3043 561 3098 his
592 3042 862 3113 epistolis
892 3046 1110 3112 praeter
1138 3041 1255 3097 alia
1296 3041 1545 3096 minime
1576 3042 1868 3113 placebat.
1923 3043 2037 3099 Sed

371 3133 445 3188 iis
456 3132 895 3204 responderunt
910 3131 1277 3186 authentiam
1294 3131 1683 3202 epistolarum
1709 3137 2035 3189 nostrarum

370 3220 779 3285 defendentes,
816 3218 1089 3275 Nicolaus
1141 3220 1430 3274 Nourrius
1482 3220 1614 3293 (40),
1666 3222 1831 3276 Remi
1880 3221 2029 3278 Geil~

371 3310 486 3365 lier
514 3310 643 3379 (41),
668 3308 920 3363 Thomas
961 3307 1143 3362 Maria
1173 3308 1537 3364 Mamachius
1566 3311 1683 3377 (42)
1705 3314 1765 3365 et
1793 3310 2037 3382 Lampe-

377 3413 481 3452 rus
505 3396 640 3469 (43).
672 3395 896 3451 Nostris
928 3396 1294 3466 temporibus
1316 3397 1648 3468 prmsertim
1672 3399 1736 3453 D.
1761 3400 2032 3464 Baurius,

373 3484 786 3557 Tubingensis,
810 3485 1182 3540 authentiam
1202 3485 1590 3557 epistolarum
1618 3488 1825 3559 lgnatii
1848 3489 1910 3543 in
1934 3489 2036 3545 du-

381 3574 547 3630 bium
577 3573 821 3640 vocavit,
852 3572 1186 3644 mediisque
1219 3573 1421 3629 saeculi
1452 3592 1494 3629 ιι
1538 3576 1904 3647 temporibus
1935 3593 2035 3634 eas

385 3666 586 3719 Roma
614 3679 649 3718 a
674 3662 912 3719 falsario
943 3662 1202 3734 quodam
1245 3663 1307 3718 in
1345 3664 1605 3720 favorem
1659 3665 2034 3738 episcopatus

380 3748 529 3804 ideae
547 3750 846 3805 confectas
858 3766 986 3806 esse
1013 3749 1322 3805 contendit
1342 3751 1359 3820 (
1370 3751 2033 3821 44),contradicentibus

381 3838 756 3910 potissimum
790 3839 1033 3893 Doctore
1067 3838 1253 3893 Rothe
1297 3839 1433 3909 (45),
1488 3840 1712 3896 Joanne
1762 3841 2032 3897 Eduardo

383 3927 642 3984 Huthero
675 3927 810 3999 (46),
842 3926 1140 3981 Friderico
1172 3926 1562 3983 Diisterdieck
1611 3930 1727 3999 (47)
1776 3935 1835 3984 et
1882 3931 2032 3986 Ano-

381 4033 558 4088 nymo
586 4016 844 4087 quodam
868 4016 930 4070 in
961 4015 1477 4087 ephemeridibus:
1513 4018 1722 4073 Herold
1750 4018 1843 4075 des
1870 4019 2035 4076 Glau-

384 4107 509 4161 bens
535 4107 665 4176 (48).

460 4197 519 4248 V.
553 4196 693 4261 Qum
724 4211 855 4259 nos,
890 4193 1277 4265 epistolarum
1302 4194 1509 4268 lgnatii
1531 4212 1657 4250 rem
1683 4213 1876 4269 agere,
1907 4215 2031 4253 mo-

380 4288 574 4349 veant,
607 4283 741 4338 audi
770 4299 781 4337 :

2141 2330 2368 2386 aditum
2387 2330 2462 2385 ad
2492 2338 2787 2402 martyres
2810 2336 2868 2387 et
2890 2333 3291 2390 incarceratos
3312 2341 3573 2408 argento
3601 2352 3638 2392 a
3662 2334 3815 2389 mili-

2145 2418 2304 2474 tibus
2331 2424 2626 2475 emerunt.
2652 2419 2886 2490 Optime
2904 2437 3042 2493 ergo
3057 2422 3416 2480 Pearvonius
3442 2423 3563 2496 (49)
3579 2422 3810 2480 scribit:

2145 2530 2174 2559 «
2201 2510 2335 2563 Haec
2350 2524 2485 2563 cum
2506 2508 2687 2563 fuerit
2700 2509 3097 2566 vetustissima
3118 2511 3396 2568 Ecclesiaa
3408 2512 3812 2578 consuetudo,

2145 2597 2304 2654 idem
2327 2597 2507 2652 etiam
2530 2597 2591 2651 in
2616 2596 2826 2670 Ignatii
2858 2598 3111 2653 vinculis
3141 2599 3364 2657 factum
3395 2606 3656 2657 constat.
3694 2642 3706 2653 .
3744 2640 3756 2652 .
3792 2639 3805 2654 .

2146 2685 2435 2743 Omnibus
2466 2686 2645 2759 igitur
2676 2686 2868 2741 modis
2899 2686 3133 2743 diaconi
3164 2689 3386 2760 aliique
3415 2690 3490 2747 ab
3522 2688 3807 2746 Ecclesiis

2106 2788 2113 2793 ’
2146 2777 2316 2833 missi
2336 2777 2562 2850 Ignatio
2585 2777 2646 2832 in
2675 2777 2888 2833 itinere
2909 2778 3352 2841 ministrabant,
3373 2781 3641 2852 adeoque
3664 2795 3795 2835 eum

2149 2887 2184 2926 a
2212 2868 2623 2924 vexationibus
2644 2868 3223 2941 militum,quantum
3238 2871 3301 2928 in
3323 2875 3464 2946 ipsts
3485 2876 3790 2942 erat,prse-

2149 2959 2287 3016 miis
2306 2957 2857 3015 redimebantﬂinc
2873 2965 3071 3016 autem
3091 2965 3249 3020 recte
3264 2955 3779 3033 intelligitur,quod

2152 3046 2224 3103 de
2256 3045 2566 3116 militibus,
2601 3063 2750 3118 quos
2782 3047 3097 3120 leopardos
3126 3057 3309 3118 vocat,
3340 3047 3575 3105 scribit:
3609 3039 3664 3097 οἵ
3680 3040 3772 3095 καὶ

2154 3133 2603 3209 εὐεργετούμενοι
2646 3135 2867 3209 χείρους
2900 3135 3168 3213 γίνονται,
3198 3138 3430 3207 scilicet,
3476 3150 3593 3207 quo
3640 3131 3780 3205 plus

2150 3225 2419 3299 pecuniae
2450 3242 2485 3282 a
2505 3225 2777 3283 ﬁdelibus
2799 3227 3138 3300 acciperent
3166 3247 3270 3301 pro
3299 3227 3654 3285 relaxatione
3682 3239 3785 3278 ve—

2143 3314 2428 3380 xationis,
2461 3331 2530 3371 eo
2563 3315 2759 3371 acrius
2789 3332 2861 3371 ex
2892 3316 3206 3374 intervallo
3238 3320 3293 3375 S.
3345 3323 3663 3390 martyrem
3692 3330 3789 3368 ve-

2143 3404 2384 3472 xabant,
2416 3421 2535 3475 quo
2567 3406 2856 3476 majorem
2886 3408 3155 3479 pecunias
3205 3409 3322 3463 vim
3370 3406 3787 3479 extoequerent

2145 3500 2205 3551 et
2231 3493 2597 3550 Christianos
2628 3494 2924 3565 copiosius
2957 3503 3369 3570 emungerent.
3426 3500 3616 3565 Quare
3661 3509 3789 3549 cum

2145 3584 2320 3639 toties
2344 3582 2567 3655 Ignatio
2583 3582 3290 3658 contigeretrefrigeratio
3310 3593 3369 3643 et
3392 3583 3785 3659 abiniquitate

2143 3675 2402 3731 militum
2434 3674 2786 3747 redemptio,
2821 3681 2899 3747 et,
2942 3681 3009 3731 ut
3055 3676 3323 3750 loquitur
3368 3677 3783 3741 Tertullianus,

2140 3764 2391 3820 facultas
2420 3762 2624 3818 liberae
2656 3764 2961 3833 custodite,
2994 3766 3168 3822 facile
3200 3768 3393 3839 potuit
3435 3768 3600 3833 illas,
3647 3779 3781 3838 quas

2141 3853 2452 3921 habemus,
2487 3851 2770 3924 epistolas
2800 3870 3065 3925 exarare,
3126 3872 3378 3927 quarum
3424 3857 3644 3929 aliqua:
3674 3866 3784 3907 non

2144 3942 2399 3998 multum
2432 3940 2721 4014 longiore,
2752 3959 2932 4014 quam
2961 3944 3139 4000 unius
3171 3945 3329 4000 horae
3374 3948 3570 4018 spatio
3620 3937 3783 4000 scribi

2142 4034 2484 4104 potuerunt,
2516 4047 2709 4102 neque
2743 4048 2812 4087 ex
2843 4031 2964 4087 illis
2993 4032 3120 4089 ulla
3151 4039 3270 4091 tam
3296 4034 3530 4108 prolixa
3577 4039 3686 4103 est,
3729 4030 3789 4084 ut

2142 4121 2343 4193 plures
2374 4136 2552 4192 quam
2595 4124 2713 4175 tres
2744 4120 2920 4177 horas
2951 4122 3213 4194 postulet
3245 4147 3295 4180 ».

2213 4210 2255 4281 f)
2291 4209 2567 4281 Ignaiius,
2598 4209 2847 4281 Smyrna
2894 4213 3174 4269 Romanis
3207 4214 3497 4281 scribens,
3535 4229 3654 4271 non
3693 4207 3786 4265 ab-

2144 4298 2345 4365 surda,
2377 4304 2442 4353 ut
2472 4298 2683 4353 Baurio
2711 4299 2963 4367 videtur,
3020 4303 3268 4375 peregit.
3321 4304 3459 4361 Duae
3490 4305 3654 4360 enim
3690 4299 3785 4353 vim

458 4376 504 4442 1)
533 4371 882 4469 Ῑξίίῐιίξξλρμῧσ
936 4372 1186 4469 Bantius
1229 4373 1422 4469 PObif
1455 4375 1803 4469 Persuésltr
1844 4378 2035 4432 Roma'
2069 4381 2116 4445 D
2148 4392 2399 4463 Smyrna
2428 4392 2675 4447 Romam
2705 4371 3041 4462 ducebant,
3048 4371 3237 4449 altera
3257 4395 3584 4463 maritima,
3614 4392 3787 4469 altera

383 4476 511 4515 num
544 4460 749 4528 lgnatii
777 4461 904 4523 iter,
936 4459 1095 4530 quod
1128 4461 1424 4515 scribendi
1455 4461 1563 4517 has
1593 4463 1877 4533 epistolas
1934 4482 2036 4521 oc-

453 4605 565 4673 (37)
596 4600 711 4675 Cl'r.
757 4601 1265 4675 Qusterdiek,_De
1308 4605 1733 4675 Ignatianarum
1772 4606 2033 4675 epistola-

382 4690 505 4729 rum
536 4671 846 4745 authentia,
878 4677 990 4745 etc.
1015 4671 1303 4745 Oottingaa
1336 4671 1398 4728 in
1429 4674 1668 4731 officina
1688 4671 2030 4743 Dietericb.,

427 4788 439 4801 .
475 4746 591 4810 1-3,
623 4749 682 4798 et
712 4742 923 4798 Russel
953 4743 1016 4797 in
1047 4742 1308 4798 editione
1339 4748 1573 4801 Patrum
1603 4742 2033 4816 apostolicorum

382 4764 829 4872 ἰὸέὰῗέιῗῖἑϊὲῗ

450 4888 566 4958 (38)
598 4885 791 4942 Codex
813 4884 938 4958 hic,
970 4884 1116 4958 olim
1147 4884 1520 4942 Colbertinus
1548 4890 1674 4946 460.
1695 4892 1841 4945 Acta
1873 4906 2034 4946 mar-

383 4956 517 5031 tyrii
553 4960 606 5032 S.
642 4956 849 5032 lgngatii
899 4957 1184 5032 continet,
1236 4958 1451 5032 quibus
1494 4961 1687 5031 capite
1716 4963 1751 5015 4
1781 4961 2033 5032 epistola

384 5027 591 5103 lgnatii
627 5029 700 5085 ad
730 5030 1026 5103 Romanos
1058 5027 1410 5103 interposita
1433 5037 1543 5103 est.

452 5102 560 5176 (39)
594 5103 658 5176 In
690 5099 951 5155 secundo
1010 5103 1169 5155 tomo
1227 5100 1507 5158 editionis
1562 5104 1794 5158 Patrum
1851 5111 2030 5176 apost.

378 5174 785 5229 Cotelerianaa.

410 5246 561 5373 8(40)
596 5246 870 5315 Apparet.
904 5243 979 5299 ad
1004 5242 1272 5299 Biblioth.
1332 5260 1485 5301 mam.
1533 5247 1784 5314 Patrum,
1816 5251 1859 5301 t.
1891 5247 1936 5316 Ι,
1968 5265 2027 5320 p.

475 5332 606 5373 sua.

375 5321 442 5372 78
475 5332 606 5372 sua.

450 5332 731 5458 (itm.
766 5385 1031 5454 général.,
1064 5389 1105 5458 ι.
1139 5384 1273 5458 I,_p.
1306 5389 1434 5442 626.

448 5456 559 5533 (42)
592 5458 847 5533 ριζὶθὶηᾳε
876 5462 929 5533 et
957 5457 1138 5533 antiq.
1171 5456 1475 5533 Chyist.,_t,
1509 5460 1601 5526 IV,
1632 5477 1690 5531 p.
1723 5462 1827 5516 377
1857 5477 1991 5533 sqq.

449 5526 560 5591 (43)
591 5526 731 5581 Hist.
766 5526 933 5584 theol.
966 5526 1121 5591 erit,
1161 5532 1202 5581 t.
1236 5528 1281 5595 Ι,
1313 5546 1369 5598 p.
1405 5526 1669 5586 266-268.

450 5599 563 5670 (44)
595 5597 763 5670 Baur.
802 5598 894 5649 Die
922 5597 1776 5670 segenangzten’Pastoralbriefe
1824 5604 1915 5657 des
1954 5606 2023 5658 Α.

373 5668 584 5739 faulus,
615 5667 761 5736 auf's
790 5683 928 5722 neue
957 5668 1186 5723 kritisch
1206 5672 1545 5738 untersucht,
1570 5687 1682 5728 von
1707 5667 1804 5728 Dr.
1829 5675 2025 5745 Baur.,

2140 4481 2463 4550 terrestris,
2494 4485 2561 4535 ut
2587 4480 2738 4536 bene
2771 4480 2976 4538 docuit
3000 4484 3061 4536 V.
3088 4485 3146 4539 C.
3171 4484 3330 4540 Tafel
3352 4486 3486 4557 (50).
3507 4476 3786 4542 Terrestrl

2140 4633 2197 4687 p.
2230 4618 2319 4671 87.
2348 4613 2753 4737 Abgenothigte
2809 4615 3148 4685 Erklarung.
3200 4616 3334 4671 Tub.
3388 4618 3652 4673 Zeitschr.
3695 4615 3784 4681 far

2142 4686 2329 4742 Τήιοι.
2357 4684 2424 4738 18
2463 4686 2518 4739 6.
2550 4684 2694 4739 Fasc
2746 4701 2829 4749 ιιι,
2862 4701 2920 4755 p.
2958 4685 3058 4741 199
3092 4691 3152 4742 et
3182 4688 3338 4754 1838,
3373 4688 3536 4744 Fasc.
3593 4704 3673 4751 ιιι,
3730 4699 3782 4753 p-

2145 4724 2329 4742 μην..
2361 4724 2518 4739 μιν...
2551 4724 2694 4739 ...ην
2909 4727 2920 4738 .
2960 4724 3057 4741 ,νυ
3092 4724 3152 4742 υ,
3183 4724 3318 4742 ww
3373 4724 3481 4743 ws
3524 4731 3536 4743 .
3615 4724 3652 4743 ..
3770 4724 3782 4734 -

2140 4758 2244 4833 149
2276 4771 2408 4833 sqq.
2442 4754 2654 4833 Baurii
2677 4724 3004 4833 sentieiiltias
3054 4732 3338 4833 repetivit.
3370 4724 3783 4833 Schueg‘ieru's,

2139 4829 2251 4901 Das
2274 4826 2778 4901 naehapostolisem
2810 4829 3083 4901 Zeitalter,
3116 4826 3157 4883 f.
3191 4830 3261 4895 II,
3294 4847 3351 4901 p.
3387 4826 3650 4886 159-179.

2211 4899 2323 4967 (45)
2354 4896 2492 4972 ᾼηΐ.
2524 4896 2580 4972 d_.
2613 4896 2800 4972 christ.
2834 4900 3056 4972 Kirche,
3088 4916 3145 4970 p.
3183 4896 3449 4972 Hii—sqq.

2210 4971 2325 5039 (46)
2351 4968 2723 5042 Betrachtung
2754 4969 2851 5023 der
2900 4968 3246 5040 wichtigsten
3286 4968 3577 5027 Beilenken
3627 4981 3787 5042 αεσξη

2137 5041 2228 5096 die
2256 5040 2527 5096 Echtheit
2557 5039 2656 5111 der
2684 5038 3136 5110 Ignatianischeu
3165 5044 3370 5111 Briefe.
3396 5042 3523 5099 Von
3543 5038 3646 5099 Dr:
3667 5038 3783 5111 Job.

2139 5111 2243 5167 Ed.
2280 5112 2523 5178 Huther,
2556 5110 2617 5165 in
2648 5109 2875 5183 lllgenii
2907 5113 3222 5182 Zeitschrift
3252 5109 3351 5182 fur
3379 5114 3575 5172 histor.
3609 5109 3782 5170 Theo].

2137 5189 2179 5239 t.
2215 5184 2310 5249 XI,
2340 5184 2504 5238 Fasc.
2538 5198 2613 5246 ιν,
2647 5199 2703 5252 ρ.
2749 5184 2902 5237 3-73.

2232 5257 2326 5329 47)
2355 5252 2759 5329 Qﬁs‘terdieclg
2778 5253 2840 5329 in
2871 5254 3023 5309 libro
3048 5256 3178 5327 jam
3210 5273 3390 5329 supra
3421 5257 3683 5314 laudato.

2232 5326 2324 5396 48)
2355 5323 2658 5396 Herbipoli
2701 5326 2861 5388 1839,
2892 5342 2952 5380 n.
2985 5323 3181 5383 40145.

2233 5395 2321 5469 49)
2363 5395 2641 5469 Vindiciw
2669 5397 2993 5465 Ignatiame,
3026 5415 3183 5469 pars.
3217 5415 3278 5468 ιι,
3306 5418 3357 5456 c.
3396 5404 3479 5456 11.

2208 5466 2528 5542 (50)__Tal‘el,
2584 5469 2796 5542 Deiivia
2820 5466 3078 5542 ⁸τιιὶιὶιαὶιὶ
3125 5466 3495 5528 Romanorum
3549 5468 3777 5542 Egnatia

2136 5539 2587 5615 gualllyricgtm,
2646 5539 2984 5615 Macedonia
3007 5549 3058 5595 et
3110 5542 3345 5599 Thracia
3378 5539 3771 5615 jungebantuf.

2134 5608 2433 5690 :l‘ubiiigae,
2470 5609 2880 5690 Laupp.‘1842.
2915 5611 3031 5667 Cfr.
3065 5628 3303 5686 quoque
3347 5608 3689 5686 Martyrium
3718 5609 3773 5664 S.

2133 5680 2368 5753 lgnatii,
2399 5696 2569 5754 capp.
2601 5683 2656 5746 ὅ,
2686 5683 2740 5735 6.
3037 5724 3051 5737 .
