4062 6150
359 305 484 368 633

1555 311 1622 370 Ο.
1670 312 1729 375 J.
1777 311 2090 375 HEFELII
2132 313 2576 375 PRIEFATIO.

3666 331 3786 390 634

356 439 453 496 via
483 441 747 514 lgnatus,
781 439 1030 498 fortasse
1064 441 1204 514 quia
1243 443 1536 501 militibus
1581 445 1821 520 negotia
1846 450 2016 504 erant
2044 451 2102 518 Α
2133 461 2264 519 quia
2297 447 2550 504 Huterus
2579 448 2620 518 Ι,
2655 465 2705 504 c.
2736 467 2793 522 p.
2844 454 3006 507 57-61
3069 459 3278 510 contra
3335 458 3614 518 Baurium
3649 480 3782 520 mo-

357 530 422 587 in
472 530 695 586 Troade
754 535 812 586 et
884 531 1247 600 Macedonia,
1305 534 1634 591 ducebatur
1686 538 1812 607 (cfr.
1873 538 2017 594 Acta

362 624 634 692 martyr.,
661 636 711 676 c.
745 621 799 690 5)
826 636 839 685 ;
873 621 1123 692 epistola
1147 626 1369 690 autem,
1405 625 1533 681 sine
1565 625 1744 682 dubio
1776 626 1868 683 via
1896 642 2012 683 ma-

2133 539 2284 594 nuit.

2198 631 2252 700 2)
2291 631 2416 685 Non
2447 629 2646 686 minus
2677 631 3035 689 testimoniis
3091 641 3357 695 veterum
3401 641 3641 712 probari
3672 663 3777 716 po-

359 710 582 778 ritima,
605 710 737 766 navi
761 710 1010 782 quadam
1039 715 1307 782 cursoria,
1331 714 1391 769 in
1415 714 1630 770 Urbem
1651 716 1854 785 missa,
1878 721 2014 772 ante
2125 721 2240 774 test
2267 719 2559 792 Ignatium
2589 720 2792 792 plures
2819 738 3092 780 exarasse
3129 710 3428 798 epistolas.

357 799 653 872 Ignatium
683 800 878 871 ipsum
909 802 1108 856 Romae
1141 803 1416 858 advenire
1448 805 1714 876 'poterat.
1751 808 1864 860 Nec
1895 806 2012 861 du-

356 888 530 945 bitari
559 889 757 960 potes?
789 890 934 960 quin
957 891 1223 946 terrestri
1251 908 1486 963 quoque
1505 894 1596 950 via
1627 893 2010 966 epistolailla,

354 977 454 1033 alii
486 978 720 1034 cuidam
754 977 988 1046 tradita,
1017 979 1193 1035 citius
1221 982 1466 1037 Romam
1489 983 1687 1038 venire
1721 984 2007 1055 potuerit,

351 1081 530 1136 quam
563 1065 820 1138 lgnatius
843 1066 988 1138 ipse,
1022 1067 1185 1124 senio
1212 1070 1516 1125 confectus
1545 1071 1680 1143 (51).

419 1193 476 1262 g)
505 1193 621 1246 Nec
650 1192 906 1248 absurde
937 1194 1199 1265 Ignatius
1229 1211 1265 1250 a
1296 1196 1579 1252 Romanis
1612 1203 1888 1268 precatus
1911 1203 2003 1254 est

342 1286 409 1335 ut
425 1281 498 1336 ab
516 1280 676 1336 omni
701 1287 919 1338 conatu
937 1283 1134 1354 ipsum
1155 1283 1450 1341 liberandi
1469 1286 1861 1343 abstinerent.
1872 1290 1993 1344 Mos

343 1369 504 1425 enim
534 1376 660 1426 erat
690 1372 1184 1444 Christianorum,
1215 1379 1446 1432 tantum
1496 1381 1788 1448 quantum
1822 1383 2004 1450 pote-

346 1462 486 1514 rant
541 1458 652 1514 niti
685 1501 702 1528 ,
764 1464 831 1514 ut
883 1459 1097 1516 fratres
1153 1468 1396 1535 prOpter
1451 1464 1630 1521 fidem
1686 1470 1888 1537 captos
1945 1471 2003 1522 et

346 1545 658 1603 damnatos
706 1547 1055 1618 liberarent,
1116 1551 1274 1622 quod
1331 1551 1617 1610 discimus
1666 1571 1742 1609 ex
1799 1555 1998 1610 Const.

346 1641 538 1708 apost.
572 1653 646 1703 1v,
677 1639 706 1705 §
735 1641 810 1702 9;
867 1655 921 1705 v,
951 1641 1007 1708 §§
1039 1639 1090 1706 1,
1148 1643 1204 1707 2,
1259 1658 1330 1696 ex
1376 1642 1619 1699 Luciani
1674 1646 1997 1715 Peregrina,

345 1728 372 1794 §
405 1728 492 1794 12,
527 1730 586 1780 et
616 1743 686 1782 ex
714 1727 951 1783 Eusebii
974 1730 1120 1785 Hist.
1154 1731 1308 1799 each,
1340 1749 1414 1796 vi,
1466 1734 1535 1786 40
1591 1733 1725 1805 (52).
1785 1736 1999 1789 Notum

344 1832 519 1890 parro
556 1823 665 1882 est,
682 1817 811 1890 jam
854 1823 1119 1890 tempore
1173 1827 1370 1877 autem
1423 1824 1737 1880 Domitiani
1792 1827 1992 1881 Domi-
2024 1824 2074 1891 B

337 1905 529 1960 tillam
562 1909 619 1961 et
651 1906 1048 1975 Clementem,
1084 1925 1152 1963 ex
1178 1910 1405 1967 familia
1436 1912 1680 1968 Caesaris
1710 1914 1995 1972 Christia-

337 2009 554 2048 norum
586 2011 753 2050 sacra
778 2002 1012 2051 secutos
1059 2013 1211 2064 esse,
1244 2000 1426 2055 refert
1485 2002 1820 2058 Suetonius.
1880 2006 1994 2061 Ro-

338 2099 654 2138 manorum
698 2083 957 2156 denique
988 2087 1443 2159 magistratuum
1475 2107 1704 2147 sacram
1737 2093 1866 2148 auri
1904 2093 1994 2149 fa-

348 2189 510 2228 mem
539 2190 714 2229 nemo
746 2176 955 2231 nescit.
991 2177 1177 2232 Facile
1205 2179 1403 2249 itaque
1434 2185 1537 2236 aut
1565 2183 1840 2253 pecunia,
1889 2187 1992 2240 aut

334 2259 491 2329 dolo,
525 2269 626 2318 aut
656 2263 773 2318 alia
804 2264 1062 2335 quadam
1092 2267 1348 2334 ratione,
1386 2267 1595 2324 fideles
1648 2271 1876 2343 aliquid
1925 2273 1985 2328 in

330 2351 590 2407 favorem
625 2353 832 2424 lgnatii
864 2353 1065 2408 moliri
1093 2359 1388 2425 poterant.

406 2478 466 2546 h)
501 2479 788 2549 lgnatium
821 2480 883 2534 in
914 2480 1295 2536 Occidentem
1346 2484 1676 2553 profectum
1733 2504 1885 2552 esse,
1920 2503 1990 2542 ex

333 2565 529 2620 verbis
544 2567 598 2619 S.
635 2566 1133 2638 Polycarpipatet.
1158 2571 1359 2641 Capite
1378 2573 1536 2627 enim
1558 2574 1621 2628 13
1644 2590 1736 2646 ep.
1757 2576 1829 2629 ad
1851 2576 1991 2630 Phi-

332 2653 646 2725 lippenses
676 2654 964 2726 legimus:
1003 2679 1022 2704 α
1060 2658 1128 2711 Et
1159 2657 1230 2712 de
1250 2658 1381 2728 ipso
1415 2660 1664 2731 Ignatio,
1698 2667 1758 2716 et
1787 2662 1992 2733 dehis,

331 2744 432 2814 qui
463 2760 598 2799 cum
624 2760 692 2799 eo
716 2745 1038 2815 sunt,quod
1063 2746 1283 2802 certius
1310 2750 1993 2824 agnoveritis,significa-

336 2837 416 2889 te.
434 2853 461 2881 »
476 2831 640 2898 Quod
660 2833 707 2887 si
726 2838 925 2889 autem
959 2837 1216 2906 Ignatius
1230 2836 1556 2893 Antiochiae
1583 2841 1990 2906 remansisset,

334 2937 445 2976 nec
475 2921 536 2975 in
569 2921 948 2977 Occidentem
995 2924 1273 2994 venisset,
1307 2926 1472 2981 nullo
1499 2927 1673 2982 modo
1703 2929 1980 3001 Polycar-

329 3025 440 3082 pus
455 3010 832 3081 Smyrnensis
853 3011 1030 3067 verba
1052 3012 1156 3068 illa
1177 3013 1251 3068 ad
1277 3014 1692 3088 Philippenses
1715 3018 1979 3089 scripsis-

329 3103 438 3167 set,
475 3097 632 3169 quod
661 3098 833 3154 facile
867 3116 936 3154 ex
969 3101 1087 3156 situ
1117 3100 1384 3158 locorum
1416 3103 1878 3161 demonstratur.

2195 808 2248 880 a)
2283 810 2360 863 De
2385 809 2874 883 epistolislgnatii
2895 813 3124 884 primus
3146 815 3536 893 Polycarpus(
3544 825 3630 881 57)
3655 839 3780 878 ver-

2120 897 2197 954 ba
2219 896 2535 963 facit;T&<
2591 895 2881 959 ἐπιστολὰς
2945 901 3227 976 Ἰγνατίου,
3279 906 3376 968 τὰς
3434 911 3781 986 πεμφθείσας

2119 986 2257 1057 ἡμῖν
2291 984 2381 1039 ὐπ’
2421 986 2610 1058 αὐτοῦ,
2643 986 2732 1041 καὶ
2763 983 2964 1057 ἄλλοις,
2995 989 3123 1052 ὅσας
3172 993 3400 1069 εἴχομεν
3455 983 3584 1073 παρ)
3616 1001 3778 1073 ἡμῖν,

2119 1072 2441 1164 ἰπὲιιψαμεν
2491 1075 2644 1164 ὑμῖν,
2677 1077 2859 1142 καθὼς
2891 1076 3316 1141 ἐνετείλασθεο...
3349 1083 3401 1156 ἐξ
3449 1072 3771 1164 ὦνίμεγᾶλα

2114 1161 2470 1242 ὠφεληθῆναι
2531 1161 2842 1236 δυνήσεσθε.
2907 1170 3228 1247 Περιὲχουσι
3286 1172 3390 1249 γὰρ
3447 1161 3760 1236 πίστιν-καὶ

2118 1253 2401 1328 ὑπομονὴν
2445 1255 2535 1310 καὶ
2594 1261 2764 1311 πᾶσαν
2821 1256 3147 1333 οἰκοδομὴν,
3205 1264 3305 1332 τήν
3343 1264 3418 1327 εἷς
3447 1269 3538 1322 τὸν
3575 1269 3768 1344 Κύριον

2111 1343 2274 1415 ἡμῶν
2307 1343 2628 1413 ἀνήκουσαν.
2693 1348 2802 1413 Qui
2859 1349 3042 1422 igitur
3097 1352 3378 1424 epistolas
3431 1343 3662 1429 lgnatii?
3705 1361 3766 1416 in

2114 1433 2360 1490 dubium
2392 1451 2604 1491 vocare
2635 1437 2836 1507 velint,
2870 1439 3180 1513 Polycarpi
3204 1459 3440 1516 quoque
3474 1449 3764 1520 epistolae,

2112 1529 2416 1598 prmeunte
2449 1526 2690 1596 Dallmo,
2724 1527 2952 1585 bellum
3001 1530 3270 1589 indicant
3325 1541 3577 1609 oportet,
3611 1541 3771 1611 quod

2111 1615 2389 1696 Baurium
2422 1614 2613 1672 latuit.
2647 1618 2761 1674 Sed
2791 1620 2926 1690 quis
2963 1626 3074 1690 est,
3107 1623 3207 1694 qui
3236 1629 3406 1696 putet
3453 1627 3764 1688 falsarium

2111 1695 2429 1766 quemdam
2463 1713 2530 1752 eo
2564 1699 2918 1756 temeritatis
2968 1717 3095 1757 esse
3143 1695 3546 1778 progressum,
3577 1715 3644 1766 ut
3671 1714 3760 1767 vi-

2108 1789 2278 1839 vente
2319 1785 2513 1842 adhuc
2569 1792 2773 1844 sancto
2831 1789 3158 1864 Polycarpo
3217 1795 3328 1866 (58)
3389 1812 3509 1853 non
3563 1799 3756 1856 solum

2107 1873 2298 1930 amico
2333 1875 2464 1947 ejus
2493 1876 2742 1948 Ignatio,
2773 1877 2876 1934 sed
2924 1884 2983 1936 et
3022 1879 3135 1953 ipsi
3195 1883 3512 1958 Polycarpo
3576 1889 3758 1947 falsas

2107 1969 2469 2036 supponeret
2500 1966 2782 2038 epistolas
2803 1967 2831 2023 ?
2859 1968 2998 2034 Quis
3029 1970 3254 2028 credat.

2175 2053 2236 2124 b)
2260 2054 2552 2110 Irenaeum
2585 2071 2845 2128 quoque,
2891 2057 3201 2131 Polycarpi
3228 2061 3610 2135 discipulum,
3643 2068 3754 2124 du-

2103 2140 2320 2213 plicem
2338 2142 2708 2200 huncdolum
2723 2161 2841 2200 non
2853 2148 3230 2219 perspexisse
3244 2150 3270 2204 ?
3283 2152 3545 2210 Irenaaus
3561 2161 3761 2212 autem

2106 2230 2374 2302 epistolis
2393 2236 2452 2287 et
2470 2233 2680 2304 lgnatii
2697 2239 2755 2288 et
2769 2233 3067 2307 Polycarpi
3088 2237 3496 2297 testimonium
3511 2245 3755 2314 prabet.

2175 2319 2230 2390 α)
2263 2320 2428 2384 Quod
2469 2322 2876 2378 testimonium
2911 2323 2982 2379 de
3015 2325 3262 2397 epistola
3297 2329 3506 2402 lgnatii
3536 2333 3611 2388 ad
3642 2337 3758 2392 Ho-

2248 2427 2458 2467 manos
2489 2414 2720 2482 attinet,
2771 2414 2903 2469 vide
2949 2417 3290 2476 testimonia
3320 2426 3607 2493 veterum,
3643 2426 3750 2482 sub

2247 2515 2408 2554 num.
2445 2501 2514 2555 ll.
2540 2530 2542 2533 -

2178 2585 2234 2660 β)
2268 2589 2347 2643 De
2378 2589 2630 2660 epistola
2657 2596 2855 2648 autem
2888 2593 3196 2669 Polycarpi
3217 2597 3292 2654 ad
3339 2601 3752 2674 Philippenses

2245 2677 2329 2731 ita
2353 2677 2594 2734 disserit
2614 2680 2670 2735 S.
2725 2683 2984 2738 Irenaeus
3009 2700 3021 2738 :
3085 2684 3241 2739 Ἔστι
3273 2683 3331 2741 δὲ
3359 2688 3451 2742 καὶ
3481 2687 3746 2761 ἐπιστολή

2103 2762 2467 2856 Πολυκάρπου
2482 2767 2618 2840 πρὸς
2642 2767 3056 2840 Φιλιππησίους
3066 2793 3232 2849 γεγρα
3242 2775 3443 2849 μμένη,
3461 2776 3752 2856 κ.τ.λ.(59)

2173 2853 2227 2922 e)
2258 2855 2518 2910 Tertium
2551 2857 2939 2928 epistolarum
2995 2863 3356 2934 lgnatiarum
3390 2870 3602 2924 testem
3623 2853 3751 2926 Fris

2099 2941 2334 2998 dericus
2359 2943 2744 3001 Dﬁsterdieck
2771 2948 3094 3006 Lucianum
3109 2952 3354 3010 adhibet
3373 2956 3747 3016 Samosaten-

2098 3047 2246 3098 sem,
2270 3032 2371 3102 qui
2393 3031 2454 3087 in
2473 3033 2704 3106 dialogo
2728 3037 2806 3090 De
2827 3045 3000 3093 morte
3015 3043 3304 3110 Peregrini
3321 3047 3527 3116 lgnatii
3553 3050 3739 3104 nostri

2097 3119 2405 3176 historiam
2439 3121 2708 3209 deridere
2765 3125 3016 3208 videtur.
3077 3131 3431 3204 Peregrinus
3483 3136 3530 3206 (§
3564 3139 3612 3206 1,
3647 3139 3739 3209 52)

393 3216 710 3270 Roma.....
772 3214 1171 3286 Philippi
1237 3217 1576 3290 Smyrna...
1637 3221 1974 3279 Antiochia.
2013 3197 2059 3260 ο
2092 3208 2252 3263 enim
2285 3211 2502 3282 saepius
2533 3202 2900 3283 κακοδαίμων
2935 3217 3299 3290 nominatur.
3333 3240 3450 3294 quo
3495 3197 3738 3282 nomine

323 3303 506 3359 Nemo
539 3319 682 3358 sane
708 3303 1182 3375 Smyrneaaorum
1224 3306 1638 3381 Philippenses
1669 3308 1878 3377 adibit,
1911 3315 1978 3367 ut

321 3392 540 3447 certior
571 3392 673 3447 ﬁat
702 3392 775 3447 de
807 3393 878 3448 iis
910 3411 1040 3464 quae
1092 3395 1424 3452 Antiochiae
1475 3401 1794 3469 gerantur;
1825 3399 1975 3454 bene

319 3485 520 3536 autem
548 3497 678 3552 quae
701 3483 900 3537 Roma)
933 3483 1226 3552 eveniant,
1259 3501 1294 3541 a
1323 3485 1805 3558 Philippensibus
1835 3488 1974 3544 edo-

329 3569 448 3623 ceri
481 3569 719 3640 poterit.

390 3685 431 3754 i)
455 3685 744 3757 Ignatium
776 3686 850 3742 ad
893 3687 1116 3743 bestias
1173 3687 1519 3746 damnatum
1574 3709 1726 3762 esse,
1761 3693 1816 3746 S.
1851 3696 1974 3749 Ire-

317 3788 482 3827 naeus
517 3774 626 3845 (53)
660 3779 927 3829 testatur.
953 3797 982 3824 «
1019 3775 1158 3830 Vide
1189 3777 1547 3833 Testimonia
1577 3783 1842 3834 veterum
1874 3797 1970 3835 su-

318 3878 424 3934 pra
456 3862 564 3917 sub
587 3879 753 3919 num.
791 3884 818 3912 ››
851 3862 946 3930 ll.)
977 3867 1236 3919 lrenaaus
1267 3870 1487 3932 autem,
1524 3865 1826 3938 Polycarpi
1855 3866 1969 3923 dis-

319 3950 571 4022 cipulus,
602 3951 770 4006 nullo
802 3951 979 4006 modo
1013 3953 1124 4007 hac
1146 3953 1208 4006 in
1242 3969 1304 4008 re
1337 3971 1534 4011 errare
1566 3960 1816 4026 poterat.

388 4069 454 4140 k)
487 4068 776 4140 lgnatium
810 4071 1008 4124 Romae
1039 4087 1176 4126 cum
1210 4071 1412 4126 bestiis
1444 4089 1758 4144 pugnasse,
1809 4076 1966 4133 clare

316 4156 489 4212 docet
519 4157 800 4228 Origenes
831 4158 943 4227 (54)
979 4180 1006 4206 ‹‹
1040 4158 1183 4214 Vide
1215 4159 1381 4228 ibid.,
1415 4161 1522 4216 sub
1572 4179 1736 4220 num.
1772 4185 1799 4212 »
1850 4166 1966 4232 ιν.)

384 4271 424 4341 l)
459 4271 691 4327 Itineris
721 4273 974 4327 Romani
1017 4275 1306 4330 Eusebius
1338 4277 1450 4349 (55)
1498 4294 1735 4350 quoque
1798 4281 1964 4335 testis

313 4366 421 4414 est.
456 4384 483 4408 α
519 4359 686 4432 (Vide
720 4360 824 4416 ubi
854 4378 1052 4433 supra.
1088 4365 1197 4420 sub
1230 4382 1393 4421 num.
1431 4389 1457 4415 ››
1495 4368 1591 4438 ν.)

382 4480 465 4549 m)
497 4481 684 4552 Magni
717 4481 974 4553 denique
1007 4484 1286 4555 ponderis
1317 4487 1372 4542 S.
1406 4488 1808 4560 Chrysostomi
1846 4489 1961 4561 (56)

2089 3297 2383 3370 Ignatium
2405 3317 2642 3372 quoque
2672 3303 2960 3375 Trajanus
2991 3308 3215 3364 notavit
3233 3308 3362 3381 (cfr.
3396 3313 3737 3384 Martyrium

2091 3385 2321 3458 lgnatii,
2342 3405 2390 3443 c.
2421 3389 2497 3461 2).
2521 3390 2742 3446 Deinde
2760 3394 3115 3466 Peregrinus
3142 3402 3424 3470 tanquam
3449 3405 3736 3473 episcopus

2078 3473 2436 3531 describitur
2456 3478 2636 3549 (§H),
2671 3485 2730 3534 et
2755 3481 2846 3536 his
2895 3483 3128 3540 verbis:
3179 3485 3232 3538 ἐν
3293 3489 3465 3560 Συρίᾳ
3519 3486 3733 3554 δεθέντα

2080 3563 2128 3634 (§
2161 3565 2270 3637 18).
2302 3567 2484 3621 Porro
2515 3574 2719 3623 narrat
2771 3571 3061 3630 Lucianus
3119 3576 3166 3644 (§
3199 3577 3304 3648 13),
3362 3579 3727 3638 Christianos

2079 3653 2342 3709 subsidia
2370 3657 2605 3712 misisse
2637 3659 2865 3731 captivo
2891 3677 2997 3716 suo
3027 3664 3366 3736 Peregrina.
3398 3670 3604 3724 Nonne
3628 3688 3727 3726 ve-

2079 3758 2144 3796 ro
2175 3743 2370 3799 haecce
2399 3745 2621 3801 referes
2653 3749 2727 3803 ad
2758 3749 3007 3822 legatos,
3039 3767 3188 3822 quos
3219 3756 3493 3812 Asiaticae
3525 3761 3730 3817 Eccle-

2080 3831 2182 3886 sim
2213 3831 2438 3904 lgnatio
2472 3835 2786 3892 mittebant
2813 3840 3212 3910 gratulaturos
3260 3843 3406 3916 (ign.
3457 3847 3530 3903 ad
3583 3851 3727 3921 Eph.

2079 3935 2153 3974 ο..
2201 3924 2250 3988 1,
2295 3925 2346 3990 2,
2383 3923 2456 3978 ad
2487 3925 2675 3996 Magn.
2710 3942 2757 3980 c.
2795 3927 2900 3996 2)?
2956 3929 3194 3986 Summa
3243 3949 3378 3989 vero
3411 3937 3731 3994 acerbitate

2077 4009 2368 4080 Ignatium
2401 4013 2590 4083 carpit
2610 4015 2880 4086 martyrii
2915 4024 3317 4090 appetentem.
3339 4025 3514 4088 Quasi
3530 4042 3734 4084 amen-

2078 4102 2197 4152 tem
2219 4099 2376 4154 enim
2394 4096 2706 4171 κενοδοξίαν
2730 4104 2962 4160 deridet
2987 4107 3249 4165 nobilem
3276 4112 3329 4183 ej
3356 4129 3425 4167 us
3445 4113 3732 4172 fervorem

2077 4192 2137 4242 et
2162 4205 2295 4243 cum
2316 4191 2576 4261 lgnatius
2603 4193 2874 4250 hortatus
2903 4197 3084 4253 fuerit
3099 4201 3419 4268 Ecclesias,
3441 4209 3505 4259 ut
3525 4207 3725 4262 mitte-

2072 4281 2209 4366 rent
2227 4279 2618 4349 gratulatores
2642 4284 3019 4341 Antiochiam
3043 4290 3185 4362 (Ign.
3213 4291 3290 4346 ad
3312 4293 3532 4350 Philad.
3554 4313 3603 4351 c.
3639 4297 3724 4366 10,

2071 4365 2145 4456 ad
2177 4367 2373 4456 Polyc.
2406 4386 2455 4424 c.
2489 4373 2520 4422 7
2569 4374 2744 4443 seq.),
2789 4373 3049 4431 vicissim
3094 4378 3166 4433 de
3208 4381 3529 4454 Peregrina
3570 4386 3728 4456 apud

2073 4455 2397 4512 Lucianum
2438 4458 2520 4513 ita
2551 4465 2642 4514 est
2671 4459 2810 4514 Φασὶ
2843 4458 2900 4516 δὲ
2928 4464 3093 4527 πάσις
3124 4465 3319 4545 σχεδὸν
3347 4475 3465 4530 ταῖς
3496 4455 3728 4543 ἐνδόῗξοις

313 4573 404 4623 est
433 4536 695 4637 enatum,
749 4536 1184 4630 Antiochenam
1217 4575 1289 4630 de
1324 4536 1547 4648 lgnatii;
1591 4536 1960 4633 Antiochiam;

2107 4541 2244 4612 ὁξοις
2273 4543 2497 4599 πόλεσιν
2532 4545 2825 4611 ἐπιστολὰς
2880 4536 3196 4628 ’διαπέιιιῐιτιιι⁷
3242 4557 3470 4616 αὐτὸν...
3530 4560 3620 4615 καί
3647 4581 3730 4617 τι·

307 4657 692 4714 traditionem
751 4661 1098 4718 testiﬁcans.
1135 4663 1186 4735 («
1223 4665 1364 4736 Eius
1398 4666 1805 4723 testimonium
1835 4668 1965 4726 vide

305 4745 463 4802 inter
484 4746 620 4814 alia,
653 4748 760 4803 sub
793 4764 958 4804 num.
992 4771 1020 4799 ››
1053 4753 1146 4824 Χ.)

381 4863 800 4918 Recentiorum
832 4865 1178 4923 testimonia
1235 4875 1562 4939 taceamus,
1593 4871 1666 4927 de
1699 4875 1962 4929 Romano

302 4950 512 5023 lgnatii
545 4951 760 5008 itinere
794 4953 1040 5009 minime
1096 4956 1456 5016 dubitantes.
1499 4961 1712 5016 Confer
1759 4965 1960 5017 autem

519 5111 1175 5193 Chrxsos_t9mus_(orat.
1211 5118 1278 5193 _ln
1309 5121 1364 5175 S.
1387 5122 1599 5193 Ignat.,
1630 5127 1669 5177 t.
1707 5122 1774 5189 ll,
1815 5139 1867 5176 c.
1901 5125 1956 5190 4,

301 5199 362 5265 p.
393 5184 496 5263 595
511 5183 602 5244 ed.
631 5185 858 5265 Montf.)
887 5183 1072 5265 addit,
1095 5183 1667 5265 Trajanumvlgnatio
1686 5183 1956 5264 longiora

299 5258 532 5344 itineris
553 5258 754 5344 spatia
783 5258 1183 5344 proposuisse,
1201 5258 1281 5344 :ut
1311 5258 1629 5344 et_itjﬁeris
1647 5270 1706 5320 et
1731 5258 1952 5344 tempo-

295 5324 927 5418 risyl‘p‘nlgit‘udine'viri
949 5332 1786 5418 cp[istantiamnlabefactareh

365 5395 476 5473 (52)
500 5395 774 5473 CAotele_r.,
798 5398 872 5452 ad
903 5416 952 5453 c.
985 5405 1008 5454 1
1040 5403 1320 5473 Epistolas
1353 5406 1406 5461 S.
1434 5407 1641 5473 lgnatii
1672 5409 1745 5464 ad
1779 5415 1946 5472 Rom,

511 5467 652 5552 Acie.
684 5467 816 5548 her.
850 5467 1176 5552 v_,28,Ap'ud
1193 5467 1566 5534 Eusebmst.
1595 5481 1721 5536 eccl.
1746 5467 1944 5552 ιιιξέῖᾶ

289 5535 402 5609 (54)
436 5538 650 5592 Homil.
688 5556 742 5593 IV
772 5538 832 5594 in
869 5544 996 5596 Luc.

361 5611 480 5680 (55)
509 5609 648 5665 Hist.
680 5610 845 5683 θεολ,
880 5627 965 5678 m,
1002 5616 1089 5673 36.

2071 4654 2162 4696 νας
2215 4633 2302 4690 ἐπὶ
2362 4637 2542 4709 τούτῳ
2597 4634 2926 4713 πρεσϐευτὰς
2971 4648 3080 4699 τῶν
3154 4647 3382 4719 ἑταίρων
3439 4649 3722 4730 ἐχειροτό-

2073 4743 2265 4816 νησε,
2335 4727 2729 4801 νεκραγγέλους
2834 4733 2923 4785 καὶ
3021 4727 3506 4811 νερτεροδόμους-
3548 4761 3724 4816 προσ-

2071 4813 2369 4902 αγορεύσας
2420 4817 2467 4889 (§
2520 4819 2634 4890 41),
2697 4825 2756 4875 at
2811 4838 3048 4880 rursum
3110 4827 3318 4884 audias
3374 4813 3720 4902 lgnatium:

2069 4901 2260 4994 πρὲἱπει
2293 4907 3196 4985 --χειροτονῆσαι-θεοπρεσϐύτην
3224 4901 3483 4989 (Smyrn.
3517 4937 3568 4975 c.
3603 4923 3715 4994 ill,

2067 4987 2364 5065 θεόδρομος
2400 4995 2621 5068 (Polyc.
2654 5014 2705 5053 ο.
2740 5002 2770 5052 7
2802 4999 2936 5071 (60).

2137 5137 2250 5224 (5'5)
2283 5137 2499 5210 Homil,
2532 5139 2593 5195 in
2623 5142 2680 5196 S.
2715 5141 2924 5213 Ignat.,
2949 5160 3009 5199 n.
3036 5145 3092 5200 5.
3125 5147 3271 5220 Opp.
3308 5153 3350 5205 t.
3383 5151 3457 5219 II,
3489 5170 3547 5224 p.
3581 5155 3709 5224 599,

2064 5209 2157 5264 ed.
2185 5211 2348 5265 Rue).
2484 5209 2487 5210 ⁷
2744 5209 2768 5213 ⁷
2914 5209 2919 5211 ⁷
3173 5209 3190 5220 ⁸
3215 5209 3232 5220 ⁸

2133 5280 2245 5357 (5?)
2274 5280 2472 5357 Polxc.
2505 5283 2608 5357 Ep.
2641 5281 2715 5337 ad
2746 5283 2981 5357 Philipp
3013 5327 3026 5354 ,
3060 5305 3110 5343 c.
3152 5289 3238 5344 13.

2130 5353 2240 5440 (58)
2270 5352 2859 5440 M‘ediisnenim‘saac.
2904 5352 3364 5440 ii'temporibus,
3423 5381 3561 5440 ergo
3613 5368 3704 5422 vi-

2058 5429 2228 5502 vente
2261 5422 2540 5502 adhuc_S.
2595 5422 3258 5502 _Polycarpo,iepis-tolas
3299 5422 3706 5496 nostras-con-

2057 5494 2243 5581 factas
2275 5511 2404 5581 esse
2430 5496 2682 5581 ‘Baurius
2696 5494 3041 5581 “contendit.
3074 5504 3188 5581 C_fr.
3226 5513 3449 5581 supra§
3478 5494 3548 5566 iv.

2263 5567 2572 5650 Adv._hm_r.
2596 5584 2676 5650 iii,
2695 5570 2749 5650 3ἐ
2767 5571 2936 5642 Apud
2954 5575 3188 5650 Euseb.,
3213 5567 3498 5650 Histeccvl”
3517 5601 3591 5650 IV,
3622 5587 3703 5639 14.

2149 5569 2216 5619 59
2263 5568 2403 5623 Adv.
2430 5568 2572 5622 har.
2596 5584 2676 5637 iii,
2695 5570 2745 5622 3.
2767 5571 2936 5642 Apud
2954 5575 3188 5646 Euseb.,
3213 5568 3472 5639 Histeccvl.

2127 5568 2242 5710 (eo)
2279 5639 2693 5709 DiisterdiecK,
2728 5644 2770 5710 ῐ,
2805 5655 2881 5711 c.,
2916 5662 2972 5717 p.
3008 5648 3096 5702 48.
3485 5627 3498 5652 ⁷
