4062 6150
392 333 509 394 635

466 468 526 540 d)
558 466 734 523 Paulo
770 471 905 539 post
930 468 1221 522 Irenaeum
1245 463 1526 538 Origenes
1548 465 1748 540 (61)de
1773 465 2036 539 epistolis
2066 466 2123 536 Α

394 557 600 632 lgnatii
633 558 810 613 verba
839 558 1001 615 fecit.

464 649 518 720 α)
550 648 769 703 Memini
799 648 1044 718 aliquem
1099 655 1422 705 sanctorum
1479 650 1702 716 dixisse,
1760 651 2040 719 Ignatium

537 740 778 806 nomine,
813 739 879 793 de
909 737 1162 793 Christo:
1220 741 1368 794 Meus
1415 745 1601 794 autem
1656 755 1809 794 amor
1863 742 2039 794 cruci-

535 833 676 898 ﬁrus
707 834 803 884 est.
840 849 866 877 »
891 829 974 882 Ex
1005 828 1106 898 Ep.
1140 828 1349 901 Ignatii
1381 829 1456 883 ad
1487 831 1652 884 Rom.
1687 846 1737 884 c.
1772 833 1823 883 7.

470 917 524 990 β)
558 916 897 972 Secundum
931 917 1197 990 Origenis
1228 918 1638 974 testimonium
1681 918 1810 973 vide
1841 935 2039 991 supra,

539 1008 651 1061 col.
685 1012 741 1061 9.

469 1095 522 1166 e)
544 1096 844 1152 Addamus
864 1096 1025 1151 hisce
1042 1097 1290 1153 testibus
1305 1098 1624 1155 Eusebium
1647 1098 1781 1170 (62),
1798 1099 1898 1170 qui
1920 1113 2041 1153 non

399 1184 590 1240 solum
622 1184 693 1239 de
730 1187 991 1240 Romano
1023 1186 1460 1258 Ignatiiitinere
1493 1187 1594 1243 sed
1627 1193 1685 1242 et
1714 1188 1785 1243 de
1818 1193 2040 1259 septem

398 1273 525 1344 ejus
557 1273 821 1345 epistolis
853 1274 1207 1329 nominatim
1240 1277 1379 1347 agit,
1413 1277 1675 1348 singulas
1705 1278 1908 1348 paucis
1939 1278 2040 1331 de-

398 1362 683 1433 scribens,
705 1380 773 1418 ex
795 1363 1061 1435 epistolis
1074 1379 1208 1419 vero
1225 1364 1295 1420 ad
1321 1367 1485 1422 Rom.
1504 1379 1552 1420 c.
1571 1368 1600 1418 5
1626 1371 1684 1420 et
1711 1365 1784 1421 ad
1809 1367 2040 1438 Smyrn.

397 1468 447 1508 c.
479 1453 508 1506 3
539 1451 799 1523 plurima
830 1452 1190 1523 depronens.
1239 1454 1480 1526 (Eusebii
1525 1456 1893 1511 testimonium
1919 1455 2044 1510 vide

397 1558 588 1612 supra,
621 1543 723 1599 col.
759 1543 842 1610 11,
879 1542 986 1597 sub
1019 1559 1183 1598 num.
1219 1543 1317 1616 V.)

467 1630 509 1699 f)
542 1630 900 1685 Athanasius
939 1630 1053 1702 (63)
1115 1647 1350 1702 quoque
1403 1632 1721 1704 Ignatianis
1778 1632 2043 1706 epistolis

399 1719 807 1774 testimonium
830 1719 1107 1790 perhibet
1133 1723 1347 1791 (supra,
1381 1721 1482 1776 col.
1517 1725 1600 1791 1E5,
1632 1737 1784 1778 num.
1821 1723 1932 1794 VI).

470 1809 525 1880 g)
551 1808 1276 1911 ‘Deniquellieronymum
1300 1812 1432 1881 (64),
1459 1813 1558 1882 qui
1592 1828 1713 1867 non
1735 1813 1849 1867 nisi
1867 1812 2045 1868 verba
2075 1845 2120 1911 Β

399 1896 630 1951 Eusebii
661 1897 968 1968 repetiisse
1000 1898 1576 1965 videtur,audiamus
1603 1902 1910 1970 :Ignatius,
1939 1903 2044 1956 An-

401 1987 664 2040 tiochense
695 1987 958 2043 Ecclesiae
980 1989 1176 2042 tertius
1203 1994 1326 2060 post
1360 1991 1574 2044 Petrum
1606 1991 1912 2061 apostolum
1934 1994 2047 2063 epi-

390 2091 611 2144 ‘5c0pus,
645 2079 756 2128 ete.
785 2075 1059 2147 (Reliqua
1087 2077 1216 2132 vide
1248 2093 1427 2149 supra
1452 2079 1565 2134 col.
1593 2083 1657 2134 16
1683 2097 1696 2134 :
1719 2097 1882 2136 num.
1911 2081 2043 2153 Vll).

471 2164 874 2219 Posteriorum
898 2167 1138 2220 Patrum
1172 2167 1532 2232 testimonia,
1565 2169 1722 2223 inter
1741 2186 1810 2224 ea
1840 2170 2042 2225 decem

399 2253 741 2308 testimonia
755 2254 1130 2320 Theodoreti,
1155 2255 1311 2327 apud
1343 2257 1713 2313 Gallandium
1737 2264 1795 2312 et
1822 2259 2044 2315 Cotele-

398 2342 553 2397 rium
587 2347 866 2414 congesta
913 2343 1202 2410 invenies,
1237 2345 1408 2400 initio
1468 2347 1647 2419 hujus
1701 2348 2042 2417 voluminis,

400 2431 549 2486 Emr.
593 2433 812 2488 Pnnor.
825 2469 837 2491 .

473 2520 527 2592 3)
551 2521 795 2576 Baurius
840 2523 1144 2579 contendit
1195 2525 1488 2597 Ignatium
1548 2527 1709 2581 omni
1749 2527 1925 2582 modo
1983 2528 2046 2583 in

401 2610 495 2666 his
521 2610 754 2681 litteris,
781 2613 1085 2684 tumjusto
1106 2614 1404 2670 fervidiori
1428 2614 1720 2671 desiderio
1754 2617 2043 2689 martyrii,

402 2705 525 2757 tum
557 2702 779 2758 absona
817 2702 1169 2758 humilitatis
1201 2709 1258 2759 et
1287 2705 1591 2761 modestia)
1623 2723 1756 2761 cum
1777 2706 2047 2777 jactatio-

400 2807 474 2847 ne
501 2795 561 2846 et
590 2792 868 2863 superbia
899 2793 1319 2864 conjunctione
1355 2811 1416 2848 se
1447 2795 1626 2850 talem
1665 2796 1952 2867 praebere,
1981 2803 2046 2852 ut

399 2880 704 2952 apostolici
726 2881 833 2936 viri
863 2881 1107 2954 vestigia
1139 2882 1350 2938 nullibi
1387 2883 1644 2957 detegas,
1678 2885 1875 2942 ﬁctam
1908 2903 2042 2942 vero

395 2985 714 3043 personam
743 2971 915 3026 facile
946 2971 1230 3044 reperias.

542 3062 779 3117 Verum.

466 3150 521 3222 a)
551 3150 872 3223 Singularis
890 3151 1076 3206 animi
1099 3151 1262 3207 calor
1284 3154 2042 3216 etcommotio,inaﬁ‘ectata

395 3247 454 3298 et
477 3242 672 3295 nativa
703 3258 764 3295 se
786 3241 1087 3312 prmbendi
1113 3245 1262 3299 ratio
1285 3245 1623 3300 omnimoda
1651 3246 1959 3303 sinceritas
1983 3250 2041 3301 et
2067 3223 2114 3290 (ἶ

394 3330 764 3402 simplicitas,
799 3331 1149 3402 scriptorem
1183 3349 1250 3387 ex
1283 3334 1494 3389 intimo
1527 3334 1703 3389 corde
1726 3334 1901 3390 verba
1932 3352 2040 3391 sua

393 3419 814 3492 proferentem,
834 3437 952 3475 non
973 3420 1279 3477 falsarium
1303 3423 1564 3494 produnt
1584 3424 1718 3496 (65).
1743 3425 1809 3478 In
1830 3425 2038 3496 primis

393 3527 570 3566 nemo
585 3509 860 3567 falsarius
876 3511 1228 3582 prmclarum
1252 3511 1398 3568 illud
1419 3529 1550 3585 cap.
1575 3515 1606 3567 4
1625 3512 2038 3570 adTrallianos

391 3601 744 3672 scripsisset,
769 3601 868 3656 ubi
891 3603 1151 3673 Ignatius
1181 3607 1380 3674 aperte
1394 3607 2040 3676 testatur,quantopere

392 3691 526 3766 ipsi,
560 3691 631 3747 ad
677 3709 958 3748 coronam
1016 3693 1286 3765 martyrii
1343 3695 1710 3765 properanti,
1765 3695 2041 3766 superbia

391 3783 663 3853 quaedam
695 3783 772 3837 sit
795 3783 1148 3855 periculosa.
1174 3783 1238 3838 In
1261 3782 1557 3838 fervidiori
1581 3785 1739 3840 enim
1771 3787 2038 3857 martyrii

393 3869 688 3926 desiderio
710 3871 986 3928 falsarius
1009 3873 1257 3944 gloriam
1288 3873 1487 3927 herois
1521 3874 1609 3929 sui
1641 3875 1955 3946 posuisset.

460 3961 518 4034 b)
549 3964 767 4018 Revera
806 3963 1054 4017 minime
1087 3962 1258 4016 nobis
1291 3963 1509 4016 mirum
1535 3964 1782 4030 videtur,
1804 3965 1850 4018 si
1879 3966 2040 4037 lgna-

389 4051 528 4118 tius,
562 4069 842 4106 coronam
866 4051 1133 4124 martyrii
1157 4056 1526 4124 exspectans,
1560 4052 1765 4106 eadem
1789 4052 1898 4120 via,
1924 4069 2042 4124 qua

390 4140 628 4209 Paulus,
661 4143 908 4196 Romam
940 4139 1174 4209 ductus,
1217 4157 1252 4195 a
1280 4141 1563 4196 fratribus
1596 4141 1768 4214 longe
1803 4142 2039 4212 lateque

393 4230 681 4286 salutatus
739 4231 1133 4303 laudibusque
1195 4235 1464 4300 ornatus,
1521 4231 1864 4302 fervidoque
1904 4248 2040 4304 erga

392 4320 682 4375 salutatus
724 4320 1121 4392 laudibusque
1179 4325 1444 4385 ornatus,
1505 4319 1846 4392 fervidoque
1905 4337 2041 4393 erga

389 4409 687 4464 Christum
711 4424 909 4466 amore
929 4410 1206 4482 flagrans,
1232 4409 1566 4465 vehementi
1599 4409 1857 4481 quodam
1887 4426 2044 4466 mar-

388 4499 526 4570 tyrii
555 4499 850 4555 desiderio
877 4498 1123 4556 ardebat
1153 4502 1285 4570 (66).

462 4590 514 4661 c)
547 4591 840 4645 Absonam
870 4589 1270 4645 humilitatem
1299 4591 1546 4646 Baurius
1578 4591 1639 4646 in
1661 4589 1732 4645 iis
1762 4589 1910 4646 locis
1940 4589 2032 4646 de-
2061 4589 2115 4656 D

389 4680 607 4735 texisse
638 4683 823 4752 putat,
857 4679 957 4734 ubi
1010 4679 1266 4752 lgnatius
1311 4696 1373 4734 se
1407 4680 1603 4752 ipsum
1658 4679 1947 4735 minimum
1979 4683 2038 4734 et

1346 330 1628 392 SANCTI
1675 330 1977 392 lGNATlI
2023 330 2426 392 EPISTOLxE
2469 331 2869 393 GENUINIE.

3745 331 3857 390 636

2153 466 2337 522 fuisse
2369 464 2484 522 exl
2515 467 2646 522 Cor.
2677 482 2770 537 xv,
2803 467 2948 537 8-10,
2979 465 3173 537 Ephes
3225 483 3322 537 nr,
3355 467 3446 531 '8,
3485 468 3553 520 et
3580 465 3609 520 Ι
3640 465 3788 520 Tim.
3816 481 3852 521 ι.

2145 555 2317 611 12-13
2350 554 2698 626 perspicies.

2217 673 2276 745 d)
2306 673 2556 729 Iactatio
2593 677 2650 727 et
2666 673 2966 745 superbia,
2999 673 3337 745 apostolico
3371 672 3514 729 viro
3543 672 3847 730 indecora.

2147 765 2208 819 in
2235 763 2585 835 cognomine
2619 761 2889 838 Θεοφόρος
2926 763 3182 818 inveniri
3216 780 3348 818 non
3386 767 3634 834 potest.
3693 764 3848 816 Tem-

2147 854 2388 926 poribus
2415 853 2577 908 enim
2609 852 2950 924 apostolicis
3004 853 3202 924 plures
3258 852 3566 908 ﬁdelium
3631 853 3842 909 talibus

2150 943 2496 998 honorificis
2528 942 2869 998 nominibus
2902 943 3011 1014 ipsi
3047 947 3185 997 sunt
3215 943 3334 1009 usi,
3398 948 3476 998 ut
3510 943 3577 997 Β.
3618 945 3846 1011 Petrus,

2152 1032 2472 1100 Barnabas,
2506 1030 2790 1086 Barsabas
2809 1033 2994 1086 Justus
3025 1031 3220 1086 etalii.
3242 1033 3574 1088 Praeterea
3611 1033 3670 1087 S.
3697 1033 3842 1103 Igna-

2149 1122 2269 1177 tius
2302 1138 2421 1176 non
2454 1121 2869 1177 immodestior
2900 1126 2988 1176 est
3017 1121 3189 1176 beato
3211 1121 3411 1176 Paulo
3440 1121 3520 1192 (ΙΙ
3548 1123 3690 1186 Cor,
3724 1139 3778 1188 x,
3819 1125 3834 1174 l

2149 1212 2206 1266 11
2240 1229 2252 1278 ;
2287 1229 2340 1279 ν,
2374 1212 2460 1278 11,
2493 1211 2682 1266 21-23.
2716 1210 2840 1266 Gal.
2875 1228 2936 1275 ιι,
2973 1214 3058 1277 11,
3092 1212 3202 1282 17),
3238 1227 3436 1281 quem
3477 1227 3602 1266 nec
3635 1227 3837 1266 censor

2147 1301 2474 1357 acerrimus
2506 1300 2579 1356 ob
2612 1316 2743 1356 eam
2774 1317 2900 1356 rem
2927 1304 3110 1374 ﬁctam
3140 1317 3482 1373 personam
3521 1301 3836 1362 nominare

2146 1392 2310 1448 velit.

2217 1511 2273 1579 4)
2304 1507 2600 1563 Falsarius
2632 1507 2694 1562 in
2725 1507 3216 1578 Pseudo-Ignatio
3247 1524 3358 1563 suo
3396 1507 3752 1564 excolendo
3782 1511 3835 1562 et

2147 1597 2623 1653 commendando
2645 1597 2734 1652 vix
2765 1596 3139 1668 neglexisset,
3161 1597 3232 1652 de
3265 1599 3660 1654 necessitate
3678 1599 3832 1670 lgna-

2149 1688 2213 1742 tii
2253 1704 2387 1742 cum
2418 1688 2643 1742 Joanne
2676 1686 2942 1757 apostolo
2977 1683 3156 1741 verba
3183 1685 3411 1743 facere.
3451 1687 3579 1743 Sed
3622 1685 3830 1742 nullibi

2147 1776 2209 1832 in
2243 1776 2512 1848 epistolis
2542 1776 2760 1831 nostris
2782 1775 2925 1831 talia
2966 1775 3223 1847 reperies
3257 1777 3392 1848 (6'7).

2219 1893 2277 1964 5)
2309 1893 2415 1960 Qui
2447 1894 2508 1948 in
2532 1893 2790 1948 favorem
2823 1891 3206 1964 explananda:
3237 1893 3640 1966 episcopatus
3680 1894 3819 1948 ideae

2152 1983 2258 2038 has
2289 1981 2570 2054 epistolas
2601 1981 2897 2037 confectas
2947 1987 3004 2036 et
3033 1983 3314 2038 conﬁctas
3377 2001 3522 2039 esse
3584 1986 3810 2057 putant,

2153 2070 2466 2143 epistolam
2505 2072 2716 2144 lgnatii
2747 2071 2821 2127 ad
2862 2074 3160 2128 Romanos
3213 2089 3332 2127 non
3365 2074 3435 2129 in
3489 2075 3810 2130 consilium

2150 2167 2380 2226 vocant,
2416 2162 2476 2216 in
2510 2178 2626 2232 qua
2655 2161 2822 2216 nulla
2852 2162 3224 2233 episcopatus
3277 2163 3342 2218 ﬁt
3402 2166 3644 2220 mentio
3677 2164 3806 2236 (68).

2151 2250 2446 2306 Falsarius
2482 2250 2708 2322 utique,
2759 2253 2957 2305 Romae
3009 2267 3118 2306 sua
3146 2251 3395 2324 ﬁngens,
3435 2254 3510 2309 de
3545 2257 3805 2309 Romano

2152 2357 2390 2410 quoque
2422 2340 2766 2411 episcopatu
2796 2340 2975 2396 verba
3005 2339 3262 2396 fecisset.
3296 2343 3644 2399 Notandum
3677 2358 3806 2398 vero

2153 2433 2455 2484 auctorem
2487 2428 2873 2500 epistolarum
2905 2446 3025 2483 non
3053 2427 3113 2482 id
3141 2429 3199 2483 in
3240 2431 3450 2501 primis
3501 2433 3714 2504 egisse,
3745 2435 3806 2486 ut

2151 2519 2549 2576 hierarchiam
2598 2519 3063 2576 ecclesiasticam
3122 2525 3182 2574 et
3209 2520 3638 2591 obedientiam,
3672 2525 3799 2588 etc.,

2152 2626 2288 2683 erga
2319 2611 2630 2681 episcopos
2686 2609 3152 2665 commendaret.
3188 2610 3368 2664 Multo
3400 2612 3559 2666 enim
3619 2611 3798 2682 magis

2150 2717 2308 2757 curos
2343 2699 2396 2754 ei
2427 2699 2557 2767 fuit,
2591 2703 2657 2753 ut
2686 2697 2893 2754 ﬁdeles
2915 2715 2950 2754 a
2979 2715 3206 2754 veneno
3229 2699 3662 2772 judaizantium
3697 2701 3799 2754 Do-

2150 2796 2415 2847 cetarum
2445 2789 2879 2844 dehortaretur.
2915 2789 3001 2844 Ad
3040 2789 3378 2846 evitandam
3409 2789 3620 2846 deinde
3643 2790 3789 2845 hanc

2149 2881 2562 2953 contagionem
2585 2879 2781 2934 unitas
2809 2878 3213 2936 ecclesiastica
3228 2885 3286 2935 et
3307 2882 3448 2937 arcti
3458 2880 3631 2936 ssima
3652 2894 3781 2933 cum

2150 2973 2426 3044 episcopo
2458 2968 2796 3040 coujunctio
2819 2969 3157 3040 postulatur
3184 2970 3316 3042 (69).

2219 3081 2554 3150 6)Heereses
2577 3096 2721 3152 quas
2741 3079 2952 3135 beatus
2970 3080 3228 3152 Ignatius
3247 3077 3594 3152 perstringit,
3618 3075 3774 3130 clare

2152 3169 2587 3236 demonstrant,
2617 3169 2899 3241 epistolas
2922 3169 3051 3240 ejus
3077 3170 3278 3242 primis
3309 3168 3506 3224 saeculi
3535 3163 3778 3222 secundi

2151 3259 2516 3333 temporibus
2547 3275 2677 3314 esse
2708 3259 3108 3316 ascribendas.
3140 3262 3264 3316 Duo
3294 3258 3517 3315 diversa
3542 3255 3784 3311 haereti-

2152 3365 2359 3405 corum
2390 3364 2607 3421 genera
2636 3349 2908 3418 (Docetas
2940 3353 2998 3403 et
3025 3348 3417 3418 .ludaizantes,
3469 3347 3538 3404 ab
3566 3344 3783 3419 lgnatio

2151 3439 2489 3510 impugnari
2522 3438 2788 3509 plerique
2806 3437 3212 3495 crediderunt.
3246 3439 3544 3494 Hutherus
3565 3435 3674 3509 (70)
3701 3450 3788 3490 au-

2153 3527 2446 3584 tem'bene
2477 3526 2695 3582 docuit.
2719 3527 3011 3599 Ignatium
3043 3543 3161 3582 non
3194 3528 3309 3582 nisi
3342 3529 3403 3582 in
3427 3544 3593 3582 unum
3613 3540 3783 3599 genus

2152 3617 2591 3682 haereticorum,
2617 3615 3049 3688 judaizantium
3096 3616 3226 3672 dico
3277 3617 3649 3684 Docetarum,
3678 3613 3783 3669 tela

2151 3706 2407 3762 acuisse.
2445 3706 2656 3762 Beatus
2686 3706 2846 3760 enim
2879 3707 3074 3775 Pater,
3133 3706 3182 3761 si
3242 3712 3450 3762 contra
3505 3705 3782 3762 Judaistas

2151 3812 2388 3867 quoque
2400 3796 2639 3867 proprio
2662 3812 2843 3851 sensu
2857 3795 3427 3868 pugnasset,absque
3441 3797 3602 3852 omni
3619 3793 3780 3850 dubio

2151 3887 2330 3942 etiam
2359 3884 2432 3939 de
2450 3885 2902 3941 circumcisione
2915 3884 3093 3940 verba
3111 3884 3367 3954 fecisset,
3395 3886 3556 3957 quod
3586 3881 3779 3942 nullibi

2152 3976 2215 4030 in
2246 3974 2514 4046 epistolis
2545 3974 2673 4045 ejus
2703 3974 3019 4045 reperitur.
3081 3975 3386 4045 Ejusmodi
3436 3976 3617 4047 igitur
3651 3972 3778 4045 legis

2150 4064 2412 4120 fautores
2465 4062 2713 4133 intelligi
2747 4063 2965 4134 jubent
2996 4063 3293 4119 Hutherus
3324 4069 3383 4118 et
3411 4061 3780 4120 Diisterdieck

2151 4155 2324 4210 illum
2353 4170 2630 4225 sequens,
2665 4152 2869 4223 quales
2898 4151 3120 4207 Coloss.
3155 4169 3218 4218 ιι,
3255 4155 3319 4206 16
3352 4171 3480 4224 sqq.
3512 4151 3782 4226 perstrin-

2151 4245 2387 4311 gantur,
2412 4253 2786 4309 quorumque
2810 4235 3031 4291 ascesis
3049 4235 3336 4306 judaismi
3369 4237 3556 4292 instar
3580 4239 3657 4294 sit
3678 4235 3785 4289 visa

2151 4329 2400 4384 Unicum
2420 4329 2530 4383 hoc
2545 4325 2980 4398 judaizantium
3004 4326 3354 4381 Docetarum
3370 4343 3555 4399 genus
3567 4329 3786 4383 Duster-

2151 4418 2323 4473 dieck
2353 4417 2415 4489 (l.
2451 4433 2524 4484 c.,
2560 4434 2614 4487 p.
2651 4416 2740 4486 55)
2781 4415 2842 4469 in
2868 4415 3015 4469 duas
3045 4414 3301 4470 familias
3332 4416 3642 4488 disjungit,
3675 4429 3786 4470 eas-

2151 4523 2264 4578 que
2291 4523 2322 4561 e
2346 4505 2610 4563 Cerinthi
2635 4503 2936 4560 erroribus
2948 4503 3242 4574 profectas
3255 4503 3784 4575 afﬁrmat.Utraque

2149 4596 2536 4652 Cerinthiacae
2548 4595 2862 4649 haeresaaos
2879 4592 3174 4650 elementa
3191 4593 3504 4650 servabant
3517 4591 3782 4669 Magnesii

2146 4690 2204 4740 et
2221 4683 2913 4754 Philadelphenses,cum
2931 4682 3324 4738 Gnosticismo
3343 4700 3446 4739 seu
3459 4685 3781 4740 Docetismo

388 4770 686 4841 indignum
736 4768 1040 4840 praedicat,
1075 4773 1133 4823 et
1162 4785 1296 4824 cum
1328 4768 1594 4824 diaconis
1627 4772 1880 4834 tantum,
1913 4785 2034 4824 non
2123 4775 2321 4830 minus
2336 4772 2566 4828 exculto
2581 4771 3778 4846 Judaismumconjungentes(cfr.adMagn.

387 4879 523 4919 cum
562 4860 858 4933 episcopis
876 4875 938 4914 se
970 4864 1274 4931 comparat
1299 4878 1312 4926 ;
1337 4875 1388 4915 e.
1422 4877 1475 4933 g.
1509 4860 1582 4914 ad
1613 4861 1847 4931 Smyrn.
1881 4876 1931 4915 c.
1969 4862 2026 4913 11

385 4957 445 5008 et
477 4955 583 5019 12;
618 4951 691 5007 ad
723 4953 890 5005 Bom.
928 4967 976 5004 c.
1010 4952 1044 5004 4
1071 4955 1130 5004 et
1157 4953 1227 5016 9;
1261 4949 1334 5004 ad
1364 4950 1576 5022 Ephes.
1609 4966 1658 5004 c.
1681 4951 1712 5003 8
1745 4955 1799 5004 et
1835 4950 1930 5016 18;
1960 4947 2036 5004 ad

384 5042 558 5098 Trall.
587 5059 638 5097 c.
678 5043 762 5104 13,
797 5040 870 5096 ad
902 5039 1129 5094 Philad.
1178 5056 1228 5094 c.
1263 5042 1332 5106 4;
1397 5039 1470 5094 ad
1527 5040 1714 5111 Magn.
1749 5055 1799 5093 c.
1835 5042 1885 5092 2.
1919 5036 2032 5092 Sed

385 5129 658 5188 eamdem
680 5129 1076 5186 humilitatem
1100 5127 1229 5184 divo
1253 5144 1489 5202 quoque
1521 5128 1702 5185 Paulo
1730 5127 2032 5201 propriam

453 5275 566 5347 (61)
599 5272 923 5347 Prolog._in
958 5271 1112 5347 Cant.
1148 5271 1418 5328 canlicor.

453 5344 562 5418 (62)
594 5345 709 5400 Hist
749 5344 901 5418 σεεμ,
934 5349 1019 5418 ni,
1051 5345 1138 5397 34.

452 5413 562 5486 (63)
593 5419 669 5472 De
696 5432 815 5485 syn.
839 5416 1023 5470 Arim.
1055 5421 1108 5469 et
1135 5413 1366 5483 Seleuc.,
1398 5431 1457 5469 n.
1490 5417 1544 5469 4.

453 5489 563 5556 (64)
593 5487 772 5542 Catal.
803 5486 997 5556 script.
1032 5487 1186 5553 eccl.,
1221 5502 1271 5540 c.
1319 5490 1396 5540 16.

452 5561 561 5626 (65)
594 5558 706 5630 Cfr.
731 5558 934 5630 Bothe,
960 5560 1121 5630 Anii,
1147 5562 1256 5611 etc.
1278 5574 1334 5627 p.
1366 5561 1467 5612 718
1492 5576 1624 5630 sqq.
1651 5558 1950 5628 Huther,l.
1976 5575 2024 5612 c.

477 5631 566 5694 66)
598 5629 712 5682 Cfr.
744 5629 955 5696 Bothe,
989 5629 1033 5683 Ι.
1063 5644 1136 5694 c.,
1171 5646 1227 5698 p.
1263 5631 1386 5682 722.

477 5631 566 5694 66)
598 5631 712 5682 Cfr.
744 5631 955 5696 Bothe,
989 5631 1033 5683 Ι.
1063 5644 1136 5694 c.,
1171 5646 1227 5698 p.
1263 5631 1386 5682 722.

449 5631 565 5774 (67)
595 5699 708 5756 Cfr.
744 5699 954 5769 Bothe,
985 5697 1025 5754 l.
1061 5715 1136 5764 c.,
1163 5715 1216 5769 p.
1255 5701 1379 5769 718,
1421 5704 1544 5754 not.
1579 5703 1632 5757 3.

2145 4863 2337 4934 c,9,ad
2353 4861 2641 4928 Philad,c.
2662 4860 3190 4932 6),Smyrnaaenses
3219 4877 3381 4931 vero,
3415 4861 3696 4934 Ephesini
3723 4876 3780 4915 ac

2143 4951 2446 5020 Tralliani,
2466 4952 2663 5006 Grieca
2684 4949 3061 5030 philosophia
3077 4948 3265 5022 magis
3282 4950 3518 5021 imbuti,
3539 4950 3782 5008 hmresin

2145 5040 2584 5097 Cerinthiacam
2628 5037 2774 5094 adeo
2807 5038 3273 5110 perpoliverant,
3321 5045 3387 5094 ut
3420 5039 3666 5098 Judaico
3695 5039 3782 5096 illo

2147 5133 2445 5189 elemento
2475 5129 2710 5198 relicto,
2731 5128 3037 5184 Gnosticas
3050 5128 3245 5184 solum
3261 5129 3781 5204 opiniones,ipsius

2242 5276 2333 5344 68)
2367 5275 2483 5331 Cfr.
2516 5271 2762 5340 Molher;
2793 5272 3156 5340 Athanasius,
3190 5277 3232 5341 t,
3267 5273 3309 5342 l,
3350 5291 3408 5344 p.
3443 5273 3533 5328 18.

2242 5278 2310 5332 68
2367 5276 2483 5331 Cfr.
2516 5276 2762 5340 Molher;
2793 5276 3156 5340 Athanasius,
3190 5277 3232 5341 t,
3267 5276 3309 5342 l,
3350 5291 3408 5344 p.
3443 5276 3533 5328 18.

2218 5276 2333 5419 269;
2365 5347 2480 5401 Cfr.
2516 5344 2670 5419 infra
2701 5344 2960 5416 primam
3007 5348 3273 5400 nostram
3331 5349 3536 5402 notam
3565 5346 3641 5402 ad
3673 5346 3786 5418 epi-

2145 5417 2328 5491 stolas
2359 5417 2590 5491 Ignatii.

2215 5490 2328 5562 (70)
2355 5486 2805 5562 «'Betrachtung
2827 5486 2933 5562 der
2965 5486 3332 5562 wichtigsten
3355 5488 3678 5562 Bedenken
3695 5507 3778 5562 ge:

2143 5558 2256 5634 gen
2281 5558 2710 5634 Aechtheitder
2746 5558 3484 5634 Igirat.ianischen__Briel‘e,
3515 5564 3569 5615 in
3592 5558 3784 5632 ngm'i

2143 5629 2478 5694 Zcitschrift
2496 5629 2813 5689 furhistor.
2830 5629 3056 5698 Theol.,
3089 5651 3118 5681 »
3143 5635 3184 5687 t.
3201 5631 3296 5700 XI,
3323 5648 3382 5703 p.
3407 5649 3478 5700 iv,
3497 5650 3558 5706 p.
3579 5629 3780 5706 32'sqq.

3991 2365 3994 2508 ι

3991 2563 3993 2634 Α
