4062 6150
305 387 423 447 637

1275 388 1560 448 SANGTI
1606 385 1902 446 IGNATII
1947 386 2353 447 EPISTULA}?
2397 386 2794 447 GENUlN/E.

3600 389 3719 451 638

304 523 572 580 Cerinthi
589 521 830 578 modum
848 525 1219 594 superantes,
1228 521 1478 593 jamque
1495 521 1684 594 magis
1705 521 1780 578 ad
1801 538 1961 578 seve-
1993 528 2046 590 Α
2076 522 2310 594 writing
2328 522 2392 578 of
2405 521 2652 578 Severus
2673 521 2736 577 of
2740 523 3016 593 Antioch,
3034 522 3370 580 Timothrus
3391 523 3718 582 ofAlexan-

303 614 521 669 riorem
537 611 937 667 recentiorum
951 612 1362 667 Gnosticorum
1377 611 1775 667 Docetismum
1791 627 1963 668 acce-

310 703 541 768 dentes,
573 702 799 756 ferrent
826 701 1234 772 foverentque,
1255 717 1372 772 quo
1403 702 1646 769 factum,
1679 707 1744 756 ut
1790 702 1960 773 Igna-

309 793 429 846 tius
461 792 521 846 in
553 790 823 861 epistolis
855 790 930 845 ad
960 790 1265 860 Ephesios,
1303 790 1658 862 Smyrnaaos,
1693 791 1962 862 Polycar-

309 899 453 954 pum
484 887 540 937 et
586 880 907 937 Trallianos
958 880 1359 934 Docetismum
1408 880 1602 935 solum
1647 881 1958 953 impugna-

311 972 480 1026 verit.
511 971 834 1026 Haereticos
865 973 1064 1024 autem
1097 969 1231 1024 illos
1261 986 1381 1025 non
1429 986 1459 1023 e
1503 983 1753 1026 numero
1778 978 1963 1041 poste-

305 1064 520 1116 riorum
579 1060 994 1116 Gnosticorum
1060 1059 1266 1127 fuisse,
1301 1061 1428 1130 .qui
1486 1059 1703 1115 mediis
1761 1060 1962 1116 saeculi

307 1150 552 1206 secundi
588 1149 954 1221 temporidus
986 1148 1340 1214 ﬂoruerunt,
1373 1148 1530 1204 clare
1564 1166 1633 1204 ex
1683 1165 1750 1204 eo
1779 1166 1958 1221 appa-

303 1246 418 1307 ret,
451 1238 608 1310 quod
649 1239 911 1311 Ignatius
935 1237 1338 1293 Docetismum
1369 1237 1564 1292 solum
1593 1239 1962 1310 perstringit,

311 1335 556 1386 caeteros
595 1334 792 1386 autem
824 1329 1220 1400 posteriorum
1267 1329 1683 1384 Gnosticorum
1729 1341 1964 1384 errores

309 1436 386 1473 ne
418 1419 668 1473 minime
700 1418 941 1489 quidem
976 1417 1163 1489 tangit
1194 1417 1330 1488 (71).

379 1510 433 1579 7)
452 1508 659 1581 Negari
683 1508 943 1578 denique
967 1524 1088 1562 non
1111 1513 1324 1578 potest,
1352 1507 1660 1563 nonnullis
1683 1508 1963 1579 epistolas

301 1603 536 1654 nostras
567 1615 691 1654 non
725 1615 798 1652 ex
829 1598 1072 1664 eriticis,
1107 1598 1210 1653 sed
1250 1615 1319 1652 ex
1350 1598 1698 1670 dogmaticis
1730 1604 1962 1654 tantum

300 1688 494 1743 causis
525 1687 921 1758 displicuisse.
973 1687 1322 1757 Quicunque
1372 1688 1533 1742 enim
1568 1691 1670 1742 aut
1701 1687 1961 1742 divinam

305 1777 683 1847 episcopatus
714 1775 1180 1840 institutionem,
1201 1783 1304 1831 aut
1326 1776 1693 1832 divinitatem
1721 1777 1964 1845 Christi,
2001 1851 2006 1854 _

2071 612 2222 680 dria,
2251 612 2369 667 and
2390 612 2611 681 others,
2635 611 2831 666 ediled
2852 613 2988 667 with
3010 628 3088 668 an
3112 613 3338 685 englisa
3363 614 3717 672 translation

2072 702 2188 758 and
2212 701 2548 757 notes.Also
2571 702 2668 756 the
2683 703 2861 774 greck
2874 707 2999 757 "text
3011 702 3074 758 of
3087 703 3251 758 these
3271 704 3436 759 three
3457 705 3722 775 epistles,

2072 789 2376 846 corrected
2405 789 2724 862 according
2753 795 2810 844 to
2845 790 2944 844 the
2973 790 3274 862 authority
3304 790 3366 846 of
3391 791 3490 846 the
3523 792 3725 864 Syriac

2072 880 2327 934 version.
2362 880 2441 949 By
2472 878 2730 932 William
2772 879 3048 948 Cureton,
3099 879 3168 933 M.
3203 881 3271 935 Α.
3317 880 3600 936 London:
3634 882 3726 938 Ri-

2071 968 2364 1041 vingtons.
2401 967 2636 1022 Berlin:
2695 967 2884 1023 Asher
2941 973 3001 1022 et
3055 969 3258 1040 Comp.
3319 969 3715 1026 MDCCCXLV.

2074 1058 2244 1113 Libro
2275 1058 2387 1112 hoc
2405 1058 2497 1112 usi
2521 1073 2763 1112 omnem
2787 1059 3079 1130 majorem
3101 1058 3260 1114 inter
3287 1058 3623 1115 versionem
3645 1060 3720 1116 il-

2071 1147 2190 1202 lam
2213 1147 2512 1218 Syriacam
2535 1152 2592 1202 et
2609 1152 2839 1202 textum
2862 1152 3134 1203 nostrum
3157 1150 3420 1204 Graecum
3439 1149 3717 1205 differen-

2071 1237 2218 1292 tiam
2247 1253 2354 1292 suo
2386 1237 2514 1291 loco
2549 1237 2981 1292 adnotavimus.
3022 1238 3353 1294 Curetonus
3381 1238 3554 1293 nobis
3585 1255 3722 1310 per-

2075 1327 2324 1382 suadere
2343 1332 2609 1392 conatur,
2627 1327 2960 1382 versionem
2981 1326 3142 1382 illam
3165 1328 3463 1399 Syriacam
3485 1332 3724 1398 genuino

2071 1417 2257 1473 textui
2273 1417 2574 1489 lgnatiano
2589 1417 3034 1472 accuratissime
3047 1416 3430 1488 respondere,
3447 1424 3504 1473 et
3525 1420 3726 1474 omnia

2075 1525 2206 1578 quae
2239 1508 2299 1561 in
2333 1511 2534 1562 nostro
2568 1507 2764 1562 Graeco
2792 1510 2955 1561 textu
2987 1506 3158 1577 plura
3207 1505 3614 1575 inveniuntur,
3648 1508 3719 1562 ab

2073 1597 2208 1651 aliis
2239 1595 2441 1651 addita
2472 1612 2598 1650 esse
2633 1601 2691 1650 et
2719 1595 3071 1650 introducta.
3107 1597 3357 1651 Tantum
3387 1613 3522 1652 vero
3551 1596 3719 1652 abest

2073 1693 2139 1743 ut
2167 1689 2221 1743 ei
2243 1686 2658 1758 astipulemur,
2682 1690 2746 1740 ut
2771 1686 3104 1741 versionem
3128 1686 3427 1756 Syriacam
3455 1703 3574 1741 non
3598 1687 3715 1742 nisi

2072 1779 2372 1850 epitomen
2420 1776 2857 1848 Ignatianarum
2902 1775 3306 1846 epistolarum,
3353 1791 3388 1830 a
3429 1777 3719 1832 monacho

299 1871 402 1921 aut
429 1865 653 1920 realem
687 1865 921 1919 Domini
955 1864 1016 1918 in
1048 1865 1427 1920 Eucharistia
1443 1865 1822 1935 praesentiam
1854 1881 1959 1920 ne-
1995 1900 2040 1963 Β
2075 1867 2332 1938 quodam
2364 1863 2600 1936 Syriaco
2633 1865 2695 1918 in
2727 1865 2998 1936 proprios
3030 1880 3171 1920 usus
3222 1865 3352 1935 pios
3391 1865 3720 1921 confectam

304 1959 469 2027 gant,
531 1953 945 2009 auctoritatem
1004 1953 1391 2024 epistolarum
1422 1953 1631 2025 Ignatii
1694 1954 1962 2008 minuere

310 2047 607 2100 conentur
635 2047 888 2114 oportet.
923 2042 1034 2098 Sed
1065 2044 1272 2098 confer
1295 2060 1425 2118 quas
1456 2047 1670 2100 contra
1694 2043 1806 2100 hoc
1849 2045 1966 2106 Hu-

312 2133 513 2188 therus
540 2134 582 2188 Ι.
619 2150 694 2201 c.,
725 2150 782 2204 p.
820 2136 886 2188 12
916 2150 1070 2204 sqq.,
1103 2134 1356 2190 monuit.
1933 2187 1937 2190 λ

374 2223 464 2276 VI.
497 2223 723 2278 Paucos
752 2226 889 2276 ante
920 2237 1157 2276 menses
1194 2223 1256 2276 V.
1289 2223 1352 2276 D.
1391 2221 1748 2277 Guilielmus
1783 2221 1963 2276 Cure-

304 2313 432 2378 ton,
457 2309 706 2382 Anglus,
732 2315 990 2365 veterem
1013 2310 1347 2365 versionem
1370 2310 1672 2380 Syriacam
1697 2309 1883 2364 trium
1907 2309 1960 2362 S.

299 2399 508 2470 Ignatii
543 2398 939 2469 epistularum
971 2399 1194 2470 publici
1220 2399 1375 2468 juris
1421 2399 1581 2454 fecit.
1635 2400 1764 2454 Jam
1803 2414 1961 2454 anno

300 2485 440 2540 1839
471 2488 764 2542 Henricus
797 2489 1046 2550 Tattam,
1079 2487 1456 2558 Copticarum
1481 2487 1818 2542 litterarum
1853 2502 1960 2557 pe-

300 2574 652 2641 ritissimus,
679 2577 990 2647 zEgyptum
1021 2591 1364 2647 peragrans,
1391 2576 1452 2630 in
1483 2576 1725 2646 Syriaco
1763 2575 1963 2628 Nitriae

298 2663 665 2719 monasterio
697 2663 962 2718 codicem
983 2663 1496 2733 antiquissimum,
1531 2670 1667 2719 ante
1699 2663 1963 2718 medium

299 2769 445 2808 sazc.
471 2769 520 2806 v1
553 2756 879 2818 exaratum,
899 2752 1141 2819 detexit,
1167 2751 1268 2822 qui
1295 2753 1594 2824 Syriacam
1614 2752 1963 2806 versionem

295 2841 567 2913 epistolm
601 2841 656 2897 S.
692 2841 902 2911 Ignatii
932 2840 1005 2895 ad
1033 2840 1429 2912 Polycarpum
1452 2840 1822 2896 continebat.
1852 2842 1962 2896 Pe-

300 2930 505 2986 cuniis
539 2929 754 2984 deinde
786 2929 1042 3000 publicis
1087 2929 1328 3000 adjutus
1360 2930 1740 2986 doctissimus
1774 2932 1962 2985 Tatta-

305 3035 442 3074 mus
475 3035 632 3073 anno
692 3020 829 3072 1842
860 3019 1122 3073 secunda
1161 3019 1284 3073 vice
1334 3019 1396 3074 in
1427 3021 1739 3091 [Egyptum
1771 3019 1960 3090 profe—

309 3113 438 3163 ctus
469 3113 576 3176 est,
601 3112 658 3161 et
688 3123 975 3178 prospera
1003 3107 1241 3162 fortuna
1257 3107 1538 3179 gaudenti
1567 3109 1787 3164 multos
1809 3108 1960 3163 alios

306 3199 656 3255 monasterii
677 3199 840 3254 illius
863 3199 1097 3254 codices
1120 3216 1318 3255 emere
1343 3201 1610 3273 contigit,
1628 3201 1787 3256 inter
1809 3217 1959 3272 quos

2075 1957 2204 2029 (cfr.
2240 1955 2392 2010 infra
2422 1960 2543 2009 not.
2562 1953 2635 2008 ad
2663 1956 2858 2025 cap.2.
2879 1953 3049 2024 epist.
3067 1953 3140 2008 ad
3163 1954 3423 2024 Ephes.),
3443 1960 3722 2026 reputare

2073 2043 2390 2115 possimus,
2423 2042 2755 2113 prmsertim
2777 2058 2912 2097 cum
2934 2041 3115 2096 iidem
3148 2042 3382 2097 codices
3407 2058 3443 2097 a
3463 2044 3725 2102 Tattamo

2073 2132 2288 2188 detecti
2313 2138 2372 2188 et
2393 2132 2509 2187 alio
2531 2131 2704 2203 plura
2719 2137 2978 2202 excerpta
3000 2148 3073 2186 ex
3091 2132 3356 2201 epistolis
3377 2132 3720 2203 Ignatianis,

2071 2239 2180 2278 nec
2211 2239 2330 2277 non
2363 2221 2514 2277 alios
2541 2220 2743 2276 libello
2801 2219 3108 2287 asceticos,
3141 2225 3208 2274 ut
3236 2221 3565 2275 Curetonus
3595 2221 3722 2291 ipse

2069 2312 2308 2378 fatetur,
2343 2312 2709 2366 contineant.
2751 2311 3047 2368 Praeterea
3087 2309 3302 2380 saepius
3343 2307 3484 2364 inde
3524 2326 3597 2364 ex
3627 2327 3718 2378 eo,

2072 2400 2225 2472 qurd
2246 2417 2432 2456 nexus
2452 2399 2884 2454 sententiarum
2899 2398 2961 2452 in
2979 2397 3246 2452 versione
3264 2397 3504 2469 Syriaca
3523 2399 3721 2454 minus

2071 2495 2162 2544 est
2190 2495 2410 2558 arctus,
2441 2493 2707 2560 apparet,
2740 2487 3101 2543 monachum
3129 2486 3296 2543 illum
3327 2504 3452 2544 non
3483 2493 3603 2544 tam
3637 2489 3725 2546 in-

2071 2578 2370 2648 terpretis,
2405 2593 2582 2648 quam
2614 2577 2992 2648 epitomatoris
3031 2581 3230 2647 partes
3263 2577 3473 2650 egisse.
3506 2578 3723 2633 Confer

2071 2685 2202 2738 qua)
2252 2669 2326 2722 ad
2381 2668 2645 2740 singulos
2704 2667 2865 2722 locos
2923 2667 3311 2723 monuimus:
3371 2667 3446 2722 ad
3504 2669 3720 2740 Ephes.

2069 2773 2239 2828 capp.
2273 2759 2326 2826 3,
2358 2759 2412 2824 8,
2445 2759 2501 2823 9,
2537 2757 2622 2825 14,
2657 2759 2759 2822 19ς
2793 2755 2867 2811 ad
2895 2756 3073 2812 Trall.
3104 2757 3169 2811 in
3203 2756 3373 2811 titulo
3405 2761 3464 2811 et
3493 2773 3620 2829 cap.
3653 2760 3716 2823 li;

2069 2846 2144 2902 ad
2175 2848 2341 2902 Rom.
2369 2863 2496 2918 cap.
2530 2849 2594 2914 6;
2616 2846 2690 2902 ad
2724 2847 2913 2917 Polyc.
2948 2846 3010 2901 in
3034 2847 3204 2903 titulo
3236 2851 3296 2902 et
3325 2864 3454 2919 cap.
3479 2852 3508 2901 7
3534 2851 3719 2916 ;Mar-

2069 2938 2286 3008 tyrium
2319 2940 2376 2994 S.
2409 2938 2618 3010 Ignatii
2650 2939 2712 2994 in
2737 2939 2932 2994 titulo.

2139 3028 2256 3082 VII.
2291 3027 2436 3081 Male
2469 3028 2648 3082 etiam
2669 3027 2739 3083 de
2772 3028 3106 3100 integritate
3137 3027 3522 3099 epistolarum
3550 3031 3716 3102 Igna-

2069 3115 2133 3170 tii
2166 3115 2345 3171 dubia
2369 3123 2531 3172 mota
2561 3122 2700 3171 sunt
2729 3119 2857 3186 (72).
2893 3117 3230 3173 Praesertim
3266 3118 3468 3173 omnia
3496 3119 3568 3174 de
3601 3120 3721 3192 epi-

2077 3211 2321 3276 scopatu
2352 3210 2408 3260 et
2438 3204 2510 3260 de
2545 3204 2764 3260 deitate
2788 3206 3004 3261 Christi
3034 3207 3210 3261 eﬂ‘ata
3241 3205 3654 3278 interpolatori
3687 3225 3721 3264 a

317 3289 498 3344 etiam
547 3289 602 3359 (e
647 3305 781 3343 saec.
832 3305 882 3342 vi
932 3287 1021 3342 vel
1053 3296 1146 3354 vn)
1193 3288 1440 3359 antiqua
1485 3269 1676 3345 versio
1724 3269 1963 3361 Syriaca
2003 3269 2044 3335 Ο
2078 3269 2435 3366 quibusdam
2468 3297 2789 3354 tribuatur.
2823 3298 2937 3353 Sed

304 3378 488 3434 trium
517 3378 572 3432 S.
601 3377 811 3447 Ignatii
862 3376 1249 3447 epistolarum
1299 3377 1373 3432 ad
1403 3379 1710 3449 Ephesios,
1743 3378 1818 3433 ad
1848 3381 1952 3434 Bo-

297 3483 506 3522 mauos
541 3465 692 3522 etad
723 3467 1135 3536 Polycarpum,
1168 3482 1288 3522 una
1313 3484 1447 3522 cum
1478 3467 1750 3538 pluribus
1782 3469 1949 3540 Igna-

301 3556 599 3612 tianarum
633 3555 1032 3626 epistolarum
1057 3555 1407 3627 fragmentis
1427 3550 1662 3628 reperta
1682 3564 1788 3613 est.
1819 3558 1949 3622 Qui-

285 3644 397 3701 bus
419 3644 724 3702 codicibus
739 3643 988 3699 detectis
1005 3644 1355 3700 Guilielmus
1375 3646 1726 3714 Curetonus,
1743 3647 1950 3704 Orien-

290 3733 496 3789 talium
529 3733 869 3788 litterarum
889 3733 1160 3804 apprime
1182 3750 1424 3806 gnarus,
1449 3735 1671 3805 optime
1705 3751 1765 3790 se
1791 3734 1862 3789 de
1883 3752 1945 3789 re

288 3825 604 3895 patristica
632 3822 757 3877 fore
813 3823 1166 3878 meriturum
1200 3823 1498 3894 sperabat,
1533 3824 1582 3878 si
1615 3825 1947 3880 versionem

289 3913 455 3969 illam
479 3913 782 3985 Syriacam
795 3911 961 3982 prelo
985 3911 1308 3982 subjiceret
1326 3917 1384 3966 et
1399 3913 1732 3968 versionem
1748 3913 1946 3984 Angli—

289 4019 418 4058 cam
431 3999 884 4069 adderet,atque
921 4003 1144 4053 textum
1162 3999 1707 4069 Grmcum,Syriacai
1727 4000 1942 4053 versio-

287 4092 347 4147 ni
371 4093 516 4161 (non
539 4091 832 4155 accurate)
851 4086 1315 4158 respondentem
1340 4104 1582 4142 exarare
1606 4075 1943 4143 conaretur.

357 4185 504 4237 Cum
534 4198 670 4234 vero
700 4180 1002 4232 Tattamus
1025 4177 1172 4232 duos
1195 4178 1430 4234 codices
1451 4179 1713 4249 epistola)
1737 4178 1810 4234 ad
1834 4181 1945 4234 Po—

284 4271 689 4341 lycarpum,ut
708 4266 1068 4332 diximus,ex
1093 4268 1332 4338 Aigypto
1361 4272 1942 4338 apportasset,unum

285 4374 442 4412 anno
478 4357 636 4422 1839,
660 4353 915 4408 alterum
943 4369 1098 4407 anno
1136 4355 1272 4408 1842
1296 4371 1307 4418 ;
1334 4354 1663 4410 Curetonus
1685 4372 1805 4410 non
1827 4357 1941 4411 nisi

283 4446 566 4516 priorem,
583 4443 722 4512 quia
741 4441 1162 4512 antiquiorem,
1181 4442 1337 4514 typis
1361 4443 1816 4500 exscribendum
1839 4462 1942 4500 cu-

284 4533 454 4601 ravit,
486 4531 838 4586 recentioris
869 4531 1090 4586 codicis
1138 4531 1426 4588 lectiones
1453 4533 1748 4590 variantes
1789 4535 1938 4606 adji-

284 4621 468 4678 ciens.
501 4622 798 4676 Prmterea
827 4621 914 4675 vir
945 4620 1327 4677 doctissimus
1379 4639 1661 4696 magnum
1703 4641 1938 4697 quoque
1972 4624 2019 4686 D

281 4712 592 4783 Syriacum
633 4711 1032 4783 fragmentum
1073 4712 1333 4784 Martyrii
1384 4713 1442 4767 S.
1475 4714 1685 4785 Ignatii
1716 4720 1774 4770 et
1805 4716 1932 4786 epi-
1992 4761 1994 4764 ,

284 4801 451 4857 stolae
483 4800 753 4871 ejusdem
783 4799 858 4856 ad
905 4802 1222 4867 Romanos,
1257 4801 1415 4871 quod
1446 4802 1774 4859 Curetonus
1806 4805 1932 4875 ipse

281 4907 439 4946 anno
477 4892 610 4944 l839
644 4889 703 4943 in
733 4891 948 4943 Μυεωο
983 4888 1320 4944 Britannico
1353 4889 1677 4957 detexerat,
1709 4894 1774 4948 in
1805 4895 1931 4949 vul-

278 4995 384 5050 gus
417 4978 593 5033 edere
624 4982 678 5032 et
711 4976 862 5031 libro
889 4993 994 5030 suo
1025 4976 1244 5032 addere
1276 4976 1555 5033 decrevit.
1589 4980 1682 5034 Sic
1713 4981 1932 5051 prodiit

278 5068 526 5123 Londini
553 5066 686 5121 1846
710 5082 857 5136 opus
881 5065 1010 5137 ejus
1033 5065 1143 5120 sub
1166 5066 1338 5122 titulo
1357 5083 1369 5120 :
1386 5091 1412 5117 «
1430 5069 1548 5122 The
1568 5070 1808 5125 ancient
1825 5072 1926 5142 Sy-

275 5158 396 5213 riac
426 5157 659 5213 version
693 5156 756 5212 of
779 5155 879 5210 the
911 5154 1155 5226 epistles
1178 5155 1242 5210 of
1268 5157 1428 5212 saint
1465 5159 1727 5230 Ignatius
1757 5167 1812 5214 to
1843 5163 1924 5216 St.

274 5249 578 5320 Polycarp,
596 5247 695 5302 the
727 5245 1073 5317 Ephesians,
1089 5247 1207 5301 and
1231 5247 1328 5302 the
1353 5250 1640 5318 Romans;
1660 5252 1928 5322 together

273 5337 408 5392 with
441 5341 698 5392 extracts
727 5335 875 5390 from
908 5335 1000 5389 his
1023 5335 1286 5406 epistles,
1324 5337 1610 5394 collected
1641 5339 1793 5396 from
1825 5343 1925 5398 the

341 5480 453 5548 (7t)
481 5479 594 5534 Cfr.
644 5481 850 5544 Huter,
897 5477 935 5532 l.
971 5496 1022 5532 c.
1055 5497 1112 5549 p.
1150 5482 1219 5533 4-2
1260 5485 1318 5534 et
1349 5482 1759 5550 Dusterdieck.
1794 5489 1832 5544 l.
1868 5508 1920 5544 (ε.

340 5552 544 5629 (72_)_E.
566 5567 631 5629 _g.
653 5567 724 5629 .a.
748 5551 1061 5629 _l)leaiidro,
1094 5552 1515 5629 {(ircaengesch,
1551 5563 1592 5612 t.
1630 5560 1672 5623 Ι,
1706 5577 1740 5629 p
1793 5563 1916 5618 738.

273 5624 343 5705 εξ
357 5636 394 5705 ρ
424 5620 618 5705 Νθιιίῤ
652 5620 1046 5705 ἱοῐιὶωιφαῐιη,
1085 5620 1462 5705 Studien;qu
1488 5620 1914 5705 art-9.1335,}.

278 5691 375 5746 881
411 5709 540 5764 sqq.
574 5693 682 5760 Qui
714 5691 1014 5748 breviores
1044 5708 1281 5766 quoque
1301 5695 1355 5752 S.
1396 5699 1604 5769 Ignatii
1637 5691 1920 5774 epistdlas

2128 3387 3708 3460 a)nullumexternuminterpolationisadestindicium.

2126 3475 2183 3548 b)
2218 3477 2349 3532 Loci
2383 3494 2418 3532 a
2447 3478 2746 3533 veteribus
2767 3477 2989 3534 laudati
3022 3479 3150 3550 pari
3175 3479 3348 3534 modo
3370 3479 3432 3534 in
3453 3479 3706 3535 breviori

2196 3571 2400 3623 nostra
2431 3569 2778 3624 recensione
2836 3569 3134 3640 leguntur.
3190 3569 3303 3625 Cfr.
3337 3586 3519 3641 supra
3550 3571 3710 3626 testi-

2198 3656 2398 3711 monia
2429 3661 2714 3712 veterum.

2121 3747 2172 3815 c)
2201 3747 2434 3803 Arctior
2462 3748 2727 3803 materia)
2760 3751 2820 3802 et
2847 3748 3134 3804 orationis
3191 3764 3377 3804 nexus
3427 3749 3587 3804 omni
3618 3751 3705 3805 in-

2194 3837 2608 3907 terpolationis
2639 3837 2964 3908 suspicioni
2997 3838 3276 3893 nuntium
3307 3837 3582 3905 mittunt;
3617 3841 3704 3894 ef-

2193 3924 2316 3980 fata
2348 3925 2511 3980 enim
2541 3925 2642 3980 illa
2700 3925 3077 3995 displicentia
3111 3927 3238 3981 sine
3273 3927 3452 3982 totius
3483 3944 3704 3983 sermo-

2195 4014 2289 4068 nis
2318 4014 2542 4085 pariter
2572 4032 2640 4070 ac
2670 4032 2879 4070 sensas
2908 4015 3308 4073 devastatione
3359 4017 3530 4072 evelli
3578 4035 3696 4073 non

2193 4109 2461 4174 possunt.

2122 4192 2180 4262 d)
2209 4194 2504 4250 Praeterea
2536 4197 2807 4251 eamdem
2848 4198 2984 4268 styli
3017 4198 3307 4253 rationem
3338 4213 3472 4252 cum
3505 4198 3565 4251 in
3598 4213 3695 4252 re-

2192 4281 2470 4350 pudiatis,
2505 4287 2628 4337 tum
2660 4283 2721 4336 in
2749 4283 3090 4354 approbatis
3137 4283 3521 4354 epistolarum
3554 4301 3693 4355 par-

2191 4367 2348 4424 tibus
2380 4371 2664 4426 invenies.

2118 4457 2172 4529 e)
2203 4459 2370 4523 Quod
2402 4477 2450 4515 c.
2474 4463 2506 4514 8
2545 4461 2748 4532 ep.'ad
2777 4464 2965 4534 Magn.
3000 4468 3175 4538 Σιγῆς
3206 4463 3361 4519 facta
3416 4465 3493 4519 sit
3533 4481 3696 4519 men-

2185 4549 2290 4616 tio,
2324 4549 2803 4622 interpolationis
2849 4568 2970 4608 non
3030 4553 3253 4624 prmbet
3281 4553 3592 4621 indicium,
3626 4558 3692 4610 ut

2191 4638 2254 4693 in
2286 4639 2444 4694 notis
2473 4640 2548 4694 ad
2577 4641 2636 4695 h.
2672 4640 2712 4694 l.
2747 4642 3301 4698 demonstravimus.

2113 4727 2158 4795 f)
2188 4727 2500 4784 Pelemicis
2547 4733 2774 4786 tantum
2822 4733 3017 4788 causis
3065 4732 3227 4788 ducti
3271 4733 3547 4790 nonnulli
3579 4734 3686 4788 viri

2184 4817 2340 4873 docti
2371 4820 2769 4891 integritatem
2801 4823 3189 4894 epistolarum
3237 4831 3576 4881 nostrarum
3625 4827 3688 4878 in

2185 4907 2430 4964 dubium
2461 4916 2744 4966 vocarunt
2772 4915 2900 4983 (73).

2112 4996 2167 5067 g)
2198 4998 2304 5061 Qui
2339 4999 2714 5072 episcopatus
2731 5017 2909 5057 causa
2933 5003 3216 5074 epistolas
3235 5007 3470 5058 nostras
3500 5004 3686 5057 inter-

2180 5087 2409 5159 polatas
2442 5105 2570 5145 esse
2594 5097 2822 5162 putant,
2844 5093 3010 5149 nullo
3032 5094 3208 5149 modo
3234 5094 3528 5149 rationem
3550 5094 3683 5148 red-

2179 5175 2320 5230 dere
2351 5183 2602 5248 possunt
2618 5195 2723 5234 cur
2752 5180 3004 5252 epistola
3031 5181 3106 5236 ad
3135 5183 3434 5237 Romanos
3462 5181 3588 5237 sola
3608 5181 3680 5236 ab

2178 5264 2602 5336 interpolatore
2635 5285 2756 5323 non
2780 5268 2957 5323 fuerit
2986 5269 3222 5339 fcedata,
3254 5286 3390 5326 cum
3422 5283 3524 5326 sex
3543 5270 3682 5326 reli-

2177 5354 2309 5424 quis
2331 5355 2410 5409 im
2417 5355 2544 5427 pias
2559 5357 2688 5427 ejus
2702 5374 2912 5413 manus
2926 5376 3043 5414 non
3057 5361 3391 5431 pepercisse
3413 5360 3678 5420 credant.

2032 5497 2418 5578 interpolatas
2434 5504 3002 5578 putant,novissimis
3024 5507 3232 5563 diebus
3248 5509 3679 5567 validissimum

2031 5571 2508 5646 interpolationis
2541 5575 2834 5646 ejusmodi
2871 5579 3275 5635 testimonium
3309 5584 3560 5638 assecuti
3596 5586 3679 5639 vi-

2030 5640 2258 5717 dentur
2277 5640 2588 5717 "versione'
2616 5648 2873 5717 Syriaca,
2903 5666 2938 5705 a
2986 5651 3136 5706 Guil.
3191 5645 3447 5711 Cureton
3497 5655 3673 5713 edita.

2098 5713 2212 5786 (ηδ)
2242 5715 2486 5786 M‘ohler,
2515 5713 2751 5788 Pavet,
2782 5726 2825 5777 t.
2848 5721 2893 5789 Ι,
2925 5739 2981 5794 p.
3016 5723 3118 5781 125
3150 5733 3281 5798 Sqq.
