4112 6132
296 308 403 366 641

1497 304 1563 362 C.
1609 305 1667 365 J.
1715 304 2036 366 IIEFEI."
2080 302 2532 364 PRJEF'ATIO.

3587 308 3706 368 642

288 442 494 500 Tal'elii
528 441 600 498 de
626 442 718 498 via
746 441 994 514 Egnatia
1023 440 1472 496 dissertationes
1492 455 1703 495 novam
1723 440 1810 496 rei
1832 456 1944 495 no-
1976 448 2026 507 Α
2059 441 2261 496 Exstat
2290 445 2487 497 autem
2521 443 2817 512 posterior
2835 441 2941 498 illa
2961 442 3235 497 Aciorum
3260 456 3419 513 pars,
3441 457 3476 497 a
3497 442 3710 498 Grabio

291 539 427 590 stre)
458 532 656 588 lucem
689 530 1057 596 attulerunt;
1090 547 1238 601 quas
1276 530 1377 601 qui
1427 529 1761 602 perlegerit,
1817 534 1948 584 tan-

291 629 414 678 tum
446 621 634 688 abest,
655 625 722 676 ut
741 620 917 687 viam,
951 635 1068 690 qua
1084 619 1140 675 S.
1163 623 1391 690 martyr
1410 618 1625 674 ductus
1650 635 1779 674 esse
1810 635 1947 674 nar-

290 717 476 778 ratur,
509 714 909 765 monstrosam
943 713 1155 780 putare
1184 709 1392 780 possit,
1425 713 1492 764 ut
1520 708 1679 764 clare
1708 709 1950 780 perspi-

289 801 427 867 ciat,
460 816 582 856 non
618 799 735 853 nisi
789 798 1016 870 vulgari
1060 801 1462 854 Romanorum
1515 797 1608 852 via
1655 797 1950 868 Ignatium

289 907 415 945 esse
442 906 621 945 usum
653 888 795 961 (91).

355 978 414 1047 b)
449 979 735 1032 Actorum
759 981 1068 1032 auctorem
1101 975 1202 1031 diu
1234 981 1370 1047 post
1422 975 1632 1047 lgnatii
1682 979 1952 1045 tempora

289 1067 527 1133 vixisse,
561 1065 816 1121 Dallaeus
847 1083 877 1120 e
908 1065 1284 1120 sermonibus
1315 1065 1595 1136 conjecit,
1633 1080 1782 1133 quos
1813 1079 1948 1117 cum

297 1156 554 1228 Trajano
587 1169 620 1209 a
676 1160 939 1226 martyre
996 1154 1229 1209 habitos
1287 1155 1429 1208 Acta
1485 1157 1688 1208 nostra
1735 1156 1952 1224 praeter

293 1261 536 1300 omnem
569 1245 690 1299 veri
721 1261 788 1300 ac
821 1244 1018 1299 decori
1053 1244 1314 1314 speciem
1353 1242 1598 1298 ﬁnxisse
1641 1246 1811 1314 putat
1863 1241 1950 1295 vir

297 1333 401 1390 ille
431 1333 697 1389 criticus.
739 1332 804 1386 Ei
851 1333 983 1405 jam
1037 1333 1395 1388 Pearsonius
1453 1332 1586 1403 (92)
1617 1329 1947 1403 respondit,

293 1438 570 1480 sermones
599 1423 744 1477 istos
766 1428 923 1477 certe
946 1437 1141 1493 neque
1170 1420 1311 1489 veri,
1337 1437 1532 1492 neque
1563 1420 1749 1476 decori
1768 1419 1950 1474 ratio-

291 1529 400 1567 nes
431 1511 671 1567 turbare
699 1509 1090 1566 contendens.
1127 1511 1252 1565 Una
1285 1513 1514 1564 tantum
1547 1525 1654 1564 vox
1691 1503 1948 1562 κακοδαί-

296 1621 414 1672 μων
447 1601 523 1672 (c.
556 1599 632 1670 2),
665 1616 700 1654 a
728 1600 977 1671 Trajano
1008 1603 1314 1670 usurpata,
1347 1597 1670 1670 objectioni
1711 1597 1800 1651 illi
1849 1613 1946 1651 oc-

291 1690 599 1746 casionem
624 1688 948 1760 praebuisse
961 1687 1397 1758 videtur,quam
1416 1703 1591 1742 nemo
1607 1685 1824 1741 dixerlt
1845 1686 1950 1740 im-

295 1779 562 1853 pevatori
594 1778 843 1834 minime
871 1777 1210 1846 convenire,
1243 1777 1343 1847 qui
1379 1793 1508 1831 eam
1528 1782 1687 1831 recte
1718 1774 1949 1829 intelle-

293 1869 470 1924 xerit.
505 1867 614 1932 Qui
647 1867 807 1922 enim
839 1867 1021 1935 novit,
1056 1865 1200 1938 quid
1233 1861 1695 1936 δὶικακοδαίμων,
1729 1869 1948 1934 etquo-

294 1956 476 2014 modo
507 1957 879 2014 Christianos
909 1956 970 2010 in
992 1955 1220 2027 judicio
1253 1954 1612 2026 compellare
1637 1952 1794 2008 soliti
1814 1953 1944 2007 fue-

285 2047 412 2102 rint
441 2045 690 2115 ethnici,
717 2044 890 2100 facile
923 2044 1158 2111 sentiet,
1193 2048 1251 2098 et
1279 2059 1481 2099 verum
1514 2043 1625 2098 hoc
1655 2047 1711 2097 et
1770 2041 1944 2096 deco-

289 2151 424 2191 rum
457 2151 610 2190 esse.
656 2135 757 2189 Est
812 2138 1012 2189 autem
1069 2127 1440 2204 κακοδαίμων,
1500 2139 1568 2187 ut
1615 2149 1688 2188 ex
1741 2131 1946 2186 multis

296 2223 592 2296 exemplis
619 2222 978 2279 Pearsonius
1007 2221 1229 2291 docuit,
1251 2221 1340 2278 nil
1360 2220 1523 2277 aliud
1545 2237 1724 2293 quam
1745 2220 1948 2289 infelix

292 2314 474 2371 homo
507 2313 640 2386 (93).

368 2407 669 2459 Praeterea
696 2401 1089 2470 monendum,
1119 2415 1428 2457 sermones
1457 2400 1668 2472 lgnatii
1699 2405 1760 2456 et
1803 2401 1943 2455 Tra-

293 2494 427 2567 jani
460 2509 496 2548 a
524 2493 810 2564 scriptore
847 2493 1130 2548 Actorum
1157 2507 1272 2547 non
1303 2491 1377 2546 ad
1427 2491 1656 2548 verbum
1702 2489 1946 2556 relatos,

295 2589 722 2655 auctoremque
755 2587 1027 2639 nostrum
1058 2582 1267 2638 eadem
1296 2581 1541 2637 licentia
1568 2597 1744 2637 usum
1792 2595 1946 2649 esse,

301 2689 480 2744 quam
507 2673 750 2728 omnino
773 2671 1043 2728 historici
1072 2671 1133 2726 in
1163 2670 1515 2726 enarrandis
1535 2669 1791 2725 aliorum
1815 2685 1946 2724 ser-

308 2762 588 2818 monibus
615 2762 724 2818 sibi
753 2761 1153 2818 vindicabant.
1184 2761 1352 2828 Quod
1390 2761 1440 2816 si
1489 2777 1539 2816 e.
1589 2777 1644 2829 g.
1694 2759 1886 2831 capite
1914 2761 1949 2813 2

308 2851 594 2923 Trajanus
620 2851 755 2908 deos
783 2851 1096 2925 gentilium
1149 2851 1415 2906 daemones
1459 2848 1738 2921 appellat,
1790 2852 1947 2903 certe

306 2941 654 3013 scriptorem
673 2942 1074 2999 Christianum
1093 2941 1288 2997 verbis
1308 2941 1658 2997 Christianis
1684 2944 1949 2996 mentem

300 3030 539 3103 Trajani
571 3032 912 3103 exposuisse
944 3031 1118 3087 facile
1149 3031 1494 3104 perspicies.

369 3123 424 3191 c)
451 3121 791 3177 Authentiaa
856 3125 1270 3193 argumentum
1312 3120 1450 3176 inde
1501 3135 1739 3192 quoque
1771 3118 1943 3174 nobis

292 3209 620 3282 petendum
650 3209 903 3279 videtur,
935 3209 1095 3282 quod
1117 3210 1263 3265 Acta
1283 3209 1410 3265 haac
1435 3225 1642 3282 pressa
1666 3207 1949 3280 simplici-

292 3316 409 3371 que
441 3299 714 3356 oratione
749 3301 872 3355 sint
899 3299 1259 3371 conscripta,
1287 3304 1487 3371 atque.

364 3389 425 3458 d)
458 3389 610 3444 mire
651 3388 772 3444 illis
802 3387 1227 3461 respondeant,
1261 3405 1392 3460 quae
1426 3387 1498 3443 ab
1525 3386 1777 3443 Eusebio
1804 3392 1864 3442 et
1895 3385 1950 3442 S.

291 3479 529 3534 Joanne
561 3478 986 3548 Chrysostomo
1029 3476 1102 3532 de
1165 3477 1446 3548 martyrio
1505 3477 1715 3549 lgnatii
1774 3475 1951 3531 doce-

293 3583 437 3624 mur
466 3567 599 3640 (94).

367 3657 424 3728 e)
445 3655 606 3711 Nihil
626 3654 885 3728 denique
913 3656 996 3711 ibi
1015 3655 1255 3728 legitur,
1277 3669 1414 3712 cum
1442 3654 1679 3727 Trajani
1703 3654 1955 3711 historia

293 3760 575 3818 pugnans
606 3744 743 3816 (95).

363 3833 734 3890 Testimonia
753 3849 888 3889 vero
912 3835 1188 3889 Veterum
1213 3851 1318 3906 pro
1349 3834 1508 3889 Actis
1537 3833 1756 3889 nostris
1787 3849 1818 3888 e
1849 3850 1952 3888 sex

284 3923 509 3995 primis
521 3940 653 3979 arm
667 3923 1015 3980 Christianas
1035 3923 1268 3980 saaculis
1280 3923 1532 3978 inveniri
1548 3940 1666 3978 non
1680 3930 1950 3995 possunt.

368 4013 464 4066 IV.
482 4012 852 4067 Postremam
873 4014 1153 4066 Actorum
1176 4012 1386 4084 lgnatii
1407 4018 1636 4082 partem
1664 4013 1950 4084 spuriam,

287 4107 353 4158 et
381 4102 462 4157 ab
494 4101 920 4173 interpolatore
943 4100 1202 4172 quodam
1223 4105 1510 4170 assutam,
1530 4101 1798 4158 arbitrati
1817 4106 1956 4157 sunt

295 4190 600 4261 Usserius,
635 4190 883 4246 Grabius
915 4194 975 4245 et
999 4189 1100 4244 alii
1128 4203 1145 4257 ;
1177 4189 1392 4262 causis,
1431 4194 1500 4245 ut
1526 4189 1673 4246 mihi
1701 4190 1953 4262 videtur,

295 4295 426 4335 non
463 4278 922 4335 sufficientibus.

372 4369 432 4441 a)
459 4370 831 4425 Postremam
861 4372 1146 4424 Actorum
1176 4373 1410 4440 partem
1447 4369 1509 4424 in
1541 4368 1730 4426 altera
1751 4371 1955 4426 Latina

297 4457 578 4514 versione
600 4457 820 4514 codicis
850 4457 1190 4513 Cottoniani
1221 4455 1449 4528 deesse,
1492 4458 1740 4514 minime
1771 4475 1955 4532 nega-

2059 530 2120 584 in
2153 529 2402 585 dubium
2428 536 2651 596 vocata,
2677 532 2737 586 in
2771 532 3039 587 versione
3070 530 3293 586 codicis
3332 531 3618 598 Caiensis,
3653 535 3712 586 et

2060 618 2258 674 Graeco
2291 619 2614 690 exemplari
2647 620 2991 676 Parisiensi.

2131 707 2188 775 b)
2219 708 2274 762 Si
2307 708 2585 764 Grabium
2620 709 2848 774 audias,
2893 713 3094 780 aperte
3143 709 3254 763 sibi
3308 708 3562 764 invicem
3615 725 3716 764 re-

2060 811 2324 868 pugnare
2356 797 2633 852 videntur
2663 798 2776 852 ista
2806 798 2984 853 verba
3015 814 3065 852 c.
3099 801 3151 865 7,
3186 813 3317 868 quae
3348 797 3409 852 in
3441 799 3709 852 versione

2058 889 2263 940 nostra
2293 885 2374 940 ita
2403 891 2649 940 sonant:
2684 889 2893 940 Horum
2923 902 3022 941 nos
3049 888 3160 955 ipsi
3187 892 3514 955 spectatores
3542 889 3709 957 facti,

2059 989 2179 1028 cum
2234 975 2297 1029 in
2347 974 2602 1043 lacrymis
2660 981 2834 1029 totam
2917 978 3128 1030 noctem
3201 977 3586 1044 emegissemus,
3658 982 3710 1030 et

2057 1063 2285 1131 genibus
2311 1063 2470 1131 ﬂexis
2517 1064 2804 1134 multaque
2852 1063 3106 1118 oratione
3156 1065 3469 1132 Dominum,
3515 1070 3578 1118 ut
3615 1079 3714 1119 nos

2056 1153 2302 1220 inﬁmos
2329 1152 2395 1206 de
2434 1152 2504 1206 iis
2559 1168 2678 1222 qaze
2733 1155 2892 1221 facta
2944 1156 3188 1222 fuerant,
3248 1159 3422 1208 certos
3478 1156 3711 1221 faceret,

2060 1256 2289 1296 essemus
2309 1244 2549 1312 precati,
2583 1246 2695 1297 etc.
2757 1241 2813 1295 Si
2855 1242 3015 1296 enim
3065 1241 3193 1296 haec
3240 1241 3414 1310 facta,
3464 1242 3712 1298 Grabius

2057 1329 2272 1400 inquit,
2337 1331 2577 1402 ipsimet
2621 1335 2984 1403 spectatores
3031 1330 3215 1386 oculis
3261 1336 3710 1403 usurpaverant,

2061 1419 2203 1490 quid
2233 1435 2381 1490 opus
2440 1427 2587 1489 erat,
2648 1419 2993 1476 ulteriorem
3051 1419 3120 1474 de
3181 1421 3254 1474 iis
3293 1420 3710 1477 certitudinem

2061 1523 2096 1562 a
2123 1509 2240 1564 Deo
2269 1509 2568 1580 postulare
2588 1509 2616 1564 ‘?
2646 1541 2714 1550 —
2744 1509 2857 1565 Sed
2888 1509 3138 1564 Grabius
3169 1510 3436 1565 Graecum
3483 1516 3709 1565 textum

2055 1596 2207 1653 male
2252 1597 2674 1668 interpretatus
2729 1600 2854 1653 haec
2912 1598 3170 1668 objecit;
3227 1595 3488 1651 αὐτόπται
3549 1599 3710 1653 enim

2057 1685 2141 1740 illi
2173 1704 2292 1742 non
2324 1687 2396 1742 de
2418 1694 2608 1743 morte
2643 1688 2867 1760 lgnatii,
2903 1687 3006 1742 sed
3037 1687 3109 1741 de
3150 1705 3218 1742 eo
3268 1689 3550 1743 certiores
3582 1683 3709 1743 ﬁeri

2059 1775 2355 1844 volebant,
2379 1793 2523 1832 num
2545 1777 2898 1848 martyrium
2916 1777 3045 1848 ejus
3066 1776 3186 1832 Deo
3209 1780 3712 1848 essetacceptum,

2061 1872 2127 1923 ut
2147 1867 2274 1940 jam
2303 1867 2568 1925 Clericus
2596 1869 2829 1923 monuit
2858 1868 2996 1939 (96).

2127 1958 2178 2028 c)
2210 1957 2446 2013 Falsum
2504 1973 2634 2013 esse
2684 1957 2992 2013 contendit
3043 1956 3314 2022 Grabius,
3377 1955 3536 2028 quod
3592 1973 3643 2011 c.
3679 1961 3710 2011 7

2053 2045 2315 2118 Ignatius
2344 2051 2618 2101 mortuus
2676 2045 2860 2102 fuisse
2909 2045 3143 2102 dicatur
3190 2045 3505 2101 consulibus
3557 2045 3711 2114 apud

2054 2138 2326 2191 Romanos
2353 2137 2554 2192 iterum
2581 2137 2806 2193 Sura‘et
2836 2137 3151 2207 Senecione,
3200 2137 3240 2189 i.
3293 2151 3346 2189 e.
3391 2151 3548 2189 anno
3582 2137 3707 2188 107.

2055 2225 2302 2281 Grabius
2323 2225 2508 2294 enim,
2567 2231 2633 2281 ut
2688 2242 2866 2297 supra
2915 2225 3191 2289 vidimus,
3239 2240 3420 2277 unam
3477 2228 3708 2278 tantum

2053 2315 2182 2387 Traj
2191 2315 2289 2370 ani
2304 2315 2742 2386 expeditionem
2766 2315 3101 2370 Parthicam
3117 2312 3711 2380 admittens,mortem

2055 2404 2111 2460 S.
2139 2403 2418 2474 martyris
2443 2419 2600 2459 anno
2634 2405 2736 2457 116
2765 2402 3062 2474 ascripsit.
3101 2403 3217 2458 Nos
3265 2406 3473 2457 contra
3522 2401 3707 2456 tutius

2054 2493 2410 2563 putavimus,
2434 2493 2603 2548 alteri
2619 2491 2900 2548 accedere
2928 2491 3397 2562 sententiae,quae
3411 2490 3704 2562 Ignatium

2055 2597 2215 2636 anno
2250 2584 2350 2636 107
2385 2599 2415 2637 e
2447 2581 2591 2636 vivis
2614 2581 2942 2637 decessisse
2980 2585 3206 2637 censet.

2125 2669 2184 2742 d)
2216 2669 2482 2740 Objectio
2542 2668 2783 2739 Usserii,
2839 2669 3070 2725 detecto
3130 2668 3451 2741 exemplari
3503 2670 3703 2724 Graeco

2063 2757 2272 2830 diluta,
2298 2759 2427 2831 jam
2447 2775 2484 2815 a
2507 2758 2718 2816 Grabio
2741 2765 2828 2816 est
2853 2758 3093 2816 omissa.
3128 2758 3401 2814 Usserius
3422 2757 3482 2812 in
3505 2758 3706 2813 codice

2057 2848 2288 2904 Caiensi
2321 2848 2554 2921 legebat
2606 2849 2682 2921 (c.
2742 2849 2839 2921 4):
2887 2866 2992 2920 per
3047 2864 3440 2905 rnmcsnsnrns
3499 2848 3710 2902 litteras

2055 2939 2272 3007 gratias
2308 2955 2499 3008 agens,
2533 2941 2817 3010 appositas
2849 2939 2923 2994 ad
2946 2942 3114 3010 ipsas,
3149 2943 3259 2996 etc.
3293 2939 3442 2994 Hinc
3489 2939 3573 2992 vir
3607 2937 3714 2992 do-

2059 3027 2360 3084 ctissimus
2390 3027 2703 3096 conclusit,
2735 3032 3101 3100 postremam
3148 3030 3432 3084 Actorum
3481 3032 3710 3098 partem

2065 3115 2138 3171 ab
2170 3115 2274 3172 illo
2305 3117 2592 3189 scriptore
2623 3117 2826 3174 saeculi
2857 3117 3050 3190 quinti
3081 3133 3210 3173 esse
3233 3116 3587 3184 confectam,
3607 3116 3712 3188 qui

2059 3207 2258 3262 Graeca
2280 3208 2425 3263 Acta
2445 3207 2507 3262 in
2530 3207 2798 3263 Latinam
2821 3223 3162 3264 sermonem
3181 3206 3710 3275 transtulit,exem-

2063 3295 2332 3367 plarique
2365 3312 2470 3352 suo
2502 3296 2768 3368 syllogen
2800 3296 3186 3369 epistolarum
3218 3295 3427 3369 lgnatii
3476 3311 3711 3367 praepo-

2065 3385 2183 3439 suit
2211 3403 2226 3452 ;
2261 3401 2440 3456 quam
2462 3387 2865 3456 praecedentem
2885 3385 3275 3458 epistolarum
3294 3384 3554 3458 syllogen
3580 3401 3713 3439 ver-

2063 3473 2154 3528 bis
2187 3474 2308 3530 illis
2329 3477 2698 3545 prwcedentes
2729 3475 2939 3530 litteras
2979 3475 3230 3531 indicari
3283 3475 3554 3530 Usserius
3606 3490 3713 3528 su-

2064 3564 2324 3635 spicatus
2355 3569 2464 3620 est.
2501 3565 2612 3620 Sed
2642 3566 2876 3622 Grieca:
3057 3559 3147 3618 διὰ
3200 3567 3309 3618 τῶν
3362 3560 3716 3640 ἡγουμένων,

2063 3653 2407 3728 γραμμάτων
2466 3651 2804 3728 εὖχαρίστων
2849 3650 3263 3730 ἰκπεμφθέντων
3313 3671 3366 3709 κ.
3419 3671 3470 3708 τ.
3525 3648 3580 3707 λ.
3633 3653 3716 3708 ita

2061 3742 2391 3799 reddantur
2421 3749 2690 3815 oportet:
2725 3750 2893 3814 utque
2923 3743 3194 3812 Ecclesiis,
3229 3759 3350 3813 quae
3379 3741 3492 3813 ipsi
3512 3759 3618 3814 per
3636 3759 3718 3797 re-

2060 3837 2237 3888 ctores
2301 3829 2671 3906 (ἡγουμένων)
2754 3849 2877 3888 suos
2948 3838 3324 3900 occurrerant,
3411 3832 3716 3887 mercedem

2061 3923 2335 3989 redderet,
2366 3924 2578 3992 gratias
2608 3939 2772 3993 agens
2813 3922 3014 3978 litteris
3063 3919 3456 3994 (γραμμάτων)
3513 3919 3584 3975 ad
3625 3935 3715 3976 eas

2061 4013 2237 4067 missis
2265 4012 2428 4079 (Cod.
2462 4011 2723 4067 Caiensis
2755 4011 2906 4066 male
2942 4026 2954 4064 :
2990 4011 3269 4081 appositas
3299 4010 3372 4062 ad
3414 4009 3603 4078 ipsas).

2132 4102 2405 4156 Cum‘res
2428 4101 2510 4155 ita
2532 4116 2595 4156 se
2618 4099 2853 4172 habeat,
2878 4097 3224 4171 objectioni,
3248 4097 3467 4152 Usserii
3486 4097 3712 4152 nullam

2063 4189 2180 4246 vim
2207 4189 2400 4247 inesse
2431 4189 2604 4246 facile
2639 4188 2985 4262 perspicies,
3018 4202 3212 4259 neque
3252 4186 3324 4243 de
3376 4187 3714 4259 integritate

2064 4281 2343 4335 Actorum
2375 4278 2694 4348 dubitabis,
2726 4278 2866 4335 licet
2895 4279 3145 4335 fortasse
3171 4277 3534 4350 paucissima
3555 4292 3717 4347 quaa-

2063 4368 2224 4438 dam,
2253 4373 2356 4424 aut
2383 4368 2524 4424 vitio
2556 4367 2939 4424 librariorum
2977 4372 3276 4439 corrupta,
3307 4371 3410 4423 aut
3436 4367 3716 4424 manibus

2063 4456 2458 4530 posteriorum
2489 4457 2690 4514 addita
2719 4459 2855 4513 sint.

297 4563 458 4615 mus,
490 4546 595 4602 sed
621 4548 781 4603 hunc
811 4545 1076 4603 codicem
1110 4546 1333 4602 nullius
1381 4548 1749 4604 auctoritatis
1797 4564 1950 4618 esse,
1977 4552 2026 4618 ι)
2137 4549 2201 4602 γ.
2233 4548 2379 4602 Acta
2408 4547 2667 4620 Martyrii
2697 4547 2752 4602 S.
2787 4547 2999 4618 lgnatii
3028 4546 3391 4618 interpolata
3421 4563 3454 4601 e
3496 4545 3714 4602 saeculo

298 4653 374 4691 ex
399 4636 497 4706 iis,
530 4651 664 4707 quas
695 4651 876 4708 supra
905 4637 932 4703 §
962 4635 986 4689 Ι
1016 4634 1299 4702 diximus,
1341 4635 1483 4691 satis
1529 4641 1812 4709 apparet;
1861 4637 1956 4693 lu-

298 4738 490 4795 ceque
523 4729 612 4780 est
641 4723 860 4780 clarius
889 4723 1279 4796 interpretem
1329 4723 1532 4790 istum,
1588 4725 1802 4798 lgnatii
1847 4725 1955 4781 ad-

295 4818 482 4870 ventu
510 4813 572 4869 in
602 4811 760 4869 Urbe
786 4817 1047 4881 narrato,
1080 4829 1116 4868 a
1143 4813 1400 4885 genuino
1429 4813 1711 4869 Actorum
1745 4831 1954 4870 exem-

303 4902 456 4975 plari
488 4902 562 4960 ad
600 4901 833 4959 fabulas
891 4901 1336 4974 interpolatoris
1390 4917 1520 4960 sese
1569 4904 1954 4962 convertisse.

368 5064 482 5141 (91)
516 5065 670 5141 lica
681 5063 844 5141 infra
867 5068 991 5121 not.
1021 5065 1057 5118 ι
1085 5063 1160 5141 ad
1192 5080 1243 5120 c.
1277 5068 1308 5119 5
1339 5066 1598 5141 Martyrii
1631 5066 1686 5121 S.
1721 5067 1845 5141 Ign.

370 5136 483 5210 (92)
516 5136 790 5210 Yindiciae
818 5138 964 5210 Ign.,
989 5139 1158 5208 parte
1188 5152 1250 5206 ιι,
1283 5153 1336 5192 c.
1368 5138 1458 5206 12,
1493 5136 1691 5210 supra.

373 5208 492 5282 (93)
523 5209 833 5278 Pearson.,
863 5209 907 5263 Ι.
941 5223 992 5263 c.

2063 4637 2300 4692 circiter
2337 4642 2526 4706 sexto,
2580 4638 2777 4694 Graece
2825 4637 3005 4694 habet
3053 4637 3478 4709 Metaphrastes
3524 4636 3600 4693 ad
3647 4639 3716 4690 20

2063 4728 2223 4796 Dec.,
2257 4731 2315 4782 et
2335 4727 2547 4783 exinde
2580 4727 2783 4784 Latine
2823 4728 3031 4784 Surius
3064 4731 3122 4782 et
3152 4727 3497 4797 Bollandus,
3520 4727 3716 4782 calen-

2065 4814 2156 4870 dis
2186 4815 2397 4882 Febr.;
2431 4818 2628 4872 Greece
2683 4821 2741 4872 et
2793 4817 2998 4872 Latine
3047 4817 3110 4872 in
3171 4816 3430 4874 editione
3489 4817 3720 4871 Patrum

2063 4903 2491 4975 apostolicorum
2517 4905 2870 4964 Cotelerius.

2159 5143 2250 5217 95)
2282 5143 2580 5217 Lumper.,
2612 5147 2654 5201 l.
2686 5163 2738 5201 c.

2158 5073 2228 5127 94
2287 5073 2584 5146 Lumper.,
2615 5077 2762 5131 Hist.
2796 5073 2964 5130 theol.
2996 5075 3146 5140 crit.,
3178 5078 3221 5127 t-
3248 5075 3292 5141 Ι,
3327 5089 3384 5143 p.
3417 5073 3544 5127 433.

2159 5075 2253 5217 95)
2282 5143 2580 5217 Lumper.,
2612 5147 2654 5201 l.
2686 5163 2738 5201 c.

2135 5070 2253 5288 ἓριζ
2287 5073 2584 5146 Lumper.,
2615 5077 2762 5131 Hist.
2796 5073 2964 5130 theol.
2996 5075 3146 5140 crit.,
3178 5078 3221 5127 t-
3248 5075 3292 5141 Ι,

2159 5145 2226 5198 95
2282 5143 2580 5217 Lumper.,
2612 5147 2654 5201 l.
2686 5163 2738 5201 c.

2161 5217 2252 5286 96)
2280 5215 2424 5271 Vide
2455 5222 2578 5274 not.
2617 5217 2692 5274 ad
2722 5233 2772 5271 c.
2807 5219 2839 5269 7
2872 5217 3106 5286 Martyr.
3141 5217 3326 5287 Ignat.

1675 5391 2328 5420 ἡ
