4112 6132
0 1957 71 2091 ’3

0 2085 74 2168 3::

5 2167 70 2198 ,Α-

0 2381 77 2436 '2

0 2475 75 2504 ..ιη’

0 2557 77 2632 aa:

0 2635 77 2670 ,δ’

0 2717 2 2724 τ
35 2677 76 2730 'r'

0 2747 76 2801 τςι

404 4655 643 4712 ἱιιΐηο.
674 4661 728 4715 7.
761 4662 818 4712 et
849 4655 924 4711 ad
953 4656 1123 4711 Phila

431 287 546 348 647
1392 287 1665 348 SANCTI
1714 287 2001 348 IGNA'I‘II
2049 287 2458 350 EPISTOLIE
2501 288 2896 351 GENUINIE.
3732 293 3852 354 648

431 420 594 476 enim
624 419 852 476 vinctus
881 435 1013 475 sum
1040 422 1283 492 propter
1301 435 1522 476 nomen
1546 420 1783 488 Christi,
1808 420 2078 477 nondum

2196 417 2420 493 δέδεμαι
2449 421 2559 494 (23)
2591 419 2642 475 έν
2671 424 2750 492 τῷ
2779 420 3027 494 ὀνόματι,
3063 417 3219 477 οὔπω
3269 421 3615 498 ἀπήρτισμαι
3645 421 3699 478 ἐν
3736 425 3853 495 Ἰη-

429 517 633 567 tamen
662 510 959 582 perfectus
992 526 1124 566 sum
1165 511 1226 564 in
1271 510 1409 565 Jesu
1438 509 1690 566 Christo.
1722 511 1890 566 Nunc
1921 511 2082 566 enim

2194 513 2294 564 σοῦ
2320 511 2560 584 Χριστῷ.
2596 515 2708 567 Νῦν
2769 513 2872 587 γὰρ
2931 511 3114 586 ἀρχὴν
3152 509 3270 586 ἔχω
3299 516 3397 567 τοῦ
3432 513 3853 586 μαθητεῦεσθαι,

428 601 652 672 incipio
682 599 1013 672 discipulus
1044 616 1195 666 esse,
1230 605 1287 654 et
1335 599 1610 670 alloquor
1641 617 1739 655 vos
1766 605 1832 655 ut
1861 600 2086 655 condo-

2196 599 2280 654 καὶ
2332 597 2635 672 προσλαλῶ
2688 600 2812 672 ὑμῖν
2864 600 2940 662 ὡς
2991 605 3100 672 (24)
3149 597 3660 664 ωνὸιδασκαλίταις
3722 624 3852 676 μου.

428 695 622 744 ctores
648 705 834 744 meos.
862 689 1009 743 Nam
1039 688 1350 760 oportebat
1372 705 1466 744 me
1487 704 1522 743 a
1544 689 1706 743 vobis
1739 689 2082 744 confirmari

427 777 567 846 ﬂde,
591 777 1020 848 admonitione,
1043 779 1349 849 patientia,
1375 779 1923 849 aquanimitateAt
1948 795 2084 834 cum

425 867 685 922 Charitas
715 884 837 923 non
881 867 1039 922 sinat
1092 884 1188 922 me
1220 873 1415 924 tacere
1447 867 1519 923 de
1548 868 1734 936 vobis,
1767 873 2084 940 propterea

423 959 712 1013 anteverti
733 973 834 1013 vos
857 957 1200 1025 admonere,
1222 963 1289 1012 ut.
1333 957 1628 1013 uniamini
1677 957 1737 1011 in
1786 958 2082 1012 sententia

424 1046 549 1101 Dei.
600 1046 832 1101 Etenim
874 1047 1042 1101 Jesus
1090 1046 1375 1114 Christus,
1427 1045 1846 1117 inseparabilis
1878 1051 2082 1101 nostra

422 1135 561 1203 vita,
592 1135 890 1190 sententia
919 1135 1108 1190 Patris
1131 1140 1239 1202 est,
1258 1141 1323 1189 ut
1345 1140 1402 1189 et
1422 1135 1707 1206 episcOpi,
1730 1151 1837 1206 per
1858 1139 2080 1192 tractus

421 1230 596 1280 terra;
629 1225 953 1297 constituti,
981 1223 1044 1281 in
1074 1224 1372 1282 sententia
1398 1226 1535 1280 Jesu
1565 1224 1780 1280 Christi
1811 1229 1971 1285 sunt.

2195 689 2324 762 ἰςμέ
2366 689 2468 763 γὰρ
2522 685 2629 742 ἔδει
2692 688 2778 766 ὑφ’
2836 689 2988 762 ὑμῶν
3044 693 3157 762 (25)
3217 689 3620 768 ὓπαλειφθῆναι
3650 692 3849 766 πίστει,

2193 778 2462 849 νουθεσίᾳ,
2497 778 2773 852 ὑπομονῇ,
2824 779 3196 852 μακροθυμίᾳ.
3250 779 3412 836 Ἀλλ’
3450 779 3565 837 ἐπεὶ
3597 783 3632 850 ἡ
3665 782 3844 858 ἀγάπη

2194 867 2291 923 οὐκ
2319 865 2379 937 Ei
2412 887 2478 941 με
2509 871 2716 938 σιωπᾷν
2766 867 2891 942 περὶ
2943 867 3119 942 ὑμῶν,
3153 871 3263 942 (26)
3291 865 3380 922 διὰ
3406 869 3569 924 τοῦτο
3600 869 3844 944 προέλα-

2192 953 2287 1011 ϐον
2333 955 2666 1030 παρακαλεῖν
2737 957 2901 1030 ὑμᾶς,
2962 957 3114 1020 ὅπως
3171 960 3502 1033 συντρέχητε
3530 962 3600 1032 τῇ
3641 959 3841 1035 γνώμῃ

2187 1051 2286 1102 τοῦ
2339 1050 2494 1101 Θεοῦ.
2553 1047 2658 1102 Καὶ
2713 1047 2816 1121 γὰρ
2877 1047 3091 1117 Ἰησοῦς
3144 1047 3400 1122 Χριστὸς,
3450 1048 3513 1103 τὸ
3545 1050 3656 1121 (27)
3689 1044 3846 1102 ἂδιά-

2189 1155 2372 1210 κριτον
2405 1139 2568 1209 ἡμῶν
2599 1139 2717 1210 ζῇν,
2771 1138 2885 1209 (28)
2932 1140 3028 1191 τοῦ
3088 1138 3297 1212 Πατρὸς
3330 1139 3366 1206 ἡ
3399 1138 3617 1213 γνώμη,
3647 1138 3721 1198 ὡς
3751 1137 3842 1192 καὶ

2189 1225 2241 1280 οἱ
2293 1223 2606 1295 ἒπίσκοποι,
2654 1226 2706 1280 οἱ
2779 1227 2892 1296 (29)
2949 1226 3087 1280 κατά
3140 1226 3208 1281 τὰ
3258 1227 3466 1302 πέρατα
3521 1226 3843 1300 ὁρισθέντες,

2189 1316 2302 1390 (30)
2335 1315 2388 1370 έν
2421 1316 2601 1385 Ἰησοῦ
2633 1319 2870 1390 Χριστοῦ
2900 1314 3096 1390 γνώμῃ
3125 1315 3280 1372 εἰσίν.

1344 1433 1434 1487 IV.
1464 1433 1796 1504 Presbyter-ii
1833 1434 2103 1488 unitatem
2152 1447 2273 1488 cum
2304 1434 2558 1502 episcopo
2586 1433 2902 1487 imitemini.

493 1541 657 1598 Unde
689 1541 862 1598 decet
889 1557 989 1596 vos
1032 1540 1093 1595 in
1145 1540 1408 1613 episcopi
1439 1542 1798 1597 sententiam
1828 1556 2082 1597 concur-

419 1647 573 1700 rere,
601 1630 760 1703 quod
804 1635 864 1686 et
903 1630 1117 1686 facitis.
1177 1631 1323 1685 Nam
1383 1630 1770 1686 memorabile
1817 1635 2077 1686 vestrum

420 1720 880 1792 presbyterium,
913 1719 1158 1791 dignum
1184 1719 1321 1788 Deo,
1345 1719 1428 1775 ita
1457 1725 1796 1793 coaptatum
1827 1725 1920 1775 est
1949 1721 2078 1790 epi-

2261 1542 2376 1610 (31)
2405 1539 2564 1602 ’Όθεν
2596 1538 2792 1612 πρέπει
2853 1536 2982 1610 ὑμῖν
3017 1539 3324 1616 συντρέχειν
3380 1540 3450 1612 τῇ
3495 1542 3594 1594 τοῦ
3624 1536 3842 1594 ἐπισκό-

2188 1649 2294 1684 που
2322 1629 2542 1704 γνώμῃ,
2577 1626 2712 1702 ὅπερ
2763 1627 2856 1683 καὶ
2893 1633 3120 1685 ποιεῖτε.
3180 1628 3251 1682 Τὸ
3308 1629 3410 1703 γὰρ
3450 1628 3841 1701 ἇξιονόμαστον

2189 1718 2342 1791 ὑμῶν
2401 1711 2812 1793 πρεσϐυτέριον,
2865 1721 2962 1772 τοῦ
3023 1720 3156 1772 Θεοῦ
3208 1715 3376 1787 ἄξιον,
3419 1715 3596 1780 οὕτως
3637 1718 3840 1792 συνήρο

419 1825 618 1880 scopo,
641 1815 708 1865 ut
735 1809 970 1865 chordaa
1003 1810 1262 1864 citharas.
1287 1811 1536 1880 Propter
1558 1811 1666 1866 hoc
1687 1811 1749 1865 in
1771 1826 2073 1866 consensu

2196 1829 2383 1882 μοσται
2443 1813 2525 1881 τῷ
2573 1806 2878 1880 ἐπισκὸπῳ,
2939 1809 3052 1882 (32)
3109 1809 3186 1872 ὡς
3243 1804 3442 1882 χορδαὶ
3495 1807 3705 1882 κιθάρᾳ.
3742 1809 3840 1862 Διᾶ

416 1904 608 1953 vestro
636 1905 696 1955 et
713 1898 993 1955 concordi
1015 1899 1300 1954 charitate
1331 1900 1498 1954 Jesus
1519 1899 1786 1954 Christus
1817 1899 2068 1957 canitur.

417 1988 532 2043 Sed
565 1994 623 2043 et
652 2005 752 2044 vos
789 1989 1004 2060 singuli
1055 1989 1273 2044 chorus
1321 1993 1530 2054 estote,
1591 1993 1657 2043 ut
1686 1989 1932 2043 consoni
1966 2005 2072 2060 per

411 2077 814 2145 concordiam,
839 2077 1026 2132 melos
1043 2077 1146 2132 Dei
1178 2077 1536 2149 recipientes
1568 2077 1630 2131 in
1655 2078 1818 2132 unita
1830 2083 1904 2145 te,
1925 2093 2067 2132 can-

412 2166 551 2220 tetis
581 2183 720 2222 voce
751 2182 871 2222 una
927 2183 1032 2236 per
1069 2167 1268 2221 Jesum
1299 2166 1598 2221 Christum
1628 2167 1788 2220 Patri
1814 2183 1826 2232 ;
1861 2181 1979 2236 quo
2013 2169 2073 2220 et

410 2271 512 2310 vos
543 2255 766 2320 audiat,
787 2259 847 2311 et
869 2260 1151 2325 agnoscat
1166 2272 1238 2310 ex
1259 2256 1350 2319 iis,
1372 2271 1504 2325 quas
1535 2255 1685 2310 bene
1716 2255 2066 2326 operamini,

412 2345 681 2400 membra
711 2360 838 2400 esse
871 2361 970 2398 vos
1023 2343 1153 2398 Filii
1208 2344 1416 2416 ipsius.
1450 2343 1602 2398 Utile
1633 2344 1834 2414 itaque
1865 2349 1973 2412 est,
2007 2345 2069 2399 in

411 2433 796 2490 immaculata
825 2434 1052 2488 unitate
1081 2450 1178 2488 vos
1204 2449 1356 2504 esse,
1383 2438 1450 2488 ut
1480 2438 1538 2488 et
1569 2449 1806 2504 semper
1836 2433 2072 2504 partici-

412 2522 566 2592 petis
596 2522 739 2578 Deo.

2184 1903 2344 1954 τοῦτο
2373 1897 2426 1952 έν
2450 1900 2520 1971 τῇ
2552 1898 2786 1970 ὁμονοίᾳ
2820 1897 2972 1970 ὑμῶν
3033 1897 3124 1952 καὶ
3182 1897 3463 1971 συμφώνῳ
3511 1895 3694 1973 ἀγάπῃ
3722 1897 3839 1966 Ἰη-

2183 1992 2310 2051 σοῦς
2364 1988 2597 2062 Χριστὸς
2655 1985 2860 2057 ᾅδεται.
2929 1986 3033 2043 Καὶ
3091 1989 3142 2040 οἱ
3198 1989 3316 2041 κατ’
3372 1984 3536 2060 ἄνδρα
3568 1983 3625 2040 δὲ
3664 1986 3836 2063 χορὸς

2180 2077 2414 2151 γίνεσθε,
2444 2077 2535 2130 ἳνα
2568 2075 2856 2150 σύμφωνοι
2887 2075 3033 2138 ὄντες
3071 2075 3124 2130 ἐν
3176 2074 3428 2148 ὁμονοίᾳ,
3461 2081 3668 2153 χρῶμα
3698 2077 3836 2129 Θεοῦ

2181 2161 2442 2226 λαϐόντες
2490 2163 2541 2218 ἔν
2594 2164 2834 2234 δνότητι,
2877 2162 3064 2237 ᾃδητε,
3093 2163 3146 2219 ὲν
3199 2167 3353 2242 φωνῆ
3389 2168 3488 2237 μιᾷ
3519 2161 3608 2218 διὰ
3653 2164 3838 2233 Ἰησοῦ

2179 2255 2414 2328 Χριστοῦ
2443 2251 2523 2326 τῷ
2555 2252 2748 2327 Ηατρὶ,
2777 2251 2870 2307 ’ἕνα
2901 2252 3053 2325 ὑμῶν
3085 2253 3172 2307 καὶ
3206 2251 3437 2326 ἀκούσῃ,
3463 2251 3554 2306 καὶ
3589 2253 3698 2324 (33)
3729 2251 3841 2305 ἐπι-

2179 2343 2483 2416 γινώσκων,
2527 2338 2596 2396 δι’
2648 2342 2721 2395 ὧν
2775 2339 2832 2395 εὖ
2889 2341 3176 2417 πράσσετε,
3213 2339 3354 2413 μέλη
3396 2337 3552 2402 ὄντας
3581 2343 3676 2394 τοῦ
3709 2341 3837 2393 Υἱοῦ

2181 2431 2369 2488 αὐτοῦ.
2403 2432 2694 2506 Χρήσιμον
2727 2429 2818 2485 οὖν
2851 2429 3014 2500 ἐστιν,
3056 2430 3198 2504 ὑμᾶς
3252 2427 3307 2484 ἐν
3360 2428 3582 2502 ἀμώμῳ
3616 2429 3833 2498 ὶνοτητι

2182 2520 2335 2587 εἶναι,
2357 2518 2450 2574 ’ἱνα
2473 2519 2564 2574 καὶ
2596 2522 2731 2574 Θεοῦ
2760 2521 2989 2576 πάντοτε
3023 2518 3308 2595 μετέχητε.

1554 2632 1617 2688 ν.
1658 2632 1809 2686 Laus
1853 2637 1909 2686 et
1950 2629 2166 2686 utilitas
2211 2631 2378 2702 hujus
2434 2634 2685 2687 unitatis.

482 2740 540 2795 Si
571 2741 731 2796 enim
760 2756 864 2813 ego
891 2740 1049 2796 brevi
1076 2740 1360 2811 temporis
1383 2740 1572 2811 spatio
1605 2740 1784 2795 talem
1813 2756 2067 2795 consue-

411 2829 678 2885 tudinem
719 2831 982 2886 contraxi
1019 2847 1153 2885 cum
1198 2831 1478 2901 episcopo
1536 2836 1750 2898 vestro,
1783 2847 1914 2900 qua)
1948 2847 2066 2884 non

2253 2741 2368 2812 (34)
2401 2738 2461 2794 Εἰ
2514 2738 2619 2814 ηὰρ
2669 2737 2775 2814 ἐγὼ
2825 2737 2877 2793 έν
2934 2743 3114 2814 μικρῷ
3163 2739 3352 2816 χρόνῳ
3379 2738 3638 2808 τοιαύτην
3672 2739 3836 2807 συνή-

2179 2831 2323 2882 Θειαν
2356 2825 2519 2902 ἔσχον
2551 2829 2688 2900 πρὸς
2730 2829 2824 2882 τὸν
2884 2826 3179 2882 ἐπίσκοπον
3233 2828 3408 2900 ὑμῶν,
3460 2827 3560 2881 οὐκ
3598 2829 3711 2900 (35)
3739 2825 3834 2880 ἂν·

415 2920 698 2987 humana,
758 2920 861 2974 sed
919 2920 1287 2991 spiritualis;
1347 2925 1569 2989 quanto
1629 2936 1727 2973 vos
1773 2919 2067 2973 beatiores

2196 2919 2464 2992 )ρωπίνην
2495 2917 2678 2986 οὖσαν,
2745 2915 2892 2971 ἀλλὰ
2951 2918 3350 2989 πνευματικὴν,
3409 2936 3564 2988 ποσῳ
3616 2913 3830 2987 μᾶλλον

409 3008 639 3079 judico,
671 3007 1026 3078 conjunctos
1057 3008 1108 3062 ei
1142 3007 1312 3062 sicuti
1346 3007 1609 3062 Ecclesia
1635 3008 1774 3061 Jesu
1804 3007 2065 3070 Christo,

2181 3005 2319 3078 ὑμᾶς
2384 3007 2691 3080 μακαρίζω,
2747 3004 2876 3067 τοὺς
2963 3005 3393 3080 ἐγκεκραμένους
3461 3008 3571 3076 (36)
3637 3003 3833 3073 οὕτως,

413 3103 472 3152 et
498 3098 667 3153 Jesus
698 3097 965 3152 Christus
1023 3096 1214 3163 Patri;
1274 3102 1338 3150 ut
1369 3096 1570 3150 omnia
1601 3096 1889 3150 unitatem
1923 3113 2067 3150 con-
2099 3094 2100 3115 ‘

2202 3099 2294 3164 37)
2337 3068 2410 3155 die
2443 3097 2478 3164 ἡ
2516 3093 2810 3164 Ἐκκλησία
2868 3068 3048 3164 Ἰησοῦ
3104 3068 3351 3167 ὶξριστῷ,
3409 3093 3500 3148 καὶ
3554 3094 3628 3154 ὡς
3659 3094 3686 3146 ὁ
3717 3095 3832 3163 Ἰη-

1873 3205 2038 3258 Vetus
2078 3206 2367 3274 interpres.

410 3315 469 3368 in
500 3314 637 3367 Jesu
667 3311 918 3366 Christo.
952 3313 1117 3366 Nunc
1149 3315 1347 3383 autem
1379 3310 1740 3383 principium
1767 3310 1956 3366 habeo
1984 3309 2328 3367 addiscendi
2358 3328 2370 3377 ;
2423 3318 2482 3367 et
2523 3312 2796 3383 alloquor
2824 3327 2946 3383 vos,
2982 3316 3048 3365 ut
3080 3311 3352 3367 doctores
3387 3312 3523 3366 mei.
3557 3313 3642 3366 Me
3671 3311 3828 3367 enim

407 3385 670 3456 oportuit
694 3401 727 3439 a
757 3383 920 3456 vobis
951 3383 1168 3453 suscipi
1203 3382 1339 3456 ﬁde,
1373 3381 1797 3456 admonitione,
1855 3383 2230 3447 sustinentia,
2283 3381 2757 3455 longanimitate.
2808 3382 2921 3437 Sed
2951 3383 3092 3456 quia
3127 3383 3383 3456 Charitas
3410 3399 3529 3437 non
3562 3384 3704 3438 sinit
3734 3399 3830 3456 me

407 3454 712 3536 silere-pro
742 3454 906 3509 vobis
932 3470 950 3536 ξ
979 3459 1222 3536 propter
1250 3454 1362 3507 hoc
1394 3454 1800 3536 praeoccupavi
1833 3470 2041 3536 rogare
2073 3471 2196 3536 vos,
2222 3459 2289 3536 ut
2310 3454 2677 3536 concurratis
2709 3455 3020 3536 sententiae
3055 3456 3180 3536 Dei.
3207 3455 3436 3536 Etenim
3465 3455 3827 3536 JesusIChri-

406 3534 557 3592 stus,
589 3525 1054 3598 incomparabile
1086 3530 1360 3581 nostrum
1391 3525 1602 3594 vivere,
1635 3525 1826 3580 Patris
1858 3525 2189 3593 sententia;
2213 3530 2357 3582 utet
2387 3527 2499 3597 ipsi
2533 3526 2864 3584 secundum
2895 3531 3069 3582 terra:
3100 3527 3248 3583 ﬁnes
3278 3525 3660 3581 determinati
3687 3527 3824 3582 Jesu

408 3599 625 3654 Christi
658 3597 954 3654 sententia
984 3601 1141 3653 sunt.

1928 3685 2161 3743 CAPUT
2200 3689 2290 3742 ιν.

475 3776 637 3832 Unde
668 3775 839 3832 decet
867 3792 973 3848 vos,
999 3789 1351 3848 concurrere
1384 3773 1642 3848 episcopi
1675 3774 2023 3848 sententias:
2060 3775 2218 3846 quod
2252 3782 2309 3830 et
2338 3777 2553 3832 facitis.
2590 3777 2772 3848 Digne
2807 3777 2962 3832 enim
2990 3772 3352 3848 nominabile
3382 3776 3640 3825 vestrum
3673 3787 3811 3848 pre-

405 3848 752 3920 sbyterium,
780 3849 897 3903 Deo
921 3846 1188 3920 dignum,
1212 3846 1295 3900 sic
1318 3845 1741 3920 concordaturn
1764 3850 1854 3900 est
1875 3845 2173 3920 episcopo,
2193 3852 2260 3902 ut
2277 3848 2513 3920 chorda:
2533 3845 2798 3905 citharae.
2819 3851 3063 3918 Propter
3085 3847 3195 3901 hoc
3222 3845 3283 3898 in
3306 3858 3600 3920 consensu
3624 3846 3816 3920 vestro

414 3914 768 3974 et'consona
797 3914 1083 3992 charitate
1114 3919 1294 3992 Iesus
1310 3917 1576 3992 Christus
1606 3917 1858 3992 canitur.
1888 3914 2000 3972 Sed
2033 3914 2096 3992 et
2116 3919 2332 3992 singuli
2364 3920 2580 3975 chorus
2611 3920 2748 3975 facti
2783 3914 2958 3986 estis}
2995 3923 3071 3992 ut
3099 3916 3340 3992 consoni
3373 3914 3725 3992 exsisteintes
3756 3914 3820 3968 in

411 4007 729 4057 consensu,
762 3990 952 4045 melos
978 3989 1078 4044 Dei
1111 3988 1472 4062 accipientes
1504 3987 1564 4042 in
1594 3988 1844 4055 unitate,
1876 3990 2127 4062 cantetis
2167 3985 2250 4062 ini
2277 4007 2420 4047 voce
2469 4007 2587 4046 una
2617 4007 2722 4062 per
2749 3985 2953 4046 Jesum
2979 3985 3461 4062 ChristumPatri
3487 4001 3502 4051 ;
3535 3991 3601 4039 ut
3632 3990 3693 4062 et
3720 4001 3824 4039 vos

402 4063 622 4134 audiat,
657 4068 716 4118 et
746 4065 1059 4134 cognoscat
1088 4077 1192 4132 per
1222 4057 1399 4131 quem
1431 4059 1653 4134 bonum
1687 4061 2041 4130 operamini,
2074 4060 2343 4117 membra
2376 4057 2734 4118 exsistentes
2766 4063 2896 4117 Filii
2943 4063 3150 4133 ipsius.
3188 4058 3336 4115 Utile
3369 4057 3548 4129 igitur
3579 4061 3690 4126 est,
3723 4073 3824 4110 vos

401 4133 464 4188 in
495 4131 879 4190 immaculata
905 4131 1133 4188 unitate
1165 4148 1294 4188 esse
1324 4148 1337 4196 ;
1371 4137 1435 4186 ut
1467 4136 1524 4185 et
1555 4131 1672 4186 Deo
1706 4147 1941 4202 semper
1970 4133 2356 4204 participetis.

1937 4240 2165 4296 CAPUT
2213 4243 2276 4298 V.

473 4347 530 4402 Si
562 4346 721 4402 enim
755 4362 860 4420 ego
893 4346 959 4420 in
984 4361 1160 4420 parvo
1192 4350 1458 4417 tempore
1490 4344 1670 4399 talem
1702 4344 2198 4420 consuetudinem
2230 4347 2396 4420 tenui
2430 4346 2504 4402 ad
2535 4348 2882 4420 episcopum
2912 4352 3194 4420 vestrum,
3220 4361 3340 4420 non
3365 4345 3685 4420 humanam
3717 4355 3825 4420 ex-_-

403 4419 715 4472 sistentem
743 4414 847 4472 se'd
875 4414 1246 4487 spiritualem
1273 4434 1286 4482 ;
1318 4414 1542 4488 quanto
1575 4417 1761 4488 magis
1788 4433 1886 4471 vos
1917 4417 2216 4485 beatiﬂco,
2265 4414 2620 4491 conjunctos
2672 4414 2758 4474 sic
2804 4424 2870 4474 ut
2916 4419 3185 4473 Ecclesia
3225 4418 3361 4472 Jesu
3391 4414 3642 4481 Christo,
3675 4417 3735 4466 et
3758 4417 3824 4466 ut

475 4587 585 4657 (23)
618 4587 818 4640 Nomen
849 4584 1117 4640 absolute
1126 4601 1256 4710 dpro
1294 4588 1513 4640 nomine
1542 4586 1747 4641 Christi
1780 4586 1963 4642 habes
1992 4591 2060 4643 ut
2087 4591 2135 4656 Ι)
2169 4589 2350 4644 etiam
2380 4589 2587 4643 unitus
2611 4594 2701 4643 est
2722 4588 2951 4642 Christo
2977 4605 2990 4651 ;
3022 4592 3080 4641 et
3102 4587 3202 4656 qui
3233 4588 3436 4642 unitus
3459 4592 3548 4642 est
3566 4584 3819 4650 Christo,

475 4657 561 4710 ira
593 4674 643 4710 c.
674 4661 728 4710 7.
761 4662 818 4710 et
849 4655 924 4710 ad
953 4656 1123 4710 Phila
1171 4695 1209 4710 ..
1237 4673 1288 4710 c.
1327 4660 1411 4710 10.
1442 4657 1744 4710 JACOBSON.
2169 4662 2347 4710 etiam
2381 4659 2582 4710 unitus
2613 4664 2702 4710 est
2731 4659 2911 4710 Patri.
2947 4657 3062 4710 Cfr.
3097 4659 3305 4710 Bothe.
3341 4661 3498 4710 Ant.
3533 4672 3663 4710 nan.
3686 4657 3819 4708 471·

1171 4695 1209 4723 ’ν

1237 4673 1288 4710 c.
1327 4660 1411 4711 10.
1442 4657 1744 4712 JACOBSON.

2169 4662 2348 4714 etiam
2381 4659 2582 4715 unitus
2613 4664 2702 4714 est
2731 4659 2911 4714 Patri.
2947 4657 3062 4713 Cfr.
3097 4659 3305 4727 Bothe,
3341 4661 3498 4727 Anf.,
3533 4672 3663 4728 pag.
3686 4657 3820 4708 471·

476 4727 666 4811 (24)
723 4744 774 4783 e.
836 4732 1101 4811 «printer
1155 4727 1450 4811 Christum
1504 4745 1607 4784 vos
1656 4735 2056 4802 prmoeptores
2167 4732 2292 4811 478:

401 4798 716 4880 meiestis,
748 4821 778 4851 »
835 4805 902 4855 ut
930 4815 1000 4880 e_x
1033 4815 1120 4869 sq.
1154 4804 1336 4880 patet.

2237 4802 2352 4872 (31)
2380 4803 2587 4856 Totum
2619 4807 2795 4874 caput
2823 4805 3103 4873 quartum
3124 4799 3290 4856 deest
3319 4799 3382 4855 in
3411 4798 3684 4855 versione
3714 4797 3819 4870 Sy-

469 4872 584 4944 (25)
613 4872 657 4926 Ι.
691 4887 743 4944 e.
777 4893 805 4921 «
837 4871 1001 4941 ungi,
1049 4869 1314 4938 excitari,
1350 4869 1586 4939 instrui,
1627 4870 1702 4927 ad
1751 4877 2054 4931 certamen
2166 4869 2350 4930 riaca.

401 4942 746 5016 prmparari.
781 4965 809 4993 »
840 4944 1117 5016 Peansou.

2233 4944 2367 5016 (32),
2384 4943 2604 5016 Eadem
2649 4943 3043 5000 similitudine
3073 4943 3262 5000 utitur
3290 4948 3492 4999 noster
3531 4941 3708 4998 etiam
3754 4939 3818 4994 in

470 5012 583 5088 (26)
615 5015 965 5088 Respexisse
1012 5012 1244 5068 videtur
1283 5014 1345 5069 Β.
1393 5014 1568 5070 Pater
1605 5013 1662 5069 S.
1694 5016 1944 5072 Paulum
1977 5016 2052 5074 ad

2196 5012 2264 5088 ἕρ.
2300 5012 2375 5070 ad
2404 5015 2656 5088 Philad.,
2690 5033 2740 5073 e.
2773 5033 2811 5074 ι.
2847 5018 3044 5072 Ussan.

404 5086 683 5156 Pbilem.,
715 5086 770 5154 8',
800 5089 853 5142 9.
877 5087 998 5141 JAc.

465 5160 580 5231 (27)
613 5155 728 5214 Cfr.
761 5157 918 5231 intra
945 5155 1018 5213 ad
1049 5156 1250 5231 Trall,
1286 5160 1494 5231 e._t,et
1521 5158 1689 5231 Joan.
1717 5174 1809 5225 xv,
1843 5161 1874 5212 5
1899 5175 1913 5224 ;
1945 5161 2053 5213 Co-

489 5375 581 5443 28)
609 5372 724 5428 Cfr.
753 5373 965 5430 Joann.
1012 5388 1122 5444 xxv,
1155 5375 1222 5444 9;
1255 5372 1456 5428 Matth.
1487 5387 1565 5442 x1,
1597 5374 1685 5425 27.

466 5373 582 5515 (29)
613 5474 680 5486 -
709 5441 763 5497 έν
806 5442 952 5515 πάσῃ
981 5443 1052 5514 τῇ
1099 5439 1410 5515 οἰκουμένῃ.
1455 5441 1572 5498 Cfl'.
1603 5444 1685 5515 lg!

491 5439 680 5517 29)-
701 5441 763 5517 tv
806 5442 952 5517 πάσῃ
981 5443 1052 5514 τῇ
1099 5439 1410 5516 οἰκουμένῃ.
1437 5439 1572 5517 ACfr'.
1603 5444 1729 5516 Ign.
1761 5441 1836 5499 ad
1875 5445 2042 5500 Rom.

393 5530 443 5570 e.
476 5513 798 5586 v7.7hothe,
827 5513 988 5584 Anf.,
1015 5531 1076 5586 ρ.
1106 5517 1232 5586 472,
1261 5513 1390 5571 not.
1412 5515 1550 5586 7160.

461 5585 552 5658 30)
583 5585 692 5652 Qui
722 5586 783 5640 in
814 5585 1116 5643 sententia
1158 5585 1422 5658 episcopi
1457 5590 1549 5642 est
1578 5587 1670 5657 (Ξ
1701 5585 1910 5646 unitus
1941 5587 2042 5663 ei),

2232 5088 2346 5161 (3_3)
2375 5087 2500 5161 vet.
2534 5078 2828 5160 interpres
2851 5088 3141 5161 _legebat:
3193 5084 3281 5140 καὶ
3340 5083 3695 5160 έπιγινώσκῃ,
3720 5078 3819 5161 ’δι’

2159 5157 2218 5212 ὃν
2239 5155 2307 5212 ἐῦ
2329 5155 2623 5231 πράσσετε,
2651 5155 2712 5214 at:
2747 5181 2798 5218 τ.
2851 5157 2906 5216 λ.
2931 5155 3010 5216 'et
3058 5165 3366 5230 cognoscat,
3391 5155 3497 5229 per
3525 5155 3684 5226 quem
3718 5155 3816 5209 bo-

394 5227 537 5303 loss.
564 5227 649 5303 tu,
680 5231 734 5285 4.
769 5229 1024 5298 Sensus;
1060 5249 1090 5279 «
1123 5228 1302 5284 Plane
1335 5227 1399 5284 in
1431 5245 1498 5284 eo
1529 5229 1799 5299 vivimus,
1833 5235 1893 5284 et
1923 5231 2048 5303 ipse
2157 5246 2288 5286 num
2319 5227 2648 5302 operamini,
2684 5237 2794 5288 etc.

395 5302 458 5356 in
489 5301 682 5357 nobis.
721 5320 748 5353 ι

2252 5301 2553 5378 ξξῖξγτιιε
2585 5311 2762 5378 caput
2791 5305 3069 5378 quintum
3100 5301 3319 5378 omisit.

2252 5303 2343 5371 34)
2373 5303 2553 5374 Syrus
2585 5311 2762 5378 caput
2791 5305 3069 5376 quintum
3100 5303 3319 5357 omisit.

2228 5303 2434 5450 $515)}.
2491 5391 2544 5432 e.
2601 5374 2738 5430 κατὰ
2793 5375 2984 5450 σάρκα,
3017 5372 3254 5446 qualem
3293 5371 3567 5430 homines
3595 5367 3815 5426 seaculo

2155 5443 2374 5501 addicti
2405 5453 2704 5504 exercent.

2228 5515 2343 5658 (36)
2374 5516 2471 5598 se.
2501 5515 2648 5590 αὐτῷ
2675 5521 2883 5589 Bothe,
2916 5519 3078 5586 Anf.,
3200 5516 3326 5571 450.

2253 5589 2316 5640 37
2371 5586 2514 5643 Vide
2545 5592 2753 5658 Rothe,
2785 5593 2941 5658 Anf.,
2973 5605 3030 5658 p.
3066 5589 3100 5642 4
3140 5591 3194 5645 7.

2253 5586 2342 5658 37)
2371 5586 2514 5643 Vide
2545 5586 2753 5659 Rothe,
2785 5586 2941 5660 Anf.,
2973 5605 3030 5660 p.
3066 5586 3194 5645 467.
