4112 6132
359 272 472 340 651

1306 259 1586 325 SANCTI
1637 251 1933 318 IGNATlI
1977 251 2394 314 EPISTOLIB
2435 252 2835 316 GENUINIE.

3671 252 3796 317 052

367 428 489 469 non
517 410 731 475 factus,
765 403 828 461 in
884 401 1126 459 homine
1175 399 1466 457 exsistens
1522 397 1699 461 Deus,
1730 392 1793 446 in
1834 395 2024 446 morte

2157 407 2321 456 νητος,
2359 385 2410 441 ἐν
2441 389 2594 475 σαριιὶ
2629 385 2917 475 γενόμενος
2952 384 3104 452 Θεὸς,
3158 383 3213 441 ἐν
3262 387 3371 459 (50)
3419 382 3635 459 θανάτῳ
3672 387 3789 456 ζωὴ

369 502 488 556 vita
516 515 673 566 vera,
708 501 767 552 et
796 510 864 550 ex
896 492 1076 549 Maria
1131 496 1191 547 et
1242 506 1313 545 ex
1360 489 1501 554 Deo,
1542 485 1802 557 primum
1834 479 2021 553 passio

2134 475 2388 544 ἀληθινὴ,
2420 475 2510 530 iui
2542 473 2602 530 ἐκ
2647 474 2860 549 Μαρίας
2913 473 3005 529 καὶ
3064 473 3124 529 ἐκ
3179 477 3337 546 Θεοῦ,
3366 477 3584 547 πρῶτον
3615 475 3791 545 παθη-

369 590 508 648 bilis
538 594 598 645 et
626 564 772 644 tunc
803 580 1213 656 impassibilis,
1235 581 1373 636 Jesu
1393 576 1714 641 Christum,
1736 571 2024 629 Dominus

2157 566 2225 625 ὸς
2252 565 2342 619 καὶ
2400 564 2524 620 τότε
2576 567 2689 639 (51)
2747 566 2984 636 ἀπαθὴς,
3041 568 3155 639 (52)
3210 567 3424 636 Ἰησοῦς
3473 564 3726 638 Χριστὸς,
3758 564 3787 619 ὁ

376 685 600 736 noster.

2133 653 2333 730 Κύριος
2353 656 2389 724 ἡ
2400 658 2539 724 μῶν.

1053 769 1196 826 VIII.
1226 764 1682 839 Neiseducamini.
1724 763 1831 817 Vos
1869 760 1996 815 estis
2022 757 2209 828 magni
2238 761 2291 810 et
2317 755 2655 826 spiritualcs,
2681 770 2781 825 ego
2809 753 3108 812 mimimus.

443 887 525 940 Ne
556 882 690 954 quis
721 881 899 955 igitur
914 896 1014 934 vos
1043 877 1306 941 seducat,
1326 876 1478 931 sicut
1506 889 1616 928 nec
1648 865 2022 932 seducimini;

374 977 484 1032 toti
522 988 784 1043 namque
817 970 960 1026 estis
993 968 1117 1024 Dei.
1141 968 1286 1023 Cum
1312 965 1472 1021 enim
1496 962 1665 1019 nulla
1693 961 1797 1015 lite
1829 956 2030 1030 impli-

376 1065 617 1130 cemini,
642 1080 773 1136 qua;
799 1079 898 1117 vos
919 1059 1281 1116 discruciare
1302 1056 1510 1128 possit,
1535 1053 1798 1126 profecto
1823 1064 2030 1105 secun.

378 1158 520 1213 dum
553 1156 738 1210 Deum
786 1150 1000 1205 vivitis.
1055 1151 1515 1221 Purgamentum
1564 1142 1740 1198 vestri
1788 1156 1940 1199 sum.
1975 1142 2035 1192 et

379 1244 725 1302 lustrandus
769 1258 804 1297 a
860 1245 1051 1295 vestra
1107 1237 1498 1309 Ephesiorum
1555 1231 1834 1298 Ecelesia,
1878 1229 2031 1285 celeo

382 1335 644 1391 berrima
684 1332 743 1387 in
785 1330 1035 1386 saeculis.
1072 1325 1351 1382 Carnales
1401 1322 1733 1396 spiritualia
1761 1334 2034 1375 exercere

382 1427 909 1495 nequeunt,neque
928 1412 1726 1489 spiritualescarnalia;sicut
1739 1427 1847 1465 nec
1865 1407 2033 1474 ﬁdes,

381 1531 513 1586 qua:
537 1508 969 1567 incredulitatis
996 1510 1271 1574 sunt,nec
1303 1501 1849 1571 incredulitas,quaa
1873 1496 2032 1586 ﬁdei.

385 1585 522 1669 Quas
547 1616 684 1656 vero
712 1604 769 1654 et
791 1595 1117 1653 secundum
1141 1610 1379 1650 carnem
1404 1591 1596 1664 agitis,
1622 1606 1689 1645 ea
1707 1585 2041 1660 spiritualia

386 1695 563 1758 sunt;
596 1690 659 1744 in
688 1689 824 1743 Jesu
856 1685 1087 1741 Christo
1119 1683 1280 1738 enim
1310 1680 1515 1737 omnia
1544 1677 1734 1751 agitis.

2205 863 2319 934 (53)
2372 862 2464 928 Μὴ
2524 858 2614 915 οῦν
2670 881 2753 922 τις
2812 859 2952 934 ὑμᾶς
3027 858 3366 933 ἐξαπατάτω,
3422 858 3605 934 ὣσπερ
3666 856 3794 917 οὐδὲ

2136 951 2483 1020 ἐξαπατᾶσθε,
2544 949 2667 1005 ὅλοι
2725 950 2872 1013 ὄντες
2941 953 3098 1005 Θεοῦ.
3158 950 3326 1007 Ὅταν
3383 949 3487 1024 γὰρ
3547 946 3792 1023 μηδεμία

2137 1032 2250 1114 ἔρις
2290 1036 2577 1111 ἐνείρισται
2627 1037 2679 1093 ἐν
2741 1038 2888 1112 ὑμῖν,
2942 1040 2977 1108 ἡ
3031 1034 3294 1111 δυναμένη
3354 1038 3497 1111 ὑμᾶς
3558 1039 3792 1112 βασανί-

2141 1148 2250 1197 σαι,
2309 1125 2409 1201 ἄρα
2466 1129 2599 1184 κατὰ
2670 1129 2799 1184 Θεὸν
2876 1134 3024 1199 ζῆτε.
3088 1132 3201 1203 (54)
3260 1129 3554 1203 Περίψημα
3613 1128 3795 1200 ὑμῶν,

2140 1216 2231 1271 καὶ
2263 1221 2376 1288 (55)
2404 1216 2712 1294 ἀγνίζωμαι
2754 1222 2868 1291 (56)
2911 1214 3049 1291 [ὕφ’]
3081 1217 3233 1290 ὑμῶν
3265 1218 3526 1294 Ἐφεσίων
3554 1215 3798 1288 Ἐκκλη-

2142 1304 2283 1375 σίας,
2341 1312 2440 1374 τῆς
2497 1301 2795 1377 διαϐοήτου
2849 1312 2967 1367 τοῖς
3024 1306 3237 1363 αἰῶσιν.
3298 1307 3364 1364 Οἳ
3423 1307 3672 1383 σαρκικοὶ
3729 1307 3795 1361 τὰ

2144 1396 2483 1468 πνευματικὰ
2538 1396 2795 1470 πράσσειν
2855 1395 2918 1451 οὐ
2979 1392 3252 1466 δύνανται,
3307 1394 3435 1451 οὐδὲ
3475 1396 3797 1469 οἷπνευμαι

2145 1486 2291 1541 τικοὶ
2347 1487 2414 1539 τὰ
2473 1487 2720 1559 σαρκικά-
2783 1483 2965 1558 ὥσπερ
3049 1484 3177 1542 οὐδὲ
3252 1489 3287 1555 ἡ
3344 1486 3523 1549 πίστις
3575 1487 3642 1541 τὰ
3696 1493 3797 1556 τῆς

2150 1572 2422 1639 ἀπιστίας,
2484 1571 2609 1629 οὐδὲ
2661 1576 2696 1644 ἡ
2753 1573 2978 1630 ἀπιστία
3034 1577 3134 1644 τῆς
3190 1574 3447 1636 πίστεως.
3499 1577 3568 1632 "A
3620 1572 3678 1629 δὲ
3706 1573 3797 1628 καὶ

2143 1664 2283 1718 κατά
2342 1662 2512 1738 σάρκα
2564 1663 2848 1738 πράσσετε,
2906 1669 3077 1720 ταῦτα
3133 1664 3473 1739 πνευματικά
3529 1664 3693 1721 ἐστιν’
3746 1661 3801 1720 ἒν

2069 1737 2114 1801 Β
2147 1752 2333 1822 Ἰησοῦ
2362 1737 2469 1827 γὰρ
2500 1737 2719 1826 Χριστῷ
2744 1751 2915 1810 πάντα
2944 1752 3232 1826 πράσσετε.

1143 1863 1235 1921 ΙΧ.
1276 1863 1456 1918 Falsio
1486 1859 1799 1917 doctoribus
1825 1876 1935 1915 non
1982 1861 2294 1931 praebuistis
2336 1876 2518 1929 aures,
2548 1876 2657 1928 vos,
2692 1860 2896 1933 templa
2936 1864 3052 1917 Dei.

465 1986 604 2043 Novi
622 1980 1176 2053 autem,nonnullos
1190 1981 1358 2036 illinc
1374 1977 1810 2048 transiisse,qui
1830 1977 2051 2033 habent

398 2093 735 2152 perversam
762 2074 1090 2130 doctrinam
1118 2092 1133 2137 ;
1165 2087 1314 2142 quos
1344 2086 1463 2125 non
1494 2067 1848 2141 permisistis
1880 2068 2053 2123 semi-

400 2184 541 2224 nare
571 2167 728 2222 inter
759 2181 882 2232 vos,
915 2168 975 2217 et
1000 2161 1320 2218 obturastis
1346 2174 1540 2227 aures,
1576 2175 1650 2212 ne
1682 2156 2049 2228 reciperetis,

399 2276 528 2330 quae
559 2256 630 2312 ab
661 2254 806 2327 ipsis
837 2260 977 2308 sunt
1004 2251 1409 2314 disseminata.
1444 2254 1509 2303 ut
1539 2247 1640 2319 qui
1672 2246 1897 2318 lapides
1921 2247 2049 2302 sitis

395 2346 599 2418 templi
633 2344 844 2409 Patris,
876 2340 1191 2413 praeparati
1224 2339 1285 2394 in
1335 2338 1436 2393 Dei
1485 2338 1675 2393 Patris
1706 2335 2045 2392 aedificium.

389 2434 605 2490 sublati
639 2434 701 2487 in
722 2432 842 2487 alta
872 2448 979 2503 per
1005 2428 1340 2484 machinam
1371 2428 1511 2483 Iesu
1550 2426 1927 2496 Christi,qum
1961 2431 2049 2482 est

386 2540 547 2587 crux,
583 2522 804 2592 Spiritu
835 2526 1039 2575 sancto
1096 2536 1199 2589 pro
1248 2518 1387 2570 fune
1440 2521 1712 2580 utentes;
1765 2514 1912 2569 ﬁdes
1943 2532 2044 2570 au-

390 2620 508 2668 tem
531 2618 725 2667 vestra
781 2626 882 2666 vos
941 2623 1181 2664 sursum
1241 2605 1442 2671 trahit,
1501 2604 1761 2660 charitas
1787 2620 1923 2658 vero
1957 2604 2046 2658 via

390 2702 688 2758 deducens
719 2698 793 2754 ad
826 2697 1031 2754 Deum.
1097 2697 1244 2751 lastis
1301 2694 1478 2768 igitur
1536 2700 1596 2749 et
1648 2692 1751 2748 vias
1797 2692 2046 2749 comites

390 2787 837 2853 omnes.deiferi
866 2792 925 2842 et
958 2783 1299 2859 templiferi,
1330 2783 1683 2852 Christiferi,
1718 2782 2043 2847 sanctiferi,

393 2896 500 2955 per
528 2879 730 2936 omnia
767 2877 958 2933 ornati
1004 2874 1314 2949 prmeeptis
1352 2875 1487 2929 Iesu
1518 2872 1771 2939 Christi;
1804 2878 2047 2944 propter

2237 1978 2351 2049 (57)
2380 1976 2591 2051 Ἕγνων
2645 1972 2704 2031 δὲ
2754 1973 3187 2050 παροδεύσαντάς
3237 1998 3387 2041 τινας
3431 1980 3542 2052 (58)
3586 1975 3807 2048 ἒοιεῖθεν,

2156 2062 2383 2143 ἔχοντας
2411 2065 2583 2134 κακὴν
2613 2061 2871 2140 διδαχήν·
2919 2066 3011 2128 οὕς
3070 2067 3174 2122 οὐκ
3227 2066 3440 2123 εΐάσατε
3472 2073 3687 2144 σπεῖραι
3729 2067 3808 2132 εἷς

2160 2154 2321 2227 ὑμᾶς,
2369 2155 2626 2228 βύσαντες
2654 2157 2723 2210 τὰ
2751 2155 2885 2224 ὦτα,
2939 2156 3016 2217 εἷς
3065 2156 3124 2211 τὸ
3181 2158 3257 2229 μὴ
3317 2153 3710 2232 παραδέξασθαι
3740 2159 3807 2214 τὰ

2160 2246 2493 2321 σπειρόμενα
2524 2247 2614 2301 ὑπ’
2644 2246 2848 2314 αὐτῶν,
2907 2247 2981 2309 ὡς
3039 2248 3187 2310 ὀντες
3246 2247 3390 2304 λίθοι
3418 2252 3546 2304 ναοῦ
3580 2248 3810 2325 Πατρός,

2159 2337 2565 2410 ἡτοιμασμένοι
2624 2337 2699 2397 εἷς
2760 2333 3060 2411 οἷκοδομὴν
3112 2342 3247 2393 Θεοῦ
3294 2339 3523 2414 ΙΙατρὸε,
3553 2337 3814 2417 ἀναφερόο

2163 2446 2316 2495 μενοι
2347 2424 2423 2486 εἷς
2454 2425 2521 2481 τὰ
2578 2426 2688 2501 ὕψη
2752 2423 2840 2481 δια
2894 2432 2993 2496 τῆς
3054 2435 3310 2503 μηχανῆς
3344 2428 3527 2495 Ἰησοῦ
3558 2429 3817 2502 Χριστοῦ,

2157 2519 2268 2587 (59)
2301 2515 2360 2579 ὅς
2403 2515 2545 2571 ἐστιν
2607 2515 2857 2590 σταυρὸς,
2916 2515 3147 2591 σχοινίῳ
3196 2520 3477 2591 χρὺμενοι
3525 2521 3604 2581 τῷ
3645 2518 3816 2572 Πνεῦ-

2159 2624 2287 2676 ματι
2316 2608 2393 2675 τῷ
2424 2604 2589 2676 ἁγίῳ·
2623 2606 2657 2674 ἡ
2693 2602 2750 2660 δὶ
2778 2605 2956 2666 πίστις
3015 2605 3165 2677 ὑμῶν
3226 2606 3533 2682 ἀναγωγεῦς
3564 2606 3739 2680 ὕμῶν,
3770 2608 3806 2676 ἡ

2156 2690 2213 2746 δὲ
2241 2693 2425 2767 ἀγάπη
2479 2690 2604 2756 ὁδὸς
2654 2696 2688 2764 ἡ
2745 2694 3081 2773 ἆναφέρουσα
3137 2695 3214 2760 εἷς
3268 2697 3420 2754 Θεὸν.
3481 2701 3596 2772 (60)
3654 2696 3809 2754 Ἐστέ

2155 2782 2248 2835 οῦν
2279 2783 2367 2836 καὶ
2402 2781 2624 2838 σύνοδοι
2670 2782 2891 2852 πάντες,
2944 2784 3197 2862 θεοφόροι
3254 2784 3344 2839 καὶ
3378 2787 3490 2860 (61)
3523 2787 3810 2864 ναοφὸροι,

2154 2871 2549 2951 Χριστοφόροι,
2602 2873 2714 2947 (62)
2768 2874 3084 2950 ἁγιςφόροι,
3134 2875 3272 2930 κατᾶ
3316 2875 3490 2930 πάντα
3529 2896 3808 2951 κεκοσμη-

396 2948 544 3040 quos
574 2964 990 3037 exsulto,quod
1012 2964 1224 3035 dignus
1248 2962 1490 3018 habitus
1510 2961 1647 3029 sim,
1667 2977 1775 3033 per
1804 2977 1891 3021 ea,
1917 2977 2038 3032 quas

2168 2958 2323 3033 μένοι
2354 2948 2599 3023 ἐντολαῖς
2633 2948 2823 3032 Ἰησοῦ
2871 2948 3127 3037 Χριστοῦ·
3188 2964 3275 3026 οἷς
3315 2963 3407 3019 καὶ
3438 2948 3808 3041 ἀγαλλιῶἰμαι

1856 3087 2020 3142 Vetus
2059 3088 2348 3157 interpres.

1888 3213 2116 3269 CAPUT
2167 3213 2306 3270 VIII.

469 3339 593 3397 Non
624 3339 802 3413 igitur
825 3336 965 3413 quis
994 3334 1367 3413 vosseducat
1391 3350 1403 3388 :
1429 3330 1932 3413 quemadmodum
1961 3347 2155 3413 neque
2178 3330 2565 3413 seducemini,
2591 3332 2696 3387 toti
2711 3333 3077 3413 exsistantes
3098 3333 3223 3413 Dei.
3248 3335 3401 3413 cum
3418 3336 3577 3392 enim
3609 3353 3804 3409 neque

396 3430 517 3469 una
547 3413 621 3468 lis
647 3402 956 3482 Eompléxa
987 3408 1159 3482 estin
1190 3406 1373 3482 vobis,
1405 3402 2048 3482 @tepsvostorquere
2074 3419 2088 3467 ;
2140 3409 2310 3482 tunc__
2331 3402 2657 3482 secundum
2711 3406 2892 3482 Deum
2922 3405 3134 3482 vivitis.
3178 3407 3497 3482 Peripsima
3535 3402 3805 3464 vestri-et

395 3485 693 3540 castiﬂcer
721 3498 756 3538 a
784 3474 980 3537 vestra
1008 3474 1718 3550 Ephesiorum—Ecclesia.
1737 3474 1966 3530 famosa
2007 3474 2071 3528 in
2095 3474 2367 3550 saeculis.
2419 3476 2699 3550 Carnutes
2749 3474 3347 3550 spiritualiaoperari
3382 3496 3500 3533 non
3534 3485 3802 3550 possunt,

396 3573 593 3627 neque
621 3552 960 3627 spirituales
990 3545 1290 3616 carnalia;
1325 3546 1828 3627 quemadmodum
1859 3561 2053 3616 neque
2086 3545 2233 3600 ﬁdes
2265 3561 2396 3627 quas
2428 3545 2821 3627 inﬁdelitatis,
2856 3545 3417 3627 neque-inﬁdelitas
3448 3545 3578 3627 quin
3609 3545 3804 3627 ﬁdeli—

394 3618 532 3683 tati's
565 3633 623 3684 et
652 3618 823 3681 ’ﬁdei.
886 3625 1024 3689 Qum
1081 3628 1279 3678 autem
1335 3618 1393 3675 et
1450 3618 1778 3674 secundum
1832 3633 2073 3673 carnem
2130 3625 2376 3689 Operata
2431 3624 2591 3684 sunt,
2653 3618 2780 3675 haec
2812 3618 3141 3692 spiri'tualia
3172 3620 3442 3686 sunt;in
3466 3618 3609 3674 Iesu
3641 3622 3802 3676 enim

393 3700 627 3757 Christo
660 3696 863 3753 omnia
892 3699 1135 3767 operata
1164 3697 1324 3749 sunt.

1920 3778 2151 3834 CAPUT
2188 3778 2284 3834 IX.

469 3903 725 3977 Cognovi
756 3906 954 3959 autem
986 3904 1367 3977 transeuntes
1398 3895 1683 3977 quosdam
1708 3895 1867 3950 inde.
1894 3894 2181 3977 habentes
2212 3893 2431 3977 malam
2464 3893 2791 3977 doctrinam
2814 3912 2826 3958 ;
2847 3910 2996 3977 quos
3016 3910 3135 3977 non
3161 3893 3468 3977 dimisisth
3499 3894 3795 3977 seminare

399 3978 459 4032 in
489 3965 991 4033 vo'§.obstruentes
1022 3989 1215 4027 aures.
1250 3970 1323 4026 ad
1355 3965 1472 4023 non
1504 3968 1769 4039 recipere
1800 3968 2092 4021 seminata
2122 3965 2193 4020 ab
2226 3967 2409 4038 ipsis;
2442 3974 2509 4021 ut
2539 3968 2888 4022 exsistentes
2920 3968 3146 4038 lapides
3170 3966 3365 4039 templi
3390 3967 3798 4039 Patrisparati

394 4049 457 4102 in
489 4048 882 4103 mdiﬁcatione
916 4045 1013 4099 Dei
1041 4043 1228 4098 Patris
1257 4041 1424 4095 relati
1462 4041 1518 4094 in
1552 4037 1783 4093 excelsa
1814 4055 1918 4109 per
1946 4037 2282 4093 machinam
2313 4039 2447 4092 Iesu
2471 4038 2682 4092 Christi
2727 4055 2857 4108 qum
2883 4037 3306 4103 est’crux,fune
3328 4045 3561 4093 utentes
3579 4038 3799 4109 Spiritu

395 4125 619 4175 sancto.
654 4119 823 4173 Fides
845 4124 1044 4173 autem
1076 4121 1267 4169 vestra
1288 4113 1406 4167 dux
1440 4118 1650 4175 vester,
1683 4111 1939 4165 Charitas
1971 4127 2104 4165 vero
2128 4110 2217 4164 via
2247 4109 2510 4164 referens
2540 4110 2600 4163 in
2648 4110 2849 4164 Deum.
2888 4111 3040 4165 Estis
3078 4111 3257 4169 igitur
3302 4116 3360 4164 et
3407 4109 3797 4178 conviatores,

394 4191 624 4260 deiferi,
676 4195 734 4245 et
790 4187 1129 4260 templil’eri,
1186 4191 1244 4241 et
1298 4182 1653 4248 Christil’eri,
1699 4181 2023 4247 sanctiferi,
2083 4181 2409 4236 secundum
2462 4181 2659 4236 omnia
2716 4180 2903 4235 oroati
2951 4181 3012 4235 in
3060 4181 3357 4237 mandatis
3394 4182 3530 4237 Jesu
3561 4182 3802 4248 Christi,

465 4343 578 4410 (50)
610 4342 713 4396 Ms.
737 4338 1008 4410 ἀθανάτῳ.

463 4415 576 4481 (51)
608 4414 650 4466 Ι.
685 4429 737 4467 e.
767 4418 902 4482 post
931 4411 1449 4482 resurrectionem.

463 4478 573 4553 (52)
607 4483 739 4537 Haec
768 4478 1138 4537 restituenda
1187 4498 1258 4536 ex
1308 4479 1695 4545 Theodoreto,
1728 4478 1953 4535 Gelasio
1986 4484 2043 4535 et

392 4559 504 4610 vet.
538 4555 884 4623 interprete.
919 4554 1080 4608 Voss.

462 4615 848 4696 (53))Ini'tium
880 4624 1058 4694 hujus
1085 4621 1332 4693 capitis:
1363 4620 1476 4689 (Μή
1509 4620 1599 4674 οῦν
1636 4662 1673 4676 ..
1733 4617 1859 4696 ὃλοι
1889 4615 2040 4682 ὅντες

391 4694 759 4767 Θεοῦ)⁷8γι·ιιε
789 4696 1008 4767 omisit,
1041 4700 1099 4749 et
1149 4709 1236 4756 ea,
1284 4710 1415 4765 quas
1447 4697 1796 4767 sequuntur,
1829 4694 2043 4767 imme-

390 4765 549 4823 diate
570 4765 706 4822 cum
733 4767 911 4822 unica
939 4766 1042 4821 illa
1063 4767 1379 4832 sententia,
1404 4781 1579 4835 quam
1600 4781 1630 4818 e
1653 4765 1845 4835 capite
1869 4766 2039 4820 tertio

393 4844 697 4895 mutuatus
729 4844 838 4904 est,
870 4836 1218 4909 conjunxit;
1252 4853 1369 4891 non
1400 4837 1617 4909 inepte.
1655 4836 1857 4890 Melius
1902 4853 2038 4892 vero

390 4926 479 4971 ea.
512 4928 643 4982 quas
676 4910 963 4981 sequitur,
981 4906 1326 4964 exhortatio
1359 4906 1432 4962 ad
1463 4906 1752 4962 unitatem
1784 4923 1918 4962 cum
1952 4924 2040 4964 ca-

388 4982 610 5054 pitibus
641 4983 741 5036 4-8
766 4983 1041 5054 cohaeret.

459 5056 571 5119 (5i)
603 5053 718 5109 Cfr.
747 5052 901 5109 infra
932 5070 982 5109 c.
1021 5053 1086 5108 18
1116 5058 1176 5105 et
1202 5051 1221 5105 l
1251 5052 1381 5107 Cor.
1443 5066 1517 5113 nr.
1583 5052 1647 5105 13
1726 5052 1905 5121 Syrus
1936 5066 2038 5105 vo-

384 5125 661 5180 cabulum
694 5124 980 5198 περίψημα
1034 5124 1186 5179 male
1226 5122 1563 5198 intelligens
1590 5122 1784 5191 vertit,
1815 5121 2035 5193 gavisus

380 5211 498 5252 sum
528 5199 698 5265 vobis,
731 5205 785 5252 et
817 5195 1006 5268 preces
1036 5212 1140 5267 pro
1165 5195 1319 5249 vobis
1345 5195 1535 5263 fundo.

450 5271 540 5331 (55
598 5271 697 5322 MS.
733 5268 1000 5339 ἁγνίζομα
1034 5309 1043 5317 .

447 5343 560 5407 (56)
586 5340 747 5415 Adde
774 5335 880 5415 ire.
903 5335 1062 5410 quod
1082 5339 1309 5415 incuria
1334 5337 1559 5392 librarii
1585 5335 1844 5415 deletum
1869 5343 2026 5405 puto.

382 5409 556 5464 Vetus
587 5412 746 5465 enim
781 5409 1077 5481 interpres
1136 5410 1315 5465 habet
1370 5416 1631 5481 uri-estra,
1666 5416 1776 5462 etc.
1811 5409 2030 5481 Sensus

378 5486 469 5533 est
492 5496 524 5553 :_
546 5482 650 5553 Vos
679 5485 803 5539 estis
832 5479 1027 5553 magni
1056 5488 1106 5537 et
1152 5480 1471 5552 spirimales
1489 5497 1512 5545 ;
1556 5496 1655 5549 ego
1685 5479 1949 5535 minimus
1978 5486 2031 5535 et

373 5564 407 5604 a
435 5550 587 5605 vobis
611 5550 1014 5622 repurgandum

2076 4343 2120 4406 ι)
2225 4338 2339 4422 (57)
2370 4337 2607 4422 Ex.hoc'
2627 4339 2818 4409 capite
2851 4339 3029 4422 Syrus
3050 4339 3173 4422 ‘nil_
3211 4340 3325 4395 nisi
3359 4338 3535 4395 verba
3564 4340 3804 4422 ἡτοιμα-

2235 4409 2339 4450 ἒνηι
2449 4408 2785 4450 munimina-inn
2842 4408 2919 4450 ci;-
2973 4408 3102 4450 Ωτλυ
3160 4412 3216 4450 ἰπὶ
3268 4428 3354 4450 an:

2154 4409 2413 4481 σμένοι...
2449 4408 2785 4484 ἀναφὲρούσα
2842 4408 2919 4470 εἰς
2973 4408 3102 4464 Θεὸν
3160 4412 3220 4466 in
3268 4428 3436 4467 suam
3470 4408 3800 4467 versionem

2152 4479 2476 4561 transtulit,
2522 4498 2725 4561 eaque
2786 4482 2920 4561 cum
2979 4483 3365 4561 ﬂne_capitis
3423 4483 3612 4561 octavi
3664 4498 3799 4537 con-

2175 4552 2365 4625 unxit.
2400 4551 2796 4625 Aretius’vero
2828 4551 3259 4625 ἡτοιμασμένοι]
3285 4551 3493 4625 1.1.}.
3518 4570 3652 4610 cum
3682 4570 3803 4609 ver-

2194 4623 2242 4677 is
2262 4623 2537 4748 tproxime
2568 4621 3060 4681 antecedentibus
3083 4621 3164 4685 die
3214 4622 3363 4686 ὄντες
3416 4621 3564 4687 λίθοι
3604 4625 3799 4681 cohae—

2194 4711 2254 4748 en
2291 4736 2302 4747 .

2150 4711 2410 4847 re?gé)'.l.
2444 4782 2495 4821 e.
2529 4782 2565 4821 a
2589 4767 2858 4840 Smyrna,
2890 4767 2993 4823 ubi
3032 4767 3263 4840 vigebat
3298 4768 3650 4823 Docetarum
3680 4766 3801 4822 hm-

2149 4837 2590 4979 Γθῗὲῗῆῗὲωε.
2626 4910 2704 4964 De
2739 4908 2996 4982 relativo
3015 4909 3098 4965 sic
3128 4911 3343 4982 posito.
3366 4916 3636 4981 utgenus
3668 4909 3796 4981 ejus

2147 4984 2206 5054 et
2235 4996 2520 5036 numerus
2541 4997 2674 5035 cum
2705 4981 3095 5054 sequentibus
3116 4981 3421 5054 congruat,
3446 4982 3550 5037 cfr.
3574 4982 3797 5047 Winer,

2471 5067 2602 5124 pag.
2662 5053 2781 5107 143.
2841 5053 2945 5109 Ed.
3004 5070 3085 5108 Ill.
3142 5052 3262 5109 hc:
3308 5053 3475 5119 lbid.,
3508 5070 3637 5125 pag.
3675 5055 3774 5108 156

2218 5165 2515 5254 (δόξ”Εστὲ
2547 5193 2663 5258 οὗν,
2693 5212 2748 5249 κ.
2780 5214 2832 5247 τ.
2868 5191 2921 5249 λ.
2956 5212 3144 5266 usque
3174 5196 3246 5251 ad
3283 5196 3458 5252 tinem
3492 5196 3672 5261 hujus
3700 5211 3803 5250 ca-

2144 5265 2282 5337 pitis
2306 5266 2457 5335 apud
2483 5265 2692 5335 Syrum
2715 5266 2950 5332 desunt,
2974 5265 3076 5337 qui
3102 5268 3253 5322 hanc
3280 5276 3485 5323 senteu
3498 5267 3637 5322 tiam
3665 5267 3800 5322 ideo

2141 5338 2410 5419 omisi-:50,
2445 5338 2691 5403 videtur,
2754 5338 2971 5409 quippe
3031 5354 3162 5408 quin
3218 5339 3332 5409 ipsi
3388 5339 3585 5395 minus
3618 5339 3803 5395 fuerit

2140 5426 2470 5479 perspicua.

2211 5483 2321 5550 (6t)
2356 5482 2433 5535 De
2463 5479 2757 5553 spirituali
2790 5480 3027 5553 templo.
3067 5481 3236 5537 Voss.

2209 5553 2320 5623 (62)
2353 5553 2454 5606 Ms.
2486 5550 2803 5629 ἀγνοφὸροι.
