  <div class='ocr_page' id='page_1' title='image "/cluster/home/n/w/nwhite01/storage/ocr_20150623/5/mdp.39015015401063/340.png"; bbox 0 0 4112 6132; ppageno 0'>
   <div class='ocr_carea' id='block_1_1' title="bbox 315 299 435 359">
    <p class='ocr_par' dir='ltr' id='par_1_1' title="bbox 315 299 435 359">
     <span class='ocr_line' id='line_1_1' title="bbox 315 299 435 359; baseline 0.008 -1"><span class='ocrx_word' id='word_1_1' title='bbox 315 299 435 359; x_wconf 74' lang='grc'>653</span> 
     </span>
    </p>
   </div>
   <div class='ocr_carea' id='block_1_2' title="bbox 1540 297 2529 367">
    <p class='ocr_par' dir='ltr' id='par_1_2' title="bbox 1540 297 2529 367">
     <span class='ocr_line' id='line_1_2' title="bbox 1540 297 2529 367; baseline 0.004 -6"><span class='ocrx_word' id='word_1_2' title='bbox 1540 298 1667 362; x_wconf 87' lang='lat' dir='ltr'>EPI</span> <span class='ocrx_word' id='word_1_3' title='bbox 1681 298 1930 363; x_wconf 60' lang='lat' dir='ltr'>\TOLA</span> <span class='ocrx_word' id='word_1_4' title='bbox 1971 303 2078 364; x_wconf 84' lang='lat' dir='ltr'>AD</span> <span class='ocrx_word' id='word_1_5' title='bbox 2124 297 2529 367; x_wconf 81' lang='lat' dir='ltr'>EPHESIOS.</span> 
     </span>
    </p>
   </div>
   <div class='ocr_carea' id='block_1_3' title="bbox 3618 301 3738 372">
    <p class='ocr_par' dir='ltr' id='par_1_3' title="bbox 3618 301 3738 372">
     <span class='ocr_line' id='line_1_3' title="bbox 3618 301 3738 372; baseline 0.025 -2"><span class='ocrx_word' id='word_1_6' title='bbox 3618 301 3738 372; x_wconf 69' lang='lat'>654</span> 
     </span>
    </p>
   </div>
   <div class='ocr_carea' id='block_1_4' title="bbox 308 427 1957 514">
    <p class='ocr_par' dir='ltr' id='par_1_4' title="bbox 308 427 1950 508">
     <span class='ocr_line' id='line_1_4' title="bbox 308 427 1950 508; baseline 0.001 -22"><span class='ocrx_word' id='word_1_7' title='bbox 308 428 393 486; x_wconf 85' lang='grc' dir='ltr'>ὅτι</span> <span class='ocrx_word' id='word_1_8' title='bbox 426 430 692 499; x_wconf 75' lang='grc' dir='ltr'>ἠξιώθην,</span> <span class='ocrx_word' id='word_1_9' title='bbox 727 427 798 483; x_wconf 73' lang='grc' dir='ltr'>δι’</span> <span class='ocrx_word' id='word_1_10' title='bbox 849 432 924 485; x_wconf 80' lang='grc' dir='ltr'>ὧν</span> <span class='ocrx_word' id='word_1_11' title='bbox 969 430 1181 508; x_wconf 74' lang='grc' dir='ltr'>γράφω,</span> <span class='ocrx_word' id='word_1_12' title='bbox 1238 431 1653 505; x_wconf 77' lang='grc' dir='ltr'>προσομιλῆσαι</span> <span class='ocrx_word' id='word_1_13' title='bbox 1710 434 1841 505; x_wconf 88' lang='grc' dir='ltr'>ὑμῖν</span> <span class='ocrx_word' id='word_1_14' title='bbox 1883 454 1950 488; x_wconf 80' lang='grc' dir='ltr'>κα</span> 
     </span>
    </p>
   </div>
   <div class='ocr_carea' id='block_1_5' title="bbox 2083 427 3745 514">
    <p class='ocr_par' dir='ltr' id='par_1_5' title="bbox 2091 437 3745 514">
     <span class='ocr_line' id='line_1_5' title="bbox 2091 437 3745 514; baseline 0.005 -24"><span class='ocrx_word' id='word_1_15' title='bbox 2091 437 2294 492; x_wconf 91' lang='lat' dir='ltr'>Scribo</span> <span class='ocrx_word' id='word_1_16' title='bbox 2324 439 2581 510; x_wconf 84' lang='lat' dir='ltr'>colloqui</span> <span class='ocrx_word' id='word_1_17' title='bbox 2613 439 2936 501; x_wconf 70' lang='lat' dir='ltr'>Vobiscum,</span> <span class='ocrx_word' id='word_1_18' title='bbox 2957 446 3016 495; x_wconf 89' lang='lat' dir='ltr'>et</span> <span class='ocrx_word' id='word_1_19' title='bbox 3045 441 3221 497; x_wconf 89' lang='lat' dir='ltr'>simul</span> <span class='ocrx_word' id='word_1_20' title='bbox 3253 440 3509 514; x_wconf 87' lang='lat' dir='ltr'>gaudere</span> <span class='ocrx_word' id='word_1_21' title='bbox 3536 460 3549 510; x_wconf 90' lang='lat'>;</span> <span class='ocrx_word' id='word_1_22' title='bbox 3582 444 3745 513; x_wconf 88' lang='lat' dir='ltr'>quia,</span> 
     </span>
    </p>
   </div>
   <div class='ocr_carea' id='block_1_6' title="bbox 312 517 1972 597">
    <p class='ocr_par' dir='ltr' id='par_1_6' title="bbox 312 517 1972 597">
     <span class='ocr_line' id='line_1_6' title="bbox 312 517 1972 597; baseline 0.001 -23"><span class='ocrx_word' id='word_1_23' title='bbox 312 525 682 595; x_wconf 78' lang='grc' dir='ltr'>συγχαρῆναι,</span> <span class='ocrx_word' id='word_1_24' title='bbox 716 518 800 575; x_wconf 77' lang='grc' dir='ltr'>ὅτι</span> <span class='ocrx_word' id='word_1_25' title='bbox 832 521 949 574; x_wconf 71' lang='grc' dir='ltr'>κατ’</span> <span class='ocrx_word' id='word_1_26' title='bbox 982 524 1090 593; x_wconf 78' lang='grc'>(63)</span> <span class='ocrx_word' id='word_1_27' title='bbox 1129 518 1301 576; x_wconf 79' lang='grc' dir='ltr'>ἄλλον</span> <span class='ocrx_word' id='word_1_28' title='bbox 1363 520 1487 595; x_wconf 81' lang='grc' dir='ltr'>βίον</span> <span class='ocrx_word' id='word_1_29' title='bbox 1518 517 1675 576; x_wconf 76' lang='grc' dir='ltr'>οὐδὲν</span> <span class='ocrx_word' id='word_1_30' title='bbox 1704 520 1972 597; x_wconf 72' lang='grc' dir='ltr'>ἀγαπᾶτε,</span> 
     </span>
    </p>
   </div>
   <div class='ocr_carea' id='block_1_7' title="bbox 309 608 986 682">
    <p class='ocr_par' dir='ltr' id='par_1_7' title="bbox 309 608 986 682">
     <span class='ocr_line' id='line_1_7' title="bbox 309 608 986 682; baseline 0.001 -19"><span class='ocrx_word' id='word_1_31' title='bbox 309 609 357 663; x_wconf 76' lang='lat' dir='ltr'>el</span> <span class='ocrx_word' id='word_1_32' title='bbox 392 610 473 681; x_wconf 81' lang='grc' dir='ltr'>μή</span> <span class='ocrx_word' id='word_1_33' title='bbox 509 608 674 682; x_wconf 78' lang='grc' dir='ltr'>μόνον</span> <span class='ocrx_word' id='word_1_34' title='bbox 707 610 805 664; x_wconf 89' lang='grc' dir='ltr'>τὸν</span> <span class='ocrx_word' id='word_1_35' title='bbox 835 609 986 666; x_wconf 86' lang='grc' dir='ltr'>Θεὸν.</span> 
     </span>
    </p>
   </div>
   <div class='ocr_carea' id='block_1_8' title="bbox 2086 526 3744 604">
    <p class='ocr_par' dir='ltr' id='par_1_8' title="bbox 2086 526 3744 604">
     <span class='ocr_line' id='line_1_8' title="bbox 2086 526 3744 604; baseline 0.004 -25"><span class='ocrx_word' id='word_1_36' title='bbox 2086 526 2313 582; x_wconf 77' lang='lat' dir='ltr'>ratione</span> <span class='ocrx_word' id='word_1_37' title='bbox 2355 529 2602 585; x_wconf 78' lang='lat' dir='ltr'>alterius</span> <span class='ocrx_word' id='word_1_38' title='bbox 2654 530 2783 585; x_wconf 58' lang='lat' dir='ltr'>vita)</span> <span class='ocrx_word' id='word_1_39' title='bbox 2816 530 3036 597; x_wconf 89' lang='lat' dir='ltr'>habita,</span> <span class='ocrx_word' id='word_1_40' title='bbox 3070 530 3220 585; x_wconf 87' lang='lat' dir='ltr'>nihil</span> <span class='ocrx_word' id='word_1_41' title='bbox 3252 530 3497 593; x_wconf 74' lang='lat' dir='ltr'>diligitis</span> <span class='ocrx_word' id='word_1_42' title='bbox 3526 537 3744 604; x_wconf 65' lang='lat' dir='ltr'>praeter</span> 
     </span>
    </p>
   </div>
   <div class='ocr_carea' id='block_1_9' title="bbox 2087 615 2518 673">
    <p class='ocr_par' dir='ltr' id='par_1_9' title="bbox 2087 615 2518 673">
     <span class='ocr_line' id='line_1_9' title="bbox 2087 615 2518 673; baseline 0.007 -3"><span class='ocrx_word' id='word_1_43' title='bbox 2087 615 2279 671; x_wconf 88' lang='lat' dir='ltr'>solum</span> <span class='ocrx_word' id='word_1_44' title='bbox 2311 618 2518 673; x_wconf 81' lang='lat' dir='ltr'>Deum.</span> 
     </span>
    </p>
   </div>
   <div class='ocr_carea' id='block_1_10' title="bbox 1348 712 2698 788">
    <p class='ocr_par' dir='ltr' id='par_1_10' title="bbox 1348 712 2698 788">
     <span class='ocr_line' id='line_1_10' title="bbox 1348 712 2698 788; baseline 0.006 -22"><span class='ocrx_word' id='word_1_45' title='bbox 1348 712 1415 767; x_wconf 89' lang='lat' dir='ltr'>X.</span> <span class='ocrx_word' id='word_1_46' title='bbox 1443 713 1611 768; x_wconf 80' lang='lat' dir='ltr'><strong><em>Orate</em></strong></span> <span class='ocrx_word' id='word_1_47' title='bbox 1634 728 1740 783; x_wconf 82' lang='lat' dir='ltr'>pro</span> <span class='ocrx_word' id='word_1_48' title='bbox 1771 714 1920 782; x_wconf 81' lang='lat' dir='ltr'>aliis,</span> <span class='ocrx_word' id='word_1_49' title='bbox 1941 715 2064 770; x_wconf 81' lang='lat' dir='ltr'>sitis</span> <span class='ocrx_word' id='word_1_50' title='bbox 2092 718 2271 783; x_wconf 79' lang='lat' dir='ltr'>mites,</span> <span class='ocrx_word' id='word_1_51' title='bbox 2305 716 2554 788; x_wconf 84' lang='lat' dir='ltr'>humiles,</span> <span class='ocrx_word' id='word_1_52' title='bbox 2588 723 2698 774; x_wconf 91' lang='lat' dir='ltr'>etc.</span> 
     </span>
    </p>
   </div>
   <div class='ocr_carea' id='block_1_11' title="bbox 386 805 1971 885">
    <p class='ocr_par' dir='ltr' id='par_1_11' title="bbox 386 805 1971 885">
     <span class='ocr_line' id='line_1_11' title="bbox 386 805 1971 885; baseline 0.001 -22"><span class='ocrx_word' id='word_1_53' title='bbox 386 805 485 863; x_wconf 76' lang='grc' dir='ltr'>Καὶ</span> <span class='ocrx_word' id='word_1_54' title='bbox 550 807 681 881; x_wconf 76' lang='grc' dir='ltr'>ὑπὲρ</span> <span class='ocrx_word' id='word_1_55' title='bbox 733 812 841 863; x_wconf 85' lang='grc' dir='ltr'>τῶν</span> <span class='ocrx_word' id='word_1_56' title='bbox 901 806 1089 864; x_wconf 76' lang='grc' dir='ltr'>ἄλλων</span> <span class='ocrx_word' id='word_1_57' title='bbox 1145 805 1203 864; x_wconf 79' lang='grc' dir='ltr'>δὲ</span> <span class='ocrx_word' id='word_1_58' title='bbox 1253 808 1555 885; x_wconf 81' lang='grc' dir='ltr'>ἀνθρώπων</span> <span class='ocrx_word' id='word_1_59' title='bbox 1607 807 1971 872; x_wconf 77' lang='grc' dir='ltr'>ἀδιαλείπτως</span> 
     </span>
    </p>
   </div>
   <div class='ocr_carea' id='block_1_12' title="bbox 310 895 1964 973">
    <p class='ocr_par' dir='ltr' id='par_1_12' title="bbox 310 895 1964 973">
     <span class='ocr_line' id='line_1_12' title="bbox 310 895 1964 973; baseline 0.003 -23"><span class='ocrx_word' id='word_1_60' title='bbox 310 895 708 972; x_wconf 75' lang='grc' dir='ltr'>προσεύχεσθε.</span> <span class='ocrx_word' id='word_1_61' title='bbox 744 897 927 954; x_wconf 76' lang='grc' dir='ltr'>Ἔστιν</span> <span class='ocrx_word' id='word_1_62' title='bbox 985 899 1092 973; x_wconf 80' lang='grc' dir='ltr'>γὰρ</span> <span class='ocrx_word' id='word_1_63' title='bbox 1146 897 1198 954; x_wconf 80' lang='grc' dir='ltr'>ἐν</span> <span class='ocrx_word' id='word_1_64' title='bbox 1253 898 1438 961; x_wconf 80' lang='grc' dir='ltr'>αὐτοῖς</span> <span class='ocrx_word' id='word_1_65' title='bbox 1468 898 1627 961; x_wconf 82' lang='grc' dir='ltr'>ἐλπὶς</span> <span class='ocrx_word' id='word_1_66' title='bbox 1661 898 1964 973; x_wconf 75' lang='grc' dir='ltr'>μετανοίας,</span> 
     </span>
    </p>
   </div>
   <div class='ocr_carea' id='block_1_13' title="bbox 307 983 1973 1062">
    <p class='ocr_par' dir='ltr' id='par_1_13' title="bbox 307 983 1973 1062">
     <span class='ocr_line' id='line_1_13' title="bbox 307 983 1973 1062; baseline 0.002 -22"><span class='ocrx_word' id='word_1_67' title='bbox 307 983 405 1041; x_wconf 70' lang='grc' dir='ltr'>ἵνα</span> <span class='ocrx_word' id='word_1_68' title='bbox 462 989 600 1042; x_wconf 85' lang='grc' dir='ltr'>θεοῦ</span> <span class='ocrx_word' id='word_1_69' title='bbox 635 986 899 1062; x_wconf 77' lang='grc' dir='ltr'>τύχωσιν.</span> <span class='ocrx_word' id='word_1_70' title='bbox 962 987 1320 1062; x_wconf 58' lang='grc' dir='ltr'>Ἐπμτρέψατε</span> <span class='ocrx_word' id='word_1_71' title='bbox 1377 989 1467 1043; x_wconf 82' lang='grc' dir='ltr'>οὗν</span> <span class='ocrx_word' id='word_1_72' title='bbox 1527 989 1713 1052; x_wconf 85' lang='grc' dir='ltr'>αὐτοῖς</span> <span class='ocrx_word' id='word_1_73' title='bbox 1769 987 1865 1044; x_wconf 79' lang='grc' dir='ltr'>κᾶν</span> <span class='ocrx_word' id='word_1_74' title='bbox 1911 987 1973 1044; x_wconf 79' lang='grc' dir='ltr'>ἐκ</span> 
     </span>
    </p>
   </div>
   <div class='ocr_carea' id='block_1_14' title="bbox 310 1070 1970 1155">
    <p class='ocr_par' dir='ltr' id='par_1_14' title="bbox 310 1070 1970 1155">
     <span class='ocr_line' id='line_1_14' title="bbox 310 1070 1970 1155; baseline 0.002 -25"><span class='ocrx_word' id='word_1_75' title='bbox 310 1079 438 1130; x_wconf 86' lang='grc' dir='ltr'>τῶν·</span> <span class='ocrx_word' id='word_1_76' title='bbox 468 1070 641 1152; x_wconf 73' lang='grc' dir='ltr'>ἔργων</span> <span class='ocrx_word' id='word_1_77' title='bbox 700 1076 826 1149; x_wconf 87' lang='grc' dir='ltr'>ὑμῖν</span> <span class='ocrx_word' id='word_1_78' title='bbox 887 1077 1314 1147; x_wconf 56' lang='grc' dir='ltr'>μαθητευθῷαι.</span> <span class='ocrx_word' id='word_1_79' title='bbox 1365 1082 1476 1152; x_wconf 65' lang='grc'>(64)</span> <span class='ocrx_word' id='word_1_80' title='bbox 1510 1081 1652 1152; x_wconf 83' lang='grc' dir='ltr'>Πρὸς</span> <span class='ocrx_word' id='word_1_81' title='bbox 1682 1081 1778 1142; x_wconf 69' lang='grc' dir='ltr'>τὰς</span> <span class='ocrx_word' id='word_1_82' title='bbox 1807 1079 1970 1155; x_wconf 71' lang='grc' dir='ltr'>ὀργὰς</span> 
     </span>
    </p>
   </div>
   <div class='ocr_carea' id='block_1_15' title="bbox 313 1166 1969 1245">
    <p class='ocr_par' dir='ltr' id='par_1_15' title="bbox 313 1166 1969 1245">
     <span class='ocr_line' id='line_1_15' title="bbox 313 1166 1969 1245; baseline 0.002 -26"><span class='ocrx_word' id='word_1_83' title='bbox 313 1166 491 1220; x_wconf 81' lang='grc' dir='ltr'>αὐτῶν</span> <span class='ocrx_word' id='word_1_84' title='bbox 554 1166 710 1239; x_wconf 84' lang='grc' dir='ltr'>ὑμεῖς</span> <span class='ocrx_word' id='word_1_85' title='bbox 785 1171 999 1241; x_wconf 76' lang='grc' dir='ltr'>πραεῖς,</span> <span class='ocrx_word' id='word_1_86' title='bbox 1054 1167 1190 1242; x_wconf 87' lang='grc' dir='ltr'>πρὸς</span> <span class='ocrx_word' id='word_1_87' title='bbox 1248 1168 1342 1230; x_wconf 75' lang='grc' dir='ltr'>τὰς</span> <span class='ocrx_word' id='word_1_88' title='bbox 1405 1166 1969 1245; x_wconf 76' lang='grc' dir='ltr'>μεγαλορῥημοσὺνας</span> 
     </span>
    </p>
   </div>
   <div class='ocr_carea' id='block_1_16' title="bbox 315 1254 1969 1332">
    <p class='ocr_par' dir='ltr' id='par_1_16' title="bbox 315 1254 1969 1332">
     <span class='ocr_line' id='line_1_16' title="bbox 315 1254 1969 1332; baseline 0.003 -24"><span class='ocrx_word' id='word_1_89' title='bbox 315 1254 495 1309; x_wconf 83' lang='grc' dir='ltr'>αὐτῶν</span> <span class='ocrx_word' id='word_1_90' title='bbox 559 1254 713 1328; x_wconf 81' lang='grc' dir='ltr'>ὑμεῖς</span> <span class='ocrx_word' id='word_1_91' title='bbox 767 1255 1206 1331; x_wconf 70' lang='grc' dir='ltr'>ταπεινόφρονες,</span> <span class='ocrx_word' id='word_1_92' title='bbox 1258 1257 1394 1330; x_wconf 86' lang='grc' dir='ltr'>πρὸς</span> <span class='ocrx_word' id='word_1_93' title='bbox 1451 1256 1546 1318; x_wconf 84' lang='grc' dir='ltr'>τὰς</span> <span class='ocrx_word' id='word_1_94' title='bbox 1615 1255 1969 1332; x_wconf 78' lang='grc' dir='ltr'>βλασφημίας</span> 
     </span>
    </p>
   </div>
   <div class='ocr_carea' id='block_1_17' title="bbox 312 1343 1969 1421">
    <p class='ocr_par' dir='ltr' id='par_1_17' title="bbox 312 1343 1969 1421">
     <span class='ocr_line' id='line_1_17' title="bbox 312 1343 1969 1421; baseline 0.001 -22"><span class='ocrx_word' id='word_1_95' title='bbox 312 1344 491 1399; x_wconf 81' lang='grc' dir='ltr'>αὐτῶν</span> <span class='ocrx_word' id='word_1_96' title='bbox 525 1343 681 1417; x_wconf 81' lang='grc' dir='ltr'>ὑμεῖς</span> <span class='ocrx_word' id='word_1_97' title='bbox 736 1345 832 1407; x_wconf 76' lang='grc' dir='ltr'>τὰς</span> <span class='ocrx_word' id='word_1_98' title='bbox 890 1344 1201 1420; x_wconf 78' lang='grc' dir='ltr'>προσευχὰς</span> <span class='ocrx_word' id='word_1_99' title='bbox 1257 1348 1389 1417; x_wconf 88' lang='grc'>(65),</span> <span class='ocrx_word' id='word_1_100' title='bbox 1448 1346 1584 1421; x_wconf 80' lang='grc' dir='ltr'>πρὸς</span> <span class='ocrx_word' id='word_1_101' title='bbox 1629 1348 1727 1415; x_wconf 73' lang='grc' dir='ltr'>τὴν</span> <span class='ocrx_word' id='word_1_102' title='bbox 1759 1346 1969 1417; x_wconf 79' lang='grc' dir='ltr'>πλάνην</span> 
     </span>
    </p>
   </div>
   <div class='ocr_carea' id='block_1_18' title="bbox 308 1433 1970 1511">
    <p class='ocr_par' dir='ltr' id='par_1_18' title="bbox 308 1433 1970 1511">
     <span class='ocr_line' id='line_1_18' title="bbox 308 1433 1970 1511; baseline 0.001 -22"><span class='ocrx_word' id='word_1_103' title='bbox 308 1433 489 1489; x_wconf 79' lang='grc' dir='ltr'>αὐτῶν</span> <span class='ocrx_word' id='word_1_104' title='bbox 557 1434 713 1505; x_wconf 80' lang='grc' dir='ltr'>ὑμεῖς</span> <span class='ocrx_word' id='word_1_105' title='bbox 746 1438 852 1505; x_wconf 85' lang='grc'>(66)</span> <span class='ocrx_word' id='word_1_106' title='bbox 885 1433 1090 1508; x_wconf 73' lang='grc' dir='ltr'>ἑδραῖοι</span> <span class='ocrx_word' id='word_1_107' title='bbox 1149 1438 1218 1508; x_wconf 81' lang='grc' dir='ltr'>τῇ</span> <span class='ocrx_word' id='word_1_108' title='bbox 1278 1435 1474 1504; x_wconf 69' lang='grc' dir='ltr'>πίστει,</span> <span class='ocrx_word' id='word_1_109' title='bbox 1524 1437 1662 1509; x_wconf 88' lang='grc' dir='ltr'>πρὸς</span> <span class='ocrx_word' id='word_1_110' title='bbox 1690 1436 1754 1489; x_wconf 87' lang='grc' dir='ltr'>τὸ</span> <span class='ocrx_word' id='word_1_111' title='bbox 1785 1434 1970 1511; x_wconf 78' lang='grc' dir='ltr'>ἄγριον</span> 
     </span>
    </p>
   </div>
   <div class='ocr_carea' id='block_1_19' title="bbox 310 1522 1968 1599">
    <p class='ocr_par' dir='ltr' id='par_1_19' title="bbox 310 1522 1968 1599">
     <span class='ocr_line' id='line_1_19' title="bbox 310 1522 1968 1599; baseline 0 -18"><span class='ocrx_word' id='word_1_112' title='bbox 310 1525 490 1581; x_wconf 78' lang='grc' dir='ltr'>αὐτῶν</span> <span class='ocrx_word' id='word_1_113' title='bbox 530 1525 688 1599; x_wconf 85' lang='grc' dir='ltr'>ὑμεῖς</span> <span class='ocrx_word' id='word_1_114' title='bbox 715 1522 937 1596; x_wconf 68' lang='grc' dir='ltr'>ἥμεροι.</span> <span class='ocrx_word' id='word_1_115' title='bbox 996 1527 1086 1594; x_wconf 75' lang='grc' dir='ltr'>Μή</span> <span class='ocrx_word' id='word_1_116' title='bbox 1147 1523 1540 1595; x_wconf 71' lang='grc' dir='ltr'>σπουδάζοντες</span> <span class='ocrx_word' id='word_1_117' title='bbox 1595 1525 1968 1596; x_wconf 79' lang='grc' dir='ltr'>ἀντιμιμήσα·</span> 
     </span>
    </p>
   </div>
   <div class='ocr_carea' id='block_1_20' title="bbox 310 1612 1966 1691">
    <p class='ocr_par' dir='ltr' id='par_1_20' title="bbox 310 1612 1966 1691">
     <span class='ocr_line' id='line_1_20' title="bbox 310 1612 1966 1691; baseline -0.001 -21"><span class='ocrx_word' id='word_1_118' title='bbox 310 1619 431 1670; x_wconf 77' lang='grc' dir='ltr'>σθαι</span> <span class='ocrx_word' id='word_1_119' title='bbox 464 1614 681 1681; x_wconf 75' lang='grc' dir='ltr'>αὐτοὺς,</span> <span class='ocrx_word' id='word_1_120' title='bbox 715 1612 943 1691; x_wconf 74' lang='grc' dir='ltr'>ἀδελφοὶ</span> <span class='ocrx_word' id='word_1_121' title='bbox 998 1615 1176 1669; x_wconf 75' lang='grc' dir='ltr'>αὐτῶν</span> <span class='ocrx_word' id='word_1_122' title='bbox 1238 1615 1556 1690; x_wconf 68' lang='grc' dir='ltr'>εὑρηθῶμεν</span> <span class='ocrx_word' id='word_1_123' title='bbox 1583 1619 1654 1688; x_wconf 75' lang='grc' dir='ltr'>τῇ</span> <span class='ocrx_word' id='word_1_124' title='bbox 1686 1616 1966 1687; x_wconf 56' lang='grc' dir='ltr'>ἐπιεικείᾳ</span> 
     </span>
    </p>
   </div>
   <div class='ocr_carea' id='block_1_21' title="bbox 314 1700 1965 1779">
    <p class='ocr_par' dir='ltr' id='par_1_21' title="bbox 314 1700 1965 1779">
     <span class='ocr_line' id='line_1_21' title="bbox 314 1700 1965 1779; baseline -0.001 -20"><span class='ocrx_word' id='word_1_125' title='bbox 314 1705 557 1777; x_wconf 77' lang='grc' dir='ltr'>μιμηταὶ</span> <span class='ocrx_word' id='word_1_126' title='bbox 589 1700 647 1759; x_wconf 77' lang='grc' dir='ltr'>δὲ</span> <span class='ocrx_word' id='word_1_127' title='bbox 674 1707 771 1758; x_wconf 88' lang='grc' dir='ltr'>τοῦ</span> <span class='ocrx_word' id='word_1_128' title='bbox 802 1703 1005 1779; x_wconf 80' lang='grc' dir='ltr'>Κυρίου</span> <span class='ocrx_word' id='word_1_129' title='bbox 1053 1700 1446 1777; x_wconf 79' lang='grc' dir='ltr'>σπουδάζωμεν</span> <span class='ocrx_word' id='word_1_130' title='bbox 1478 1706 1628 1760; x_wconf 74' lang='grc' dir='ltr'>εἶναι.</span> <span class='ocrx_word' id='word_1_131' title='bbox 1664 1704 1769 1778; x_wconf 79' lang='grc' dir='ltr'>(τίς</span> <span class='ocrx_word' id='word_1_132' title='bbox 1799 1706 1965 1760; x_wconf 71' lang='grc' dir='ltr'>πλέον</span> 
     </span>
    </p>
   </div>
   <div class='ocr_carea' id='block_1_22' title="bbox 308 1790 1967 1867">
    <p class='ocr_par' dir='ltr' id='par_1_22' title="bbox 308 1790 1967 1867">
     <span class='ocr_line' id='line_1_22' title="bbox 308 1790 1967 1867; baseline -0.002 -16"><span class='ocrx_word' id='word_1_133' title='bbox 308 1798 418 1867; x_wconf 86' lang='grc'>(67)</span> <span class='ocrx_word' id='word_1_134' title='bbox 480 1790 780 1864; x_wconf 77' lang='grc' dir='ltr'>ἁδικηθεῖς,</span> <span class='ocrx_word' id='word_1_135' title='bbox 836 1792 919 1856; x_wconf 81' lang='grc' dir='ltr'>τίς</span> <span class='ocrx_word' id='word_1_136' title='bbox 975 1793 1388 1865; x_wconf 80' lang='grc' dir='ltr'>ἀποστερηθεὶς,</span> <span class='ocrx_word' id='word_1_137' title='bbox 1443 1794 1531 1857; x_wconf 88' lang='grc' dir='ltr'>τίς</span> <span class='ocrx_word' id='word_1_138' title='bbox 1586 1794 1967 1866; x_wconf 75' lang='grc' dir='ltr'>ἆθετηθείςς)</span> 
     </span>
    </p>
   </div>
   <div class='ocr_carea' id='block_1_23' title="bbox 2154 815 3745 888">
    <p class='ocr_par' dir='ltr' id='par_1_23' title="bbox 2154 815 3745 888">
     <span class='ocr_line' id='line_1_23' title="bbox 2154 815 3745 888; baseline 0.003 -19"><span class='ocrx_word' id='word_1_139' title='bbox 2154 815 2267 871; x_wconf 90' lang='lat' dir='ltr'>Sed</span> <span class='ocrx_word' id='word_1_140' title='bbox 2290 822 2349 871; x_wconf 93' lang='lat' dir='ltr'>et</span> <span class='ocrx_word' id='word_1_141' title='bbox 2371 833 2473 888; x_wconf 91' lang='lat' dir='ltr'>pro</span> <span class='ocrx_word' id='word_1_142' title='bbox 2494 817 2627 872; x_wconf 87' lang='lat' dir='ltr'>aliis</span> <span class='ocrx_word' id='word_1_143' title='bbox 2648 818 2992 874; x_wconf 90' lang='lat' dir='ltr'>hominibus</span> <span class='ocrx_word' id='word_1_144' title='bbox 3014 818 3426 874; x_wconf 87' lang='lat' dir='ltr'>indesinenter</span> <span class='ocrx_word' id='word_1_145' title='bbox 3448 820 3745 875; x_wconf 89' lang='lat' dir='ltr'>orate.Est</span> 
     </span>
    </p>
   </div>
   <div class='ocr_carea' id='block_1_24' title="bbox 2081 904 3737 978">
    <p class='ocr_par' dir='ltr' id='par_1_24' title="bbox 2081 904 3737 978">
     <span class='ocr_line' id='line_1_24' title="bbox 2081 904 3737 978; baseline 0.005 -20"><span class='ocrx_word' id='word_1_146' title='bbox 2081 904 2237 959; x_wconf 91' lang='lat' dir='ltr'>enim</span> <span class='ocrx_word' id='word_1_147' title='bbox 2256 906 2312 960; x_wconf 87' lang='lat' dir='ltr'>in</span> <span class='ocrx_word' id='word_1_148' title='bbox 2329 906 2474 977; x_wconf 90' lang='lat' dir='ltr'>ipsis</span> <span class='ocrx_word' id='word_1_149' title='bbox 2487 923 2621 978; x_wconf 92' lang='lat' dir='ltr'>spes</span> <span class='ocrx_word' id='word_1_150' title='bbox 2636 908 3273 978; x_wconf 70' lang='lat' dir='ltr'>pamitentim,utDeum</span> <span class='ocrx_word' id='word_1_151' title='bbox 3288 925 3360 965; x_wconf 87' lang='lat' dir='ltr'>na</span> <span class='ocrx_word' id='word_1_152' title='bbox 3372 909 3737 966; x_wconf 88' lang='lat' dir='ltr'>nciscantur.</span> 
     </span>
    </p>
   </div>
   <div class='ocr_carea' id='block_1_25' title="bbox 2078 994 3738 1070">
    <p class='ocr_par' dir='ltr' id='par_1_25' title="bbox 2078 994 3738 1070">
     <span class='ocr_line' id='line_1_25' title="bbox 2078 994 3738 1070; baseline 0.003 -22"><span class='ocrx_word' id='word_1_153' title='bbox 2078 994 2411 1049; x_wconf 78' lang='lat' dir='ltr'>Permittite</span> <span class='ocrx_word' id='word_1_154' title='bbox 2434 995 2635 1067; x_wconf 83' lang='lat' dir='ltr'>itaque</span> <span class='ocrx_word' id='word_1_155' title='bbox 2656 996 2838 1067; x_wconf 90' lang='lat' dir='ltr'>ipsos,</span> <span class='ocrx_word' id='word_1_156' title='bbox 2863 1002 3053 1053; x_wconf 89' lang='lat' dir='ltr'>satem</span> <span class='ocrx_word' id='word_1_157' title='bbox 3077 1014 3147 1052; x_wconf 85' lang='lat' dir='ltr'>ex</span> <span class='ocrx_word' id='word_1_158' title='bbox 3179 997 3480 1070; x_wconf 82' lang='lat' dir='ltr'>operibus,</span> <span class='ocrx_word' id='word_1_159' title='bbox 3513 1015 3548 1054; x_wconf 92' lang='lat' dir='ltr'>a</span> <span class='ocrx_word' id='word_1_160' title='bbox 3573 997 3738 1053; x_wconf 83' lang='lat' dir='ltr'>vobis</span> 
     </span>
    </p>
   </div>
   <div class='ocr_carea' id='block_1_26' title="bbox 2080 1083 3737 1153">
    <p class='ocr_par' dir='ltr' id='par_1_26' title="bbox 2080 1083 3737 1153">
     <span class='ocr_line' id='line_1_26' title="bbox 2080 1083 3737 1153; baseline 0.002 -16"><span class='ocrx_word' id='word_1_161' title='bbox 2080 1083 2323 1138; x_wconf 87' lang='lat' dir='ltr'>erudiri.</span> <span class='ocrx_word' id='word_1_162' title='bbox 2351 1083 2491 1139; x_wconf 89' lang='lat' dir='ltr'>Sitis</span> <span class='ocrx_word' id='word_1_163' title='bbox 2509 1101 2610 1140; x_wconf 89' lang='lat' dir='ltr'>vos</span> <span class='ocrx_word' id='word_1_164' title='bbox 2631 1085 2911 1141; x_wconf 89' lang='lat' dir='ltr'>adversus</span> <span class='ocrx_word' id='word_1_165' title='bbox 2934 1086 3051 1141; x_wconf 90' lang='lat' dir='ltr'>iras</span> <span class='ocrx_word' id='word_1_166' title='bbox 3083 1103 3286 1142; x_wconf 89' lang='lat' dir='ltr'>eorum</span> <span class='ocrx_word' id='word_1_167' title='bbox 3310 1087 3505 1153; x_wconf 86' lang='lat' dir='ltr'>mites,</span> <span class='ocrx_word' id='word_1_168' title='bbox 3530 1087 3737 1143; x_wconf 83' lang='lat' dir='ltr'>adver-</span> 
     </span>
    </p>
   </div>
   <div class='ocr_carea' id='block_1_27' title="bbox 2081 1173 3737 1245">
    <p class='ocr_par' dir='ltr' id='par_1_27' title="bbox 2081 1173 3737 1245">
     <span class='ocr_line' id='line_1_27' title="bbox 2081 1173 3737 1245; baseline 0.004 -19"><span class='ocrx_word' id='word_1_169' title='bbox 2081 1189 2182 1227; x_wconf 89' lang='lat' dir='ltr'>sus</span> <span class='ocrx_word' id='word_1_170' title='bbox 2208 1173 2751 1245; x_wconf 84' lang='lat' dir='ltr'>magniloquentias</span> <span class='ocrx_word' id='word_1_171' title='bbox 2778 1191 2982 1231; x_wconf 88' lang='lat' dir='ltr'>eorum</span> <span class='ocrx_word' id='word_1_172' title='bbox 3006 1176 3264 1232; x_wconf 88' lang='lat' dir='ltr'>humiles</span> <span class='ocrx_word' id='word_1_173' title='bbox 3289 1194 3303 1243; x_wconf 88' lang='lat'><strong>;</strong></span> <span class='ocrx_word' id='word_1_174' title='bbox 3329 1192 3534 1232; x_wconf 90' lang='lat' dir='ltr'>eorum</span> <span class='ocrx_word' id='word_1_175' title='bbox 3556 1178 3737 1232; x_wconf 86' lang='lat' dir='ltr'>male-</span> 
     </span>
    </p>
   </div>
   <div class='ocr_carea' id='block_1_28' title="bbox 2080 1261 3735 1336">
    <p class='ocr_par' dir='ltr' id='par_1_28' title="bbox 2080 1261 3735 1336">
     <span class='ocr_line' id='line_1_28' title="bbox 2080 1261 3735 1336; baseline 0.003 -21"><span class='ocrx_word' id='word_1_176' title='bbox 2080 1261 2253 1316; x_wconf 86' lang='lat' dir='ltr'>dictis</span> <span class='ocrx_word' id='word_1_177' title='bbox 2274 1264 2552 1333; x_wconf 89' lang='lat' dir='ltr'>opponite</span> <span class='ocrx_word' id='word_1_178' title='bbox 2576 1280 2676 1319; x_wconf 90' lang='lat' dir='ltr'>vos</span> <span class='ocrx_word' id='word_1_179' title='bbox 2698 1281 2924 1336; x_wconf 86' lang='lat' dir='ltr'>preces,</span> <span class='ocrx_word' id='word_1_180' title='bbox 2941 1264 3220 1320; x_wconf 89' lang='lat' dir='ltr'>adversus</span> <span class='ocrx_word' id='word_1_181' title='bbox 3242 1281 3505 1321; x_wconf 88' lang='lat' dir='ltr'>errorem</span> <span class='ocrx_word' id='word_1_182' title='bbox 3529 1281 3735 1320; x_wconf 91' lang='lat' dir='ltr'>eorum</span> 
     </span>
    </p>
   </div>
   <div class='ocr_carea' id='block_1_29' title="bbox 2080 1351 3734 1422">
    <p class='ocr_par' dir='ltr' id='par_1_29' title="bbox 2080 1351 3734 1422">
     <span class='ocr_line' id='line_1_29' title="bbox 2080 1351 3734 1422; baseline 0.004 -18"><span class='ocrx_word' id='word_1_183' title='bbox 2080 1367 2179 1405; x_wconf 90' lang='lat' dir='ltr'>vos</span> <span class='ocrx_word' id='word_1_184' title='bbox 2203 1351 2359 1405; x_wconf 77' lang='lat' dir='ltr'>firmi</span> <span class='ocrx_word' id='word_1_185' title='bbox 2391 1359 2735 1422; x_wconf 88' lang='lat' dir='ltr'>permanete</span> <span class='ocrx_word' id='word_1_186' title='bbox 2766 1354 2826 1408; x_wconf 91' lang='lat' dir='ltr'>in</span> <span class='ocrx_word' id='word_1_187' title='bbox 2859 1354 3284 1416; x_wconf 81' lang='lat' dir='ltr'>ﬂde,adversus</span> <span class='ocrx_word' id='word_1_188' title='bbox 3305 1356 3517 1410; x_wconf 76' lang='lat' dir='ltr'>efl&#39;eros</span> <span class='ocrx_word' id='word_1_189' title='bbox 3538 1370 3734 1410; x_wconf 89' lang='lat' dir='ltr'>mores</span> 
     </span>
    </p>
   </div>
   <div class='ocr_carea' id='block_1_30' title="bbox 2079 1439 3737 1513">
    <p class='ocr_par' dir='ltr' id='par_1_30' title="bbox 2079 1439 3737 1513">
     <span class='ocr_line' id='line_1_30' title="bbox 2079 1439 3737 1513; baseline 0.002 -21"><span class='ocrx_word' id='word_1_190' title='bbox 2079 1439 2318 1495; x_wconf 88' lang='lat' dir='ltr'>illorum</span> <span class='ocrx_word' id='word_1_191' title='bbox 2344 1458 2445 1494; x_wconf 87' lang='lat' dir='ltr'>vos</span> <span class='ocrx_word' id='word_1_192' title='bbox 2468 1443 2761 1498; x_wconf 86' lang='lat' dir='ltr'>mansueti</span> <span class='ocrx_word' id='word_1_193' title='bbox 2795 1443 3075 1497; x_wconf 80' lang='lat' dir='ltr'>sitis.Non</span> <span class='ocrx_word' id='word_1_194' title='bbox 3099 1444 3260 1513; x_wconf 86' lang='lat' dir='ltr'>ipsos</span> <span class='ocrx_word' id='word_1_195' title='bbox 3282 1449 3490 1498; x_wconf 88' lang='lat' dir='ltr'>contra</span> <span class='ocrx_word' id='word_1_196' title='bbox 3514 1442 3737 1498; x_wconf 88' lang='lat' dir='ltr'>imitari</span> 
     </span>
    </p>
   </div>
   <div class='ocr_carea' id='block_1_31' title="bbox 2080 1528 3731 1601">
    <p class='ocr_par' dir='ltr' id='par_1_31' title="bbox 2080 1528 3731 1601">
     <span class='ocr_line' id='line_1_31' title="bbox 2080 1528 3731 1601; baseline 0.004 -20"><span class='ocrx_word' id='word_1_197' title='bbox 2080 1528 2517 1595; x_wconf 82' lang='lat' dir='ltr'>conati,fratres</span> <span class='ocrx_word' id='word_1_198' title='bbox 2536 1546 2738 1585; x_wconf 85' lang='lat' dir='ltr'>eorum</span> <span class='ocrx_word' id='word_1_199' title='bbox 2764 1531 3140 1585; x_wconf 85' lang='lat' dir='ltr'>inveniamur</span> <span class='ocrx_word' id='word_1_200' title='bbox 3160 1547 3266 1601; x_wconf 89' lang='lat' dir='ltr'>per</span> <span class='ocrx_word' id='word_1_201' title='bbox 3284 1531 3731 1601; x_wconf 68' lang='lat' dir='ltr'>benignitatem;</span> 
     </span>
    </p>
   </div>
   <div class='ocr_carea' id='block_1_32' title="bbox 2080 1616 3735 1689">
    <p class='ocr_par' dir='ltr' id='par_1_32' title="bbox 2080 1616 3735 1689">
     <span class='ocr_line' id='line_1_32' title="bbox 2080 1616 3735 1689; baseline 0.004 -20"><span class='ocrx_word' id='word_1_202' title='bbox 2080 1616 2409 1672; x_wconf 82' lang='lat' dir='ltr'>imitatores</span> <span class='ocrx_word' id='word_1_203' title='bbox 2433 1627 2627 1674; x_wconf 86' lang='lat' dir='ltr'>autem</span> <span class='ocrx_word' id='word_1_204' title='bbox 2657 1620 2884 1673; x_wconf 89' lang='lat' dir='ltr'>Domini</span> <span class='ocrx_word' id='word_1_205' title='bbox 2908 1619 3254 1674; x_wconf 88' lang='lat' dir='ltr'>studeamus</span> <span class='ocrx_word' id='word_1_206' title='bbox 3278 1621 3588 1689; x_wconf 80' lang='lat' dir='ltr'>esse,tquis</span> <span class='ocrx_word' id='word_1_207' title='bbox 3612 1637 3735 1676; x_wconf 81' lang='lat' dir='ltr'>ma-</span> 
     </span>
    </p>
   </div>
   <div class='ocr_carea' id='block_1_33' title="bbox 2072 1704 3731 1780">
    <p class='ocr_par' dir='ltr' id='par_1_33' title="bbox 2072 1704 3731 1780">
     <span class='ocr_line' id='line_1_33' title="bbox 2072 1704 3731 1780; baseline 0.002 -21"><span class='ocrx_word' id='word_1_208' title='bbox 2072 1704 2264 1775; x_wconf 87' lang='lat' dir='ltr'>jorem</span> <span class='ocrx_word' id='word_1_209' title='bbox 2297 1707 2577 1776; x_wconf 55' lang='lat' dir='ltr'>iniuriam</span> <span class='ocrx_word' id='word_1_210' title='bbox 2600 1722 2810 1777; x_wconf 90' lang='lat' dir='ltr'>passus</span> <span class='ocrx_word' id='word_1_211' title='bbox 2834 1712 2924 1761; x_wconf 89' lang='lat' dir='ltr'>est</span> <span class='ocrx_word' id='word_1_212' title='bbox 2950 1723 3239 1778; x_wconf 84' lang='lat' dir='ltr'>unquam,</span> <span class='ocrx_word' id='word_1_213' title='bbox 3263 1708 3397 1778; x_wconf 86' lang='lat' dir='ltr'>quis</span> <span class='ocrx_word' id='word_1_214' title='bbox 3422 1709 3607 1780; x_wconf 85' lang='lat' dir='ltr'>magis</span> <span class='ocrx_word' id='word_1_215' title='bbox 3629 1708 3731 1763; x_wconf 87' lang='lat' dir='ltr'>de-~</span> 
     </span>
    </p>
   </div>
   <div class='ocr_carea' id='block_1_34' title="bbox 2077 1794 3739 1868">
    <p class='ocr_par' dir='ltr' id='par_1_34' title="bbox 2077 1794 3739 1868">
     <span class='ocr_line' id='line_1_34' title="bbox 2077 1794 3739 1868; baseline 0.003 -20"><span class='ocrx_word' id='word_1_216' title='bbox 2077 1794 2340 1862; x_wconf 85' lang='lat' dir='ltr'>stitutus,</span> <span class='ocrx_word' id='word_1_217' title='bbox 2375 1795 2507 1865; x_wconf 83' lang='lat' dir='ltr'>quis</span> <span class='ocrx_word' id='word_1_218' title='bbox 2541 1796 2725 1867; x_wconf 84' lang='lat' dir='ltr'>magis</span> <span class='ocrx_word' id='word_1_219' title='bbox 2745 1802 3126 1867; x_wconf 78' lang='lat' dir='ltr'>contemptus</span> <span class='ocrx_word' id='word_1_220' title='bbox 3145 1796 3194 1864; x_wconf 71' lang='lat'>‘2)</span> <span class='ocrx_word' id='word_1_221' title='bbox 3221 1812 3295 1851; x_wconf 89' lang='lat' dir='ltr'>ne</span> <span class='ocrx_word' id='word_1_222' title='bbox 3319 1796 3505 1851; x_wconf 88' lang='lat' dir='ltr'>herba</span> <span class='ocrx_word' id='word_1_223' title='bbox 3528 1797 3739 1868; x_wconf 86' lang='lat' dir='ltr'>aliqua</span> 
     </span>
    </p>
   </div>
   <div class='ocr_carea' id='block_1_35' title="bbox 309 1878 1957 1959">
    <p class='ocr_par' dir='ltr' id='par_1_35' title="bbox 309 1878 1957 1959">
     <span class='ocr_line' id='line_1_35' title="bbox 309 1878 1957 1959; baseline -0.003 -18"><span class='ocrx_word' id='word_1_224' title='bbox 309 1887 420 1958; x_wconf 83' lang='lat'>(68)</span> <span class='ocrx_word' id='word_1_225' title='bbox 443 1881 541 1939; x_wconf 65' lang='grc' dir='ltr'>ἵνα</span> <span class='ocrx_word' id='word_1_226' title='bbox 575 1885 652 1957; x_wconf 78' lang='grc' dir='ltr'>μή</span> <span class='ocrx_word' id='word_1_227' title='bbox 686 1887 783 1938; x_wconf 89' lang='grc' dir='ltr'>τοῦ</span> <span class='ocrx_word' id='word_1_228' title='bbox 815 1878 1079 1938; x_wconf 74' lang='grc' dir='ltr'>διαϐόλου</span> <span class='ocrx_word' id='word_1_229' title='bbox 1138 1884 1250 1959; x_wconf 86' lang='grc'>(69)</span> <span class='ocrx_word' id='word_1_230' title='bbox 1314 1884 1517 1959; x_wconf 85' lang='grc' dir='ltr'>βοτάνη</span> <span class='ocrx_word' id='word_1_231' title='bbox 1571 1904 1657 1945; x_wconf 91' lang='grc' dir='ltr'>τις</span> <span class='ocrx_word' id='word_1_232' title='bbox 1689 1882 1882 1959; x_wconf 74' lang='grc' dir='ltr'>εὑρεθῇ</span> <span class='ocrx_word' id='word_1_233' title='bbox 1915 1883 1957 1937; x_wconf 59' lang='grc' dir='ltr'>ἐκ</span> 
     </span>
    </p>
   </div>
   <div class='ocr_carea' id='block_1_36' title="bbox 2083 1878 3734 1959">
    <p class='ocr_par' dir='ltr' id='par_1_36' title="bbox 2083 1883 3734 1957">
     <span class='ocr_line' id='line_1_36' title="bbox 2083 1883 3734 1957; baseline 0.002 -19"><span class='ocrx_word' id='word_1_234' title='bbox 2083 1883 2294 1939; x_wconf 83' lang='lat' dir='ltr'>diaboli</span> <span class='ocrx_word' id='word_1_235' title='bbox 2340 1885 2400 1938; x_wconf 89' lang='lat' dir='ltr'>in</span> <span class='ocrx_word' id='word_1_236' title='bbox 2431 1884 2595 1939; x_wconf 87' lang='lat' dir='ltr'>vobis</span> <span class='ocrx_word' id='word_1_237' title='bbox 2626 1884 2995 1951; x_wconf 87' lang='lat' dir='ltr'>inveniatur;</span> <span class='ocrx_word' id='word_1_238' title='bbox 3028 1885 3134 1940; x_wconf 91' lang='lat' dir='ltr'>sed</span> <span class='ocrx_word' id='word_1_239' title='bbox 3177 1885 3237 1940; x_wconf 89' lang='lat' dir='ltr'>in</span> <span class='ocrx_word' id='word_1_240' title='bbox 3277 1886 3439 1940; x_wconf 90' lang='lat' dir='ltr'>omni</span> <span class='ocrx_word' id='word_1_241' title='bbox 3472 1886 3734 1957; x_wconf 87' lang='lat' dir='ltr'>puritate</span> 
     </span>
    </p>
   </div>
   <div class='ocr_carea' id='block_1_37' title="bbox 308 1970 1959 2053">
    <p class='ocr_par' dir='ltr' id='par_1_37' title="bbox 308 1970 1959 2053">
     <span class='ocr_line' id='line_1_37' title="bbox 308 1970 1959 2053; baseline 0 -25"><span class='ocrx_word' id='word_1_242' title='bbox 308 1973 460 2047; x_wconf 86' lang='grc' dir='ltr'>ὑμῖν·</span> <span class='ocrx_word' id='word_1_243' title='bbox 494 1970 625 2029; x_wconf 81' lang='grc' dir='ltr'>ἀλλ’</span> <span class='ocrx_word' id='word_1_244' title='bbox 654 1970 707 2027; x_wconf 80' lang='grc' dir='ltr'>ἐν</span> <span class='ocrx_word' id='word_1_245' title='bbox 740 1971 884 2047; x_wconf 77' lang='grc' dir='ltr'>πάσῃ</span> <span class='ocrx_word' id='word_1_246' title='bbox 938 1972 1127 2050; x_wconf 78' lang='grc' dir='ltr'>ἁγνείᾳ</span> <span class='ocrx_word' id='word_1_247' title='bbox 1168 1972 1260 2027; x_wconf 78' lang='grc' dir='ltr'>καὶ</span> <span class='ocrx_word' id='word_1_248' title='bbox 1300 1973 1620 2053; x_wconf 73' lang='grc' dir='ltr'>σωφροσύνῃ</span> <span class='ocrx_word' id='word_1_249' title='bbox 1657 1971 1875 2048; x_wconf 82' lang='grc' dir='ltr'>μένητε,</span> <span class='ocrx_word' id='word_1_250' title='bbox 1907 1971 1959 2028; x_wconf 82' lang='grc' dir='ltr'>ἐν</span> 
     </span>
    </p>
   </div>
   <div class='ocr_carea' id='block_1_38' title="bbox 300 2062 1613 2137">
    <p class='ocr_par' dir='ltr' id='par_1_38' title="bbox 300 2062 1613 2137">
     <span class='ocr_line' id='line_1_38' title="bbox 300 2062 1613 2137; baseline 0 -18"><span class='ocrx_word' id='word_1_251' title='bbox 300 2063 488 2135; x_wconf 82' lang='grc' dir='ltr'>Ἰησοῦ</span> <span class='ocrx_word' id='word_1_252' title='bbox 515 2065 762 2137; x_wconf 77' lang='grc' dir='ltr'>Χριστῷ,</span> <span class='ocrx_word' id='word_1_253' title='bbox 794 2066 1065 2137; x_wconf 82' lang='grc' dir='ltr'>σαρκικῶς</span> <span class='ocrx_word' id='word_1_254' title='bbox 1095 2062 1186 2117; x_wconf 78' lang='grc' dir='ltr'>καὶ</span> <span class='ocrx_word' id='word_1_255' title='bbox 1214 2066 1613 2136; x_wconf 80' lang='grc' dir='ltr'>πνευματικῶς.</span> 
     </span>
    </p>
   </div>
   <div class='ocr_carea' id='block_1_39' title="bbox 2071 1974 3734 2045">
    <p class='ocr_par' dir='ltr' id='par_1_39' title="bbox 2071 1974 3734 2045">
     <span class='ocr_line' id='line_1_39' title="bbox 2071 1974 3734 2045; baseline 0.002 -17"><span class='ocrx_word' id='word_1_256' title='bbox 2071 1977 2131 2028; x_wconf 89' lang='lat' dir='ltr'>et</span> <span class='ocrx_word' id='word_1_257' title='bbox 2162 1974 2556 2045; x_wconf 84' lang='lat' dir='ltr'>temperantia</span> <span class='ocrx_word' id='word_1_258' title='bbox 2586 1975 2904 2042; x_wconf 88' lang='lat' dir='ltr'>maneatis,</span> <span class='ocrx_word' id='word_1_259' title='bbox 2938 1975 2999 2031; x_wconf 90' lang='lat' dir='ltr'>in</span> <span class='ocrx_word' id='word_1_260' title='bbox 3044 1977 3182 2030; x_wconf 83' lang='lat' dir='ltr'>Jesu</span> <span class='ocrx_word' id='word_1_261' title='bbox 3234 1975 3487 2045; x_wconf 89' lang='lat' dir='ltr'>Christo,</span> <span class='ocrx_word' id='word_1_262' title='bbox 3521 1992 3734 2032; x_wconf 87' lang='lat' dir='ltr'>carna-</span> 
     </span>
    </p>
   </div>
   <div class='ocr_carea' id='block_1_40' title="bbox 2070 2062 2733 2134">
    <p class='ocr_par' dir='ltr' id='par_1_40' title="bbox 2070 2062 2733 2134">
     <span class='ocr_line' id='line_1_40' title="bbox 2070 2062 2733 2134; baseline 0.006 -18"><span class='ocrx_word' id='word_1_263' title='bbox 2070 2062 2207 2117; x_wconf 90' lang='lat' dir='ltr'>liter</span> <span class='ocrx_word' id='word_1_264' title='bbox 2235 2069 2293 2118; x_wconf 92' lang='lat' dir='ltr'>et</span> <span class='ocrx_word' id='word_1_265' title='bbox 2323 2064 2733 2134; x_wconf 86' lang='lat' dir='ltr'>spiritualiter.</span> 
     </span>
    </p>
   </div>
   <div class='ocr_carea' id='block_1_41' title="bbox 904 2160 3101 2232">
    <p class='ocr_par' dir='ltr' id='par_1_41' title="bbox 904 2160 3101 2232">
     <span class='ocr_line' id='line_1_41' title="bbox 904 2160 3101 2232; baseline -0.001 -17"><span class='ocrx_word' id='word_1_266' title='bbox 904 2162 997 2216; x_wconf 86' lang='lat' dir='ltr'>XI.</span> <span class='ocrx_word' id='word_1_267' title='bbox 1033 2164 1337 2217; x_wconf 82' lang='lat' dir='ltr'>Novissima</span> <span class='ocrx_word' id='word_1_268' title='bbox 1356 2161 1481 2232; x_wconf 85' lang='lat' dir='ltr'>jam</span> <span class='ocrx_word' id='word_1_269' title='bbox 1506 2168 1633 2217; x_wconf 82' lang='lat' dir='ltr'>sunt</span> <span class='ocrx_word' id='word_1_270' title='bbox 1660 2168 1946 2231; x_wconf 83' lang='lat' dir='ltr'>tempora;</span> <span class='ocrx_word' id='word_1_271' title='bbox 1995 2160 2282 2214; x_wconf 80' lang='lat' dir='ltr'>timeamus</span> <span class='ocrx_word' id='word_1_272' title='bbox 2316 2161 2601 2214; x_wconf 86' lang='lat' dir='ltr'>Cominum</span> <span class='ocrx_word' id='word_1_273' title='bbox 2624 2178 2647 2225; x_wconf 86' lang='lat'><strong><em>;</em></strong></span> <span class='ocrx_word' id='word_1_274' title='bbox 2677 2167 2831 2214; x_wconf 87' lang='lat' dir='ltr'>orate</span> <span class='ocrx_word' id='word_1_275' title='bbox 2853 2176 2961 2229; x_wconf 85' lang='lat' dir='ltr'>pro</span> <span class='ocrx_word' id='word_1_276' title='bbox 2998 2176 3101 2215; x_wconf 88' lang='lat' dir='ltr'>me.</span> 
     </span>
    </p>
   </div>
   <div class='ocr_carea' id='block_1_42' title="bbox 363 2257 1949 2332">
    <p class='ocr_par' dir='ltr' id='par_1_42' title="bbox 363 2257 1949 2332">
     <span class='ocr_line' id='line_1_42' title="bbox 363 2257 1949 2332; baseline -0.003 -18"><span class='ocrx_word' id='word_1_277' title='bbox 363 2259 481 2331; x_wconf 88' lang='grc'>(70)</span> <span class='ocrx_word' id='word_1_278' title='bbox 531 2261 799 2331; x_wconf 77' lang='grc' dir='ltr'>Ἐσγατοι</span> <span class='ocrx_word' id='word_1_279' title='bbox 855 2257 1038 2329; x_wconf 81' lang='grc' dir='ltr'>καιροὶ</span> <span class='ocrx_word' id='word_1_280' title='bbox 1097 2262 1211 2329; x_wconf 78' lang='grc'>(71)</span> <span class='ocrx_word' id='word_1_281' title='bbox 1269 2257 1487 2314; x_wconf 90' lang='grc' dir='ltr'>λοιπὸν.</span> <span class='ocrx_word' id='word_1_282' title='bbox 1531 2257 1949 2332; x_wconf 80' lang='grc' dir='ltr'>Αἰσχυνθῶμεν,</span> 
     </span>
    </p>
   </div>
   <div class='ocr_carea' id='block_1_43' title="bbox 296 2343 1953 2428">
    <p class='ocr_par' dir='ltr' id='par_1_43' title="bbox 296 2343 1953 2428">
     <span class='ocr_line' id='line_1_43' title="bbox 296 2343 1953 2428; baseline -0.002 -25"><span class='ocrx_word' id='word_1_283' title='bbox 296 2343 632 2428; x_wconf 68' lang='grc' dir='ltr'>φοϐηθῶμεν</span> <span class='ocrx_word' id='word_1_284' title='bbox 661 2348 759 2417; x_wconf 75' lang='grc' dir='ltr'>τήν</span> <span class='ocrx_word' id='word_1_285' title='bbox 793 2346 1165 2422; x_wconf 73' lang='grc' dir='ltr'>μκκρόθυμὶαν</span> <span class='ocrx_word' id='word_1_286' title='bbox 1188 2352 1286 2402; x_wconf 87' lang='grc' dir='ltr'>τοῦ</span> <span class='ocrx_word' id='word_1_287' title='bbox 1307 2353 1460 2412; x_wconf 74' lang='grc' dir='ltr'>Θεοῦ,</span> <span class='ocrx_word' id='word_1_288' title='bbox 1483 2345 1574 2402; x_wconf 74' lang='grc' dir='ltr'>’ἱνα</span> <span class='ocrx_word' id='word_1_289' title='bbox 1608 2349 1684 2419; x_wconf 72' lang='grc' dir='ltr'>μὴ</span> <span class='ocrx_word' id='word_1_290' title='bbox 1718 2350 1852 2420; x_wconf 70' lang='grc' dir='ltr'>ἡμῖν</span> <span class='ocrx_word' id='word_1_291' title='bbox 1879 2346 1953 2407; x_wconf 82' lang='grc' dir='ltr'>εἰς</span> 
     </span>
    </p>
   </div>
   <div class='ocr_carea' id='block_1_44' title="bbox 295 2430 1951 2513">
    <p class='ocr_par' dir='ltr' id='par_1_44' title="bbox 295 2430 1951 2513">
     <span class='ocr_line' id='line_1_44' title="bbox 295 2430 1951 2513; baseline -0.003 -21"><span class='ocrx_word' id='word_1_292' title='bbox 295 2442 471 2509; x_wconf 77' lang='grc' dir='ltr'>κρῖμα</span> <span class='ocrx_word' id='word_1_293' title='bbox 502 2436 749 2511; x_wconf 76' lang='grc' dir='ltr'>γενηται.</span> <span class='ocrx_word' id='word_1_294' title='bbox 781 2436 853 2492; x_wconf 82' lang='grc' dir='ltr'><em>Ἦ</em></span> <span class='ocrx_word' id='word_1_295' title='bbox 882 2436 982 2511; x_wconf 70' lang='grc' dir='ltr'>γὰρ</span> <span class='ocrx_word' id='word_1_296' title='bbox 1015 2437 1112 2505; x_wconf 70' lang='grc' dir='ltr'>τήν</span> <span class='ocrx_word' id='word_1_297' title='bbox 1149 2433 1458 2508; x_wconf 81' lang='grc' dir='ltr'>μέλλουσαν</span> <span class='ocrx_word' id='word_1_298' title='bbox 1492 2436 1662 2513; x_wconf 67' lang='grc' dir='ltr'>ὀργὴν</span> <span class='ocrx_word' id='word_1_299' title='bbox 1697 2430 1951 2512; x_wconf 70' lang='grc' dir='ltr'>φοϐηθῶ-</span> 
     </span>
    </p>
   </div>
   <div class='ocr_carea' id='block_1_45' title="bbox 300 2522 1955 2602">
    <p class='ocr_par' dir='ltr' id='par_1_45' title="bbox 300 2522 1955 2602">
     <span class='ocr_line' id='line_1_45' title="bbox 300 2522 1955 2602; baseline -0.001 -20"><span class='ocrx_word' id='word_1_300' title='bbox 300 2548 419 2601; x_wconf 85' lang='grc' dir='ltr'>μεν,</span> <span class='ocrx_word' id='word_1_301' title='bbox 478 2527 514 2596; x_wconf 81' lang='grc' dir='ltr'><strong>ἢ</strong></span> <span class='ocrx_word' id='word_1_302' title='bbox 571 2528 670 2596; x_wconf 80' lang='grc' dir='ltr'>τὴν</span> <span class='ocrx_word' id='word_1_303' title='bbox 732 2525 1025 2581; x_wconf 70' lang='grc' dir='ltr'>ἐνεστῶσαν</span> <span class='ocrx_word' id='word_1_304' title='bbox 1074 2527 1235 2601; x_wconf 69' lang='grc' dir='ltr'>χάριν</span> <span class='ocrx_word' id='word_1_305' title='bbox 1298 2527 1684 2602; x_wconf 69' lang='grc' dir='ltr'>ἅγαπήσωμεν·</span> <span class='ocrx_word' id='word_1_306' title='bbox 1745 2530 1855 2598; x_wconf 83' lang='grc'>(72)</span> <span class='ocrx_word' id='word_1_307' title='bbox 1900 2522 1955 2585; x_wconf 79' lang='grc' dir='ltr'>ἓν</span> 
     </span>
    </p>
   </div>
   <div class='ocr_carea' id='block_1_46' title="bbox 292 2612 1948 2689">
    <p class='ocr_par' dir='ltr' id='par_1_46' title="bbox 292 2612 1948 2689">
     <span class='ocr_line' id='line_1_46' title="bbox 292 2612 1948 2689; baseline -0.002 -18"><span class='ocrx_word' id='word_1_308' title='bbox 292 2620 402 2673; x_wconf 84' lang='grc' dir='ltr'>τῶν</span> <span class='ocrx_word' id='word_1_309' title='bbox 438 2612 556 2672; x_wconf 73' lang='grc' dir='ltr'>δύο.</span> <span class='ocrx_word' id='word_1_310' title='bbox 591 2613 771 2670; x_wconf 87' lang='grc' dir='ltr'>Μόνον</span> <span class='ocrx_word' id='word_1_311' title='bbox 813 2613 866 2668; x_wconf 82' lang='grc' dir='ltr'>ἐν</span> <span class='ocrx_word' id='word_1_312' title='bbox 916 2613 1133 2689; x_wconf 79' lang='grc' dir='ltr'>Χριστῷ</span> <span class='ocrx_word' id='word_1_313' title='bbox 1191 2617 1372 2685; x_wconf 81' lang='grc' dir='ltr'>Ἰησοῦ</span> <span class='ocrx_word' id='word_1_314' title='bbox 1430 2616 1742 2688; x_wconf 77' lang='grc' dir='ltr'>εὑρεηῆναι,</span> <span class='ocrx_word' id='word_1_315' title='bbox 1777 2613 1853 2674; x_wconf 85' lang='grc' dir='ltr'>εἷς</span> <span class='ocrx_word' id='word_1_316' title='bbox 1886 2614 1948 2668; x_wconf 87' lang='grc' dir='ltr'>τὸ</span> 
     </span>
    </p>
   </div>
   <div class='ocr_carea' id='block_1_47' title="bbox 300 2700 1953 2778">
    <p class='ocr_par' dir='ltr' id='par_1_47' title="bbox 300 2700 1953 2778">
     <span class='ocr_line' id='line_1_47' title="bbox 300 2700 1953 2778; baseline -0.003 -17"><span class='ocrx_word' id='word_1_317' title='bbox 300 2703 561 2774; x_wconf 69' lang='grc' dir='ltr'>ἄληθινὸν</span> <span class='ocrx_word' id='word_1_318' title='bbox 593 2707 709 2777; x_wconf 76' lang='grc' dir='ltr'>ζῇν.</span> <span class='ocrx_word' id='word_1_319' title='bbox 744 2704 927 2778; x_wconf 76' lang='grc' dir='ltr'>Χωρίς</span> <span class='ocrx_word' id='word_1_320' title='bbox 975 2704 1172 2759; x_wconf 83' lang='grc' dir='ltr'>τούτου</span> <span class='ocrx_word' id='word_1_321' title='bbox 1230 2700 1399 2776; x_wconf 70' lang='grc' dir='ltr'>μηδὲν</span> <span class='ocrx_word' id='word_1_322' title='bbox 1434 2703 1563 2775; x_wconf 87' lang='grc' dir='ltr'>ὑμῖν</span> <span class='ocrx_word' id='word_1_323' title='bbox 1595 2704 1867 2778; x_wconf 80' lang='grc' dir='ltr'>πρεπὲτω,</span> <span class='ocrx_word' id='word_1_324' title='bbox 1900 2702 1953 2756; x_wconf 76' lang='grc' dir='ltr'>ἐν</span> 
     </span>
    </p>
   </div>
   <div class='ocr_carea' id='block_1_48' title="bbox 305 2791 1954 2873">
    <p class='ocr_par' dir='ltr' id='par_1_48' title="bbox 305 2791 1954 2873">
     <span class='ocr_line' id='line_1_48' title="bbox 305 2791 1954 2873; baseline -0.001 -26"><span class='ocrx_word' id='word_1_325' title='bbox 305 2794 353 2866; x_wconf 81' lang='grc' dir='ltr'>ᾧ</span> <span class='ocrx_word' id='word_1_326' title='bbox 382 2795 452 2848; x_wconf 77' lang='grc' dir='ltr'>τὰ</span> <span class='ocrx_word' id='word_1_327' title='bbox 480 2791 650 2867; x_wconf 74' lang='grc' dir='ltr'>’ὀισμᾶ</span> <span class='ocrx_word' id='word_1_328' title='bbox 674 2791 971 2873; x_wconf 68' lang='grc' dir='ltr'>περιφέρω,</span> <span class='ocrx_word' id='word_1_329' title='bbox 1002 2794 1131 2855; x_wconf 89' lang='grc' dir='ltr'>τοὺς</span> <span class='ocrx_word' id='word_1_330' title='bbox 1160 2792 1563 2866; x_wconf 79' lang='grc' dir='ltr'>πνευματικοὺς</span> <span class='ocrx_word' id='word_1_331' title='bbox 1600 2797 1714 2865; x_wconf 87' lang='grc'>(73)</span> <span class='ocrx_word' id='word_1_332' title='bbox 1748 2813 1954 2867; x_wconf 77' lang='grc' dir='ltr'>μαργα-</span> 
     </span>
    </p>
   </div>
   <div class='ocr_carea' id='block_1_49' title="bbox 308 2881 1954 2960">
    <p class='ocr_par' dir='ltr' id='par_1_49' title="bbox 308 2881 1954 2960">
     <span class='ocr_line' id='line_1_49' title="bbox 308 2881 1954 2960; baseline -0.001 -23"><span class='ocrx_word' id='word_1_333' title='bbox 308 2883 487 2957; x_wconf 80' lang='grc' dir='ltr'>ρίτας,</span> <span class='ocrx_word' id='word_1_334' title='bbox 546 2881 596 2937; x_wconf 70' lang='grc' dir='ltr'>ἐν</span> <span class='ocrx_word' id='word_1_335' title='bbox 655 2884 734 2943; x_wconf 86' lang='grc' dir='ltr'>οἷς</span> <span class='ocrx_word' id='word_1_336' title='bbox 792 2882 1006 2960; x_wconf 75' lang='grc' dir='ltr'>γένοιτό</span> <span class='ocrx_word' id='word_1_337' title='bbox 1068 2904 1164 2956; x_wconf 89' lang='grc' dir='ltr'>μοι</span> <span class='ocrx_word' id='word_1_338' title='bbox 1221 2881 1513 2953; x_wconf 77' lang='grc' dir='ltr'>ἀναστῆναι</span> <span class='ocrx_word' id='word_1_339' title='bbox 1571 2886 1641 2956; x_wconf 77' lang='grc' dir='ltr'>τῇ</span> <span class='ocrx_word' id='word_1_340' title='bbox 1671 2885 1954 2956; x_wconf 72' lang='grc' dir='ltr'>προσευχῇ</span> 
     </span>
    </p>
   </div>
   <div class='ocr_carea' id='block_1_50' title="bbox 305 2968 1951 3049">
    <p class='ocr_par' dir='ltr' id='par_1_50' title="bbox 305 2968 1951 3049">
     <span class='ocr_line' id='line_1_50' title="bbox 305 2968 1951 3049; baseline -0.001 -21"><span class='ocrx_word' id='word_1_341' title='bbox 305 2972 478 3045; x_wconf 81' lang='grc' dir='ltr'>ὑμῶν,</span> <span class='ocrx_word' id='word_1_342' title='bbox 510 2971 577 3041; x_wconf 75' lang='grc' dir='ltr'>ἧς</span> <span class='ocrx_word' id='word_1_343' title='bbox 627 2968 836 3047; x_wconf 72' lang='grc' dir='ltr'>γένοιτό</span> <span class='ocrx_word' id='word_1_344' title='bbox 899 2992 993 3046; x_wconf 89' lang='grc' dir='ltr'>μοι</span> <span class='ocrx_word' id='word_1_345' title='bbox 1037 2972 1120 3026; x_wconf 80' lang='grc' dir='ltr'>ἀεὶ</span> <span class='ocrx_word' id='word_1_346' title='bbox 1155 2970 1390 3049; x_wconf 76' lang='grc' dir='ltr'>μέτοχον</span> <span class='ocrx_word' id='word_1_347' title='bbox 1425 2972 1577 3044; x_wconf 75' lang='grc' dir='ltr'>εἶναι,</span> <span class='ocrx_word' id='word_1_348' title='bbox 1603 2970 1695 3028; x_wconf 74' lang='grc' dir='ltr'>’ἱνα</span> <span class='ocrx_word' id='word_1_349' title='bbox 1726 2971 1779 3027; x_wconf 84' lang='grc' dir='ltr'>ἐν</span> <span class='ocrx_word' id='word_1_350' title='bbox 1811 2970 1951 3041; x_wconf 79' lang='grc' dir='ltr'>κλή-</span> 
     </span>
    </p>
   </div>
   <div class='ocr_carea' id='block_1_51' title="bbox 297 3060 1950 3137">
    <p class='ocr_par' dir='ltr' id='par_1_51' title="bbox 297 3060 1950 3137">
     <span class='ocr_line' id='line_1_51' title="bbox 297 3060 1950 3137; baseline -0.001 -19"><span class='ocrx_word' id='word_1_351' title='bbox 297 3080 376 3136; x_wconf 85' lang='grc' dir='ltr'>ρῳ</span> <span class='ocrx_word' id='word_1_352' title='bbox 435 3060 696 3137; x_wconf 60' lang='grc' dir='ltr'>Ἐφεσίων</span> <span class='ocrx_word' id='word_1_353' title='bbox 754 3060 961 3136; x_wconf 82' lang='grc' dir='ltr'>εὑρεθῶ</span> <span class='ocrx_word' id='word_1_354' title='bbox 1018 3065 1124 3117; x_wconf 89' lang='grc' dir='ltr'>τῶν</span> <span class='ocrx_word' id='word_1_355' title='bbox 1178 3062 1543 3137; x_wconf 82' lang='grc' dir='ltr'>Χριστιανῶν,</span> <span class='ocrx_word' id='word_1_356' title='bbox 1599 3061 1651 3118; x_wconf 82' lang='grc' dir='ltr'>οἳ</span> <span class='ocrx_word' id='word_1_357' title='bbox 1705 3061 1950 3122; x_wconf 76' lang='grc' dir='ltr'>καὶτοῖς</span> 
     </span>
    </p>
   </div>
   <div class='ocr_carea' id='block_1_52' title="bbox 2138 2257 3721 2328">
    <p class='ocr_par' dir='ltr' id='par_1_52' title="bbox 2138 2257 3721 2328">
     <span class='ocr_line' id='line_1_52' title="bbox 2138 2257 3721 2328; baseline 0 -16"><span class='ocrx_word' id='word_1_358' title='bbox 2138 2257 2464 2313; x_wconf 82' lang='lat' dir='ltr'>Novissima</span> <span class='ocrx_word' id='word_1_359' title='bbox 2484 2261 2609 2327; x_wconf 82' lang='lat' dir='ltr'>jam</span> <span class='ocrx_word' id='word_1_360' title='bbox 2645 2263 2783 2312; x_wconf 87' lang='lat' dir='ltr'>sunt</span> <span class='ocrx_word' id='word_1_361' title='bbox 2810 2264 3097 2328; x_wconf 89' lang='lat' dir='ltr'>tempora.</span> <span class='ocrx_word' id='word_1_362' title='bbox 3132 2259 3527 2312; x_wconf 82' lang='lat' dir='ltr'>Revereamur</span> <span class='ocrx_word' id='word_1_363' title='bbox 3558 2263 3616 2312; x_wconf 90' lang='lat' dir='ltr'>et</span> <span class='ocrx_word' id='word_1_364' title='bbox 3645 2257 3721 2312; x_wconf 86' lang='lat' dir='ltr'>ti-</span> 
     </span>
    </p>
   </div>
   <div class='ocr_carea' id='block_1_53' title="bbox 2066 2347 3723 2418">
    <p class='ocr_par' dir='ltr' id='par_1_53' title="bbox 2066 2347 3723 2418">
     <span class='ocr_line' id='line_1_53' title="bbox 2066 2347 3723 2418; baseline 0.001 -17"><span class='ocrx_word' id='word_1_365' title='bbox 2066 2362 2257 2401; x_wconf 84' lang='lat' dir='ltr'>meam</span> <span class='ocrx_word' id='word_1_366' title='bbox 2269 2364 2336 2401; x_wconf 89' lang='lat' dir='ltr'>us</span> <span class='ocrx_word' id='word_1_367' title='bbox 2370 2348 2469 2403; x_wconf 88' lang='lat' dir='ltr'>Dei</span> <span class='ocrx_word' id='word_1_368' title='bbox 2496 2347 3032 2418; x_wconf 82' lang='lat' dir='ltr'>longanimitatem,</span> <span class='ocrx_word' id='word_1_369' title='bbox 3052 2363 3126 2400; x_wconf 91' lang='lat' dir='ltr'>ne</span> <span class='ocrx_word' id='word_1_370' title='bbox 3149 2347 3208 2401; x_wconf 88' lang='lat' dir='ltr'>in</span> <span class='ocrx_word' id='word_1_371' title='bbox 3228 2347 3524 2418; x_wconf 83' lang='lat' dir='ltr'>judicium</span> <span class='ocrx_word' id='word_1_372' title='bbox 3545 2348 3723 2403; x_wconf 90' lang='lat' dir='ltr'>nobis</span> 
     </span>
    </p>
   </div>
   <div class='ocr_carea' id='block_1_54' title="bbox 2068 2435 3720 2508">
    <p class='ocr_par' dir='ltr' id='par_1_54' title="bbox 2068 2435 3720 2508">
     <span class='ocr_line' id='line_1_54' title="bbox 2068 2435 3720 2508; baseline 0.002 -18"><span class='ocrx_word' id='word_1_373' title='bbox 2068 2436 2254 2491; x_wconf 88' lang='lat' dir='ltr'>cedat.</span> <span class='ocrx_word' id='word_1_374' title='bbox 2288 2438 2404 2491; x_wconf 87' lang='lat' dir='ltr'>Aut</span> <span class='ocrx_word' id='word_1_375' title='bbox 2432 2437 2591 2491; x_wconf 91' lang='lat' dir='ltr'>enim</span> <span class='ocrx_word' id='word_1_376' title='bbox 2619 2435 2879 2491; x_wconf 82' lang='lat' dir='ltr'>futuram</span> <span class='ocrx_word' id='word_1_377' title='bbox 2915 2436 3229 2491; x_wconf 86' lang='lat' dir='ltr'>timeamus</span> <span class='ocrx_word' id='word_1_378' title='bbox 3258 2436 3428 2499; x_wconf 87' lang='lat' dir='ltr'>iram,</span> <span class='ocrx_word' id='word_1_379' title='bbox 3449 2443 3552 2493; x_wconf 90' lang='lat' dir='ltr'>aut</span> <span class='ocrx_word' id='word_1_380' title='bbox 3572 2455 3720 2508; x_wconf 62' lang='lat' dir='ltr'>pra)-</span> 
     </span>
    </p>
   </div>
   <div class='ocr_carea' id='block_1_55' title="bbox 2069 2524 3723 2595">
    <p class='ocr_par' dir='ltr' id='par_1_55' title="bbox 2069 2524 3723 2595">
     <span class='ocr_line' id='line_1_55' title="bbox 2069 2524 3723 2595; baseline 0.002 -16"><span class='ocrx_word' id='word_1_381' title='bbox 2069 2529 2297 2580; x_wconf 89' lang='lat' dir='ltr'>sentem</span> <span class='ocrx_word' id='word_1_382' title='bbox 2329 2525 2579 2595; x_wconf 71' lang='lat' dir='ltr'>gratiam</span> <span class='ocrx_word' id='word_1_383' title='bbox 2602 2524 2954 2595; x_wconf 80' lang='lat' dir='ltr'>diligamus;</span> <span class='ocrx_word' id='word_1_384' title='bbox 2984 2540 3171 2579; x_wconf 87' lang='lat' dir='ltr'>unum</span> <span class='ocrx_word' id='word_1_385' title='bbox 3195 2542 3265 2581; x_wconf 80' lang='lat' dir='ltr'>ex</span> <span class='ocrx_word' id='word_1_386' title='bbox 3295 2525 3723 2582; x_wconf 82' lang='lat' dir='ltr'>duobus.Modo</span> 
     </span>
    </p>
   </div>
   <div class='ocr_carea' id='block_1_56' title="bbox 2069 2612 3727 2681">
    <p class='ocr_par' dir='ltr' id='par_1_56' title="bbox 2069 2612 3727 2681">
     <span class='ocr_line' id='line_1_56' title="bbox 2069 2612 3727 2681; baseline 0.001 -14"><span class='ocrx_word' id='word_1_387' title='bbox 2069 2615 2130 2668; x_wconf 93' lang='lat' dir='ltr'>in</span> <span class='ocrx_word' id='word_1_388' title='bbox 2156 2614 2387 2667; x_wconf 83' lang='lat' dir='ltr'>Christo</span> <span class='ocrx_word' id='word_1_389' title='bbox 2416 2614 2556 2669; x_wconf 88' lang='lat' dir='ltr'>Jesu</span> <span class='ocrx_word' id='word_1_390' title='bbox 2586 2612 3057 2681; x_wconf 87' lang='lat' dir='ltr'>inveniamur,ad</span> <span class='ocrx_word' id='word_1_391' title='bbox 3087 2630 3292 2669; x_wconf 89' lang='lat' dir='ltr'>veram</span> <span class='ocrx_word' id='word_1_392' title='bbox 3326 2614 3503 2669; x_wconf 89' lang='lat' dir='ltr'>vitam</span> <span class='ocrx_word' id='word_1_393' title='bbox 3536 2616 3727 2673; x_wconf 84' lang='lat' dir='ltr'>viven-</span> 
     </span>
    </p>
   </div>
   <div class='ocr_carea' id='block_1_57' title="bbox 2069 2703 3731 2775">
    <p class='ocr_par' dir='ltr' id='par_1_57' title="bbox 2069 2703 3731 2775">
     <span class='ocr_line' id='line_1_57' title="bbox 2069 2703 3731 2775; baseline 0.001 -17"><span class='ocrx_word' id='word_1_394' title='bbox 2069 2703 2228 2760; x_wconf 85' lang='lat' dir='ltr'>dam.</span> <span class='ocrx_word' id='word_1_395' title='bbox 2265 2704 2403 2759; x_wconf 91' lang='lat' dir='ltr'>Sine</span> <span class='ocrx_word' id='word_1_396' title='bbox 2434 2704 2563 2775; x_wconf 91' lang='lat' dir='ltr'>ipso</span> <span class='ocrx_word' id='word_1_397' title='bbox 2628 2703 2781 2758; x_wconf 89' lang='lat' dir='ltr'>nihil</span> <span class='ocrx_word' id='word_1_398' title='bbox 2837 2720 2938 2759; x_wconf 86' lang='lat' dir='ltr'>vos</span> <span class='ocrx_word' id='word_1_399' title='bbox 2997 2704 3224 2773; x_wconf 87' lang='lat' dir='ltr'>deceat,</span> <span class='ocrx_word' id='word_1_400' title='bbox 3257 2704 3318 2759; x_wconf 90' lang='lat' dir='ltr'>in</span> <span class='ocrx_word' id='word_1_401' title='bbox 3353 2721 3468 2775; x_wconf 93' lang='lat' dir='ltr'>quo</span> <span class='ocrx_word' id='word_1_402' title='bbox 3495 2704 3731 2760; x_wconf 85' lang='lat' dir='ltr'>vincula</span> 
     </span>
    </p>
   </div>
   <div class='ocr_carea' id='block_1_58' title="bbox 2072 2792 3728 2865">
    <p class='ocr_par' dir='ltr' id='par_1_58' title="bbox 2072 2792 3728 2865">
     <span class='ocr_line' id='line_1_58' title="bbox 2072 2792 3728 2865; baseline 0.001 -17"><span class='ocrx_word' id='word_1_403' title='bbox 2072 2793 2427 2849; x_wconf 88' lang='lat' dir='ltr'>circumfero</span> <span class='ocrx_word' id='word_1_404' title='bbox 2459 2792 2799 2864; x_wconf 86' lang='lat' dir='ltr'>spirituales</span> <span class='ocrx_word' id='word_1_405' title='bbox 2817 2794 3182 2865; x_wconf 87' lang='lat' dir='ltr'>margaritas,</span> <span class='ocrx_word' id='word_1_406' title='bbox 3206 2794 3268 2849; x_wconf 90' lang='lat' dir='ltr'>in</span> <span class='ocrx_word' id='word_1_407' title='bbox 3296 2794 3515 2865; x_wconf 75' lang='lat' dir='ltr'>quibus</span> <span class='ocrx_word' id='word_1_408' title='bbox 3538 2811 3728 2850; x_wconf 86' lang='lat' dir='ltr'>resur-</span> 
     </span>
    </p>
   </div>
   <div class='ocr_carea' id='block_1_59' title="bbox 2070 2883 3723 2955">
    <p class='ocr_par' dir='ltr' id='par_1_59' title="bbox 2070 2883 3723 2955">
     <span class='ocr_line' id='line_1_59' title="bbox 2070 2883 3723 2955; baseline 0.001 -17"><span class='ocrx_word' id='word_1_409' title='bbox 2070 2899 2206 2955; x_wconf 86' lang='lat' dir='ltr'>gere</span> <span class='ocrx_word' id='word_1_410' title='bbox 2229 2883 2377 2937; x_wconf 79' lang='lat' dir='ltr'>mihi</span> <span class='ocrx_word' id='word_1_411' title='bbox 2401 2883 2705 2955; x_wconf 83' lang='lat' dir='ltr'>contingat</span> <span class='ocrx_word' id='word_1_412' title='bbox 2725 2883 2993 2938; x_wconf 86' lang='lat' dir='ltr'>oratione</span> <span class='ocrx_word' id='word_1_413' title='bbox 3020 2889 3233 2951; x_wconf 85' lang='lat' dir='ltr'>vestra,</span> <span class='ocrx_word' id='word_1_414' title='bbox 3260 2884 3431 2955; x_wconf 84' lang='lat' dir='ltr'>cujus</span> <span class='ocrx_word' id='word_1_415' title='bbox 3458 2899 3553 2939; x_wconf 89' lang='lat' dir='ltr'>me</span> <span class='ocrx_word' id='word_1_416' title='bbox 3585 2891 3723 2955; x_wconf 87' lang='lat' dir='ltr'>opto</span> 
     </span>
    </p>
   </div>
   <div class='ocr_carea' id='block_1_60' title="bbox 2071 2971 3725 3045">
    <p class='ocr_par' dir='ltr' id='par_1_60' title="bbox 2071 2971 3725 3045">
     <span class='ocr_line' id='line_1_60' title="bbox 2071 2971 3725 3045; baseline -0.001 -16"><span class='ocrx_word' id='word_1_417' title='bbox 2071 2989 2308 3044; x_wconf 85' lang='lat' dir='ltr'>semper</span> <span class='ocrx_word' id='word_1_418' title='bbox 2331 2972 2458 3026; x_wconf 83' lang='lat' dir='ltr'>ﬁeri</span> <span class='ocrx_word' id='word_1_419' title='bbox 2483 2972 2856 3043; x_wconf 90' lang='lat' dir='ltr'>participem,</span> <span class='ocrx_word' id='word_1_420' title='bbox 2878 2978 2945 3028; x_wconf 91' lang='lat' dir='ltr'>ut</span> <span class='ocrx_word' id='word_1_421' title='bbox 2969 2971 3236 3029; x_wconf 88' lang='lat' dir='ltr'>inveniar</span> <span class='ocrx_word' id='word_1_422' title='bbox 3256 2973 3318 3028; x_wconf 88' lang='lat' dir='ltr'>in</span> <span class='ocrx_word' id='word_1_423' title='bbox 3350 2978 3507 3028; x_wconf 88' lang='lat' dir='ltr'>sorte</span> <span class='ocrx_word' id='word_1_424' title='bbox 3538 2972 3725 3045; x_wconf 85' lang='lat' dir='ltr'>Ephe-</span> 
     </span>
    </p>
   </div>
   <div class='ocr_carea' id='block_1_61' title="bbox 2071 3061 3724 3134">
    <p class='ocr_par' dir='ltr' id='par_1_61' title="bbox 2071 3061 3724 3134">
     <span class='ocr_line' id='line_1_61' title="bbox 2071 3061 3724 3134; baseline 0.001 -18"><span class='ocrx_word' id='word_1_425' title='bbox 2071 3062 2297 3117; x_wconf 89' lang='lat' dir='ltr'>siorum</span> <span class='ocrx_word' id='word_1_426' title='bbox 2356 3061 2847 3124; x_wconf 84' lang='lat' dir='ltr'>Christianorum,</span> <span class='ocrx_word' id='word_1_427' title='bbox 2883 3062 2984 3133; x_wconf 91' lang='lat' dir='ltr'>qui</span> <span class='ocrx_word' id='word_1_428' title='bbox 3042 3068 3102 3118; x_wconf 90' lang='lat' dir='ltr'>et</span> <span class='ocrx_word' id='word_1_429' title='bbox 3157 3062 3444 3133; x_wconf 89' lang='lat' dir='ltr'>apostolis</span> <span class='ocrx_word' id='word_1_430' title='bbox 3486 3078 3724 3134; x_wconf 84' lang='lat' dir='ltr'>semper</span> 
     </span>
    </p>
   </div>
   <div class='ocr_carea' id='block_1_62' title="bbox 300 3121 1957 3225">
    <p class='ocr_par' dir='ltr' id='par_1_62' title="bbox 300 3148 1956 3225">
     <span class='ocr_line' id='line_1_62' title="bbox 300 3148 1956 3225; baseline 0 -21"><span class='ocrx_word' id='word_1_431' title='bbox 300 3148 633 3212; x_wconf 80' lang='grc' dir='ltr'>ἀποστόλοις</span> <span class='ocrx_word' id='word_1_432' title='bbox 690 3149 922 3205; x_wconf 86' lang='grc' dir='ltr'>πάντοτε</span> <span class='ocrx_word' id='word_1_433' title='bbox 1003 3149 1293 3225; x_wconf 71' lang='grc' dir='ltr'>συνῄνεσαν</span> <span class='ocrx_word' id='word_1_434' title='bbox 1350 3150 1403 3206; x_wconf 81' lang='grc' dir='ltr'>ἐν</span> <span class='ocrx_word' id='word_1_435' title='bbox 1463 3148 1720 3224; x_wconf 79' lang='grc' dir='ltr'>δυννάμει</span> <span class='ocrx_word' id='word_1_436' title='bbox 1774 3152 1956 3221; x_wconf 73' lang='grc' dir='ltr'>Ἰησοῦ</span> 
     </span>
    </p>
   </div>
   <div class='ocr_carea' id='block_1_63' title="bbox 2083 3121 3268 3225">
    <p class='ocr_par' dir='ltr' id='par_1_63' title="bbox 2083 3150 3268 3207">
     <span class='ocr_line' id='line_1_63' title="bbox 2083 3150 3268 3207; baseline 0 -2"><span class='ocrx_word' id='word_1_437' title='bbox 2083 3157 2508 3207; x_wconf 83' lang='lat' dir='ltr'>:onsenserunt</span> <span class='ocrx_word' id='word_1_438' title='bbox 2539 3150 2599 3206; x_wconf 91' lang='lat' dir='ltr'>in</span> <span class='ocrx_word' id='word_1_439' title='bbox 2629 3150 2845 3206; x_wconf 85' lang='lat' dir='ltr'>virtute</span> <span class='ocrx_word' id='word_1_440' title='bbox 2877 3152 3014 3207; x_wconf 88' lang='lat' dir='ltr'>.lesu</span> <span class='ocrx_word' id='word_1_441' title='bbox 3035 3151 3268 3207; x_wconf 91' lang='lat' dir='ltr'>Christi.</span> 
     </span>
    </p>
   </div>
   <div class='ocr_carea' id='block_1_64' title="bbox 298 3239 560 3315">
    <p class='ocr_par' dir='ltr' id='par_1_64' title="bbox 298 3239 560 3315">
     <span class='ocr_line' id='line_1_64' title="bbox 298 3239 560 3315; baseline -0.004 -19"><span class='ocrx_word' id='word_1_442' title='bbox 298 3239 560 3315; x_wconf 84' lang='grc' dir='ltr'>Χριστοῦ.</span> 
     </span>
    </p>
   </div>
   <div class='ocr_carea' id='block_1_65' title="bbox 1755 3342 2251 3413">
    <p class='ocr_par' dir='ltr' id='par_1_65' title="bbox 1755 3342 2251 3413">
     <span class='ocr_line' id='line_1_65' title="bbox 1755 3342 2251 3413; baseline 0 -17"><span class='ocrx_word' id='word_1_443' title='bbox 1755 3342 1921 3398; x_wconf 82' lang='lat' dir='ltr'>Vetus</span> <span class='ocrx_word' id='word_1_444' title='bbox 1957 3345 2251 3413; x_wconf 79' lang='lat' dir='ltr'>interpres.</span> 
     </span>
    </p>
   </div>
   <div class='ocr_carea' id='block_1_66' title="bbox 302 3438 3723 3568">
    <p class='ocr_par' dir='ltr' id='par_1_66' title="bbox 302 3438 3723 3568">
     <span class='ocr_line' id='line_1_66' title="bbox 342 3438 3723 3512; baseline 0 -15"><span class='ocrx_word' id='word_1_445' title='bbox 342 3439 522 3497; x_wconf 88' lang='lat' dir='ltr'>uibus</span> <span class='ocrx_word' id='word_1_446' title='bbox 556 3444 615 3495; x_wconf 89' lang='lat' dir='ltr'>et</span> <span class='ocrx_word' id='word_1_447' title='bbox 645 3439 955 3496; x_wconf 86' lang='lat' dir='ltr'>exsultans</span> <span class='ocrx_word' id='word_1_448' title='bbox 986 3439 1364 3512; x_wconf 83' lang='lat' dir='ltr'>digniﬁcatus</span> <span class='ocrx_word' id='word_1_449' title='bbox 1396 3457 1548 3496; x_wconf 91' lang='lat' dir='ltr'>sum.</span> <span class='ocrx_word' id='word_1_450' title='bbox 1582 3457 1689 3512; x_wconf 90' lang='lat' dir='ltr'>per</span> <span class='ocrx_word' id='word_1_451' title='bbox 1717 3458 1848 3512; x_wconf 64' lang='lat' dir='ltr'>quas</span> <span class='ocrx_word' id='word_1_452' title='bbox 1898 3441 2113 3510; x_wconf 88' lang='lat' dir='ltr'>scribo,</span> <span class='ocrx_word' id='word_1_453' title='bbox 2165 3439 2389 3511; x_wconf 90' lang='lat' dir='ltr'>alloqui</span> <span class='ocrx_word' id='word_1_454' title='bbox 2438 3438 2624 3507; x_wconf 87' lang='lat' dir='ltr'>vobis,</span> <span class='ocrx_word' id='word_1_455' title='bbox 2657 3445 2719 3496; x_wconf 90' lang='lat' dir='ltr'>et</span> <span class='ocrx_word' id='word_1_456' title='bbox 2747 3439 3120 3512; x_wconf 83' lang='lat' dir='ltr'>congaudere</span> <span class='ocrx_word' id='word_1_457' title='bbox 3146 3454 3161 3507; x_wconf 90' lang='lat'><strong>;</strong></span> <span class='ocrx_word' id='word_1_458' title='bbox 3194 3439 3477 3512; x_wconf 61' lang='lat' dir='ltr'>quoniam</span> <span class='ocrx_word' id='word_1_459' title='bbox 3508 3457 3723 3498; x_wconf 90' lang='lat' dir='ltr'>secun-</span> 
     </span>
     <span class='ocr_line' id='line_1_67' title="bbox 302 3457 1926 3568; baseline -0.002 0"><span class='ocrx_word' id='word_1_460' title='bbox 302 3457 445 3568; x_wconf 55' lang='lat' dir='ltr'>ﬂum</span> <span class='ocrx_word' id='word_1_461' title='bbox 474 3512 655 3568; x_wconf 88' lang='lat' dir='ltr'>aliam</span> <span class='ocrx_word' id='word_1_462' title='bbox 689 3513 869 3568; x_wconf 87' lang='lat' dir='ltr'>vitam</span> <span class='ocrx_word' id='word_1_463' title='bbox 896 3512 1047 3567; x_wconf 87' lang='lat' dir='ltr'>nihil</span> <span class='ocrx_word' id='word_1_464' title='bbox 1074 3511 1322 3568; x_wconf 72' lang='lat' dir='ltr'>diligitis</span> <span class='ocrx_word' id='word_1_465' title='bbox 1351 3512 1467 3567; x_wconf 87' lang='lat' dir='ltr'>nisi</span> <span class='ocrx_word' id='word_1_466' title='bbox 1501 3512 1689 3568; x_wconf 90' lang='lat' dir='ltr'>solum</span> <span class='ocrx_word' id='word_1_467' title='bbox 1724 3514 1926 3568; x_wconf 88' lang='lat' dir='ltr'>Deum.</span> 
     </span>
    </p>
   </div>
   <div class='ocr_carea' id='block_1_67' title="bbox 346 3511 1926 3584">
    <p class='ocr_par' dir='ltr' id='par_1_67' title="bbox 346 3511 1926 3584">
     <span class='ocr_line' id='line_1_68' title="bbox 346 3511 1926 3584; baseline -0.003 -16"><span class='ocrx_word' id='word_1_468' title='bbox 346 3529 445 3568; x_wconf 90' lang='lat' dir='ltr'>um</span> <span class='ocrx_word' id='word_1_469' title='bbox 474 3512 655 3568; x_wconf 87' lang='lat' dir='ltr'>aliam</span> <span class='ocrx_word' id='word_1_470' title='bbox 689 3513 869 3568; x_wconf 86' lang='lat' dir='ltr'>vitam</span> <span class='ocrx_word' id='word_1_471' title='bbox 896 3511 1322 3584; x_wconf 28' lang='lat' dir='ltr'>nihil’diligitis</span> <span class='ocrx_word' id='word_1_472' title='bbox 1351 3512 1467 3567; x_wconf 88' lang='lat' dir='ltr'>nisi</span> <span class='ocrx_word' id='word_1_473' title='bbox 1501 3511 1689 3569; x_wconf 89' lang='lat' dir='ltr'>solum</span> <span class='ocrx_word' id='word_1_474' title='bbox 1724 3511 1926 3569; x_wconf 90' lang='lat' dir='ltr'>Deum.</span> 
     </span>
    </p>
   </div>
   <div class='ocr_carea' id='block_1_68' title="bbox 1847 3629 2186 3687">
    <p class='ocr_par' dir='ltr' id='par_1_68' title="bbox 1847 3629 2186 3687">
     <span class='ocr_line' id='line_1_69' title="bbox 1847 3629 2186 3687; baseline -0.006 -1"><span class='ocrx_word' id='word_1_475' title='bbox 1847 3631 2075 3687; x_wconf 65' lang='lat' dir='ltr'>CAPUT</span> <span class='ocrx_word' id='word_1_476' title='bbox 2120 3629 2186 3686; x_wconf 82' lang='lat' dir='ltr'>X.</span> 
     </span>
    </p>
   </div>
   <div class='ocr_carea' id='block_1_69' title="bbox 376 3725 3720 3800">
    <p class='ocr_par' dir='ltr' id='par_1_69' title="bbox 376 3725 3720 3800">
     <span class='ocr_line' id='line_1_70' title="bbox 376 3725 3720 3800; baseline -0 -14"><span class='ocrx_word' id='word_1_477' title='bbox 376 3728 492 3787; x_wconf 89' lang='lat' dir='ltr'>Sed</span> <span class='ocrx_word' id='word_1_478' title='bbox 523 3734 583 3784; x_wconf 91' lang='lat' dir='ltr'>et</span> <span class='ocrx_word' id='word_1_479' title='bbox 612 3744 718 3800; x_wconf 90' lang='lat' dir='ltr'>pro</span> <span class='ocrx_word' id='word_1_480' title='bbox 750 3727 882 3783; x_wconf 90' lang='lat' dir='ltr'>aliis</span> <span class='ocrx_word' id='word_1_481' title='bbox 930 3727 1276 3784; x_wconf 88' lang='lat' dir='ltr'>hominibus</span> <span class='ocrx_word' id='word_1_482' title='bbox 1326 3728 1739 3783; x_wconf 87' lang='lat' dir='ltr'>indesinenter</span> <span class='ocrx_word' id='word_1_483' title='bbox 1782 3728 1967 3785; x_wconf 90' lang='lat' dir='ltr'>Deum</span> <span class='ocrx_word' id='word_1_484' title='bbox 2021 3726 2220 3800; x_wconf 84' lang='lat' dir='ltr'>oratis.</span> <span class='ocrx_word' id='word_1_485' title='bbox 2274 3726 2581 3800; x_wconf 82' lang='lat' dir='ltr'>Est_enim</span> <span class='ocrx_word' id='word_1_486' title='bbox 2625 3725 2702 3800; x_wconf 82' lang='lat' dir='ltr'>in</span> <span class='ocrx_word' id='word_1_487' title='bbox 2743 3725 2888 3800; x_wconf 81' lang='lat' dir='ltr'>ipsis</span> <span class='ocrx_word' id='word_1_488' title='bbox 2918 3742 3052 3797; x_wconf 87' lang='lat' dir='ltr'>spes</span> <span class='ocrx_word' id='word_1_489' title='bbox 3083 3726 3466 3798; x_wconf 62' lang='lat' dir='ltr'>poenitentiae,</span> <span class='ocrx_word' id='word_1_490' title='bbox 3500 3729 3720 3800; x_wconf 13' lang='lat' dir='ltr'>utiDeo</span> 
     </span>
    </p>
   </div>
   <div class='ocr_carea' id='block_1_70' title="bbox 296 3797 3718 3873">
    <p class='ocr_par' dir='ltr' id='par_1_70' title="bbox 296 3797 3718 3873">
     <span class='ocr_line' id='line_1_71' title="bbox 296 3797 3718 3873; baseline -0 -17"><span class='ocrx_word' id='word_1_491' title='bbox 296 3797 631 3873; x_wconf 53' lang='lat' dir='ltr'>potiantur:</span> <span class='ocrx_word' id='word_1_492' title='bbox 662 3801 891 3873; x_wconf 77' lang='lat' dir='ltr'>Monete</span> <span class='ocrx_word' id='word_1_493' title='bbox 924 3801 1102 3869; x_wconf 70' lang='lat' dir='ltr'>igitur</span> <span class='ocrx_word' id='word_1_494' title='bbox 1130 3801 1535 3873; x_wconf 10' lang='lat' dir='ltr'>ipsosisaltem</span> <span class='ocrx_word' id='word_1_495' title='bbox 1570 3816 1637 3853; x_wconf 87' lang='lat' dir='ltr'>ex</span> <span class='ocrx_word' id='word_1_496' title='bbox 1670 3801 1950 3873; x_wconf 80' lang='lat' dir='ltr'>operibus</span> <span class='ocrx_word' id='word_1_497' title='bbox 1981 3799 2208 3873; x_wconf 68' lang='lat' dir='ltr'>avobis</span> <span class='ocrx_word' id='word_1_498' title='bbox 2258 3797 2502 3873; x_wconf 86' lang='lat' dir='ltr'>erudiri.</span> <span class='ocrx_word' id='word_1_499' title='bbox 2557 3797 2642 3851; x_wconf 92' lang='lat' dir='ltr'>Ad</span> <span class='ocrx_word' id='word_1_500' title='bbox 2693 3797 2810 3852; x_wconf 83' lang='lat' dir='ltr'>iras</span> <span class='ocrx_word' id='word_1_501' title='bbox 2845 3797 3131 3873; x_wconf 88' lang='lat' dir='ltr'>_ipsorum_</span> <span class='ocrx_word' id='word_1_502' title='bbox 3165 3814 3265 3853; x_wconf 88' lang='lat' dir='ltr'>vos</span> <span class='ocrx_word' id='word_1_503' title='bbox 3297 3799 3610 3873; x_wconf 84' lang='lat' dir='ltr'>mansueti.</span> <span class='ocrx_word' id='word_1_504' title='bbox 3645 3802 3718 3856; x_wconf 89' lang='lat' dir='ltr'>ad</span> 
     </span>
    </p>
   </div>
   <div class='ocr_carea' id='block_1_71' title="bbox 299 3869 3721 3945">
    <p class='ocr_par' dir='ltr' id='par_1_71' title="bbox 299 3869 3721 3945">
     <span class='ocr_line' id='line_1_72' title="bbox 299 3869 3721 3945; baseline -0 -17"><span class='ocrx_word' id='word_1_505' title='bbox 299 3869 715 3945; x_wconf 73' lang='lat' dir='ltr'>magniloquia</span> <span class='ocrx_word' id='word_1_506' title='bbox 736 3888 940 3945; x_wconf 83' lang='lat' dir='ltr'>eorum</span> <span class='ocrx_word' id='word_1_507' title='bbox 972 3888 1076 3927; x_wconf 88' lang='lat' dir='ltr'>vos</span> <span class='ocrx_word' id='word_1_508' title='bbox 1108 3869 1362 3945; x_wconf 79' lang='lat' dir='ltr'>humilia</span> <span class='ocrx_word' id='word_1_509' title='bbox 1391 3869 1724 3942; x_wconf 59' lang='lat' dir='ltr'>sapientes,</span> <span class='ocrx_word' id='word_1_510' title='bbox 1745 3872 1817 3927; x_wconf 86' lang='lat' dir='ltr'>ad</span> <span class='ocrx_word' id='word_1_511' title='bbox 1850 3871 2249 3945; x_wconf 74' lang='lat' dir='ltr'>blasphemiae</span> <span class='ocrx_word' id='word_1_512' title='bbox 2283 3870 2683 3945; x_wconf 77' lang='lat' dir='ltr'>ipsorumvos</span> <span class='ocrx_word' id='word_1_513' title='bbox 2709 3869 3027 3945; x_wconf 71' lang='lat' dir='ltr'>orationes.</span> <span class='ocrx_word' id='word_1_514' title='bbox 3061 3869 3135 3923; x_wconf 91' lang='lat' dir='ltr'>ad</span> <span class='ocrx_word' id='word_1_515' title='bbox 3165 3886 3425 3945; x_wconf 84' lang='lat' dir='ltr'>errorem</span> <span class='ocrx_word' id='word_1_516' title='bbox 3454 3872 3721 3945; x_wconf 79' lang='lat' dir='ltr'>ipsorum</span> 
     </span>
    </p>
   </div>
   <div class='ocr_carea' id='block_1_72' title="bbox 294 3940 3721 4025">
    <p class='ocr_par' dir='ltr' id='par_1_72' title="bbox 294 3940 3721 4025">
     <span class='ocr_line' id='line_1_73' title="bbox 294 3940 3721 4025; baseline -0 -27"><span class='ocrx_word' id='word_1_517' title='bbox 294 3940 758 4025; x_wconf 49' lang='lat' dir='ltr'>vos&#39;firmi—ﬁde,</span> <span class='ocrx_word' id='word_1_518' title='bbox 791 3942 862 3998; x_wconf 90' lang='lat' dir='ltr'>ad</span> <span class='ocrx_word' id='word_1_519' title='bbox 894 3949 1125 4025; x_wconf 68' lang='lat' dir='ltr'>agreste</span> <span class='ocrx_word' id='word_1_520' title='bbox 1154 3943 1421 4025; x_wconf 85' lang='lat' dir='ltr'>ipsorum</span> <span class='ocrx_word' id='word_1_521' title='bbox 1455 3940 1554 3998; x_wconf 76' lang='lat' dir='ltr'>vos</span> <span class='ocrx_word' id='word_1_522' title='bbox 1586 3940 1904 4025; x_wconf 60' lang='lat' dir='ltr'>mansueti.</span> <span class='ocrx_word' id='word_1_523' title='bbox 1931 3940 2057 4025; x_wconf 47' lang='lat' dir='ltr'>l-‘ion</span> <span class='ocrx_word' id='word_1_524' title='bbox 2083 3941 2434 4025; x_wconf 74' lang='lat' dir='ltr'>festinantes</span> <span class='ocrx_word' id='word_1_525' title='bbox 2467 3940 2685 4025; x_wconf 70' lang='lat' dir='ltr'>imitari</span> <span class='ocrx_word' id='word_1_526' title='bbox 2720 3940 2899 4021; x_wconf 79' lang='lat' dir='ltr'>ipsos,</span> <span class='ocrx_word' id='word_1_527' title='bbox 2929 3940 3139 4025; x_wconf 77' lang='lat' dir='ltr'>fratres</span> <span class='ocrx_word' id='word_1_528' title='bbox 3166 3941 3430 4025; x_wconf 80' lang='lat' dir='ltr'>ipsorum</span> <span class='ocrx_word' id='word_1_529' title='bbox 3463 3940 3721 4025; x_wconf 69' lang='lat' dir='ltr'>invenia-</span> 
     </span>
    </p>
   </div>
   <div class='ocr_carea' id='block_1_73' title="bbox 292 4011 3718 4083">
    <p class='ocr_par' dir='ltr' id='par_1_73' title="bbox 292 4011 3718 4083">
     <span class='ocr_line' id='line_1_74' title="bbox 292 4011 3718 4083; baseline -0 -13"><span class='ocrx_word' id='word_1_530' title='bbox 292 4031 435 4070; x_wconf 88' lang='lat' dir='ltr'>mur</span> <span class='ocrx_word' id='word_1_531' title='bbox 466 4016 528 4069; x_wconf 90' lang='lat' dir='ltr'>in</span> <span class='ocrx_word' id='word_1_532' title='bbox 553 4011 1053 4069; x_wconf 75' lang='lat' dir='ltr'>mansuetudine:</span> <span class='ocrx_word' id='word_1_533' title='bbox 1085 4011 1413 4069; x_wconf 81' lang='lat' dir='ltr'>imitatores</span> <span class='ocrx_word' id='word_1_534' title='bbox 1444 4021 1642 4070; x_wconf 88' lang='lat' dir='ltr'>autem</span> <span class='ocrx_word' id='word_1_535' title='bbox 1677 4015 1777 4069; x_wconf 88' lang='lat' dir='ltr'>Dei</span> <span class='ocrx_word' id='word_1_536' title='bbox 1825 4013 2170 4070; x_wconf 87' lang='lat' dir='ltr'>studeamus</span> <span class='ocrx_word' id='word_1_537' title='bbox 2203 4028 2331 4067; x_wconf 85' lang='lat' dir='ltr'>esse</span> <span class='ocrx_word' id='word_1_538' title='bbox 2358 4029 2370 4079; x_wconf 92' lang='lat'>;</span> <span class='ocrx_word' id='word_1_539' title='bbox 2410 4011 2569 4083; x_wconf 92' lang='lat' dir='ltr'>(quis</span> <span class='ocrx_word' id='word_1_540' title='bbox 2600 4011 2732 4082; x_wconf 92' lang='lat' dir='ltr'>plus</span> <span class='ocrx_word' id='word_1_541' title='bbox 2764 4011 3051 4082; x_wconf 88' lang='lat' dir='ltr'>injustum</span> <span class='ocrx_word' id='word_1_542' title='bbox 3086 4015 3364 4083; x_wconf 88' lang='lat' dir='ltr'>patiatur,</span> <span class='ocrx_word' id='word_1_543' title='bbox 3392 4014 3525 4083; x_wconf 89' lang='lat' dir='ltr'>quis</span> <span class='ocrx_word' id='word_1_544' title='bbox 3552 4013 3718 4069; x_wconf 85' lang='lat' dir='ltr'>frau-</span> 
     </span>
    </p>
   </div>
   <div class='ocr_carea' id='block_1_74' title="bbox 290 4082 3716 4157">
    <p class='ocr_par' dir='ltr' id='par_1_74' title="bbox 290 4082 3716 4157">
     <span class='ocr_line' id='line_1_75' title="bbox 290 4082 3716 4157; baseline 0 -15"><span class='ocrx_word' id='word_1_545' title='bbox 290 4088 493 4149; x_wconf 86' lang='lat' dir='ltr'>detur.</span> <span class='ocrx_word' id='word_1_546' title='bbox 529 4086 663 4157; x_wconf 89' lang='lat' dir='ltr'>quis</span> <span class='ocrx_word' id='word_1_547' title='bbox 695 4090 1112 4141; x_wconf 82' lang='lat' dir='ltr'>contemnatur</span> <span class='ocrx_word' id='word_1_548' title='bbox 1132 4087 1181 4152; x_wconf 68' lang='lat'>‘2)</span> <span class='ocrx_word' id='word_1_549' title='bbox 1211 4092 1277 4140; x_wconf 87' lang='lat' dir='ltr'>ut</span> <span class='ocrx_word' id='word_1_550' title='bbox 1307 4102 1428 4140; x_wconf 88' lang='lat' dir='ltr'>non</span> <span class='ocrx_word' id='word_1_551' title='bbox 1461 4085 1681 4157; x_wconf 87' lang='lat' dir='ltr'>diaboli</span> <span class='ocrx_word' id='word_1_552' title='bbox 1712 4086 1897 4140; x_wconf 89' lang='lat' dir='ltr'>herba</span> <span class='ocrx_word' id='word_1_553' title='bbox 1927 4085 2065 4157; x_wconf 88' lang='lat' dir='ltr'>quis</span> <span class='ocrx_word' id='word_1_554' title='bbox 2092 4082 2429 4157; x_wconf 79' lang='lat' dir='ltr'>inveniatur</span> <span class='ocrx_word' id='word_1_555' title='bbox 2458 4084 2520 4137; x_wconf 90' lang='lat' dir='ltr'>in</span> <span class='ocrx_word' id='word_1_556' title='bbox 2552 4083 2738 4150; x_wconf 83' lang='lat' dir='ltr'>vobis,</span> <span class='ocrx_word' id='word_1_557' title='bbox 2764 4083 2869 4137; x_wconf 88' lang='lat' dir='ltr'>sed</span> <span class='ocrx_word' id='word_1_558' title='bbox 2899 4082 2961 4137; x_wconf 92' lang='lat' dir='ltr'>in</span> <span class='ocrx_word' id='word_1_559' title='bbox 2993 4082 3157 4138; x_wconf 79' lang='lat' dir='ltr'>omni</span> <span class='ocrx_word' id='word_1_560' title='bbox 3180 4082 3449 4139; x_wconf 83' lang='lat' dir='ltr'>castitate</span> <span class='ocrx_word' id='word_1_561' title='bbox 3479 4089 3539 4140; x_wconf 90' lang='lat' dir='ltr'>et</span> <span class='ocrx_word' id='word_1_562' title='bbox 3569 4091 3716 4142; x_wconf 84' lang='lat' dir='ltr'>tem-</span> 
     </span>
    </p>
   </div>
   <div class='ocr_carea' id='block_1_75' title="bbox 284 4156 2336 4232">
    <p class='ocr_par' dir='ltr' id='par_1_75' title="bbox 284 4156 2336 4232">
     <span class='ocr_line' id='line_1_76' title="bbox 284 4156 2336 4232; baseline -0.002 -19"><span class='ocrx_word' id='word_1_563' title='bbox 284 4156 571 4232; x_wconf 88' lang='lat' dir='ltr'>perantia</span> <span class='ocrx_word' id='word_1_564' title='bbox 599 4157 913 4227; x_wconf 87' lang='lat' dir='ltr'>maneatis,</span> <span class='ocrx_word' id='word_1_565' title='bbox 946 4157 1008 4212; x_wconf 91' lang='lat' dir='ltr'>in</span> <span class='ocrx_word' id='word_1_566' title='bbox 1036 4158 1176 4213; x_wconf 81' lang='lat' dir='ltr'>.lesu</span> <span class='ocrx_word' id='word_1_567' title='bbox 1205 4157 1457 4225; x_wconf 91' lang='lat' dir='ltr'>Christo,</span> <span class='ocrx_word' id='word_1_568' title='bbox 1492 4156 1810 4213; x_wconf 89' lang='lat' dir='ltr'>carnaliter</span> <span class='ocrx_word' id='word_1_569' title='bbox 1840 4163 1899 4212; x_wconf 89' lang='lat' dir='ltr'>et</span> <span class='ocrx_word' id='word_1_570' title='bbox 1929 4156 2336 4227; x_wconf 88' lang='lat' dir='ltr'>spiritualiter.</span> 
     </span>
    </p>
   </div>
   <div class='ocr_carea' id='block_1_76' title="bbox 1824 4271 2190 4327">
    <p class='ocr_par' dir='ltr' id='par_1_76' title="bbox 1824 4271 2190 4327">
     <span class='ocr_line' id='line_1_77' title="bbox 1824 4271 2190 4327; baseline -0.005 0"><span class='ocrx_word' id='word_1_571' title='bbox 1824 4271 2053 4327; x_wconf 84' lang='lat' dir='ltr'>CAPUT</span> <span class='ocrx_word' id='word_1_572' title='bbox 2100 4271 2190 4326; x_wconf 89' lang='grc' dir='ltr'>ΧΙ.</span> 
     </span>
    </p>
   </div>
   <div class='ocr_carea' id='block_1_77' title="bbox 365 4365 3719 4443">
    <p class='ocr_par' dir='ltr' id='par_1_77' title="bbox 365 4365 3719 4443">
     <span class='ocr_line' id='line_1_78' title="bbox 365 4365 3719 4443; baseline -0.001 -15"><span class='ocrx_word' id='word_1_573' title='bbox 365 4374 645 4428; x_wconf 81' lang='lat' dir='ltr'>Extrema</span> <span class='ocrx_word' id='word_1_574' title='bbox 676 4376 979 4443; x_wconf 88' lang='lat' dir='ltr'>tempora:</span> <span class='ocrx_word' id='word_1_575' title='bbox 1012 4370 1084 4426; x_wconf 92' lang='lat' dir='ltr'>de</span> <span class='ocrx_word' id='word_1_576' title='bbox 1110 4376 1323 4427; x_wconf 71' lang='lat' dir='ltr'>caetero</span> <span class='ocrx_word' id='word_1_577' title='bbox 1350 4371 1819 4426; x_wconf 86' lang='lat' dir='ltr'>verecundemur</span> <span class='ocrx_word' id='word_1_578' title='bbox 1849 4375 1905 4443; x_wconf 91' lang='lat' dir='ltr'>et</span> <span class='ocrx_word' id='word_1_579' title='bbox 1936 4369 2251 4425; x_wconf 85' lang='lat' dir='ltr'>timeamus</span> <span class='ocrx_word' id='word_1_580' title='bbox 2281 4365 2793 4443; x_wconf 71' lang='lat' dir='ltr'>longanimitatem</span> <span class='ocrx_word' id='word_1_581' title='bbox 2827 4367 2969 4434; x_wconf 85' lang='lat' dir='ltr'>Dei;</span> <span class='ocrx_word' id='word_1_582' title='bbox 3004 4370 3070 4421; x_wconf 90' lang='lat' dir='ltr'>ut</span> <span class='ocrx_word' id='word_1_583' title='bbox 3098 4383 3218 4443; x_wconf 85' lang='lat' dir='ltr'>no_n</span> <span class='ocrx_word' id='word_1_584' title='bbox 3249 4365 3425 4422; x_wconf 88' lang='lat' dir='ltr'>nobis</span> <span class='ocrx_word' id='word_1_585' title='bbox 3466 4368 3528 4443; x_wconf 82' lang='lat' dir='ltr'>in</span> <span class='ocrx_word' id='word_1_586' title='bbox 3552 4367 3719 4443; x_wconf 78' lang='lat' dir='ltr'>judi-</span> 
     </span>
    </p>
   </div>
   <div class='ocr_carea' id='block_1_78' title="bbox 288 4437 3717 4513">
    <p class='ocr_par' dir='ltr' id='par_1_78' title="bbox 288 4437 3717 4513">
     <span class='ocr_line' id='line_1_79' title="bbox 288 4437 3717 4513; baseline -0.001 -12"><span class='ocrx_word' id='word_1_587' title='bbox 288 4446 454 4502; x_wconf 88' lang='lat' dir='ltr'>cium</span> <span class='ocrx_word' id='word_1_588' title='bbox 489 4444 607 4498; x_wconf 81' lang='lat' dir='ltr'>tlat.</span> <span class='ocrx_word' id='word_1_589' title='bbox 647 4444 744 4498; x_wconf 88' lang='lat' dir='ltr'>Vel</span> <span class='ocrx_word' id='word_1_590' title='bbox 779 4437 938 4499; x_wconf 79' lang='lat' dir='ltr'>enim</span> <span class='ocrx_word' id='word_1_591' title='bbox 972 4443 1231 4498; x_wconf 86' lang='lat' dir='ltr'>futuram</span> <span class='ocrx_word' id='word_1_592' title='bbox 1263 4444 1412 4497; x_wconf 91' lang='lat' dir='ltr'>iram</span> <span class='ocrx_word' id='word_1_593' title='bbox 1446 4443 1783 4508; x_wconf 88' lang='lat' dir='ltr'>timeamus,</span> <span class='ocrx_word' id='word_1_594' title='bbox 1808 4442 1894 4497; x_wconf 78' lang='lat' dir='ltr'>vel</span> <span class='ocrx_word' id='word_1_595' title='bbox 1918 4447 2270 4513; x_wconf 66' lang='lat' dir='ltr'>prmsentem</span> <span class='ocrx_word' id='word_1_596' title='bbox 2295 4437 2543 4513; x_wconf 75' lang='lat' dir='ltr'>gratiam</span> <span class='ocrx_word' id='word_1_597' title='bbox 2564 4437 2921 4513; x_wconf 64' lang='lat' dir='ltr'>diligamus;</span> <span class='ocrx_word' id='word_1_598' title='bbox 2950 4454 3134 4513; x_wconf 86' lang='lat' dir='ltr'>unum</span> <span class='ocrx_word' id='word_1_599' title='bbox 3157 4438 3410 4513; x_wconf 80' lang='lat' dir='ltr'>duorum</span> <span class='ocrx_word' id='word_1_600' title='bbox 3443 4437 3631 4513; x_wconf 76' lang='lat' dir='ltr'>solum</span> <span class='ocrx_word' id='word_1_601' title='bbox 3653 4440 3717 4496; x_wconf 91' lang='lat' dir='ltr'>in</span> 
     </span>
    </p>
   </div>
   <div class='ocr_carea' id='block_1_79' title="bbox 288 4509 3717 4585">
    <p class='ocr_par' dir='ltr' id='par_1_79' title="bbox 288 4509 3717 4585">
     <span class='ocr_line' id='line_1_80' title="bbox 288 4509 3717 4585; baseline -0.002 -13"><span class='ocrx_word' id='word_1_602' title='bbox 288 4516 526 4572; x_wconf 81' lang='lat' dir='ltr'>Christo</span> <span class='ocrx_word' id='word_1_603' title='bbox 553 4516 691 4571; x_wconf 80' lang='lat' dir='ltr'>Jesu</span> <span class='ocrx_word' id='word_1_604' title='bbox 723 4515 1041 4581; x_wconf 83' lang='lat' dir='ltr'>invenitur,</span> <span class='ocrx_word' id='word_1_605' title='bbox 1075 4515 1136 4569; x_wconf 90' lang='lat' dir='ltr'>in</span> <span class='ocrx_word' id='word_1_606' title='bbox 1167 4531 1370 4570; x_wconf 87' lang='lat' dir='ltr'>verum</span> <span class='ocrx_word' id='word_1_607' title='bbox 1402 4515 1612 4570; x_wconf 83' lang='lat' dir='ltr'>vivere.</span> <span class='ocrx_word' id='word_1_608' title='bbox 1655 4515 1789 4569; x_wconf 90' lang='lat' dir='ltr'>Sine</span> <span class='ocrx_word' id='word_1_609' title='bbox 1822 4509 1948 4585; x_wconf 79' lang='lat' dir='ltr'>ipso</span> <span class='ocrx_word' id='word_1_610' title='bbox 1982 4512 2132 4567; x_wconf 90' lang='lat' dir='ltr'>nihil</span> <span class='ocrx_word' id='word_1_611' title='bbox 2177 4528 2274 4567; x_wconf 89' lang='lat' dir='ltr'>vos</span> <span class='ocrx_word' id='word_1_612' title='bbox 2324 4511 2566 4576; x_wconf 91' lang='lat' dir='ltr'>deceat;</span> <span class='ocrx_word' id='word_1_613' title='bbox 2619 4509 2680 4565; x_wconf 92' lang='lat' dir='ltr'>in</span> <span class='ocrx_word' id='word_1_614' title='bbox 2721 4526 2838 4581; x_wconf 91' lang='lat' dir='ltr'>quo</span> <span class='ocrx_word' id='word_1_615' title='bbox 2864 4509 3099 4565; x_wconf 89' lang='lat' dir='ltr'>vincula</span> <span class='ocrx_word' id='word_1_616' title='bbox 3129 4510 3506 4581; x_wconf 90' lang='lat' dir='ltr'>circumfero,</span> <span class='ocrx_word' id='word_1_617' title='bbox 3540 4511 3717 4584; x_wconf 88' lang='lat' dir='ltr'>spiri-</span> 
     </span>
    </p>
   </div>
   <div class='ocr_carea' id='block_1_80' title="bbox 364 4653 3577 4738">
    <p class='ocr_par' dir='ltr' id='par_1_80' title="bbox 364 4653 3577 4738">
     <span class='ocr_line' id='line_1_81' title="bbox 364 4653 3577 4738; baseline -0.002 -24"><span class='ocrx_word' id='word_1_618' title='bbox 364 4660 476 4729; x_wconf 79' lang='lat'>(63)</span> <span class='ocrx_word' id='word_1_619' title='bbox 605 4676 684 4738; x_wconf 82' lang='lat' dir='ltr'>e._</span> <span class='ocrx_word' id='word_1_620' title='bbox 718 4659 1046 4738; x_wconf 69' lang='lat' dir='ltr'>secundum</span> <span class='ocrx_word' id='word_1_621' title='bbox 1100 4659 1252 4738; x_wconf 73' lang='lat' dir='ltr'>hanc</span> <span class='ocrx_word' id='word_1_622' title='bbox 1308 4660 1487 4714; x_wconf 89' lang='lat' dir='ltr'>vitam</span> <span class='ocrx_word' id='word_1_623' title='bbox 1528 4657 1945 4725; x_wconf 86' lang='lat' dir='ltr'>Christianam,</span> <span class='ocrx_word' id='word_1_624' title='bbox 1984 4660 2026 4724; x_wconf 87' lang='lat' dir='ltr'>D</span> <span class='ocrx_word' id='word_1_625' title='bbox 2059 4675 2242 4738; x_wconf 57' lang='grc' dir='ltr'>σονξαι</span> <span class='ocrx_word' id='word_1_626' title='bbox 2274 4657 2424 4738; x_wconf 76' lang='lat' dir='ltr'>(cap.</span> <span class='ocrx_word' id='word_1_627' title='bbox 2463 4656 2527 4707; x_wconf 74' lang='grc'>14</span> <span class='ocrx_word' id='word_1_628' title='bbox 2558 4653 2718 4738; x_wconf 76' lang='lat' dir='ltr'>circa</span> <span class='ocrx_word' id='word_1_629' title='bbox 2748 4653 2876 4721; x_wconf 85' lang='lat' dir='ltr'>fin.)</span> <span class='ocrx_word' id='word_1_630' title='bbox 2909 4654 3127 4737; x_wconf 83' lang='lat' dir='ltr'>desunt</span> <span class='ocrx_word' id='word_1_631' title='bbox 3153 4655 3312 4724; x_wconf 87' lang='lat' dir='ltr'>apud</span> <span class='ocrx_word' id='word_1_632' title='bbox 3343 4655 3577 4738; x_wconf 58' lang='lat' dir='ltr'>Syrum.</span> 
     </span>
    </p>
   </div>
   <div class='ocr_carea' id='block_1_81' title="bbox 287 4731 1271 4804">
    <p class='ocr_par' dir='ltr' id='par_1_81' title="bbox 287 4731 1271 4804">
     <span class='ocr_line' id='line_1_82' title="bbox 287 4731 1271 4804; baseline -0.001 -19"><span class='ocrx_word' id='word_1_633' title='bbox 287 4748 425 4804; x_wconf 68' lang='lat' dir='ltr'>quae</span> <span class='ocrx_word' id='word_1_634' title='bbox 457 4732 573 4804; x_wconf 70' lang='lat' dir='ltr'>alia</span> <span class='ocrx_word' id='word_1_635' title='bbox 603 4736 694 4785; x_wconf 86' lang='lat' dir='ltr'>est</span> <span class='ocrx_word' id='word_1_636' title='bbox 724 4747 759 4785; x_wconf 87' lang='lat' dir='ltr'>a</span> <span class='ocrx_word' id='word_1_637' title='bbox 788 4731 1049 4785; x_wconf 87' lang='lat' dir='ltr'>naturali</span> <span class='ocrx_word' id='word_1_638' title='bbox 1107 4731 1271 4804; x_wconf 67' lang='lat' dir='ltr'>Satira</span> 
     </span>
    </p>
   </div>
   <div class='ocr_carea' id='block_1_82' title="bbox 362 4801 1945 4874">
    <p class='ocr_par' dir='ltr' id='par_1_82' title="bbox 362 4801 1945 4874">
     <span class='ocr_line' id='line_1_83' title="bbox 362 4801 1945 4874; baseline -0.001 -17"><span class='ocrx_word' id='word_1_639' title='bbox 362 4804 477 4869; x_wconf 65' lang='grc'>(64)</span> <span class='ocrx_word' id='word_1_640' title='bbox 512 4802 717 4874; x_wconf 82' lang='lat' dir='ltr'>Lineas</span> <span class='ocrx_word' id='word_1_641' title='bbox 752 4810 1069 4874; x_wconf 89' lang='lat' dir='ltr'>sequentes</span> <span class='ocrx_word' id='word_1_642' title='bbox 1120 4802 1297 4872; x_wconf 80' lang='lat' dir='ltr'>Syrus</span> <span class='ocrx_word' id='word_1_643' title='bbox 1347 4801 1533 4874; x_wconf 87' lang='lat' dir='ltr'>magis</span> <span class='ocrx_word' id='word_1_644' title='bbox 1573 4801 1647 4857; x_wconf 88' lang='lat' dir='ltr'>ad</span> <span class='ocrx_word' id='word_1_645' title='bbox 1680 4817 1945 4867; x_wconf 89' lang='lat' dir='ltr'>sensum,</span> 
     </span>
    </p>
   </div>
   <div class='ocr_carea' id='block_1_83' title="bbox 288 4873 1465 4945">
    <p class='ocr_par' dir='ltr' id='par_1_83' title="bbox 288 4873 1465 4945">
     <span class='ocr_line' id='line_1_84' title="bbox 288 4873 1465 4945; baseline -0.003 -16"><span class='ocrx_word' id='word_1_646' title='bbox 288 4888 473 4945; x_wconf 87' lang='lat' dir='ltr'>quam</span> <span class='ocrx_word' id='word_1_647' title='bbox 506 4873 578 4927; x_wconf 89' lang='lat' dir='ltr'>ad</span> <span class='ocrx_word' id='word_1_648' title='bbox 610 4873 871 4928; x_wconf 88' lang='lat' dir='ltr'>litteram</span> <span class='ocrx_word' id='word_1_649' title='bbox 901 4873 1465 4945; x_wconf 12' lang='lat' dir='ltr'>iuterpretalusrest.</span> 
     </span>
    </p>
   </div>
   <div class='ocr_carea' id='block_1_84' title="bbox 362 4942 1945 5015">
    <p class='ocr_par' dir='ltr' id='par_1_84' title="bbox 362 4942 1945 5015">
     <span class='ocr_line' id='line_1_85' title="bbox 362 4942 1945 5015; baseline -0.001 -16"><span class='ocrx_word' id='word_1_650' title='bbox 362 4947 475 5011; x_wconf 76' lang='lat'>(65)</span> <span class='ocrx_word' id='word_1_651' title='bbox 506 4945 684 5000; x_wconf 87' lang='lat' dir='ltr'>Deest</span> <span class='ocrx_word' id='word_1_652' title='bbox 712 4945 1016 5015; x_wconf 85' lang='lat' dir='ltr'>quidpiam</span> <span class='ocrx_word' id='word_1_653' title='bbox 1066 4942 1138 4999; x_wconf 80' lang='lat' dir='ltr'>ad</span> <span class='ocrx_word' id='word_1_654' title='bbox 1189 4942 1608 4999; x_wconf 72' lang='lat' dir='ltr'>absolvendum</span> <span class='ocrx_word' id='word_1_655' title='bbox 1638 4944 1945 5015; x_wconf 84' lang='lat' dir='ltr'>syntaxin.</span> 
     </span>
    </p>
   </div>
   <div class='ocr_carea' id='block_1_85' title="bbox 286 5014 1946 5087">
    <p class='ocr_par' dir='ltr' id='par_1_85' title="bbox 286 5014 1946 5087">
     <span class='ocr_line' id='line_1_86' title="bbox 286 5014 1946 5087; baseline -0.001 -16"><span class='ocrx_word' id='word_1_656' title='bbox 286 5017 690 5087; x_wconf 84' lang='lat' dir='ltr'>Interpolator</span> <span class='ocrx_word' id='word_1_657' title='bbox 722 5014 903 5072; x_wconf 80' lang='lat' dir='ltr'>habet</span> <span class='ocrx_word' id='word_1_658' title='bbox 933 5014 1254 5084; x_wconf 69' lang='grc' dir='ltr'>ἀντιτάξατε,</span> <span class='ocrx_word' id='word_1_659' title='bbox 1291 5017 1449 5087; x_wconf 88' lang='lat' dir='ltr'>quod</span> <span class='ocrx_word' id='word_1_660' title='bbox 1481 5032 1599 5070; x_wconf 89' lang='lat' dir='ltr'>nou</span> <span class='ocrx_word' id='word_1_661' title='bbox 1631 5014 1946 5070; x_wconf 87' lang='lat' dir='ltr'>inconcin-</span> 
     </span>
    </p>
   </div>
   <div class='ocr_carea' id='block_1_86' title="bbox 288 5088 949 5143">
    <p class='ocr_par' dir='ltr' id='par_1_86' title="bbox 288 5088 949 5143">
     <span class='ocr_line' id='line_1_87' title="bbox 288 5088 949 5143; baseline 0 0"><span class='ocrx_word' id='word_1_662' title='bbox 288 5104 440 5143; x_wconf 86' lang='lat' dir='ltr'>num</span> <span class='ocrx_word' id='word_1_663' title='bbox 472 5088 525 5141; x_wconf 88' lang='lat' dir='ltr'>vi</span> <span class='ocrx_word' id='word_1_664' title='bbox 548 5092 720 5143; x_wconf 77' lang='lat' dir='ltr'>ietur.</span> <span class='ocrx_word' id='word_1_665' title='bbox 757 5089 949 5143; x_wconf 73' lang='lat' dir='ltr'>Surru.</span> 
     </span>
    </p>
   </div>
   <div class='ocr_carea' id='block_1_87' title="bbox 357 5159 1073 5231">
    <p class='ocr_par' dir='ltr' id='par_1_87' title="bbox 357 5159 1073 5231">
     <span class='ocr_line' id='line_1_88' title="bbox 357 5159 1073 5231; baseline -0.003 -18"><span class='ocrx_word' id='word_1_666' title='bbox 357 5160 475 5231; x_wconf 73' lang='lat'>(66)</span> <span class='ocrx_word' id='word_1_667' title='bbox 511 5159 625 5214; x_wconf 84' lang='lat' dir='ltr'>Cfr.</span> <span class='ocrx_word' id='word_1_668' title='bbox 660 5160 887 5214; x_wconf 88' lang='lat' dir='ltr'>Coloss.</span> <span class='ocrx_word' id='word_1_669' title='bbox 921 5176 958 5224; x_wconf 83' lang='grc' dir='ltr'>ι,</span> <span class='ocrx_word' id='word_1_670' title='bbox 986 5161 1073 5213; x_wconf 83' lang='lat'>23.</span> 
     </span>
    </p>
   </div>
   <div class='ocr_carea' id='block_1_88' title="bbox 359 5229 1946 5299">
    <p class='ocr_par' dir='ltr' id='par_1_88' title="bbox 359 5229 1946 5299">
     <span class='ocr_line' id='line_1_89' title="bbox 359 5229 1946 5299; baseline -0.001 -16"><span class='ocrx_word' id='word_1_671' title='bbox 359 5229 477 5299; x_wconf 80' lang='lat'>(67)</span> <span class='ocrx_word' id='word_1_672' title='bbox 508 5232 595 5285; x_wconf 89' lang='lat' dir='ltr'>lta</span> <span class='ocrx_word' id='word_1_673' title='bbox 624 5231 876 5299; x_wconf 84' lang='lat' dir='ltr'>minima</span> <span class='ocrx_word' id='word_1_674' title='bbox 906 5229 1236 5285; x_wconf 87' lang='lat' dir='ltr'>mutatione</span> <span class='ocrx_word' id='word_1_675' title='bbox 1267 5229 1581 5297; x_wconf 79' lang='lat' dir='ltr'>legendum</span> <span class='ocrx_word' id='word_1_676' title='bbox 1606 5234 1746 5299; x_wconf 87' lang='lat' dir='ltr'>puto</span> <span class='ocrx_word' id='word_1_677' title='bbox 1772 5244 1785 5294; x_wconf 90' lang='lat'><strong>;</strong></span> <span class='ocrx_word' id='word_1_678' title='bbox 1812 5245 1946 5283; x_wconf 90' lang='lat' dir='ltr'>nam</span> 
     </span>
    </p>
   </div>
   <div class='ocr_carea' id='block_1_89' title="bbox 289 5297 1948 5374">
    <p class='ocr_par' dir='ltr' id='par_1_89' title="bbox 289 5297 1948 5374">
     <span class='ocr_line' id='line_1_90' title="bbox 289 5297 1948 5374; baseline -0.001 -19"><span class='ocrx_word' id='word_1_679' title='bbox 289 5297 653 5374; x_wconf 82' lang='lat' dir='ltr'>ms._habet:</span> <span class='ocrx_word' id='word_1_680' title='bbox 709 5297 982 5374; x_wconf 35' lang='lat' dir='ltr'>aSm‘qu&#39;iA,</span> <span class='ocrx_word' id='word_1_681' title='bbox 1030 5301 1411 5374; x_wconf 71' lang='grc' dir='ltr'>ἀποστερῃΘεῐ,</span> <span class='ocrx_word' id='word_1_682' title='bbox 1454 5297 1724 5374; x_wconf 16' lang='grc' dir='ltr'>ἀθετηήθεῖ.</span> <span class='ocrx_word' id='word_1_683' title='bbox 1760 5300 1948 5355; x_wconf 85' lang='lat' dir='ltr'>Mark-</span> 
     </span>
    </p>
   </div>
   <div class='ocr_carea' id='block_1_90' title="bbox 287 5368 1948 5446">
    <p class='ocr_par' dir='ltr' id='par_1_90' title="bbox 287 5368 1948 5446">
     <span class='ocr_line' id='line_1_91' title="bbox 287 5368 1948 5446; baseline -0.002 -20"><span class='ocrx_word' id='word_1_684' title='bbox 287 5371 511 5446; x_wconf 77' lang='lat' dir='ltr'>landus</span> <span class='ocrx_word' id='word_1_685' title='bbox 563 5368 1180 5446; x_wconf 30' lang='grc' dir='ltr'>ροηῇοἰὶίήδικῇθη,</span> <span class='ocrx_word' id='word_1_686' title='bbox 1223 5368 1624 5446; x_wconf 35' lang='lat' dir='ltr'>&quot;directae/‘91},</span> <span class='ocrx_word' id='word_1_687' title='bbox 1681 5370 1948 5446; x_wconf 73' lang='grc' dir='ltr'>ἠθετήθῃ,</span> 
     </span>
    </p>
   </div>
   <div class='ocr_carea' id='block_1_91' title="bbox 288 5443 1955 5571">
    <p class='ocr_par' dir='ltr' id='par_1_91' title="bbox 288 5443 1955 5571">
     <span class='ocr_line' id='line_1_92' title="bbox 288 5443 1955 5517; baseline 0 -19"><span class='ocrx_word' id='word_1_688' title='bbox 288 5445 429 5498; x_wconf 63' lang='lat' dir='ltr'>Haec</span> <span class='ocrx_word' id='word_1_689' title='bbox 459 5444 635 5500; x_wconf 89' lang='lat' dir='ltr'>verba</span> <span class='ocrx_word' id='word_1_690' title='bbox 664 5445 1005 5517; x_wconf 87' lang='lat' dir='ltr'>parenthesi</span> <span class='ocrx_word' id='word_1_691' title='bbox 1039 5443 1402 5501; x_wconf 87' lang='lat' dir='ltr'>includenda</span> <span class='ocrx_word' id='word_1_692' title='bbox 1432 5443 1583 5513; x_wconf 84' lang='lat' dir='ltr'>esse,</span> <span class='ocrx_word' id='word_1_693' title='bbox 1603 5445 1731 5517; x_wconf 88' lang='lat' dir='ltr'>jam</span> <span class='ocrx_word' id='word_1_694' title='bbox 1764 5443 1955 5499; x_wconf 80' lang='lat' dir='ltr'>Mark-</span> 
     </span>
     <span class='ocr_line' id='line_1_93' title="bbox 290 5513 708 5571; baseline 0.002 -1"><span class='ocrx_word' id='word_1_695' title='bbox 290 5513 512 5570; x_wconf 86' lang='lat' dir='ltr'>landus</span> <span class='ocrx_word' id='word_1_696' title='bbox 542 5516 708 5571; x_wconf 83' lang='lat' dir='ltr'>vidit.</span> 
     </span>
    </p>
   </div>
   <div class='ocr_carea' id='block_1_92' title="bbox 356 5516 708 5573">
    <p class='ocr_par' dir='ltr' id='par_1_92' title="bbox 356 5516 708 5573">
     <span class='ocr_line' id='line_1_94' title="bbox 356 5516 708 5573; baseline 0.009 -3"><span class='ocrx_word' id='word_1_697' title='bbox 356 5516 512 5570; x_wconf 81' lang='lat' dir='ltr'>udus</span> <span class='ocrx_word' id='word_1_698' title='bbox 542 5516 708 5573; x_wconf 83' lang='lat' dir='ltr'>vidit.</span> 
     </span>
    </p>
   </div>
   <div class='ocr_carea' id='block_1_93' title="bbox 364 5580 1957 5662">
    <p class='ocr_par' dir='ltr' id='par_1_93' title="bbox 364 5580 1957 5662">
     <span class='ocr_line' id='line_1_95' title="bbox 364 5580 1957 5662; baseline -0.001 -21"><span class='ocrx_word' id='word_1_699' title='bbox 364 5588 482 5660; x_wconf 77' lang='lat'>(68}</span> <span class='ocrx_word' id='word_1_700' title='bbox 511 5586 630 5643; x_wconf 84' lang='grc' dir='ltr'>Ἵνα</span> <span class='ocrx_word' id='word_1_701' title='bbox 662 5587 740 5661; x_wconf 78' lang='grc' dir='ltr'>μὴ</span> <span class='ocrx_word' id='word_1_702' title='bbox 770 5590 869 5642; x_wconf 88' lang='grc' dir='ltr'>τοῦ</span> <span class='ocrx_word' id='word_1_703' title='bbox 900 5580 1165 5643; x_wconf 78' lang='grc' dir='ltr'>διαϐόλου</span> <span class='ocrx_word' id='word_1_704' title='bbox 1195 5607 1250 5646; x_wconf 78' lang='grc' dir='ltr'>χ.</span> <span class='ocrx_word' id='word_1_705' title='bbox 1281 5606 1330 5643; x_wconf 92' lang='grc' dir='ltr'>τ.</span> <span class='ocrx_word' id='word_1_706' title='bbox 1366 5584 1422 5643; x_wconf 95' lang='grc' dir='ltr'>λ.</span> <span class='ocrx_word' id='word_1_707' title='bbox 1459 5603 1650 5659; x_wconf 86' lang='lat' dir='ltr'>usque</span> <span class='ocrx_word' id='word_1_708' title='bbox 1680 5586 1757 5643; x_wconf 82' lang='lat' dir='ltr'>ad</span> <span class='ocrx_word' id='word_1_709' title='bbox 1788 5583 1957 5662; x_wconf 73' lang='grc' dir='ltr'>ὀφθή-</span> 
     </span>
    </p>
   </div>
   <div class='ocr_carea' id='block_1_94' title="bbox 2132 4725 3711 4799">
    <p class='ocr_par' dir='ltr' id='par_1_94' title="bbox 2132 4725 3711 4799">
     <span class='ocr_line' id='line_1_96' title="bbox 2132 4725 3711 4799; baseline 0.002 -18"><span class='ocrx_word' id='word_1_710' title='bbox 2132 4729 2239 4781; x_wconf 66' lang='grc' dir='ltr'>ν69ρ</span> <span class='ocrx_word' id='word_1_711' title='bbox 2304 4725 2434 4780; x_wconf 61' lang='lat' dir='ltr'>llaec</span> <span class='ocrx_word' id='word_1_712' title='bbox 2492 4725 2840 4795; x_wconf 90' lang='lat' dir='ltr'>metaphora</span> <span class='ocrx_word' id='word_1_713' title='bbox 2899 4728 3115 4798; x_wconf 66' lang='lat' dir='ltr'>saepius</span> <span class='ocrx_word' id='word_1_714' title='bbox 3164 4725 3423 4782; x_wconf 85' lang='lat' dir='ltr'>occurrit</span> <span class='ocrx_word' id='word_1_715' title='bbox 3461 4727 3620 4799; x_wconf 87' lang='lat' dir='ltr'>apud</span> <span class='ocrx_word' id='word_1_716' title='bbox 3650 4729 3711 4785; x_wconf 93' lang='lat' dir='ltr'>S.</span> 
     </span>
    </p>
   </div>
   <div class='ocr_carea' id='block_1_95' title="bbox 2058 4798 2369 4853">
    <p class='ocr_par' dir='ltr' id='par_1_95' title="bbox 2058 4798 2369 4853">
     <span class='ocr_line' id='line_1_97' title="bbox 2058 4798 2369 4853; baseline -0.013 0"><span class='ocrx_word' id='word_1_717' title='bbox 2058 4798 2369 4853; x_wconf 65' lang='lat' dir='ltr'>lunatium.</span> 
     </span>
    </p>
   </div>
   <div class='ocr_carea' id='block_1_96' title="bbox 2084 4840 3711 4940">
    <p class='ocr_par' dir='ltr' id='par_1_96' title="bbox 2084 4840 3711 4940">
     <span class='ocr_line' id='line_1_98' title="bbox 2084 4840 3711 4940; baseline 0.002 -17"><span class='ocrx_word' id='word_1_718' title='bbox 2503 4868 2660 4921; x_wconf 72' lang='lat'>11-13</span> <span class='ocrx_word' id='word_1_719' title='bbox 2695 4867 2833 4923; x_wconf 87' lang='lat' dir='ltr'>incl.</span> <span class='ocrx_word' id='word_1_720' title='bbox 2881 4868 2943 4923; x_wconf 88' lang='lat' dir='ltr'>in</span> <span class='ocrx_word' id='word_1_721' title='bbox 2990 4868 3257 4924; x_wconf 89' lang='lat' dir='ltr'>versione</span> <span class='ocrx_word' id='word_1_722' title='bbox 3309 4868 3547 4940; x_wconf 86' lang='lat' dir='ltr'>Syriaca</span> <span class='ocrx_word' id='word_1_723' title='bbox 3590 4885 3711 4926; x_wconf 88' lang='lat' dir='ltr'>non</span> 
     </span>
    </p>
   </div>
   <div class='ocr_carea' id='block_1_97' title="bbox 2059 4942 2353 4996">
    <p class='ocr_par' dir='ltr' id='par_1_97' title="bbox 2059 4942 2353 4996">
     <span class='ocr_line' id='line_1_99' title="bbox 2059 4942 2353 4996; baseline -0.003 -1"><span class='ocrx_word' id='word_1_724' title='bbox 2059 4942 2353 4996; x_wconf 69' lang='lat' dir='ltr'>leauntur.</span> 
     </span>
    </p>
   </div>
   <div class='ocr_carea' id='block_1_98' title="bbox 2119 4983 3711 5083">
    <p class='ocr_par' dir='ltr' id='par_1_98' title="bbox 2119 4983 3711 5083">
     <span class='ocr_line' id='line_1_100' title="bbox 2119 4983 3711 5083; baseline -0.001 -17"><span class='ocrx_word' id='word_1_725' title='bbox 2119 4983 2561 5083; x_wconf 48' lang='lat' dir='ltr'>&#39;(iil&#39;s‘dmhius</span> <span class='ocrx_word' id='word_1_726' title='bbox 2622 5016 2679 5065; x_wconf 88' lang='lat' dir='ltr'>et</span> <span class='ocrx_word' id='word_1_727' title='bbox 2731 5009 3097 5066; x_wconf 87' lang='lat' dir='ltr'>Jacobsonus</span> <span class='ocrx_word' id='word_1_728' title='bbox 3152 5014 3288 5064; x_wconf 90' lang='lat' dir='ltr'>ante</span> <span class='ocrx_word' id='word_1_729' title='bbox 3329 5006 3524 5063; x_wconf 83' lang='grc' dir='ltr'>λοιπόν</span> <span class='ocrx_word' id='word_1_730' title='bbox 3555 5024 3711 5080; x_wconf 87' lang='lat' dir='ltr'>pun-</span> 
     </span>
    </p>
   </div>
   <div class='ocr_carea' id='block_1_99' title="bbox 2063 5082 2692 5150">
    <p class='ocr_par' dir='ltr' id='par_1_99' title="bbox 2063 5082 2692 5150">
     <span class='ocr_line' id='line_1_101' title="bbox 2063 5082 2692 5150; baseline -0.008 -10"><span class='ocrx_word' id='word_1_731' title='bbox 2063 5082 2233 5140; x_wconf 88' lang='lat' dir='ltr'>ctum</span> <span class='ocrx_word' id='word_1_732' title='bbox 2256 5082 2428 5136; x_wconf 88' lang='lat' dir='ltr'>colon</span> <span class='ocrx_word' id='word_1_733' title='bbox 2464 5088 2692 5150; x_wconf 87' lang='lat' dir='ltr'>ponunt</span> 
     </span>
    </p>
   </div>
   <div class='ocr_carea' id='block_1_100' title="bbox 2133 5152 3714 5222">
    <p class='ocr_par' dir='ltr' id='par_1_100' title="bbox 2133 5152 3714 5222">
     <span class='ocr_line' id='line_1_102' title="bbox 2133 5152 3714 5222; baseline -0.001 -14"><span class='ocrx_word' id='word_1_734' title='bbox 2133 5157 2244 5218; x_wconf 77' lang='lat'>(72)</span> <span class='ocrx_word' id='word_1_735' title='bbox 2282 5156 2343 5207; x_wconf 92' lang='lat' dir='ltr'>In</span> <span class='ocrx_word' id='word_1_736' title='bbox 2398 5152 2687 5208; x_wconf 79' lang='lat' dir='ltr'>l’arallelis</span> <span class='ocrx_word' id='word_1_737' title='bbox 2774 5153 3176 5206; x_wconf 70' lang='lat' dir='ltr'>Damascenicis</span> <span class='ocrx_word' id='word_1_738' title='bbox 3257 5152 3714 5222; x_wconf 79' lang='lat' dir='ltr'>Rupefucaldinis</span> 
     </span>
    </p>
   </div>
   <div class='ocr_carea' id='block_1_101' title="bbox 2064 5222 3710 5296">
    <p class='ocr_par' dir='ltr' id='par_1_101' title="bbox 2064 5222 3710 5296">
     <span class='ocr_line' id='line_1_103' title="bbox 2064 5222 3710 5296; baseline -0.003 -15"><span class='ocrx_word' id='word_1_739' title='bbox 2064 5232 2251 5281; x_wconf 84' lang='lat' dir='ltr'>exstat</span> <span class='ocrx_word' id='word_1_740' title='bbox 2284 5226 2698 5296; x_wconf 72' lang='lat' dir='ltr'>fragmentum.</span> <span class='ocrx_word' id='word_1_741' title='bbox 2735 5222 2888 5294; x_wconf 90' lang='lat' dir='ltr'>quod</span> <span class='ocrx_word' id='word_1_742' title='bbox 2925 5224 3081 5296; x_wconf 75' lang='lat' dir='ltr'>hunc</span> <span class='ocrx_word' id='word_1_743' title='bbox 3126 5222 3323 5277; x_wconf 90' lang='lat' dir='ltr'>locum</span> <span class='ocrx_word' id='word_1_744' title='bbox 3354 5224 3400 5296; x_wconf 77' lang='lat' dir='ltr'>si</span> <span class='ocrx_word' id='word_1_745' title='bbox 3432 5223 3710 5278; x_wconf 84' lang='lat' dir='ltr'>exhibet:</span> 
     </span>
    </p>
   </div>
   <div class='ocr_carea' id='block_1_102' title="bbox 2064 5290 3715 5369">
    <p class='ocr_par' dir='ltr' id='par_1_102' title="bbox 2064 5290 3715 5369">
     <span class='ocr_line' id='line_1_104' title="bbox 2064 5290 3715 5369; baseline -0.004 -20"><span class='ocrx_word' id='word_1_746' title='bbox 2064 5290 2461 5369; x_wconf 68' lang='grc' dir='ltr'>Ἀγαπήσωμεν</span> <span class='ocrx_word' id='word_1_747' title='bbox 2516 5290 2568 5347; x_wconf 86' lang='grc' dir='ltr'>ἒν</span> <span class='ocrx_word' id='word_1_748' title='bbox 2623 5297 2703 5363; x_wconf 79' lang='grc' dir='ltr'>τῷ</span> <span class='ocrx_word' id='word_1_749' title='bbox 2752 5290 2862 5345; x_wconf 56' lang='grc' dir='ltr'>”νῦν</span> <span class='ocrx_word' id='word_1_750' title='bbox 2945 5292 3068 5369; x_wconf 65' lang='grc' dir='ltr'>βῖῳ.</span> <span class='ocrx_word' id='word_1_751' title='bbox 3106 5296 3301 5369; x_wconf 29' lang='grc' dir='ltr'>’μονον</span> <span class='ocrx_word' id='word_1_752' title='bbox 3362 5292 3413 5346; x_wconf 85' lang='grc' dir='ltr'>ἐν</span> <span class='ocrx_word' id='word_1_753' title='bbox 3465 5296 3715 5369; x_wconf 39' lang='grc' dir='ltr'>’Χριστῷ</span> 
     </span>
    </p>
   </div>
   <div class='ocr_carea' id='block_1_103' title="bbox 2064 5363 3715 5441">
    <p class='ocr_par' dir='ltr' id='par_1_103' title="bbox 2064 5363 3715 5441">
     <span class='ocr_line' id='line_1_105' title="bbox 2064 5363 3715 5441; baseline -0.002 -18"><span class='ocrx_word' id='word_1_754' title='bbox 2064 5363 2626 5441; x_wconf 29' lang='grc' dir='ltr'>Ἰησοῦ-εὑρεθλῶμεν.</span> <span class='ocrx_word' id='word_1_755' title='bbox 2664 5367 2830 5421; x_wconf 77' lang='lat' dir='ltr'><strong>GALL.</strong></span> <span class='ocrx_word' id='word_1_756' title='bbox 2894 5364 2981 5420; x_wconf 86' lang='lat' dir='ltr'>Ad</span> <span class='ocrx_word' id='word_1_757' title='bbox 3020 5363 3383 5420; x_wconf 77' lang='lat' dir='ltr'>inﬁnitivum</span> <span class='ocrx_word' id='word_1_758' title='bbox 3430 5363 3715 5441; x_wconf 71' lang='grc' dir='ltr'>εὑρεθῆναι</span> 
     </span>
    </p>
   </div>
   <div class='ocr_carea' id='block_1_104' title="bbox 2063 5433 2859 5508">
    <p class='ocr_par' dir='ltr' id='par_1_104' title="bbox 2063 5433 2859 5508">
     <span class='ocr_line' id='line_1_106' title="bbox 2063 5433 2859 5508; baseline -0.006 -11"><span class='ocrx_word' id='word_1_759' title='bbox 2063 5433 2415 5497; x_wconf 86' lang='lat' dir='ltr'>subauditur</span> <span class='ocrx_word' id='word_1_760' title='bbox 2444 5433 2548 5503; x_wconf 79' lang='grc' dir='ltr'>δεῖ,</span> <span class='ocrx_word' id='word_1_761' title='bbox 2580 5443 2648 5491; x_wconf 91' lang='lat' dir='ltr'>ut</span> <span class='ocrx_word' id='word_1_762' title='bbox 2680 5453 2859 5508; x_wconf 78' lang='lat' dir='ltr'>saepe.</span> 
     </span>
    </p>
   </div>
   <div class='ocr_carea' id='block_1_105' title="bbox 2133 5507 3108 5585">
    <p class='ocr_par' dir='ltr' id='par_1_105' title="bbox 2133 5507 3108 5585">
     <span class='ocr_line' id='line_1_107' title="bbox 2133 5507 3108 5585; baseline -0.002 -18"><span class='ocrx_word' id='word_1_763' title='bbox 2133 5514 2243 5585; x_wconf 83' lang='grc'>(73)</span> <span class='ocrx_word' id='word_1_764' title='bbox 2274 5510 2389 5566; x_wconf 91' lang='lat' dir='ltr'>Cfr.</span> <span class='ocrx_word' id='word_1_765' title='bbox 2424 5509 2622 5580; x_wconf 87' lang='lat' dir='ltr'>Polyc.</span> <span class='ocrx_word' id='word_1_766' title='bbox 2657 5508 2732 5566; x_wconf 89' lang='lat' dir='ltr'>ad</span> <span class='ocrx_word' id='word_1_767' title='bbox 2761 5507 2938 5581; x_wconf 89' lang='lat' dir='ltr'>Phil.,</span> <span class='ocrx_word' id='word_1_768' title='bbox 2971 5524 3022 5565; x_wconf 92' lang='lat' dir='ltr'>c.</span> <span class='ocrx_word' id='word_1_769' title='bbox 3057 5512 3108 5566; x_wconf 78' lang='grc'>1.</span> 
     </span>
    </p>
   </div>
  </div>
