4080 6134
319 406 434 470 661

1508 407 1900 470 EPISTULA
1939 407 2042 467 AD
2086 407 2558 469 MAGNESIOS.

3612 395 3729 458 662

1634 547 1747 602 ΧΧ.
1774 547 1977 600 Iterum
1995 545 2142 600 vobis
2171 547 2425 600 scribam.

392 646 502 717 (l2)
559 642 680 698 Ἐάν
744 662 809 712 με
865 641 1172 714 καταξιώση
1230 643 1440 713 Ἰησοῦς
1496 645 1732 717 Χριστὸς
1790 644 1841 698 ἐν
1896 651 1954 720 ταξ

2154 647 2210 701 Si
2243 662 2336 700 me
2366 645 2639 714 dignatus
2670 643 2849 698 fuerit
2871 641 3038 696 Jesus
3052 639 3318 694 Christus
3347 642 3728 710 propterora-

317 736 600 809 προσευχῇ
631 733 806 805 ὑμῶν,
833 731 922 784 καὶ
955 730 1174 804 θελημχ
1201 731 1258 806 ᾖ,
1292 731 1342 786 ἐν
1375 737 1456 806 τῷ
1509 729 1744 805 δεοτέρῳ
1777 729 1964 808 βιϐλι.

319 823 444 896 δίῳ,
478 819 726 895 δμὲλλω
777 820 1000 897 γράξειν
1070 821 1217 892 ὑμῖν,
1267 820 1652 897 προσδηλώσω
1721 823 1868 896 ὑμῖν,
1900 826 1964 892 ἧς

315 913 566 987 ἠρξάμην
621 909 941 980 ο“κονομίας
999 909 1074 972 εἲς
1131 911 1242 984 (13)
1299 911 1389 965 τὸν
1443 913 1628 966 καινὸν
1680 911 1963 986 ἄνθρωπον

313 1006 527 1073 Ἰησοῦν
557 1002 806 1077 Χριστὸν,
840 1000 894 1055 ἐν
924 1003 991 1071 τῇ
1024 999 1188 1055 αὐτοῦ
1219 998 1395 1056 πίστει
1443 1002 1532 1055 καὶ
1590 1001 1642 1056 ἐν
1703 1006 1768 1075 τῇ
1802 1002 1965 1058 αὐτοῦ

311 1093 512 1168 ἀγάπῃ,
547 1091 598 1146 ὲν
632 1089 789 1144 πάθει
847 1088 1012 1144 αὐτοῦ
1068 1089 1158 1144 καὶ
1210 1088 1511 1144 ἀναστάσειο
1553 1095 1665 1163 (14)
1727 1089 1965 1165 μάλιστα

308 1183 395 1239 ἐὰν
430 1182 459 1236 ὀ
497 1179 695 1252 Κύριός
732 1199 828 1251 μοι
858 1176 1207 1251 ἀποκαλύψῃ,
1240 1177 1323 1233 ὅτι
1369 1181 1420 1233 οἱ
1467 1181 1586 1236 κατ’
1617 1177 1782 1256 ἄνδρι
1812 1181 1966 1256 κοινῇ

307 1271 500 1332 πάντες
534 1268 584 1323 ἐν
618 1267 806 1341 χάριτι
839 1269 946 1338 (15)
992 1266 1041 1340 ἐξ
1095 1267 1363 1340 ὀνόματος
1405 1270 1726 1344 συνέρχεσθε
1777 1269 1828 1324 ἐν
1867 1275 1963 1344 μιᾷ

307 1361 488 1415 πίστει
517 1358 605 1413 καὶ
639 1355 689 1411 ἐν
721 1357 902 1427 Ἰησοῦ
934 1357 1174 1432 Χριστῷ,
1205 1362 1284 1428 τῷ
1339 1358 1474 1412 κατὰ
1532 1359 1700 1430 diem
1757 1360 1817 1414 ἐκ
1869 1361 1958 1437 γὲ-

307 1471 431 1512 νους
455 1443 644 1515 Δαόὶδ,
680 1450 760 1518 τῷ
790 1447 892 1517 υἱῷ
918 1445 1205 1518 ἀνθρώπου
1258 1448 1344 1502 κπιῖ
1408 1449 1518 1520 Υἱῷ
1576 1452 1730 1519 Θεοῦ,
1767 1448 1841 1512 ε”ς
1899 1451 1959 1503 τὸ

310 1538 601 1594 ὑπακούειν
644 1537 783 1610 ὑμᾶς
830 1539 911 1607 τῷ
968 1533 1249 1608 ἐπισκόπῳ
1304 1535 1394 1592 καὶ
1451 1541 1530 1609 τῷ
1587 1532 1959 1614 πρεσϐυτερῖῳ

303 1626 694 1702 ἀπερισπάστῳ
734 1621 961 1696 διανοίᾳ,
1017 1621 1111 1680 ἕνα
1163 1623 1324 1700 ἄρτον
1371 1624 1628 1697 κλῶντες,
1691 1627 1749 1689 ὅς
1817 1628 1958 1683 ἐστιν

304 1719 594 1796 φάρμακον
648 1713 953 1783 ἀθανασίας,
1004 1711 1287 1777 ἀντέδοτος
1348 1719 1444 1771 τοῦ
1507 1717 1582 1788 μὴ
1645 1715 1952 1789 ἀποθανεῖν,

302 1804 448 1862 ἀλλά
483 1808 580 1878 ζῇν
604 1804 654 1860 ἰν
692 1807 871 1874 Ἰησοῦ
896 1808 1115 1878 χριστῷ
1161 1802 1249 1859 διὰ
1275 1805 1491 1867 παντός.

2083 737 2304 791 tionem
2329 739 2668 789 vestramct
2698 733 2970 786 voluntas
3001 730 3095 795 sit,
3124 729 3183 783 in
3216 726 3476 782 secundo
3503 724 3727 791 libello,

2079 843 2255 898 quem
2290 825 2616 895 scripturus
2648 839 2778 876 sum
2812 821 2990 880 vobis.
3018 817 3330 872 declarabo
3357 816 3724 885 vobisquam

2079 915 2455 985 incmperam.
2491 911 2905 966 formationem
2938 909 2998 962 in
3030 922 3244 961 novum
3294 904 3597 958 hominem
3626 902 3722 956 Je«

2076 1021 2205 1059 sum
2239 1005 2669 1069 Christumper
2703 999 2876 1053 ﬁdem
2904 999 2964 1052 in
2997 1013 3128 1051 eum
3150 1002 3206 1049 et
3240 1010 3342 1063 per
3369 993 3553 1063 ipsius
3573 991 3720 1045 dile-

2075 1093 2352 1150 ctionem.
2392 1109 2495 1162 per
2520 1090 2854 1161 passionem
2890 1094 2946 1141 et
2969 1085 3460 1140 resurrectionem
3493 1081 3718 1150 ipsius;

2074 1182 2349 1249 maxime,
2384 1181 2432 1234 si
2467 1179 2748 1234 Dominus
2781 1177 2923 1232 mihi
2950 1173 3314 1228 revelaverit.
3344 1168 3498 1240 quod
3523 1184 3621 1222 vos
3646 1167 3718 1222 ad

2072 1288 2256 1326 unum
2289 1286 2496 1326 omnes
2525 1265 2876 1324 nominatim
2913 1281 3016 1335 per
3043 1262 3290 1335 gratiam
3312 1257 3636 1313 convenitis
3658 1256 3720 1309 in

2071 1377 2190 1416 una
2222 1360 2335 1415 ﬁde
2374 1365 2429 1414 et
2487 1358 2545 1412 in
2586 1373 2705 1412 uno
2753 1356 2889 1411 Jesu
2937 1352 3165 1410 Christo
3212 1349 3355 1421 (qui.
3389 1346 3717 1402 secundum

2071 1466 2305 1506 carnem
2342 1467 2409 1504 ex
2441 1463 2655 1520 genere
2672 1443 3039 1510 David,filius
3057 1447 3146 1496 est
3175 1439 3435 1495 hominis
3466 1435 3720 1492 etFilius

2071 1539 2219 1610 Dei),
2252 1545 2316 1594 ut
2349 1537 2638 1593 obediatis
2668 1535 2947 1606 episcopo
3000 1537 3059 1586 et
3114 1527 3480 1602 presbyterio
3520 1529 3719 1580 mente

2068 1626 2384 1696 indivulsa,
2417 1625 2756 1696 frangentes
2804 1637 3019 1693 panem
3051 1634 3257 1684 unum,
3291 1615 3392 1687 qui
3443 1613 3723 1686 pharma-

2070 1736 2206 1774 cum
2234 1715 2698 1774 immortalitatis
2743 1719 2851 1779 est,
2885 1710 3240 1777 antidotum,
3265 1722 3338 1763 ne
3371 1704 3718 1771 moriamur,

1991 1811 2037 1875 Β
2071 1808 2171 1864 sed
2205 1808 2465 1863 vivamus
2495 1819 2733 1876 semper
2756 1803 2819 1858 in
2869 1803 3008 1857 Jesu
3039 1798 3290 1855 Christo.

1558 1942 1704 1997 XXI.
1737 1942 1900 1998 Orate
1921 1960 2031 2013 pro
2069 1960 2149 1998 me
2178 1949 2229 1998 et
2262 1941 2457 1997 valete.

324 2047 378 2065 ε..
389 2053 392 2056 .

373 2065 490 2135 (16)
518 2061 858 2136 ’Λντίψυχον
904 2062 1056 2134 ὑμῶν
1109 2061 1242 2138 ἐγὼ,
1301 2062 1391 2118 καὶ
1452 2066 1562 2137 (17)
1603 2063 1660 2120 δν
1690 2063 1965 2138 ἐπέμψατε

294 2151 372 2213 εἷς
405 2156 543 2207 Θεοῦ
573 2153 742 2223 τιμήν
777 2152 852 2212 εἰς
886 2152 1159 2225 Σμὸρναν,
1221 2155 1340 2207 ὅθεν
1400 2155 1492 2209 καὶ
1545 2156 1737 2232 γράφω
1799 2156 1959 2231 ὑμῖν,

291 2242 644 2316 εὐχαριστῶν
723 2245 804 2312 τῷ
883 2242 1085 2316 Κυρίῳ,
1162 2243 1388 2319 ἀγαπῶν
1447 2243 1810 2316 Πολύκαρπον
1883 2246 1958 2309 ὡς

297 2329 459 2403 ὑμᾶς.
495 2329 882 2401 Μνημονεύετέ
925 2350 1052 2401 μου,
1109 2329 1183 2392 ὡς
1212 2330 1301 2386 καὶ
1336 2331 1490 2404 ὑμῶν
1547 2334 1760 2403 Ἰησοῦς
1815 2335 1958 2408 Χρι-

301 2419 444 2480 στός.
482 2418 858 2492 Προσεύχεσθε
892 2419 1023 2494 ὑπὲρ
1056 2422 1153 2488 τῆς
1205 2421 1552 2491 Ἐκκλησῖας,
1608 2429 1708 2491 τῆς
1761 2423 1814 2477 ἐν
1849 2431 1952 2479 Συ-

299 2508 412 2584 ρίᾳ,
459 2507 582 2562 ὅθεν
641 2504 926 2580 δεδεμένος
977 2508 1053 2570 εἷς
1109 2510 1331 2581 Ῥώμην
1381 2511 1682 2585 ἀπάγομαι,
1724 2509 1953 2586 ἔσχατος

298 2596 372 2652 ὢν
403 2602 510 2652 τῶν
544 2597 655 2652 ἐκεῖ
685 2603 914 2661 πιστῶν,
947 2601 1060 2673 (18)
1114 2596 1298 2674 ὥσπερ
1355 2601 1598 2672 ἠξιώθην
1659 2601 1737 2662 sic;
1781 2604 1947 2672 τιμὴν

297 2691 430 2741 Θεοῦ
452 2687 752 2757 εὑρεθῆναι.
799 2685 1081 2762 ’Έρρωσθε
1112 2685 1164 2740 ἐν
1203 2692 1318 2759 Θεῷ
1363 2687 1530 2764 Πατρὶ
1564 2689 1652 2743 καὶ
1685 2689 1737 2743 ἐν
1767 2690 1948 2758 Ἰησοῦ

306 2777 540 2848 Χριστῷ,
571 2779 638 2848 τῇ
667 2779 823 2849 κοινῇ
856 2773 1042 2831 ἐλπίδι
1072 2778 1255 2848 ἡμῶν.

2145 2067 2417 2122 Vicissim
2440 2065 2870 2122 recreationem
2915 2059 3182 2118 habeatis
3205 2059 3267 2112 in
3295 2072 3391 2112 me
3423 2060 3482 2111 et
3532 2054 3594 2107 in
3621 2069 3711 2121 eo,

2074 2173 2249 2228 quem
2281 2157 2352 2211 ad
2380 2156 2672 2210 honorem
2707 2153 2803 2208 Dei
2836 2150 3081 2205 misistis
3113 2149 3444 2218 Smyrnam,
3468 2143 3624 2198 unde
3657 2148 3715 2195 et

2073 2246 2264 2301 scribo
2290 2245 2474 2309 vobis,
2507 2244 2724 2316 gratias
2753 2257 2935 2313 agens
2967 2237 3238 2300 Domino,
3263 2234 3515 2304 diligens
3547 2231 3712 2300 Poly-

2070 2351 2333 2406 carpum,
2368 2339 2432 2388 ut
2464 2339 2522 2387 et
2550 2349 2669 2387 vos.
2699 2326 3084 2386 Memineritis
3109 2325 3244 2389 mei,
3275 2323 3426 2376 sicut
3450 2326 3508 2375 et
3534 2320 3707 2375 vestri

2064 2427 2230 2481 Jesus
2261 2425 2547 2479 Christus.
2609 2422 2779 2477 Orate
2834 2435 2939 2490 pro
2978 2415 3261 2480 Ecclesia,
3320 2429 3450 2483 quaa
3505 2416 3593 2466 est
3647 2409 3708 2464 in

2065 2515 2249 2585 Syria,
2285 2513 2440 2567 unde
2473 2513 2703 2567 vinctus
2734 2512 2980 2565 Romam
3023 2505 3302 2568 abducor,
3357 2501 3711 2557 novissimus

2063 2603 2328 2658 ﬁdelium
2351 2618 2577 2666 eorum,
2614 2600 2713 2669 qui
2746 2599 2826 2652 ibi
2860 2602 3017 2663 sunt,
3051 2611 3185 2650 cum
3227 2594 3440 2666 dignus
3470 2592 3581 2646 sim
3613 2591 3711 2646 ha-

2060 2692 2219 2747 bitus
2250 2690 2501 2745 inveniri
2525 2689 2597 2744 ad
2619 2690 2903 2744 honorem
2938 2685 3060 2741 Dei.
3097 2683 3295 2738 Valete
3317 2683 3376 2736 in
3397 2683 3513 2737 Deo
3544 2681 3712 2735 Patre

1984 2755 2027 2821 (ἶ
2068 2786 2126 2836 et
2155 2782 2216 2836 in
2236 2782 2372 2836 Jesu
2404 2779 2656 2843 Christo,
2681 2775 2982 2833 communi
3007 2791 3108 2846 spe
3135 2778 3355 2829 nostra.

1763 2909 1923 2964 Vetus
1952 2911 2239 2980 interpres.

1800 3038 2029 3095 CAPUT
2058 3038 2173 3095 XX.

376 3152 430 3206 Si
463 3169 558 3225 me
590 3152 893 3225 digniﬂcet
913 3154 1080 3225 Jesus
1110 3151 1376 3225 Christus
1406 3153 1465 3207 in
1497 3154 1762 3209 oratione
1798 3161 2010 3223 vestra,
2044 3161 2102 3211 et
2129 3158 2398 3212 voluntas
2429 3158 2506 3212 sit
2537 3157 2634 3222 ;in
2688 3152 2948 3210 secundo
3006 3149 3204 3225 libello
3235 3165 3351 3225 que
3379 3150 3710 3225 scripturus

298 3241 428 3306 sum
461 3219 1267 3307 vonbisfmanifestabqvobis
1297 3240 1474 3306 quam
1507 3225 1844 3307 inceperam
1876 3219 2383 3307 dispensationem
2415 3231 2474 3284 in
2501 3219 2716 3284 novum
2741 3226 3044 3307 hominem
3073 3223 3270 3304 JE-sum
3295 3219 3615 3307 Christum,
3646 3223 3708 3304 in

298 3295 486 3369 ipsius
518 3295 633 3350 fide
666 3303 724 3369 et
745 3297 805 3350 in
828 3296 1013 3369 ipsius
1041 3293 1380 3369 dilectione.
1413 3296 1476 3350 in
1507 3293 1781 3367 passione
1813 3293 1997 3369 ipsius
2030 3306 2086 3356 et
2111 3302 2564 3367 resurrectione,
2597 3297 2926 3355 maxime.si
2949 3293 3659 3369 Dominusreveletmihi
3686 3313 3700 3358 ;

295 3362 581 3438 quoniam
613 3368 713 3436 qui
749 3362 1078 3422 secundum
1108 3367 1293 3424 virum
1317 3362 1716 3422 comm—uniter
1737 3362 1946 3426 omnes
1977 3372 2038 3426 in
2068 3374 2256 3433 gratia
2286 3389 2358 3428 ex
2391 3362 2634 3426 nomine
2668 3367 2994 3425 convenitis
3024 3367 3084 3420 in
3115 3380 3235 3420 una
3257 3362 3458 3431 lide,et
3486 3365 3546 3419 in
3566 3366 3701 3438 Jesu

291 3437 526 3494 Christo
553 3439 900 3509 (secundum
935 3455 1176 3494 carnem
1208 3455 1278 3494 ex
1296 3455 1511 3507 genere
1544 3439 1739 3506 David,
1776 3441 1894 3496 filio
1927 3443 2184 3498 hominis
2216 3451 2276 3500 et
2303 3445 2449 3498 Filio
2482 3441 2921 3509 Deiﬁnobedire
2952 3455 3049 3492 vos
3075 3438 3442 3509 episcopqet
3463 3437 3701 3509 presby-

289 3510 447 3588 terio
476 3508 838 3588 indiscerpta
869 3515 1068 3588 mente
1103 3526 1120 3588 ξ
1149 3527 1332 3588 unum
1365 3511 1968 3588 panemfrangentes,
1992 3516 2150 3586 quod
2181 3522 2272 3572 est
2298 3506 2686 3588 pharmacum
2708 3506 3191 3576 immortalitatis,
3218 3506 3546 3564 antidotum
3571 3506 3702 3579 ejus

289 3581 452 3653 quod
479 3587 568 3636 est
596 3598 716 3636 non
741 3581 911 3650 mori,
944 3581 1048 3638 sed
1074 3581 1263 3638 vivere
1287 3583 1350 3637 in
1370 3581 1517 3638 ’Jesu
1547 3581 1778 3639 Christo
1813 3581 2068 3658 semper.

1802 3729 2027 3785 CAPUT
2055 3728 2195 3786 XXI.

370 3839 686 3914 Unanimiﬁs
715 3839 1021 3914 vobiscum
1038 3857 1180 3914 ego,
1215 3848 1272 3897 et

1319 3859 1497 3916 quem
1548 3843 1795 3899 misistis
1827 3844 1888 3900 in
1929 3845 2029 3899 Dei
2082 3845 2369 3900 honorem
2405 3843 2464 3900 in
2491 3845 2798 3916 Smyrnam
2827 3861 2839 3911 ;
2873 3844 3028 3899 unde
3056 3843 3346 3916 etiscribo
3375 3842 3540 3916 vobis
3583 3859 3712 3913 gra-
3791 3872 3798 3876 -

298 3913 620 3985 tias_ag_ens
645 3912 915 3985 Domino,
946 3911 1616 3985 diligensAPolycarpum
1650 3921 1714 3969 ut
1735 3920 1792 3970 et
1823 3931 1942 3970 vos.
1978 3917 2331 3971 Mementote
2377 3917 2515 3981 mei,
2549 3911 2614 3970 ut
2643 3916 2817 3971 vestri
2855 3917 3024 3970 Jesus
3080 3915 3368 3970 Christus.
3403 3911 3712 3984 Oratepro

295 3981 562 4058 Ecclesia
593 3999 723 4058 qua)
757 3983 817 4037 in
846 3983 1023 4058 Syria
1046 3981 1251 4049 {unde
1283 3981 1498 4058 ligatus
1531 3986 1590 4040 in
1626 3989 1869 4043 Romam
1901 3986 2489 4055 abducor,extremus
2511 3988 2806 4043 exsistens
2825 4003 3028 4042 eorum
3062 3987 3163 4056 qui
3186 3981 3710 4058 ibidemﬁdelium;

297 4053 806 4128 quemadmodum
830 4054 1206 4128 digniflcatus
1240 4053 1369 4113 sum
1404 4057 1464 4112 in
1490 4058 1777 4115 honorem
1811 4058 1911 4114 Dei
1943 4053 2221 4115 inveniri.
2250 4058 2445 4114 Valete
2477 4059 2538 4114 in
2562 4059 2682 4114 Deo
2713 4061 2909 4124 Patre,
2935 4065 2994 4114 et
3024 4053 3248 4114 in'Jesu
3306 4057 3536 4112 Christo
3554 4072 3716 4112 com-

294 4126 468 4181 muni
500 4142 602 4197 spe
636 4133 858 4182 nostra.

558 4533 1501 4632 MAI‘NHEIEYEIN
1582 4514 1718 4587 (ίθλ

298 4676 583 4751 Ἰγνάτιος,
672 4679 700 4732 ὁ
774 4678 866 4734 καὶ
926 4679 1222 4758 Θεοφόρος,
1319 4684 1388 4754 τῇ
1474 4680 1823 4758 εὐλογημένη
1899 4683 1950 4739 ἐν

371 4765 561 4841 χάριτι
644 4772 777 4822 Θεοῦ
865 4770 1094 4843 Πατρός,
1179 4769 1234 4824 ἐν
1321 4772 1502 4841 Ἰησοῦ
1583 4773 1804 4844 Χριστῷ
1874 4779 1953 4844 τῷ

375 4861 596 4929 Σωτῆρι
665 4859 853 4928 ἡμῶν,
912 4858 966 4912 ἐν
1025 4854 1412 4932 ᾦάσπάζομαι
1469 4862 1570 4929 τὴν
1624 4858 1951 4932 Ἐκκλησίαν

503 5001 684 5084 Capp.
719 5006 788 5058 20
819 5009 967 5084 et?!
997 5006 1154 5079 apud
1186 5006 1547 5084 Syrumnon
1571 5015 1823 5084 exstant.

321 5074 484 5151 “UB;
512 5073 1322 5151 Scribam_vobis._quomodo
1354 5079 1620 5134 Christus
1673 5082 1955 5150 spiritua-

291 5139 430 5224 liter
459 5143 749 5224 formetur
778 5147 839 5224 i_n
872 5139 1079 5224 nobis;
1100 5149 1230 5204 Alia
1267 5156 1472 5224 monet
1503 5139 1808 5224 Smithi‘us.
1844 5169 1954 5224 pu-

297 5216 446 5274 tans,
482 5215 770 5296 lgnatium
797 5218 858 5296 in
878 5221 1183 5296 promissa
1207 5221 1469 5296 secunda
1491 5223 1742 5296 epistola
1765 5215 1950 5278 de'ln-

295 5288 639 5408 siinatione
677 5288 939 5360 Christi]
975 5322 1041 5332 —
1073 5291 1144 5345 de
1171 5307 1320 5346 novo
1353 5288 1616 5363 homine)
1649 5294 1950 5366 disputare

396 5373 574 5408 uisse.

297 5370 574 5411 γοιιιιδεθ.

363 5428 472 5510 (lt)
508 5428 771 5510 Scribam
803 5431 988 5510 vobis.
1010 5434 1353 5510 _praasertim
1415 5435 1484 5499 si,
1519 5437 1641 5510 Deo
1693 5437 1947 5510 favente.

292 5502 549 5581 nuntius.
565 5502 704 5556 mihi
737 5502 1070 5581 contigerit.
1092 5522 1191 5581 vos
1221 5521 1596 5581 perseverare
1627 5506 1688 5581 in
1721 5509 1946 5566 unitate

291 5583 424 5652 cum
457 5575 902 5652 episcopo._Alii
931 5581 1010 5652 te.
1039 5575 1432 5652 g.Wocherus
1455 5579 1516 5633 in
1539 5579 1809 5652 versione
1827 5582 1946 5652 epi-

293 5639 579 5725 stolarum
650 5639 706 5697 S.
761 5646 966 5725 Ignatii
1017 5639 1378 5725 germania-'1)
1438 5657 1572 5721 post
1612 5639 1939 5725 ἀποκαλύῖξνῃ

293 5718 581 5782 punctum
592 5722 841 5788 ponunt,
859 5724 916 5775 et
943 5721 1232 5795 apodosin
1262 5718 1455 5792 adlitc;
1485 5727 1622 5794 etc.,
1655 5722 1822 5782 initio
1843 5718 1942 5782 σει.

2412 4515 2574 4608 AD
2645 4515 3364 4611 MAGNESIOS

2066 4658 2338 4728 Ignatius,
2397 4661 2495 4728 qui
2524 4665 2576 4713 et
2602 4659 2968 4730 Theophorus,
2992 4660 3283 4716 benedicta
3307 4663 3368 4716 in
3399 4665 3582 4734 gratia
3618 4663 3717 4718 Dei

2136 4748 2319 4802 Patris
2349 4750 2404 4801 in
2461 4749 2588 4802 Jesu
2639 4748 2853 4803 Christo
2900 4749 3185 4804 Saluatore
3237 4758 3443 4820 nostro,
3493 4755 3550 4806 in
3608 4766 3715 4822 quo

2134 4839 2316 4894 saluto
2363 4839 2683 4905 Ecclesium,
2742 4855 2867 4909 quae
2909 4842 3200 4910 Magnesiae
3252 4847 3329 4896 est
3384 4842 3458 4896 ad
3517 4844 3719 4896 Maean-

2066 4999 2205 5070 pitis
2235 4998 2540 5071 sequentis
2571 5005 2844 5070 quaerunt
2874 5031 2944 5072 -:
2978 5024 2998 5049 ι
3054 5002 3194 5072 quia
3232 5016 3334 5054 vos
3365 4999 3515 5056 uniti
3547 5000 3710 5067 estis,

2067 5075 2125 5123 et
2155 5087 2223 5126 ea
2254 5087 2316 5126 re
2349 5087 2441 5126 me
2473 5071 2772 5139 recreatis,
2793 5101 2860 5110 --
2892 5071 3024 5127 ideo
3058 5071 3117 5127 et
3145 5088 3251 5139 ego
3270 5087 3369 5125 vos
3383 5086 3708 5125 recreem.»

2155 5088 2223 5126 ea
2254 5088 2316 5126 re
2349 5088 2441 5126 me
2473 5088 2772 5139 recreans,
2793 5101 2860 5110 —-
2892 5088 3024 5127 meo
3058 5088 3117 5127 et
3145 5089 3176 5127 e
3219 5088 3369 5125 ovos
3383 5088 3708 5125 recreem.»

2136 5143 2250 5213 (15)
2274 5145 2315 5198 l.
2349 5159 2400 5198 e.
2428 5159 2611 5197 omnes
2639 5142 2868 5212 singuli,
2901 5149 2968 5198 ut
2996 5088 3324 5214 ad.Pofyc.,
3355 5158 3407 5198 c.
3460 5144 3514 5208 4,
3549 5147 3608 5196 et
3636 5143 3711 5197 ad

2064 5213 2297 5283 Smyrn.
2321 5230 2372 5269 c.
2418 5217 2502 5269 13.

2132 5288 2246 5353 (16)
2277 5285 2389 5339 Cfr.
2425 5285 2496 5339 ad
2530 5286 2760 5356 Smyrn.
2802 5301 2851 5340 c.
2892 5287 2990 5349 1ος
3025 5285 3100 5340 ad
3142 5283 3336 5356 Polyc.
3362 5299 3418 5356 ρ.
3476 5286 3510 5356 _2
3540 5289 3599 5337 et
3653 5285 3705 5337 6.

2059 5361 2174 5485 {Ego
2199 5358 2457 5422 vicissim,
2480 5354 2734 5423 recreem,
2764 5358 3002 5427 reﬁciam
3043 5373 3150 5412 vos.
3185 5355 3299 5412 Cfr.
3334 5354 3708 5424 Wocherum,

2087 5471 2099 5484 .
2125 5447 2174 5484 c.

2087 5447 2174 5484 .C.

2127 5504 2238 5571 (17)
2272 5503 2331 5556 F.
2358 5500 2430 5552 ὧν
2460 5499 2551 5554 vel
2572 5498 2684 5558 οὕς.
2719 5501 2847 5556 Cor.

2157 5566 2241 5647 18)
2264 5574 2576 5647 Conjunge
2595 5573 2722 5647 haec
2743 5589 2877 5628 cum
2899 5566 3204 5647 δεδεμένος.

2155 5644 2240 5713 19)
2274 5647 2457 5715 Hujus
2489 5645 2753 5716 epistolae
2811 5645 3000 5698 versio
3049 5644 3286 5716 Syriaca
3314 5645 3660 5716 nongexstat
3689 5655 3703 5706 ;

2053 5714 2374 5779 citationes
2389 5714 2588 5775 autem
2619 5716 2938 5774 nonnullas
2958 5730 3032 5773 ex
3050 5714 3328 5788 operibus
3349 5714 3708 5787 scriptorum
