4080 6134
312 411 433 473 663

1298 402 1578 468 SANCTI
1622 401 1929 464 IGNATII
1976 395 2382 459 EPISTOLi‘E
2421 390 2829 457 GENUINAS.

3615 384 3735 446 664

390 548 574 617 drum,
606 552 838 619 optoque
891 546 951 599 in
1011 545 1122 600 Deo
1184 548 1347 599 Patre
1403 547 1455 596 et
1485 541 1544 595 in
1590 540 1718 595 Iesu
1749 535 1967 593 Christo
1997 536 2022 603 Α

2150 530 2251 598 τήν
2313 526 2473 583 οὖσαν
2524 526 2575 580 ἐν
2632 523 2923 602 Μαγνησίᾳ
2975 525 3043 596 τῇ
3100 521 3238 595 πρὸς
3276 516 3591 596 Μαιάνδρῳ,
3644 517 3740 573 καὶ

381 638 687 709 plurimam
715 636 971 691 salutem.

2151 619 2388 695 εὔχομαι
2447 617 2498 672 ἐν
2551 621 2670 689 Θεῷ
2726 618 2895 689 Πατρὶ
2979 614 3068 669 καὶ
3122 610 3173 668 ἒν
3236 614 3421 683 Ἰησοῦ
3496 613 3735 687 Χριστῷ

2154 709 2385 765 πλεῖστα
2415 708 2647 783 χαίρειν.

1562 842 1609 897 Ι.
1641 838 1817 894 Causa
1859 833 2103 905 epistolae
2132 839 2187 888 et
2208 835 2312 903 pia
2338 838 2488 888 vota.

392 975 539 1033 Cum
569 975 922 1032 cbaritatem
952 978 1207 1029 vestram
1244 970 1580 1043 religiosam
1608 965 1868 1039 perbene
1888 980 1977 1017 or-

324 1063 588 1120 dinatam
623 1061 1051 1135 cognovissem,
1082 1058 1387 1114 exsultans
1418 1074 1521 1112 vos
1579 1056 1641 1110 in
1702 1054 1815 1109 fide
1845 1055 1981 1108 Jesu

325 1149 540 1204 Christi
574 1148 798 1219 alloqui
830 1146 1086 1202 decrevi.
1113 1146 1366 1201 Ornatus
1398 1144 1559 1199 enim
1590 1140 1984 1197 honorificen-

324 1239 559 1294 tissime
582 1237 824 1294 nomine
855 1236 980 1300 Dei,
1016 1235 1077 1290 in
1110 1234 1381 1299 vinculis,
1415 1249 1546 1304 quas
1604 1231 1979 1299 circumfero,

322 1327 501 1384 laudo
533 1325 1070 1397 Ecclesias,quibus
1100 1325 1385 1380 unionem
1406 1328 1543 1394 opto
1568 1338 1703 1377 cum
1728 1336 1905 1376 carne
1927 1324 1985 1373 et

322 1417 536 1490 spiritu
563 1418 697 1472 Jesu
728 1414 1075 1485 Christiqui
1108 1415 1471 1486 sempiterna
1501 1417 1591 1468 est
1624 1411 1741 1465 vita
1758 1415 1980 1476 nostra,

322 1511 383 1563 et
402 1505 688 1562 unionem
719 1505 785 1559 in
817 1504 934 1560 fide
964 1510 1024 1559 et
1043 1502 1451 1571 charitate,cui
1485 1501 1637 1556 nihil
1659 1500 1979 1572 praeferen-

326 1595 468 1650 dum
494 1611 508 1660 ;
542 1593 798 1649 maxime
827 1609 961 1647 vero
989 1592 1273 1647 unionem
1306 1607 1439 1646 cum
1460 1591 1597 1645 Jesu
1627 1596 1686 1644 et
1708 1591 1899 1655 Patre,
1921 1589 1983 1643 in

327 1700 467 1756 quo,
491 1698 729 1738 omnem
753 1681 1039 1755 principis
1053 1682 1230 1751 hujus
1255 1680 1454 1736 saeculi
1482 1679 1594 1735 vim
1618 1679 1982 1734 sustinentes

330 1778 388 1829 et
418 1771 756 1839 evadentes,
790 1770 909 1826 Deo
941 1770 1260 1843 potiemur.

2162 954 2328 1015 Γνοὺς
2365 955 2515 1027 ὑμῶν
2546 953 2608 1007 τὸ
2640 948 3051 1007 πολυεύτακτον
3094 956 3194 1017 τῆς
3250 949 3386 1005 κατὰ
3444 947 3572 1003 Θεὸν
3606 945 3744 1019 ἀγά-

2090 1066 2220 1115 πης,
2272 1041 2695 1121 ἀγαλλιώμενος
2745 1037 3093 1115 προειλόμην
3145 1042 3257 1111 (29)
3315 1038 3366 1093 ἐν
3426 1035 3603 1092 πίστει
3636 1036 3745 1104 ’l'q-

2092 1137 2187 1188 σοῦ
2246 1135 2482 1207 Χριστοῦ
2553 1127 2939 1205 προσλαλῆσαι
2999 1129 3145 1201 ὑμῖν.
3218 1126 3581 1197 Καταξιωϐεὶς
3640 1124 3745 1202 γὰρ

2093 1224 2206 1295 (21)
2292 1220 2559 1294 ὀνόματος
2621 1218 3107 1293 θεοπρεπιστάτου,
3182 1215 3234 1271 ἐν
3302 1218 3383 1279 οἷς
3466 1213 3745 1290 περιφὲρω

2092 1308 2313 1384 δεσμοῖς
2344 1308 2459 1382 ᾅδω
2487 1309 2583 1371 τὰς
2617 1307 2969 1378 Ἐκκλησῐας,
3019 1307 3069 1361 ἐν
3133 1308 3222 1367 αἶς
3277 1302 3465 1361 ἕνωσιν
3506 1302 3746 1381 εὔχομαι

2092 1400 2287 1477 σαρκὸς
2317 1397 2407 1454 καί
2457 1399 2765 1473 πνεύματος
2799 1399 2981 1468 Ἰησοῦ
3034 1400 3298 1471 Χριστοῦ,
3357 1399 3460 1451 τοῦ
3517 1391 3745 1449 διαπαν-

2090 1491 2183 1555 τὸς
2240 1492 2401 1562 ἡμῶν
2466 1494 2586 1562 ζῇν,
2638 1487 2875 1549 πίστεώς
2930 1507 2990 1541 τε
3037 1485 3128 1540 καὶ
3192 1485 3403 1560 ἀγάπης
3459 1484 3527 1553 ἦς
3591 1480 3749 1537 οὐδὲν

2092 1580 2473 1655 προκέκριται,
2532 1577 2596 1632 τὸ
2655 1575 2713 1631 δὲ
2768 1575 3098 1651 κυριώτερον
3152 1575 3332 1645 Ἰησοῦ
3370 1573 3461 1630 καὶ
3511 1572 3747 1647 Πατρός·

2093 1669 2143 1722 ἐν
2178 1668 2223 1742 ᾧ
2274 1668 2631 1740 ὑπομένοντες
2691 1668 2790 1736 τὴν
2849 1670 3021 1719 πᾶσαν
3081 1664 3334 1739 ἐπήρειαν
3389 1667 3487 1718 τοῦ
3544 1658 3748 1736 ἄρχον-

2013 1778 2062 1845 B
2093 1780 2187 1822 τος
2214 1762 2311 1813 τοῦ
2338 1756 2535 1821 αἰῶνος
2589 1754 2787 1811 τούτου
2843 1754 2933 1809 καὶ
2991 1751 3341 1835 διαφυγόντες
3372 1756 3506 1809 Θεοῦ
3556 1750 3747 1822 τευξό-

2098 1849 2252 1920 μεθα.

1640 1978 1708 2033 Il.
1746 1977 1966 2034 Gaudeo
1988 1977 2181 2047 legatis
2200 1973 2414 2030 vestris.

399 2105 543 2161 Cum
571 2105 769 2177 itaque
799 2104 1012 2177 dignus
1043 2105 1156 2160 sim
1207 2104 1465 2175 habitus,
1496 2105 1694 2160 videre
1727 2120 1827 2159 vos
1876 2120 1984 2177 per

329 2196 573 2251 Damam
598 2196 942 2267 episcopum
976 2201 1231 2251 vestrum
1258 2196 1376 2251 Deo
1398 2194 1667 2267 dignum,
1700 2202 1760 2251 et
1780 2212 1886 2268 per
1903 2195 1983 2250 di-

334 2301 482 2356 gnos
534 2283 910 2356 presbyteros
970 2284 1211 2338 Bessum
1246 2289 1305 2338 et
1335 2285 1740 2356 Apollonium,
1775 2291 1834 2340 et
1882 2302 1987 2356 per

328 2390 680 2430 conservum
701 2389 900 2429 meum
933 2373 1232 2428 Sotionem
1264 2373 1724 2446 diaconum,quo
1758 2374 1985 2429 utinam

331 2462 515 2525 fruar,
550 2462 688 2533 quia
720 2461 988 2517 subditus
1042 2467 1131 2517 est
1187 2463 1463 2535 episcopo
1512 2470 1578 2517 ut
1634 2463 1983 2536 benignitati

330 2550 455 2621 Dei,
480 2558 540 2607 et
568 2551 934 2625 presbyterio
965 2557 1032 2609 ut
1058 2552 1172 2625 legi
1202 2554 1338 2610 Jesu
1370 2553 1607 2609 Christi.

2169 2099 2283 2173 (22)
2315 2097 2464 2155 Ἐπεὶ
2498 2097 2590 2151 οῦν
2641 2096 2881 2166 ἠξιώθην
2940 2091 3072 2150 ἰδεῖν
3135 2094 3272 2168 ὑμᾶς
3324 2090 3413 2149 διὰ
3444 2095 3601 2168 Δάμα
3647 2099 3749 2150 τοῦ

2095 2188 2339 2260 ἀξιοθὲου
2390 2187 2545 2260 ῦμῶν
2604 2185 2923 2254 ἐπισκόπου,
2982 2184 3071 2239 καὶ
3125 2179 3505 2259 πρεσϐυτέρων
3577 2184 3745 2254 ἀξίων

2097 2278 2307 2332 Βάσσου
2362 2275 2450 2329 καὶ
2510 2271 2907 2343 Ἀπολλωνίου,
2976 2273 3065 2327 καὶ
3125 2277 3221 2327 τοῦ
3280 2271 3581 2328 συνδούλου
3639 2292 3748 2346 μου

2095 2360 2349 2418 διακόνου
2390 2363 2694 2432 Σωτίωνος,
2728 2363 2790 2417 οὗ
2835 2361 2945 2437 ἐγὼ
3002 2366 3113 2435 (23)
3145 2361 3400 2437 ὀναίμην,
3451 2363 3537 2417 ὅτι
3607 2362 3743 2416 ὑπο-

2094 2454 2343 2508 τάσσεται
2401 2458 2481 2524 τῷ
2540 2451 2821 2524 ἐπισκὸπῳ
2877 2453 2951 2514 ὡς
3009 2454 3119 2526 (24)
3194 2452 3384 2531 χάριτι
3441 2453 3600 2518 Θεοῦ,
3654 2449 3747 2503 καὶ

2091 2546 2170 2614 τῷ
2250 2535 2623 2617 πρεσϐυτερίῳ
2708 2539 2784 2603 ὡς
2888 2544 2999 2612 (25)
3081 2543 3238 2614 νόμῳ
3322 2540 3506 2610 Ἰησοῦ
3600 2541 3745 2611 Χρι-

2093 2635 2221 2685 me
2251 2635 2384 2706 (26).

1396 2752 1490 2809 ΠΙ.
1531 2755 1815 2812 Honorate
1843 2757 2149 2829 juvenitem
2178 2761 2493 2830 episcopum
2519 2764 2781 2813 vestrum.

408 2878 517 2934 Sed
552 2881 726 2935 etvos
755 2877 943 2948 decet,
971 2894 1095 2935 non
1149 2878 1502 2937 familiarius
1541 2881 1627 2937 uti
1659 2887 1831 2940 atate
1860 2886 1984 2959 epi-
2027 2887 2071 2954 ι’]

2172 2884 2275 2940 Καὶ
2315 2884 2443 2956 ὑμῖν
2478 2880 2537 2937 δὲ
2573 2882 2767 2958 πρέπει
2820 2884 2897 2956 μὴ
2964 2886 3076 2957 (27)
3122 2883 3461 2959 ωγχρᾶσθαι
3517 2883 3586 2955 τῇ
3617 2878 3749 2949 ἡλιο

1831 3003 1995 3059 Vetus
2024 3004 2316 3076 interpres.

327 3116 596 3188 Ignatius,
620 3117 718 3187 qui
746 3121 799 3170 et
830 3113 1197 3188 Theophorus,
1233 3115 1529 3173 benedicta
1558 3120 1617 3173 in
1654 3121 1842 3188 gratia
1872 3120 1968 3174 Dei
1995 3119 2182 3174 Patris
2214 3122 2272 3174 in
2302 3120 2518 3175 Christo
2573 3120 2703 3173 Iesu
2743 3117 3033 3173 Saluatore
3064 3124 3248 3173 nostra
3282 3134 3295 3184 ;
3324 3121 3384 3173 in
3414 3136 3522 3188 quo
3551 3121 3736 3176 saluto

402 3184 698 3263 Ecclesium
727 3187 1071 3263 epsistentem
1102 3184 1163 3241 in
1187 3189 1489 3258 Magnesia,
1522 3205 1585 3244 ea
1614 3184 1736 3261 qua
1755 3191 1929 3261 juxta
1958 3191 2324 3259 Mwandrum,
2355 3196 2406 3245 et
2438 3204 2533 3244 oro
2573 3192 2635 3245 in
2664 3189 2773 3244 Deo
2808 3189 2968 3245 Patre
2993 3196 3045 3245 et
3077 3191 3133 3244 in
3174 3192 3302 3245 Jesu
3361 3184 3579 3247 C/iristo
3601 3193 3747 3263 plu-

403 3257 607 3313 rimum
627 3260 885 3328 gaudere.

1889 3360 2119 3417 CAPUT
2148 3361 2192 3417 Ι.

409 3464 782 3545 Cognqscens
815 3463 1522 3545 vestrarumulti-bonam
1543 3465 1994 3545 prdinationem
2028 3468 2155 3545 ejus
2188 3485 2318 3545 quas
2348 3466 2675 3545 sec_undu_m
2713 3467 3547 3545 Deum.charitatis,_exsulans
3569 3485 3758 3545 prfue-

342 3535 455 3610 legi
488 3534 696 3610 infide
723 3534 1097 3610 Jesu_Ch_ris_ti
1132 3535 1349 3610 alloqui
1382 3554 1501 3610 vos.
1542 3537 1923 3610 Digniflcatus
1956 3534 2115 3594 enim
2149 3534 2389 3595 nomine
2439 3538 3034 3604 Deo-decentissime,
3070 3539 3128 3610 in
3160 3538 3376 3607 quibus
3399 3534 3751 3593 circumfero

342 3606 615 3682 vinculis,
649 3613 822 3682 canto
846 3606 1155 3682 _Ecc_lesi_as.
1192 3607 1259 3682 in
1310 3608 1525 3682 quibus
1555 3606 1839 3665 unionem
1899 3627 2001 3664 oro
2044 3611 2238 3666 carnis
2271 3619 2328 3665 et
2358 3611 2601 3682 spiritus
2623 3613 2758 3666 Jesu
2791 3610 3025 3682 Christi,
3058 3609 3132 3663 ad
3165 3606 3274 3662 nos
3306 3624 3540 3682 semper
3560 3610 3752 3663 vivere

342 3678 479 3733 fidei
511 3677 691 3748 (quod
722 3684 781 3731 et
810 3676 1136 3754 charitatis,
1169 3678 1263 3731 cui
1281 3678 1444 3754 nihil
1475 3685 1827 3751 praefertur),
1857 3682 2242 3754 principalius
2260 3676 2611 3738 aute'mJesu
2643 3690 2700 3737 et
2721 3682 2933 3748 Patris,
2966 3676 3026 3735 in
3046 3696 3162 3750 quo
3195 3676 3554 3733 sustinentes
3573 3696 3750 3734 omne

343 3756 772 3806 nocumentum
796 3748 1085 3820 principis
1116 3749 1318 3804 saeculi
1342 3748 1523 3821 hujus
1556 3759 1615 3807 et
1654 3748 2078 3825 perl'uglentes',
2112 3756 2227 3808 Deo
2262 3754 2539 3825 petimur.

1874 3868 2104 3924 CAPUT
2148 3867 2219 3924 ll.

411 3984 560 4048 Quia
579 3982 758 4055 igitur
789 3980 1165 4055 dignificatus
1189 3996 1320 4036 sum
1350 3981 1548 4037 videre
1571 3999 1671 4037 vos
1700 4000 1807 4054 per
1836 3985 2018 4039 Dama
2050 3982 2290 4054 (lignum
2323 3985 2443 4055 Deo
2472 3988 2734 4038 vestrum
2766 3983 3133 4055 episcopum,
3176 3987 3236 4036 et
3266 3980 3643 4055 presbyteros
3669 3979 3762 4055 di-

341 4072 487 4128 gnos
515 4051 758 4110 Bassum
783 4051 1339 4124 etApollonium.et
1367 4051 1718 4109 conservum
1751 4072 1951 4110 meum
1981 4051 2297 4110 diaconum
2330 4054 2654 4117 Sotionem,
2730 4051 2941 4126 udego
2973 4051 3145 4109 fruar
3176 4069 3190 4119 ;
3224 4051 3510 4124 quoniam
3557 4051 3761 4121 subje—

345 4133 473 4181 ctus
506 4132 595 4181 est
618 4126 894 4182 episcono
922 4132 988 4180 ut
1017 4125 1219 4182 aratiaa
1246 4124 1369 4182 Dei.
1396 4131 1455 4180 et
1484 4126 1848 4182 nresbvterio
1883 4133 1947 4181 ut
1992 4125 2105 4182 leui
2151 4127 2284 4181 Jesu
2344 4125 2580 4181 Christi.
2637 4072 2996 4182 [ﬁtioriﬁcato
3032 4128 3216 4181 Deum
3257 4126 3489 4179 Patrem
3521 4123 3753 4179 Domini

345 4124 473 4181 ctus
506 4132 595 4199 est
618 4126 894 4199 episcopo
922 4132 988 4180 ut
1017 4125 1219 4197 gratias
1246 4124 1369 4192 Dei,
1396 4131 1455 4180 et
1484 4126 1848 4197 presbyterio
1883 4133 1947 4181 ut
1992 4125 2105 4198 legi
2128 4127 2284 4197 plesu
2344 4125 2580 4181 Christi.
2637 4127 2656 4199 [

343 4199 480 4254 Jesu
511 4192 771 4270 Christi]
822 4192 837 4195 ”

348 4341 720 4464 ggrilpporum
779 4339 1077 4411 congessit
1126 4338 1276 4394 Guil.
1339 4341 1612 4395 Cureton.
1674 4340 1717 4394 Ῑ.
1781 4357 1829 4394 c.
1891 4358 1989 4411 pp.

421 4456 621 4547 ἶ2ὂ)Ἰ.
681 4499 733 4536 e.
788 4481 987 4536 animo
1039 4479 1156 4536 fide
1213 4480 1549 4537 Christiana
1604 4483 1802 4555 pleno.
1861 4484 1998 4539 Wo-

356 4569 513 4609 CHEB.

423 4624 609 4698 (21)]ἶ
642 4640 692 4678 e.
728 4619 823 4698 τοῦ
873 4618 1168 4698 Θεοςόρου.
1204 4624 1373 4694 quasi
1422 4623 1582 4680 dicat
1612 4642 1625 4679 :
1690 4624 1998 4696 Ὀνόματος

352 4690 564 4753 Θεὸῦξδ
595 4691 733 4765 ἐστιν
764 4690 1211 4765 εὖπρεπξστατον.

423 4769 531 4838 (22)
560 4764 848 4839 Apodosis
870 4763 1064 4839 hujus
1111 4763 1622 4839 capitissequitur
1651 4783 1701 4821 c.
1741 4768 1844 4833 Vl;
1879 4785 1996 4839 quo

355 4835 443 4909 fit,
474 4845 540 4895 ut
570 4835 625 4895 cI
657 4838 749 4895 Ill.
776 4835 847 4891 ιν
870 4842 929 4891 et
952 4837 993 4888 V
1016 4835 1697 4910 parenth-sinimagnam
1729 4855 1858 4894 esse
1892 4835 1995 4910 pu-

353 4918 463 4976 tes,
498 4910 634 4966 inde
664 4915 873 4965 ortam.
900 4908 1060 4980 quod
1090 4908 1292 4980 influe
1316 4924 1365 4963 c.
1392 4909 1439 4963 ll
1460 4909 1739 4979 lgnatius,
1762 4911 1835 4965 de
1858 4908 1999 4965 sub-

346 4984 610 5058 jectione
653 4980 887 5058 diaconi
920 4978 1203 5058 Sotionis
1260 4978 1999 5058 loqu_ens._simile__obse-

356 5050 559 5132 quium
592 5069 729 5123 erga
760 5052 1103 5132 episcopum
1134 5050 1208 5105 ab
1249 5050 1523 5106 omnibus
1552 5052 1863 5123 Magnesiis
1894 5069 2002 5123 po-

356 5127 576 5184 stulare
608 5127 1027 5195 properaverit.

426 5198 536 5269 (23)
567 5192 679 5252 (.‘fr.
713 5192 895 5267 lgnat.
920 5194 1003 5269 ad
1024 5192 1233 5264 Ephes.
1268 5210 1320 5248 c.
1346 5211 1404 5255 ιι.
1436 5198 1559 5249 not.

425 5264 536 5338 (24)
568 5269 588 5324 l
646 5284 697 5324 e.
732 5264 791 5323 ut
821 5284 939 5324 eam
970 5267 1069 5322 Dei
1117 5271 1380 5335 gratiam,
1426 5281 1546 5336 qua
1586 5264 1748 5321 illum
1778 5264 1998 5335 episco-

347 5356 483 5409 pum
513 5341 815 5396 constituit.

425 5414 539 5474 (25)
578 5411 617 5462 l.
653 5428 705 5466 e.
750 5415 810 5464 ut
837 5409 978 5464 illud
1003 5416 1342 5479 praeceptum
1380 5410 1607 5478 Christi,
1639 5424 1747 5480 quo
1769 5408 2006 5478 presby-

359 5484 464 5534 teri
495 5485 551 5535 in
579 5482 815 5537 Ecclesia
842 5485 1130 5535 ronstituti
1156 5488 1304 5536 sunt.

429 5553 543 5624 (26;
578 5554 655 5606 Ex
705 5569 797 5616 eo,
832 5552 988 5623 quod
1040 5552 1255 5624 primis,
1304 5552 1579 5607 Ecclesiae
1641 5550 2006 5624 temporibus

359 5623 605 5677 nomina
660 5624 941 5691 episcopus
998 5622 1058 5677 et
1111 5622 1393 5691 presbyter
1448 5622 1787 5679 communia
1835 5627 2006 5678 erant

359 5693 555 5766 primo
596 5699 654 5748 et
685 5693 947 5747 secundo
978 5693 1178 5749 ordini
1218 5691 1612 5763 sacerdotum,
1644 5694 1706 5751 in
1736 5693 2006 5767 epistolis

2023 4392 2073 4457 Α

2731 4123 2996 4181 oriﬁcato
3032 4128 3216 4181 Deum
3245 4123 3489 4179 Patrem
3521 4123 3753 4179 Domini

2118 4343 2317 4396 autem
2345 4340 2667 4412 Ignalianis
2699 4356 2935 4411 semper
2963 4341 3203 4410 episcOpi
3231 4338 3629 4412 appellantur,
3663 4340 3763 4410 qui

2112 4418 2253 4466 sunt
2279 4411 2617 4467 sacerdotes
2662 4412 2900 4476 summi,
2945 4411 3257 4481 presbyteri
3306 4427 3465 4471 vero.
3498 4411 3597 4480 qui
3629 4418 3771 4467 sunt
3806 4456 3815 4464 .

2106 4483 2369 4538 minores
2388 4484 3168 4553 sucerdotes,argumentum
3186 4481 3539 4553 palmarium
3557 4489 3765 4537 contra

2108 4570 2310 4608 earum
2339 4554 2721 4624 epistolarum
2753 4553 3059 4609 veritatem
3098 4558 3157 4608 et
3200 4553 3615 4623 antiquitatem
3647 4554 3756 4609 du-

2106 4641 2238 4697 cere
2272 4642 2332 4679 se
2359 4632 2607 4696 putant;
2636 4625 3132 4697 quodtamenrne
3175 4632 3604 4697 argumentum,
3626 4625 3760 4697 qui-

2106 4695 2263 4761 dem,
2295 4694 2426 4750 meo
2458 4712 2599 4751 sane
2628 4695 2879 4766 judicio,
2929 4694 3045 4750 dici
3098 4694 3380 4760 meretur,
3412 4695 3560 4750 adeo
3594 4695 3764 4750 infir-

2109 4783 2270 4822 mum
2304 4773 2395 4821 est
2415 4782 2484 4822 ac
2517 4766 2864 4821 invalidum.
2915 4768 3159 4821 Constat
3208 4767 3388 4829 enim,
3423 4766 3506 4831 id,
3539 4767 3610 4821 de
3643 4783 3760 4837 quo

2107 4838 2377 4895 dubitare
2410 4854 2517 4892 nos
2546 4854 2667 4893 non
2698 4838 2904 4892 sinunt
2924 4853 3105 4908 sacrm
3125 4838 3440 4908 Scriptum)
3479 4844 3537 4891 et
3566 4838 3756 4893 sancti

2108 4910 2330 4971 Patres,
2359 4909 2682 4978 apostolico
2708 4908 2920 4963 saeculo
2945 4907 3094 4963 duos
3119 4907 3413 4963 exstitisse
3446 4909 3762 4965 sacerdotii

2108 4979 2345 5053 gradus,
2404 4980 2773 5053 superiorem
2821 4986 2881 5033 et
2928 4979 3295 5053 inferiorem,
3346 4996 3411 5034 re
3453 4979 3759 5053 diversos,

2112 5051 2449 5122 quanquam
2508 5051 2747 5106 nomine
2800 5051 3125 5122 communi.
3184 5053 3390 5106 Nonne
3442 5052 3529 5106 fas
3558 5052 3672 5107 fuit
3703 5052 3761 5105 S.

2112 5121 2355 5195 lgnatio.
2389 5122 2461 5177 de
2494 5130 2749 5195 utroque
2774 5121 3103 5177 sacerdotio
3135 5122 3311 5179 simul
3339 5123 3499 5192 loqui
3524 5122 3761 5195 ?l\'emo

2112 5194 2370 5261 negabit,
2403 5196 2463 5247 ni
2496 5194 2687 5249 fallor.
2722 5194 2930 5259 Qumro
2967 5196 3115 5262 jam.
3150 5210 3409 5264 quonam
3444 5194 3617 5248 modo
3652 5195 3761 5249 hoc

2111 5266 2304 5321 facere
2335 5266 2611 5337 potuerit.
2641 5265 3009 5336 Appellasset
3038 5265 3269 5337 saltem
3290 5265 3607 5335 aliquando
3640 5266 3765 5336 pri-

2113 5355 2276 5393 mum
2322 5336 2595 5393 Ordinem
2640 5339 2998 5406 presbyteros,
3053 5336 3380 5391 secundum
3441 5339 3766 5405 episcopos?

2112 5410 2198 5465 Ita
2222 5409 2382 5479 loqui
2406 5415 2495 5465 est
2514 5408 2663 5463 citra
2683 5424 2859 5465 omne
2882 5424 3124 5478 prorsus
3146 5406 3762 5477 exemplum.Necesse

2114 5481 2292 5553 igitur
2338 5481 2563 5537 habuit.
2609 5483 2885 5553 episcopos
2914 5495 3122 5553 vocare
3171 5495 3491 5553 supremos
3532 5479 3766 5534 antisti-

2115 5549 2223 5608 tes.
2238 5553 2581 5623 presbyteros
2601 5551 2900 5607 antistites
2920 5549 3200 5621 subjectae
3222 5549 3526 5623 dignitatis
3543 5566 3766 5621 ;quem-

2114 5622 2431 5679 admodum
2464 5622 2619 5677 fecit.
2656 5624 2852 5677 Corn.

2188 5697 2293 5767 (27,
2327 5694 2368 5749 Ι.
2402 5710 2452 5750 e.
2483 5695 2630 5751 couti
2664 5723 2728 5734 —-
2758 5694 2940 5751 etiam
2969 5692 3044 5750 ad
3078 5708 3141 5751 se
3170 5692 3516 5764 pertrahere
3550 5689 3773 5757 ἐπισκιε
