4080 6134
348 368 470 432 665

1539 357 1926 420 EPISTULA
1966 361 2066 422 AD
2110 360 2590 425 MAGNESIUS.

3648 357 3769 420 666

346 500 441 572 κίᾳ
495 500 593 555 τοῦ
646 494 968 565 ἐπισκόπου,
1026 491 1174 550 ἀλλὰ
1232 493 1345 569 (28)
1400 492 1538 548 κατὰ
1602 489 1827 565 δύναμιν
1861 496 1996 548 Θεοῦ

2144 496 2300 568 copi,
2326 496 2432 553 sed
2463 500 2736 569 respectu
2755 494 3040 569 potentia
3062 492 3167 549 Dei
3186 491 3376 549 Patris
3394 508 3633 549 omnem
3655 492 3765 548 im-

349 589 564 664 Πατρὸς
644 590 818 641 πᾶσαν
904 583 1167 658 ἐντροπὴν
1249 581 1398 654 αὖτῷ
1461 581 1772 653 ἀπονέμειν,
1822 584 2002 645 καθὼς

348 674 513 755 ἔγνων
542 675 632 733 καὶ
679 674 809 738 τοὺς
866 672 1053 747 ἁγίους
1109 666 1528 748 πρεσϐυτέρους,
1588 672 1654 726 οὐ
1686 675 1795 746 (29)
1822 692 2007 747 προει-

354 767 605 840 ληφότας
684 766 786 835 τὴν
879 765 992 837 (30)
1056 760 1388 836 φαινομένην
1446 763 1774 837 νεωτερικὴν
1832 762 2004 834 τάξιν,

352 857 480 914 ἀλλ’
512 856 587 917 ὡς
618 852 919 932 φρονίμους
960 850 1015 908 ἐν
1075 856 1190 924 Θεῷ
1222 855 1643 930 συγχωροῦντας
1701 851 1867 922 αὐτῷ·
1902 851 2005 906 οὐκ

350 946 497 1017 αὐτῷ
527 944 609 1016 δὲ,
653 941 799 999 ἅλλὰ
854 947 936 1013 τῷ
992 942 1161 1016 Πατρὶ
1220 941 1404 1011 Ἰησοῦ
1464 942 1725 1017 Χριστοῦ,
1757 945 1838 1012 τῷ
1868 941 2007 995 πέν-

350 1057 457 1092 των
492 1033 796 1106 ἐπισκόπῳ.
833 1032 927 1093 Εἷς
957 1032 1126 1104 τιμήν
1178 1028 1273 1086 οῦν
1318 1028 1524 1085 ἑκείνοῦ
1554 1034 1650 1085 τοῦ
1681 1035 1795 1102 (31)
1828 1029 2004 1101 θελή-

355 1144 549 1188 σαντος
593 1125 776 1195 ἡμᾶς,
835 1120 1043 1195 πρὲπον
1102 1119 1245 1177 ἔστιν
1312 1118 1604 1176 ἐπακούειν
1661 1121 1797 1177 κατᾶ
1829 1119 2001 1195 μηδε-

361 1213 488 1287 μίαν
546 1212 854 1286 ὑπόκρισιν·
910 1207 1027 1265 ἐπεὶ
1088 1208 1196 1283 οὐχ
1251 1211 1366 1283 (32)
1424 1209 1508 1264 ὅτι
1562 1208 1656 1265 τὸν
1712 1208 2008 1266 ἐπίσκοπον

353 1306 550 1357 τοῦτον
576 1299 670 1356 τὸν
706 1296 1047 1375 βλεπόμενον
1083 1297 1265 1369 πλανᾷ
1290 1318 1397 1367 τις,
1430 1297 1577 1354 ἀλλᾶ
1625 1300 1718 1355 τὸν
1769 1299 2004 1374 ἀόρατον

354 1388 804 1467 παραλογίζεται.
861 1387 941 1446 Τὸ
994 1385 1052 1443 δὶ
1107 1391 1327 1443 τοιοῦτο
1387 1387 1449 1444 οὐ
1498 1389 1635 1465 πρὸς
1665 1391 1781 1463 (33)
1837 1388 2008 1464 σάρκα

357 1481 385 1536 ὁ
442 1478 612 1556 λόγος
645 1520 661 1548 ,
719 1476 866 1535 ἀλλὰ
918 1476 1057 1553 πρὸς
1120 1476 1247 1534 Θεὸν
1283 1519 1299 1546 ,

361 1566 513 1626 δότα.

1359 1477 1452 1533 τὸν
1535 1478 1603 1534 τὰ
1666 1478 1867 1556 κρύφια
1928 1479 2007 1534 εἰ-

2116 587 2323 658 pertiri
2354 587 2443 641 illi
2492 586 2910 652 reverentiam,
2961 582 3466 656 quemadmodum
3519 584 3765 654 cognovi

2113 683 2349 733 sanctos
2380 676 2574 733 facere
2596 675 2996 748 presbyteros,
3029 673 3130 746 qui
3153 690 3275 729 non
3300 679 3525 728 temere
3556 672 3769 743 dijudi-

2115 772 2259 821 cunt
2278 767 2658 838 conspicuam
2678 765 2842 820 illius
2872 762 3639 833 conditionemjuvenilem,
3665 761 3772 817 sed

2114 861 2181 911 ut
2200 854 2526 925 prudentes
2556 854 2619 910 in
2653 855 2769 909 Deo
2796 854 2849 908 ei
2880 853 3137 919 cedunt;
3171 868 3291 907 non
3321 851 3372 906 ei
3405 857 3627 907 autem.
3662 851 3771 907 sed

2114 945 2273 1000 Patri
2312 946 2449 1000 Jesu
2479 943 2713 1005 Christi.
2747 944 3008 998 omniuvn
3041 942 3343 1014 episcopo.
3380 942 3445 996 ln
3477 942 3770 996 honorem

2116 1034 2296 1105 igitur
2324 1034 2506 1100 illius,
2528 1033 2628 1105 qui
2658 1039 2821 1088 amat
2850 1049 2979 1097 nos,
3005 1031 3177 1087 decet
3205 1030 3452 1086 obedire
3485 1031 3614 1085 sine
3647 1030 3770 1084 ulla

2115 1126 2413 1199 hypocrisi
2439 1142 2453 1191 ;
2477 1126 2618 1197 quia
2639 1140 2758 1180 non
2788 1123 2983 1179 solum
3014 1121 3359 1194 episcopum
3386 1121 3546 1176 hunc
3572 1120 3769 1174 visibi-

2118 1217 2238 1273 lem
2265 1217 2401 1288 quis
2446 1215 2623 1283 fallit,
2653 1214 2757 1270 sed
2798 1212 3160 1269 invisibilem
3191 1210 3466 1282 decipere
3499 1216 3768 1265 conatur.

2115 1306 2249 1362 Tale
2271 1305 2503 1361 facinus
2535 1320 2655 1359 non
2713 1303 2788 1359 ad
2818 1316 3062 1358 carnem
3108 1299 3489 1357 referendum
3518 1305 3626 1368 est,
3669 1298 3773 1353 sed

2117 1394 2194 1452 ad
2224 1396 2433 1463 Deum,
2467 1393 2568 1465 qui
2598 1389 3301 1463 abscondita_cognoscit.

1464 1659 1556 1716 IV.
1590 1659 1733 1717 Male
1760 1661 2016 1717 nonnulli
2041 1663 2158 1718 sine
2197 1658 2450 1731 episcopo
2479 1663 2671 1727 agunt.

433 1782 644 1859 Πρέπον
702 1781 798 1837 οὗν
861 1780 1029 1849 ἰστιν,
1064 1783 1141 1854 μή
1202 1779 1366 1852 μόνον
1417 1780 1698 1839 καλεῖσθαι
1759 1790 2014 1860 Χριστια-

2196 1786 2376 1841 Decet
2397 1783 2619 1854 itaque.
2653 1796 2774 1835 non
2807 1778 2984 1835 modo
3025 1777 3219 1833 vocari
3252 1777 3640 1845 Christianos,
3673 1777 3776 1832 sed

358 1873 504 1943 νοῦς,
566 1870 714 1928 ἀλλὰ
770 1871 862 1927 καὶ
919 1871 1078 1926 εἶναι·
1145 1868 1329 1946 ὥσπερ
1385 1872 1475 1926 καί
1533 1894 1672 1935 τινες
1718 1873 2012 1930 ἐπισκοπον

371 1963 468 2036 μὶν
508 1963 617 2031 (34)
662 1955 945 2020 καλοῦσιν,
978 1959 1157 2038 χωρὶς
1213 1955 1272 2014 δὲ
1328 1958 1493 2015 αἰτοῦ
1547 1965 1716 2017 πάντα
1746 1963 2015 2037 πράσσον-

367 2075 469 2110 σιν.
515 2052 583 2109 Οἱ
637 2054 881 2106 τοιοῦτοι
922 2047 979 2105 δὶ
1009 2048 1107 2105 οὐκ
1146 2047 1514 2121 εΰσδνείδητοί
1574 2074 1667 2125 μοι
1720 2054 1857 2110 εἶναι
1890 2055 2013 2133 φαί-

364 2163 572 2209 νονται,
624 2137 714 2195 διὰ
772 2140 830 2194 τὸ
874 2141 948 2214 μὴ
1011 2142 1121 2215 (35)
1187 2134 1422 2214 βεϐαίως
1472 2143 1590 2197 κατ’
1646 2145 1759 2218 (36)
1790 2143 2014 2217 ἐντολὴν

364 2230 828 2306 συναθροίζεσθαι.

2123 1873 2304 1930 etiam
2335 1886 2505 1937 esse;
2558 1867 3063 1942 quemadmodum
3106 1866 3386 1921 nonnulli
3428 1866 3773 1937 episcopum

2123 1961 2366 2035 quidem
2396 1960 2733 2027 nominant,
2762 1957 2864 2014 sed
2896 1956 3100 2013 omnia
3129 1957 3257 2011 sine
3292 1972 3359 2009 eo
3393 1954 3636 2011 faciunt.
3672 1957 3777 2010 Ta-

2123 2053 2210 2109 les
2236 2067 2373 2107 vero
2404 2067 2525 2106 non
2546 2049 2705 2104 bona
2724 2046 3091 2104 conscientia
3120 2045 3265 2100 mihi
3289 2044 3521 2117 praediti
3548 2061 3677 2099 esse
3702 2045 3783 2099 vi-

2122 2149 2362 2216 dentur,
2386 2150 2527 2222 quia
2571 2164 2693 2204 non
2752 2146 3005 2202 firmiter
3062 2144 3387 2200 secundum
3416 2150 3780 2215 praeceptum

2124 2244 2576 2313 congregantur.

363 2353 426 2407 V.
461 2350 685 2406 Talibus
704 2347 1001 2420 proposita
1028 2354 1106 2404 est
1135 2364 1302 2418 mors,
1334 2354 1470 2423 quia
1499 2351 1872 2439 characterem
1932 2354 2394 2439 Christianorum,
2451 2353 2551 2417 τήν
2607 2350 2841 2425 ἀγάπην,
2900 2366 3009 2406 non
3038 2349 3263 2418 habent,
3297 2354 3348 2404 et
3376 2348 3773 2420 cupiditatibus

1740 2430 1853 2481 suis
1882 2441 1992 2481 non
2021 2430 2354 2482 moriuntur.

431 2536 583 2592 Ἐπεὶ
618 2536 710 2591 οὗν
739 2534 900 2598 τέλος
947 2537 1015 2591 τὰ
1044 2536 1339 2611 πράγματα
1397 2536 1516 2614 ἔχει
1576 2541 1691 2613 (37)
1747 2538 2013 2597 ἐπίκειται

369 2625 437 2681 τὰ
467 2623 564 2680 δύο
596 2626 757 2699 ὁμοῦ,
788 2627 818 2681 b'
843 2646 894 2680 :s
918 2626 1145 2689 θάνατος
1173 2626 1266 2681 καὶ
1287 2628 1322 2697 ἡ
1357 2629 1495 2699 ζωὴ,
1529 2628 1617 2683 καὶ
1649 2623 1871 2692 ἕκαστος
1907 2634 2011 2704 (38)

371 2714 449 2775 εἰς
478 2715 568 2770 τὸν
600 2712 736 2769 ἴδιον
764 2715 937 2770 τόπον
974 2713 1169 2789 μὲλλει
1220 2722 1443 2796 χωρεῖν.
1493 2722 1693 2794 Ὠσπερ
1733 2719 1836 2795 γάρ
1869 2719 2010 2774 ἐστιν

372 2803 682 2875 νομίσματα
734 2801 854 2873 δύο,
887 2804 915 2859 ὃ
950 2805 1045 2877 μὶν
1077 2806 1191 2879 (39)
1239 2810 1396 2876 Θεοῦ,
1455 2807 1484 2862 ὂ
1542 2805 1599 2862 δὲ
1654 2809 1890 2881 κόσμου,
1921 2811 2009 2864 καὶ

376 2887 597 2947 ἕκαστον
627 2890 795 2949 αὐτῶν
831 2890 971 2948 ἴδιον
1006 2902 1327 2969 χαρακτῆρα
1386 2894 1729 2971 ἐπικείμενον
1786 2892 1924 2974 ἔχει·
1958 2900 2010 2954 οἱ

2197 2544 2345 2609 Quia
2376 2546 2574 2599 autem
2624 2558 2719 2597 res
2770 2539 2951 2596 finem
2986 2538 3227 2609 habent,
3287 2538 3620 2594 incunbunt
3662 2538 3779 2593 duo

2126 2634 2326 2701 simul,
2361 2649 2521 2689 mors
2553 2636 2611 2687 et
2631 2631 2767 2696 vita,
2825 2634 2882 2685 et
2939 2629 3349 2699 unusquisque
3380 2629 3442 2683 in
3472 2629 3776 2700 proprium

2122 2722 2319 2779 locum
2362 2721 2553 2778 iturus
2598 2724 2705 2776 est.
2740 2717 3251 2785 Quemadmodum
3285 2716 3446 2772 enim
3480 2722 3622 2771 sunt
3653 2734 3777 2771 nu-

2122 2812 2402 2867 mismata
2431 2810 2572 2873 duo,
2605 2808 2859 2865 alterum
2882 2806 3125 2879 quidem
3151 2806 3273 2874 Dei,
3295 2806 3548 2862 alterum
3575 2811 3775 2861 autem

2126 2900 2357 2968 mundi,
2374 2904 2433 2957 et
2448 2897 2916 2970 unumquodque
2938 2897 3243 2968 proprium
3258 2896 3661 2951 characterem
3682 2895 3782 2949 ha-

1828 3025 1993 3081 Vetus
2030 3025 2322 3097 interpres.

1892 3141 2027 3196 CAP
2037 3142 2124 3196 UT
2169 3142 2267 3196 III.

430 3251 549 3333 §ed
579 3256 640 3308 et
676 3270 777 3333 vos
799 3253 971 3333 decet
994 3269 1114 3333 non
1145 3255 1301 3333 couti
1333 3260 1504 3313 aetate
1537 3257 1818 3333 episcopi,
1853 3258 1957 3314 sed
1988 3257 2317 3315 secundum
2340 3258 2618 3314 virtutem
2662 3256 2764 3312 Dei
2796 3256 2984 3333 Patris
3009 3270 3249 3333 omnem
3297 3254 3692 3333 reverentiam
3727 3255 3782 3311 ei

369 3324 654 3391 tribuere,
688 3325 843 3407 sicut
868 3328 1074 3398 agnovi
1104 3332 1164 3382 et
1183 3333 1420 3384 sanctos
1449 3324 1868 3410 presbyteros;
1902 3347 2023 3385 non
2071 3337 2445 3386 assumentes
2498 3345 2531 3384 a
2616 3335 2883 3384 arentem
2917 3328 3219 3399 juniorem
3253 3326 3546 3394 ordinem,
3582 3326 3683 3382 sed
3717 3333 3784 3382 ut

369 3397 692 3456 prudentes
714 3414 775 3452 In
808 3398 924 3452 Deo
946 3397 1342 3455 concedentes
1360 3399 1471 3456 ins:
1502 3416 1516 3456 :
1541 3417 1662 3456 non
1692 3402 1803 3456 insi
1822 3409 2040 3456 autem.
2059 3402 2163 3456 sed
2194 3402 2350 3456 Patri
2370 3403 2506 3456 lesu
2526 3346 2765 3456 Ehristi.
2789 3402 3058 3456 omnium
3080 3400 3379 3456 eniscono.
3407 3398 3468 3453 In
3492 3399 3781 3454 honorem

366 3397 692 3479 prudentes
714 3397 775 3452 in
808 3397 927 3479 Deo
946 3397 1471 3479 concedentesipsi
1502 3397 1662 3479 ;non
1688 3402 1803 3479 ipsi
1822 3402 2163 3479 autem,_sed
2194 3402 2350 3479 Patri
2370 3403 2506 3479 Jesu

2614 3400 2765 3479 risti,
2789 3398 3058 3479 omnium
3080 3400 3379 3471 episcopo.
3407 3398 3468 3453 In
3492 3399 3781 3479 honorem

366 3468 547 3545 igitur
576 3468 739 3523 illius
770 3469 1021 3525 volentis
1042 3487 1161 3545 non
1187 3468 1404 3545 decens
1434 3479 1525 3545 est
1553 3468 1818 3545 obedire.
1853 3474 2179 3530 secundum
2202 3474 2426 3529 nullam
2449 3473 2807 3545 hypocrisim
2838 3488 2851 3527 :
2882 3471 3020 3545 quia
3042 3468 3419 3541 nequaquam
3438 3469 3782 3545 episcopum

366 3538 526 3618 hunc
544 3546 930 3618 conspectum
962 3540 1191 3618 seducit
1219 3543 1374 3614 quis,
1408 3544 1510 3600 sed
1561 3544 1930 3601 invisibilem
1963 3546 2342 3618 paralogizat.
2384 3538 2510 3601 l‘alé
2531 3538 2748 3601 'autem
2779 3538 3002 3600 non—ad
3032 3538 3277 3599 carnem
3322 3538 3541 3608 sermo,
3575 3538 3677 3596 sed
3707 3542 3780 3596 ad

368 3610 553 3668 Deum
593 3610 943 3669 abscondita
970 3610 1275 3671 scientem.

1894 3724 2125 3781 CAPUT
2178 3724 2271 3780 IV.

446 3835 672 3890 Decens
702 3834 882 3910 igitur
911 3840 1018 3910 est,
1053 3852 1172 3891 non
1192 3836 1380 3891 Solum
1413 3836 1606 3893 vocari
1638 3838 2025 3904 Christianos,
2060 3838 2163 3895 sed
2194 3844 2255 3894 et
2283 3855 2442 3906 esse;
2477 3838 2977 3910 quemadmodum
3008 3835 3249 3910 quidam
3281 3835 3626 3910 episcopum
3650 3835 3784 3905 qui-

373 3904 510 3961 dem
542 3904 752 3962 vocant
796 3907 1085 3981 sinegipso
1117 3914 1314 3981 autem
1346 3910 1549 3965 omnia
1578 3916 1920 3981 operantur.
1954 3911 2127 3967 Tales
2157 3918 2358 3967 autem
2389 3904 2511 3966 non
2541 3910 2711 3966 bonae
2742 3904 3119 3966 conscientia)
3150 3908 3295 3963 mihi
3322 3904 3455 3962 esse
3488 3904 3778 3974 videntur,

371 3982 617 4048 propter
643 3994 763 4033 non
795 3979 1048 4034 ﬁrmiter
1075 3980 1401 4035 secnndum
1434 3979 1792 4052 praace'ptum
1816 3983 2177 4055 congregari.

1901 4101 2131 4156 CAPUT
2189 4102 2252 4155 V.

442 4196 591 4269 Quia
614 4196 793 4266 igitur
822 4196 1005 4269 tinem
1036 4212 1141 4269 res
1161 4196 1402 4269 habent,
1428 4202 1487 4252 et
1512 4203 1928 4269 proponuntur
1947 4198 2067 4255 duo
2092 4199 2293 4261 simul,
2318 4214 2477 4254 mors
2500 4204 2560 4254 et
2587 4199 2704 4254 vita
2728 4216 2740 4253 :
2767 4204 2825 4252 et
2848 4197 3257 4269 unusquisque
3286 4196 3348 4251 in
3366 4194 3671 4269 proprium
3696 4193 3781 4249 lo-

371 4268 730 4353 cum‘iturus
750 4272 857 4323 est.
884 4266 1394 4353 Quemadmodum
1415 4266 1575 4353 enim
1598 4266 1739 4323 sunt
1760 4270 2120 4353 numismata
2138 4270 2413 4353 duonho‘c
2435 4270 2673 4353 quidem
2701 4270 2821 4332 Dei,
2854 4266 3195 4353 hocautem
3225 4266 3433 4353 mundi
3458 4266 3554 4334 {et
3575 4281 3783 4353 unum-

372 4338 653 4411 quodque
683 4339 952 4411 ipsorum
975 4339 1280 4411 proprium
1308 4340 1711 4397 characterem
1736 4343 2176 4414 superpositum
2206 4341 2419 4398 habet:
2453 4338 2746 4408 infideles,
2779 4341 2987 4397 mundi
3021 4342 3197 4413 hujus
3222 4357 3236 4407 ;
3264 4339 3469 4395 ﬁdeles
3501 4345 3700 4395 autem
3723 4338 3783 4393 in

371 4511 481 4590 «ipa
513 4509 774 4590 -juvenis
825 4510 990 4590 illius
1018 4510 1312 4590 episcopi.
1375 4513 1536 4590 V_oss.
1590 4512 2028 4590 ——_familiarius
2060 4515 2103 4580 C

371 4581 456 4637 uti
497 4582 760 4653 familiar
817 4581 1143 4653 behandeln,

376 4652 633 4727 χρᾶσθαι,
667 4654 841 4709 abuti.
864 4654 979 4727 Δ,Ιυιν

444 4725 558 4807 (28)
588 4726 631 4780 Ι.
666 4741 718 4781 e.
762 4724 1055 4807 respectu
1079 4724 1290 4782 divina)
1344 4727 1644 4798 potentiae,
1675 4744 1807 4799 qum
1851 4726 2024 4785 illum

376 4796 724 4868 episcopum
754 4796 1081 4853 constituit.

443 4864 677 4943 (_2_9)lta
724 4868 972 4943 Junius._
1008 4869 1110 4943 Ms.
1171 4864 1631 4943 προσειληφότας.
1684 4869 1843 4942 quod
1871 4886 2022 4943 non-

375 4939 528 4994 nulli
558 4944 795 4995 vertunt
821 4938 1195 5012 respicientes.
1217 4938 1355 5012 '_ipsi
1407 4938 1799 5012 respicientes
1830 4943 1904 4998 ad
1934 4942 2023 4997 in-

371 5012 824 5097 terplo‘latore‘m,
854 5011 973 5097 ἰιιιί
1008 5010 1189 5097 habet
1214 5010 1561 5097 ἐφορῶνταξ.

444 5081 557 5154 (30)
587 5084 675 5137 lta
706 5081 1035 5154 Cotelerius
1068 5086 1125 5137 et
1178 5081 1279 5139 alii
1312 5081 1661 5139 Germanice
1691 5100 1704 5137 :
1737 5083 2029 5140 sichtliche

368 5151 830 5228 lugendlichlteit.
866 5151 990 5208 Alia
1017 5159 1220 5228 monet
1250 5156 1459 5228 Bothe,
1482 5159 1635 5225 .»tnf.,
1672 5172 1726 5228 p.
1760 5157 2026 5224 435-44l,

373 5223 468 5298 cui
498 5224 1153 5298 patvou’quyawtsptxﬁ
1212 5227 1362 5297 τάξις
1418 5245 1490 5280 :
1546 5223 1689 5281 crdo
1740 5229 2029 5297 episcopa-

376 5296 467 5361 lis,
500 5296 567 5350 ut
595 5297 751 5351 male
780 5296 1035 5351 videtur;
1066 5312 1248 5366 nuper
1265 5299 1482 5353 demum
1510 5296 1819 5354 institutus.
1854 5298 1935 5353 Cf.
1977 5298 2026 5353 J.

378 5366 565 5441 Andr.
608 5368 762 5441 Bosii
823 5369 1044 5422 Ezercit
1124 5368 1199 5424 ad
1255 5369 1453 5425 locum
1504 5370 1734 5440 lgnatii,
1767 5385 1883 5441 quo
1923 5369 2030 5425 viri

376 5438 535 5513 docti
568 5438 810 5513 quidam
843 5444 1146 5513 putarunt,
1171 5441 1432 5513 episcopi
1456 5438 1631 5496 unius
1658 5438 1836 5511 supra
1865 5458 2029 5513 pres-

376 5510 1037 5584 byteroseminentiam
1068 5510 1263 5573 vocari
1304 5510 1628 5584 νιὼτερικήν
1672 5510 1837 5582 τάξιν,
1867 5510 2029 5568 Bosii

379 5583 577 5655 Opusc.
602 5583 767 5655 ihist.,
802 5599 858 5653 p.
891 5583 1015 5635 477.

456 5652 566 5721 (31)
598 5654 638 5707 1.
676 5667 727 5707 e.
761 5652 984 5724 quinos
1021 5660 1191 5709 amat.

1251 4598 1336 4638 οτ.
1397 4586 1606 4641 Rorns.
1659 4584 1806 4657 Lege
1860 4603 2022 4639 κιταο

2202 4514 2311 4585 (32)
2342 4512 2426 4570 Cf.
2461 4514 2655 4586 Herm.
2690 4512 2764 4567 ad
2798 4514 2941 4586 Vig.,
2978 4529 3034 4584 p.
3059 4514 3182 4581 790,
3207 4531 3267 4569 n.
3298 4515 3423 4567 253.

2207 4587 2316 4655 (33)
2350 4586 2394 4638 Ι.
2430 4600 2476 4638 e.
2512 4585 2807 4639 hominem.

2205 4654 2318 4725 (34/
2347 4657 2389 4711 Ι.
2425 4672 2477 4711 e.
2502 4656 2665 4724 justa
2685 4656 3035 4712 auctoritate
3058 4656 3448 4712 constitutum
3479 4654 3777 4719 fatentur;

2135 4728 2245 4801 illo,
2264 4733 2462 4801 tamen
2492 4727 2829 4801 inconsulto
2862 4727 3294 4801 omnia_a_gunt.
3328 4728 3519 4782 δωιτη.

2206 4799 2320 4867 (35)
2354 4799 2395 4854 Ι.
2431 4814 2483 4852 e.
2517 4798 2675 4869 quod
2708 4815 2829 4853 non
2858 4802 3020 4869 ﬁrma
3061 4798 3196 4866 ﬁde,
3250 4815 3443 4869 neque
3472 4798 3659 4853 stabili
3689 4813 3782 4869 or__-

2135 4866 2294 4936 dine,
2321 4869 2495 4940 juxta
2520 4866 2868 4939 praceptum'
2900 4870 3116 4926 Christi
3166 4875 3224 4924 et
3270 4866 3677 4941 apostolorum
3710 4866 3782 4921 ad

2137 4958 2337 4999 sacros
2368 4945 2549 4996 caatus
2581 4957 2642 4996 se
2672 4941 3002 4997 conferant.
3038 4941 3224 4997 διιτιι.

2207 5014 2317 5085 (36)
2340 5008 2613 5085 κᾚντολτςν
2643 5012 2912 5068 absolute
2942 5013 3201 5084 positum
3249 5029 3353 5085 pro
3387 5006 3616 5077 ἑντολὴν
3648 5009 3780 5080 Χρι-

2137 5083 2289 5139 στοῦ.
2322 5083 2407 5139 Cf.
2436 5100 2528 5155 ep.
2565 5084 2761 5155 Barn.,
2794 5101 2845 5138 c.
2880 5086 3092 5155 6,,not.

2210 5158 2317 5224 (37)
2348 5149 2694 5224 Gallandius
2725 5149 2783 5211 et
2808 5154 3173 5209 lacobsonus
3203 5154 3433 5210 addunt
3460 5149 3570 5205 καί.

2210 5221 2319 5299 (38)
2349 5224 2445 5287 Εἰς
2474 5224 2565 5279 τὸν
2613 5221 2762 5279 ’ίδιον
2820 5224 3011 5282 τόπον.
3065 5226 3157 5279 Sic
3214 5225 3287 5281 de
3342 5224 3514 5292 Juda,
3571 5226 3696 5277 Act.
3743 5238 3783 5287 1,

2213 5370 2323 5429 (39)
2362 5366 2442 5437 ,Ὀ
2486 5364 2581 5437 μὲν
2609 5398 2677 5409 -
2711 5363 2844 5437 ἐἶ-δέ.
2902 5366 2987 5422 Ita
3044 5382 3181 5433 ms.,
3232 5371 3382 5423 teste
3436 5363 3785 5421 Jacobsono.

2140 5440 2292 5497 Editi
2321 5436 2384 5491 τὸ
2415 5435 2507 5510 μὲν
2544 5472 2607 5481 -
2638 5439 2701 5494 τὸ
2732 5435 2807 5494 δὲ.
2843 5437 3168 5495 Relativum
3195 5438 3521 5510 saepissime
3558 5453 3661 5508 pro
3694 5452 3787 5490 ar-

2142 5512 2322 5567 ticulo
2339 5509 2580 5581 ponitur
2610 5529 2644 5569 a
2690 5512 2755 5568 N.
2788 5512 2848 5566 T.
2911 5509 3324 5581 scriptoribus,
3359 5511 3427 5566 cf.
3496 5510 3665 5565 Hom.
3698 5524 3781 5581 ix,

2140 5587 2204 5639 21
2235 5598 2251 5650 ;
2285 5579 2487 5642 blatth.
2520 5600 2638 5653 χιι,
2672 5586 2738 5640 35
2772 5602 2786 5652 ;
2818 5589 2943 5640 Act.
3000 5579 3178 5649 xivu,
3231 5579 3339 5648 44';
3371 5584 3395 5637 Ι
3423 5582 3555 5638 Cor.
3587 5596 3662 5646 xx,
3692 5579 3785 5632 2t.

2140 5657 2437 5711 JACOBSON.

2172 5672 2437 5719 ACOBSON.
