4080 6134
295 395 413 458 667

1281 384 1565 446 SANCTI
1606 380 1901 444 IGNATlI
1944 377 2353 443 EPISTOLE
2394 377 2788 440 GENUlN/E.

3594 368 3715 432 668

292 531 396 588 bet
424 527 802 601 impositum:
836 524 920 579 ita
957 520 1232 578 inﬁdeles
1264 518 1469 576 mundi
1500 518 1704 591 hujus,
1737 517 1947 574 fideles

2072 511 2280 569 ἰπιστοι
2308 516 2405 567 τοῦ
2460 511 2674 583 κόσμου
2728 509 2950 575 τούτου,
3007 510 3061 565 οἳ
3118 507 3177 565 δὲ
3230 509 3413 566 πιστοὶ
3448 507 3500 565 ἐν
3534 509 3720 586 ἀγάπῃ

295 627 492 676 autem
524 618 586 673 in
617 614 906 672 charitate
937 612 1339 669 characterem
1373 609 1472 664 Dei
1504 609 1693 665 Patris
1719 624 1825 679 per
1852 607 1948 662 Je-

294 726 421 767 sum
472 706 767 763 Christum
827 702 1068 765 habent,
1104 716 1209 772 per
1238 715 1415 771 quem
1474 697 1591 752 nisi
1649 711 1949 769 propensa

295 797 469 854 nobis
499 802 589 852 est
638 794 913 849 voluntas
966 791 1119 847 mori
1158 790 1333 861 juxta
1363 788 1550 860 ipsius
1581 788 1943 859 passionem,

296 904 405 944 nec
436 886 556 942 vita
584 885 768 957 ipsius
798 883 859 938 in
894 880 1067 937 nobis
1097 884 1206 935 est.

2057 608 2382 679 χαρακτῆρα
2437 600 2573 656 Θεοῦ
2635 601 2845 674 Πατρός
2894 596 2984 654 διὰ
3015 601 3196 669 Ἰησοῦ
3234 602 3500 674 Χριστοῦ,
3549 595 3620 652 δι’
3650 597 3715 653 οὗ

2061 690 2148 746 ἐὰν
2183 693 2258 764 μὴ
2293 688 2627 764 αὐθαιρέτως
2655 686 2873 767 ἔχωμεν
2904 688 2967 742 τὸ
3011 688 3295 743 ἀποθανεῖν
3329 687 3404 749 εἰς
3453 687 3516 741 τὸ
3545 685 3714 742 αὐτοῦ

2055 782 2249 851 πάθος,
2282 782 2342 836 τὸ
2377 784 2473 855 ζῇν
2508 780 2672 834 αὐτοῦ
2713 780 2814 834 οὐκ
2842 774 2986 834 ἔστιν
3021 778 3074 833 ἐν
3109 780 3267 852 ἡμῖν.

1656 995 1746 1050 VI.
1781 997 1976 1051 Tenete
1997 992 2349 1050 concordiam

367 1131 509 1188 Cum
533 1132 732 1202 itaque
754 1129 814 1185 in
839 1127 1111 1201 personis
1130 1141 1312 1198 supra
1333 1124 1508 1182 dictis
1539 1139 1777 1180 omnem
1800 1122 1950 1179 mul-

295 1222 615 1279 titudinem
646 1221 707 1275 in
738 1219 853 1276 fide
884 1225 945 1274 et
971 1217 1259 1273 charitate
1307 1214 1773 1289 conspexissem,
1810 1214 1949 1269 hor-

302 1317 415 1380 tor,
444 1311 591 1367 utin
622 1307 941 1365 concordia
969 1308 1170 1363 omnia
1191 1321 1473 1379 peragere
1490 1302 1797 1371 studentis,
1831 1304 1950 1376 epi-

300 1420 479 1475 scopo
512 1400 869 1476 praesidente
899 1398 1029 1454 loco
1061 1398 1187 1460 Dei,
1221 1402 1279 1453 et
1307 1395 1673 1469 presbyteris
1703 1395 1831 1451 loco
1860 1411 1948 1451 se-

302 1498 478 1548 natus
533 1488 866 1562 apostolici,
919 1493 977 1543 et
1005 1486 1292 1553 diaconis,
1352 1486 1502 1543 mihi
1560 1484 1944 1552 suavissimis,

295 1580 708 1640 concreditum
732 1577 1089 1634 habentibus
1119 1577 1519 1633 ministerium
1541 1577 1677 1631 Iesu
1706 1574 1944 1643 Christi,

297 1672 396 1743 qui
420 1676 557 1726 ante
579 1667 797 1723 saecula
826 1666 982 1737 apud
1004 1668 1235 1722 Patrem
1263 1671 1409 1735 erat,
1443 1671 1503 1722 et
1533 1666 1594 1721 in
1626 1665 1743 1720 fine
1764 1681 1947 1737 appa-

297 1762 435 1817 ruit.
460 1762 677 1817 Omnes
700 1758 900 1827 igitur,
915 1757 1174 1828 acceptis
1192 1757 1400 1813 iisdem
1421 1756 1635 1811 divinis
1656 1756 1942 1823 moribus,

295 1868 398 1905 vos
421 1855 625 1904 mutuo
647 1846 1055 1912 revereamini,
1078 1852 1136 1901 et
1156 1861 1332 1901 nemo
1354 1845 1683 1902 secundum
1702 1862 1944 1901 carnem

299 1943 526 2010 spectet
547 1938 906 2009 proximum,
931 1934 1035 1991 sed
1067 1935 1128 1989 in
1148 1936 1285 1990 Jesu
1316 1934 1546 1990 Christo
1570 1952 1670 1990 vos
1698 1934 1946 1991 invicem

297 2044 535 2098 semper
565 2027 839 2099 diligatis.
872 2025 1024 2080 Nihil
1052 2025 1129 2079 sit
1158 2025 1218 2079 in
1238 2025 1421 2089 vobis,
1452 2024 1607 2096 quod
1635 2024 1821 2097 possit
1849 2042 1948 2080 vos

297 2118 599 2181 dirimere,
633 2115 735 2170 sed
769 2113 1059 2168 uniamini
1093 2114 1368 2186 episcopo
1402 2122 1457 2169 et
1490 2114 1945 2185 praesidentibus

298 2207 359 2262 in
392 2214 598 2279 typum
636 2212 695 2261 et
718 2203 1293 2262 demonstrationem
1323 2204 1806 2261 immortalitatis.

2130 1118 2283 1177 Ἐπεὶ
2317 1116 2412 1173 οὖν
2464 1116 2516 1174 ἔν
2556 1124 2674 1179 τοῖς
2732 1117 3253 1194 προγεγραμμένοις
3303 1117 3624 1193 προσώποις
3652 1118 3716 1175 τό

2056 1214 2160 1264 πᾶν
2191 1209 2409 1277 πλῆθος
2468 1207 2745 1285 ἐθεώρησα
2794 1209 2904 1282 (40)
2944 1206 2997 1263 ἐν
3027 1207 3202 1263 πίστει
3233 1207 3321 1263 καὶ
3356 1208 3470 1283 (41)
3502 1208 3715 1285 ἀγάπῃ,

2056 1303 2326 1373 παραινῶ,
2378 1298 2429 1353 ἐν
2480 1298 2712 1370 ὁμονοίᾳ
2766 1301 2901 1353 Θεοῦ
2960 1294 3290 1367 σπουδάζετε
3344 1297 3519 1352 πάντα
3545 1299 3718 1371 πράσ-

2058 1408 2193 1458 σειν,
2243 1388 2680 1462 προκαθημήνου
2738 1390 2836 1441 τοῦ
2887 1384 3189 1442 ἐπισκόπου
3222 1386 3299 1447 εἰς
3356 1386 3524 1443 τόπον
3557 1390 3716 1455 Θεοῦ,

2055 1477 2286 1533 καὶτῶν
2343 1471 2724 1552 πρεσϐυτέρων
2776 1473 2853 1537 εἷς
2908 1474 3076 1530 τόπον
3138 1472 3416 1547 συνεδρίου
3444 1479 3554 1531 τῶν
3581 1474 3718 1530 ἀπο-

2055 1566 2292 1638 στόλων,
2333 1569 2425 1624 καὶ
2485 1568 2591 1623 τῶν
2653 1564 2942 1635 διακόνων,
2994 1572 3102 1623 τῶν
3155 1567 3286 1642 ἐμοὶ
3333 1565 3711 1644 γλυκυτάτων,

2054 1660 2498 1730 πεπιστευμένων
2557 1653 2835 1712 διακονίαν
2891 1657 3073 1726 Ἰησοῦ
3137 1659 3426 1731 Χριστοῦ,
3485 1657 3547 1719 ’ὸς
3603 1655 3710 1731 πρὸ

2055 1749 2264 1803 αἰώνων
2306 1746 2453 1821 παρᾶ
2482 1746 2652 1821 [Ιατρὶ
2681 1747 2774 1816 ἦν,
2825 1746 2915 1801 καὶ
2971 1745 3022 1801 ἐν
3086 1744 3234 1802 τὲλει
3292 1744 3474 1816 ἑσάνη.
3508 1747 3709 1809 Πάντες

2054 1837 2176 1908 οὖν,
2222 1838 2518 1911 ὁμοῆθειαν
2562 1839 2695 1892 Θεοῦ
2743 1829 3022 1903 λαϐόντες,
3065 1835 3376 1910 ἐντρέπεσθε
3402 1834 3712 1906 ἀλλήλοις,

2055 1927 2143 1980 καὶ
2181 1923 2377 1998 μηδεὶς
2405 1924 2542 1979 κατὰ
2596 1926 2770 1997 σάρκα
2832 1922 3103 2000 ’βλεπέτω
3134 1924 3246 1998 (42)
3297 1923 3389 1977 τὸν
3447 1920 3709 1993 πλησίον,

2057 2013 2260 2072 ἀλλ’ἐν
2293 2017 2477 2085 Ἰησοῦ
2517 2015 2734 2088 Χριστῷ
2785 2011 3071 2085 ἀλλήλους
3121 2009 3407 2073 διαπάντὸς
3445 2012 3709 2086 ἀγαπᾶτε.

2064 2103 2245 2175 Μηδὲν
2279 2098 2416 2159 ἔστω
2443 2102 2493 2157 ἐν
2534 2104 2684 2175 ὑμῖν.
2739 2105 2765 2157 ὁ
2799 2102 3082 2173 δυνήσεται
3140 2103 3277 2175 ὑμᾶς
3312 2100 3546 2176 μερίσαι,
3581 2097 3710 2156 ἀλλ’

2063 2195 2299 2264 ἒνώθητε
2332 2198 2411 2263 τῷ
2443 2192 2723 2265 ἐπ’σκόπῳ
2750 2193 2839 2247 καὶ
2868 2196 2985 2253 τοῖς
3011 2192 3469 2267 προκαθημένοις,
3503 2189 3577 2253 εἷς
3600 2193 3716 2262 (43)

2060 2283 2230 2338 τύπον
2262 2283 2350 2338 καὶ
2387 2279 2622 2357 διδαχὴν
2655 2281 2971 2360 ἀφθαρσίας.

906 2395 1021 2452 VII.
1054 2397 1226 2466 Agite
1251 2395 1402 2452 nihil
1429 2397 1547 2454 sine
1575 2397 1830 2471 episcopo
1861 2407 1912 2456 et
1928 2402 2265 2473 presbyteris
2290 2418 2304 2469 ;
2335 2401 2457 2458 sitis
2485 2417 2655 2457 unum
2686 2400 2952 2472 templum
2986 2402 3099 2456 Dei.

370 2523 883 2592 Quemadmodum
915 2523 1093 2596 igitur
1121 2523 1410 2580 Dominus
1440 2524 1568 2582 sine
1602 2527 1793 2591 Patre,
1833 2527 1943 2600 ipsi

298 2617 525 2685 unitus,
567 2613 719 2670 nihil
746 2613 906 2677 fecit,
938 2628 1135 2684 neque
1165 2630 1271 2685 per
1300 2614 1584 2685 seipsum.
1617 2632 1812 2688 neque
1843 2633 1950 2689 per

292 2704 603 2777 apostolos
627 2720 641 2770 ;
675 2704 758 2759 ita
788 2718 981 2774 neque
1011 2718 1112 2758 vos
1141 2702 1271 2758 sine
1301 2703 1580 2777 episcopo
1611 2712 1671 2762 et
1702 2707 1947 2781 presby-

293 2794 438 2851 teris
460 2792 789 2865 quidquam
820 2791 1131 2865 peragatis.
1168 2793 1370 2864 Neque
1399 2794 1852 2866 aggrediamini,
1884 2801 1952 2852 ut

299 2882 543 2955 quidam
583 2881 802 2938 avobis
853 2880 1173 2952 separatim
1224 2880 1447 2939 factum
1505 2882 1725 2940 decens
1768 2901 1952 2959 appa-

295 2979 446 3030 reat.
489 2971 602 3029 Sed
630 2971 694 3027 in
726 2987 915 3027 unum
945 2970 1438 3028 convenientibus
1464 2989 1584 3030 una
1613 2973 1690 3029 sit
1737 2975 1947 3043 oratio,

295 3079 417 3119 una
448 3061 732 3133 precatio,
765 3077 887 3118 una
916 3077 1106 3124 mens,
1139 3076 1260 3116 una
1286 3077 1441 3133 spes.
1476 3062 1536 3117 in
1567 3063 1855 3120 charitate
1886 3064 1948 3120 in

295 3150 507 3225 gaudio
541 3154 771 3207 sancto.
797 3151 957 3207 Unus
989 3155 1074 3204 est
1103 3150 1275 3205 Jesus
1297 3151 1587 3214 Christus.
1630 3169 1747 3223 quo
1797 3154 1950 3209 nihil

2125 2527 2328 2599 Ὠσπερ
2361 2526 2453 2580 οὖν
2493 2524 2695 2600 Κύριος
2753 2524 2876 2582 ἄνευ
2932 2529 3031 2582 τοῦ
3089 2525 3298 2600 Ιίατρός
3329 2521 3482 2580 οὐδὲν
3512 2522 3712 2595 ἐποίη-

2058 2636 2167 2684 σεν,
2210 2615 2493 2689 ἣνωμένος
2552 2610 2653 2687 ὥν,
2720 2616 2847 2673 οὒτε
2904 2612 2974 2670 δι’
3026 2615 3240 2685 ἑαυτοῦ,
3301 2611 3425 2668 οὔτε
3482 2610 3573 2668 διὰ
3599 2618 3711 2668 τῶν

2056 2703 2405 2762 ἀποστόλων·
2445 2701 2621 2767 οὕτως
2680 2702 2823 2779 μηδὲ
2882 2706 3038 2778 ὑμεῖς
3090 2703 3215 2759 ἄνευ
3279 2707 3379 2759 τοῦ
3408 2699 3709 2758 ἐπισκόπου

2057 2795 2283 2851 καὶτῶν
2327 2789 2706 2870 πρεσϐυτέρων
2742 2791 2914 2869 μηδὲν
2963 2792 3249 2869 πράσσετε.
3306 2789 3461 2864 Μηδὶ
3517 2792 3713 2868 πειρά-

2059 2905 2189 2954 σητε
2218 2880 2447 2960 εὔλογόν
2476 2906 2530 2940 τι
2561 2883 2838 2961 φαίνεσθαι
2873 2887 2984 2957 (44)
3018 2880 3128 2955 ἰδίᾳ
3160 2883 3307 2957 ὑμῖν.
3343 2879 3499 2939 Ἀλλ’
3520 2881 3614 2937 ἐπὶ
3647 2881 3711 2937 τὸ

2058 2973 2189 3030 αὑτὸ
2224 2975 2323 3047 μία
2352 2976 2662 3054 προσευχὴ,
2698 2973 2794 3045 μία
2837 2972 3045 3044 δέησις,
3077 2972 3156 3034 εἷς
3193 2976 3339 3041 νοῦς,
3404 2971 3502 3043 μία
3532 2970 3716 3039 ἐλπὶς,

2060 3063 2111 3118 ἐν
2146 3063 2355 3140 ἀγάπῃ,
2387 3063 2439 3118 ἐν
2469 3065 2538 3137 τῇ
2570 3066 2718 3138 χαρᾷ
2762 3066 2831 3134 τῇ
2881 3062 3116 3137 ἀμώρῳ.
3179 3062 3273 3123 Εἷς
3330 3059 3471 3116 ἐστὶν
3500 3063 3716 3126 Ἰησους

2058 3154 2321 3228 Χριστὸς,
2354 3152 2420 3207 οὗ
2447 3150 2666 3223 ἅμεινον
2716 3152 2870 3207 οὐθὲν
2930 3150 3096 3209 ἐστιν.
3167 3152 3366 3214 Πάντες
3399 3151 3490 3206 οὖν
3532 3153 3610 3214 ὡς
3640 3152 3718 3213 εἷς

295 3241 678 3315 praestantius
702 3246 809 3296 est.
844 3240 1061 3294 Omnes
1092 3238 1292 3310 itaque
1322 3239 1478 3295 velut
1506 3240 1567 3295 in
1590 3257 1777 3297 unum
1808 3248 1950 3298 tem-

2072 3240 2179 3316 ξ’ἐνκ
2210 3244 2349 3316 (45)]
2394 3241 2519 3297 ναὸν
2581 3240 2903 3316 συντρέχετε
2967 3245 3119 3297 Θεοῦ.
3181 3239 3266 3297 ἐπὶ
3334 3241 3391 3296 ’ὲν
3424 3243 3716 3312 θυσιαστή-

293 3332 461 3404 plum
495 3330 595 3385 Dei
638 3328 996 3391 concurrite,
1031 3327 1190 3383 velut
1232 3328 1305 3383 ad
1334 3344 1517 3385 unum
1549 3329 1756 3399 altare,
1789 3332 1947 3387 velut

290 3418 364 3475 ad
393 3434 590 3475 unum
620 3417 819 3472 Iesum
844 3415 1279 3489 ϐίη-ἰδιωτιΑυί
1304 3415 1376 3471 ab
1408 3432 1525 3471 uno
1548 3418 1719 3473 Patre
1751 3419 1949 3490 prodit

298 3515 356 3564 et
384 3508 459 3565 ad
490 3523 680 3564 unum
736 3521 1009 3562 reversus
1035 3510 1145 3574 est,
1180 3512 1237 3562 et
1268 3521 1403 3562 cum
1433 3522 1553 3563 uno
1584 3516 1940 3580 perseverat.

2064 3351 2198 3407 ριον,
2233 3332 2307 3394 ὡς
2339 3330 2426 3387 ἐπῗ
2463 3328 2558 3388 ἕνα
2607 3333 2789 3403 Ἰησοῦ
2822 3333 3083 3406 Χριστὸν,
3141 3333 3234 3387 τὸν
3297 3332 3388 3407 ἀφ’
3445 3332 3562 3394 ἑνὸς
3605 3337 3715 3387 Πα-

2059 3421 2187 3496 τρὸς
2237 3420 2595 3495 προελθόντα,
2656 3421 2746 3476 καὶ
2803 3425 2913 3495 (46)
2968 3421 3043 3484 εἷς
3082 3420 3177 3477 ’ἐνα
3216 3420 3345 3476 ὄντα
3400 3420 3489 3475 καὶ
3520 3422 3713 3495 χωρή-

2060 3532 2219 3566 σαντα
2228 3554 2241 3567 .

1767 3629 1931 3684 Vetus
1982 3631 2247 3701 interpres

305 3739 1026 3817 charitate_characte_rem
1058 3737 1160 3817 Dei
1175 3738 1379 3817 Patris
1408 3742 1556 3817 per;
1566 3755 1732 3817 esum
1760 3742 2063 3817 Christum
2095 3760 2111 3800 :
2140 3761 2248 3817 per
2276 3762 2455 3817 quem
2487 3744 2603 3801 nisi
2632 3742 2963 3800 voluntarie
3000 3738 3325 3797 habeamus
3353 3737 3505 3793 mori
3531 3737 3593 3793 in
3612 3737 3672 3808 ip
3690 3768 3706 3779 -

306 3811 429 3867 sius
462 3811 821 3885 passionem,
854 3811 1045 3866 vivere
1076 3809 1263 3881 ipsius
1284 3809 1516 3866 nonest
1538 3812 1599 3866 in
1633 3813 1824 3869 nobis.

1822 3932 2051 3988 CAPUT
2097 3933 2186 3990 VI.

377 4045 523 4111 Quia
543 4044 725 4119 igitur
754 4044 813 4119 in
842 4043 1191 4119 prescriptis
1221 4044 1483 4119 personii
1505 4060 1743 4119 omnem
1775 4046 2223 4119 multitudinem
2255 4046 2754 4119 speculatusisum
2778 4044 2841 4099 in
2875 4044 3007 4119 fide
3024 4048 3082 4099 et
3110 4042 3448 4119 dilectione,
3471 4058 3713 4119 moneo,

311 4118 373 4173 in
404 4116 855 4190 concordia_Dei
888 4114 1125 4190 studete
1150 4116 1352 4190 omnia
1381 4116 1640 4190 operari,
1667 4118 2024 4190 praesidente
2056 4114 2305 4190 epicopo
2327 4118 2389 4172 in
2422 4118 2543 4190 lsco
2595 4118 2812 4190 Dei,_et
2854 4115 3224 4190 presbyteris
3238 4115 3300 4169 in
3331 4114 3462 4190 loco
3487 4114 3721 4190 confes-

310 4189 495 4245 sionis
525 4187 953 4259 apostolorum,
987 4193 1045 4242 et
1073 4186 1337 4242 diaconis
1370 4188 1512 4259 mihi
1543 4186 1907 4244 dulcissimis
1938 4186 2295 4246 habentibus
2325 4189 2613 4246 creditam
2664 4186 3169 4243 ministrationem
3196 4186 3338 4259 Jesu
3366 4186 3582 4259 Christi
3614 4188 3716 4257 qui

310 4266 447 4316 ante
470 4257 687 4340 saecula
716 4258 871 4340 apud
892 4259 1133 4340 Patrem
1165 4264 1312 4340 erat,
1334 4263 1392 4314 et
1422 4258 1484 4313 in
1505 4259 1623 4340 fine
1652 4262 1948 4331 apparuit.
1971 4261 2390 4340 Omnesigitur
2417 4260 2688 4340 eamdem
2708 4259 3204 4340 consuetudinem
3238 4258 3339 4340 Dei
3358 4257 3718 4340 accipientes

313 4331 679 4405 veneramini
707 4328 1040 4405 adiutricem
1063 4345 1087 4405 _;
1118 4329 1345 4405 nullus
1373 4328 1707 4405 secundum
1732 4328 1973 4405 carnem
2028 4328 2279 4405 aspicia‘t
2318 4333 2679 4405 proximum,
2725 4332 2831 4405 sed
2862 4332 2921 4386 in
2951 4332 3087 4387 Jesu
3125 4330 3358 4405 Christo
3385 4328 3718 4405 adinvicem

311 4418 549 4484 semper
578 4400 821 4484 diligite:
844 4400 996 4456 nihil
1021 4400 1187 4483 .sitin
1216 4400 1380 4484 vobis
1415 4402 1575 4484 quod
1625 4404 1813 4477 possit
1865 4420 1967 4460 vos
2004 4400 2234 4478 partiri,
2267 4400 2372 4461 sed
2403 4404 2696 4462 unianimi
2728 4404 3006 4476 episcopo
3037 4408 3099 4459 et
3144 4400 3625 4474 prmsidentibus,
3656 4403 3719 4459 in

310 4480 517 4547 typum
549 4478 609 4527 et
637 4472 968 4528 doctrinam
1017 4472 1499 4544 incorruptiouis.

1791 4583 2021 4641 CAPUT
2076 4584 2192 4640 VII.

381 4698 891 4782 Quemadmodum
915 4698 1095 4769 igitur
1120 4697 1407 4781 Dominus
1438 4700 1566 4756 sine
1597 4702 1768 4782 Patre
1798 4700 1946 4782 nihil
1975 4698 2361 4782 fecit,_unitus
2391 4697 2703 4781 exsistens,
2724 4714 2926 4782 neque
2953 4698 3366 4782 per‘seipsum,
3402 4715 3595 4782 neque
3616 4717 3726 4782 per

310 4771 612 4845 apostolos
638 4788 650 4825 :
682 4770 767 4825 sic
799 4768 999 4845 neque
1023 4786 1125 4824 vos
1142 4768 1279 4845 sine
1312 4771 1667 4845 episcopoet
1696 4771 2054 4843 presbyteris
2083 4770 2309 4845 aliquid
2343 4771 2690 4845 operemini.
2724 4768 2927 4840 Neque
2944 4768 3196 4845 tentetis
3230 4768 3581 4827 rationabile
3610 4768 3722 4845 ali-

311 4840 453 4915 quid
485 4859 769 4915 apparere
803 4840 1039 4915 proprie
1066 4840 1230 4915 vobis
1252 4840 1402 4915 ;_sed
1434 4844 1493 4898 in
1514 4840 1784 4915 idipsum
1815 4840 1936 4899 una
1965 4840 2330 4915 oratio,'una
2358 4840 2718 4915 deprecatio,
2749 4858 2911 4915 unus
2940 4841 3300 4915 intellectus.
3326 4859 3445 4899 una
3473 4860 3633 4914 spes,
3658 4844 3724 4897 in

312 4912 618 4978 charitate,
647 4915 707 4969 in
736 4912 949 4985 gaudio
983 4912 1466 4985 incoinquinato:
1502 4912 1660 4985 quod
1692 4921 1782 4969 est
1824 4914 2088 4971 Christus
2115 4913 2303 4979 Jesus,
2337 4929 2461 4985 quo
2504 4912 2718 4985 melius
2765 4912 2917 4985 nihil
2964 4919 3071 4968 est.
3105 4913 3324 4970 Omnes
3355 4920 3419 4969 ut
3444 4912 3723 4970 inunum

317 4988 603 5059 templum
629 4983 963 5043 concurrite
997 4985 1118 5053 Dei,
1151 4991 1218 5039 ut
1247 4984 1307 5039 in
1339 4983 1536 5040 unum
1557 4985 1759 5049 altare.
1793 4987 1940 5043 utin
1972 5001 2157 5041 unum
2176 4983 2374 5039 Iesum
2405 4983 2726 5051 Christum,
2759 4984 2832 5041 ab
2864 5001 2981 5041 uno
3014 4986 3185 5042 Patre
3210 4991 3547 5054 exeuntem,
3571 4992 3631 5041 et
3661 4986 3725 5042 in

310 5077 499 5117 unum
531 5059 883 5116 existentem
914 5063 972 5113 et
991 5061 1405 5125 revertentem,

384 5208 495 5276 (Ii-Ol
547 5208 602 5290 'I.
665 5224 717 5263 e.
776 5204 939 5274 ﬁdem
998 5210 1049 5260 ct
1095 5203 1421 5259 charitatem
1494 5203 1659 5258 totius
1696 5200 1961 5260 Ecclesia:
1997 5240 2039 5306 Β

313 5280 735 5347 Magnesiorum.

384 5343 491 5420 (Iit)
523 5351 626 5405 Ms.
689 5347 968 5422 ἀγάπησα,
1022 5346 1197 5403 male.
1244 5347 1368 5402 Vet.
1419 5345 1663 5419 interpr.
1717 5347 1777 5400 in
1824 5343 1960 5401 dile-

318 5424 485 5477 tione.

389 5492 501 5555 (42)
534 5492 619 5547 ita
648 5489 783 5547 dedi
835 5506 907 5546 ex
963 5489 1085 5545 inte

1093 5488 1388 5560 rpolatore
1442 5493 1501 5543 et
1552 5486 1968 5544 emendatione

318 5562 545 5631 Toupii.
578 5561 986 5617 consentiente
1029 5563 1348 5617 Pearsono.
1393 5561 1511 5615 JAc.
1549 5560 1650 5614 Ms.
1682 5562 1759 5627 τῷ
1789 5560 1967 5615 male.

396 5634 509 5703 (43)
540 5632 583 5685 Ι.
619 5647 670 5688 e.
703 5632 900 5712 unitas
931 5648 1063 5712 cum
1106 5633 1505 5712 episcopoest
1536 5636 1706 5712 typus
1737 5631 1867 5685 vitta

312 5701 448 5776 lius,
491 5719 670 5777 quam
699 5701 891 5760 sancti
939 5701 1289 5760 vivunt—Deo
1311 5701 1486 5773 uniti,
1520 5701 1816 5776 simulque
1848 5701 1971 5771 etii,

2070 5202 2362 5259 unitatem
2391 5203 2647 5257 vestram
2679 5218 2815 5257 cum
2852 5202 3129 5273 episcopo
3160 5201 3618 5273 conspicientes,
3651 5201 3729 5257 ad

2076 5272 2522 5348 persuasionem
2555 5273 2628 5328 de
2658 5276 2775 5328 vita
2799 5271 2901 5329 illa
2931 5271 3328 5348 adducuntur;

2148 5348 2238 5414 (44
2291 5345 2334 5401 Ῑ.
2370 5361 2420 5401 e.
2453 5352 2613 5400 extra
2642 5349 3075 5401 communionem
3122 5342 3365 5414 episcopi
3418 5350 3471 5399 et
3490 5344 3730 5414 presby—

2080 5425 2342 5483 terorum,
2399 5418 2457 5471 in
2487 5418 2877 5472 conventiculis
2931 5416 3117 5471 Sarra.

2151 5491 2265 5560 (45)
2293 5488 2427 5542 “Eva
2454 5487 2791 5544 addendum
2835 5492 3047 5559 putant
3080 5486 3334 5555 Vossius,
3386 5487 3643 5560 Toupius
3672 5492 3734 5545 et

2079 5559 2461 5616 Jacobsonus.

2152 5633 2268 5699 (46)
2295 5632 2340 5685 Ι.
2373 5647 2430 5700 q.
2465 5628 2539 5689 εἰς
2570 5624 2663 5683 ’ἕνα
2694 5628 3026 5701 χωρήσαντα
3064 5626 3153 5680 καὶ
3219 5622 3347 5683 ὄντα
3405 5627 3499 5681 σύν
3555 5626 3727 5700 αὐτῷ.
