4080 6134
323 357 450 421 969

1552 354 1930 416 EPISTOLA
1980 356 2088 416 AD
2135 355 2186 415 M
2200 356 2621 422 AGNESIOS.

3640 358 3762 419 670

1332 490 1473 548 VIII.
1501 491 1701 549 Cavete
1737 507 1774 547 a
1816 490 1987 561 falsis
2020 491 2290 550 doctrinis
2316 495 2757 552 Judaizantium.

391 594 506 668 (47)
543 590 632 659 Μὴ
664 591 939 646 πλανᾶσθε
966 594 1087 651 ταῖς
1136 585 1498 664 δτεροδοξίαις
1559 584 1703 659 μηδὲ
1734 590 1847 661 (48)
1884 609 1984 660 μυ.

2176 595 2255 647 Ne
2286 594 2882 651 seducaminialienis
2913 591 3432 664 doctrinis.neque
3454 592 3755 649 veteribus

327 682 591 756 θεῦμασιν
621 684 740 741 τοῖς
799 678 1079 747 παλαιοῖς,
1138 677 1469 757 ἆνωφελὲσιν
1528 677 1697 732 οὖσιν.
1761 676 1825 734 Εἰ
1884 677 1987 752 γὰρ

328 782 496 845 μέχρι
521 773 613 822 νῦν
643 768 780 823 κατὰ
807 770 921 841 (49)
953 767 1173 842 [νόμον]
1208 763 1548 838 Ἰουδαῖσμὸν
1604 770 1804 840 ζῶμεν,
1841 766 1986 839 ὁμο-

326 863 606 933 Λογοῦμει
635 858 798 932 χάριν
836 857 913 930 μή
946 853 1252 931 εἰληφέναι.
1296 856 1360 910 Οἱ
1415 855 1517 931 γὰρ
1548 854 1815 911 θειότατοι
1847 874 1989 930 προ-

330 955 499 1027 φῆται
530 948 668 1001 κατὰ
698 946 934 1016 Χριστὸν
986 945 1196 1015 Ἰησοῦν
1246 942 1462 1015 ἔζησαν.
1523 944 1620 999 Διὰ
1678 947 1841 1000 τοῦτο
1896 945 1989 1000 καὶ

331 1035 699 1112 ἰδιώχθησαν,
733 1034 1098 1109 ἐμπνεόμενοι
1143 1034 1248 1089 ὑπὸ
1276 1041 1378 1104 τῆς
1416 1034 1647 1111 Χάριτος
1688 1034 1877 1095 αὐτοῦ.
1908 1033 1988 1097 εἷς

325 1128 388 1183 τὸ
417 1124 923 1203 πληροφορηθῆναι
979 1124 1109 1186 τοὺς
1167 1124 1545 1191 ἀπειθοῦντας,
1605 1122 1687 1179 ὅτι
1747 1126 1826 1187 εἷς
1857 1124 1990 1186 Θεός

325 1216 492 1285 ἐστιν,
536 1212 911 1295 ὁφανερώσας
969 1213 1157 1268 ἑαυτὸν
1218 1210 1307 1268 διὰ
1366 1213 1546 1283 Ἰησοῦ
1600 1214 1835 1281 Χριστοῦ
1890 1217 1990 1269 τοῦ

328 1307 461 1362 Υἱοῦ
492 1302 681 1376 αὐτοῦ,
739 1302 798 1365 ’ὸς
851 1301 996 1357 ἐστιν
1048 1302 1215 1357 αὐτοῦ
1275 1301 1447 1377 Λόγος
1489 1299 1686 1369 ἀΐδιος,
1728 1302 1827 1357 οῦκ
1882 1302 1990 1358 ἀπὸ

324 1396 436 1468 (50)
468 1399 629 1468 σιγῆς
660 1389 967 1467 προελθὼν,
998 1388 1058 1453 ες
1087 1390 1223 1447 κατᾶ
1280 1391 1455 1446 πάντα
1496 1389 1853 1466 εὐηρὲστησεν
1911 1395 1992 1465 τῷ

326 1482 604 1558 πέμψαντι
634 1479 796 1535 αὐτόν
807 1523 820 1536 .

2098 679 2483 753 fabulis,quaa
2515 682 2998 738 suntinutiles.Si
3032 682 3190 736 enim
3226 682 3615 753 adhucjuxta
3646 683 3757 754 [1e-

2096 776 2256 843 gem]
2277 772 2650 828 Judaismum
2679 772 2945 839 vivimus,
2981 773 3474 834 conﬁtemumios
3504 772 3754 842 gratiam

2096 876 2216 915 non
2251 862 2953 934 accepisse.Divinissimi
2976 878 3233 933 namque
3267 863 3756 933 prophetaajuxta

2093 949 2293 1005 Jesum
2332 951 2631 1006 Christum
2653 951 3035 1007 vixerunt.0b
3055 950 3166 1005 hoc
3198 955 3257 1005 et
3274 952 3754 1023 persecutionem

2096 1039 2255 1110 passi
2289 1044 2448 1107 sunt,
2481 1040 2671 1112 gratia
2698 1040 2888 1112 ipsius
2918 1039 3305 1113 inspiratiut,
3337 1040 3438 1112 qui
3469 1041 3756 1097 erantin-

2098 1128 2347 1197 creduli,
2377 1131 2521 1185 certi
2555 1129 2965 1199 redderentur,
2989 1129 3146 1200 quod
3176 1145 3331 1185 unus
3361 1129 3438 1183 sit
3467 1131 3752 1201 Deus,qui

2099 1218 2361 1290 seipsum
2394 1219 2853 1275 manifestaverit
2885 1235 2990 1292 per
3007 1219 3205 1274 Jesum
3219 1218 3513 1274 Christum
3536 1219 3752 1275 Filium

2101 1323 2296 1375 suum,
2320 1308 2419 1379 qui
2451 1314 2539 1364 est
2573 1308 2824 1363 Verbum
2858 1308 2987 1379 ejus
3017 1312 3326 1375 aeternum,
3362 1325 3482 1363 non
3515 1315 3645 1381 post
3680 1309 3755 1364 si-

2099 1395 2352 1452 lentium
2384 1397 2790 1470 progrediens,
2846 1397 3068 1468 quique
3100 1397 3161 1452 in
3210 1397 3489 1454 omnibus
3520 1398 3593 1466 ei,
3650 1397 3753 1469 qui

2100 1483 2296 1557 ipsum
2326 1485 2590 1558 miserat,
2622 1485 3003 1558 complacuit.

1583 1581 1679 1637 IX.
1712 1582 1973 1638 Vivamus
2009 1599 2131 1639 cum
2161 1584 2398 1642 Christo.

397 1678 585 1736 Εῖοῦν
647 1677 699 1732 οῖ
754 1674 807 1731 ἐν
867 1678 984 1751 (51)
1041 1674 1304 1738 παλαιοῖς
1361 1676 1674 1753 πράγμασιν
1731 1676 1993 1753 ἀναστρα-

331 1767 515 1847 φέντες
549 1765 628 1827 εἰς
650 1765 944 1836 καινότητα
1007 1761 1236 1827 ἐλπίδος
1293 1764 1490 1835 ἦλθον,
1551 1765 1748 1838 μηκέτι
1779 1762 1987 1821 σαϐϐα-

2165 1681 2221 1735 Si
2256 1681 2452 1754 igitur,
2483 1682 2583 1753 qui
2616 1682 2677 1737 in
2708 1682 2888 1738 veteri
2941 1699 3145 1739 rerum
3178 1682 3387 1738 ordine
3437 1684 3748 1758 degerunt,

2099 1769 2172 1825 ad
2202 1786 2413 1825 novam
2454 1787 2620 1842 spem
2653 1778 3071 1844 pervenerunt,
3101 1789 3221 1828 non
3251 1772 3506 1844 amplius
3538 1774 3753 1830 Sabba-

330 1829 599 1925 itCovtsc.
631 1853 779 1911 ἀλλᾶ
834 1854 972 1909 κατὰ
1029 1855 1141 1927 (52)
1201 1855 1443 1926 Χυριακὴ
1479 1856 1625 1925 ζωῆν
1660 1860 1876 1924 ζῶντες,
1931 1855 1984 1911 ἐν

2110 1864 2224 1913 tum
2250 1857 2829 1931 colentes,sedjuxta
2853 1860 3220 1916 Dominicam
3252 1862 3532 1929 viventes,
3557 1863 3619 1917 in
3638 1879 3755 1934 qua

325 1946 363 2020 ᾗ
389 1944 479 2000 καὶ
510 1946 546 2013 ἡ
582 1945 696 2013 ζωὴ
731 1944 896 2014 ἡμῶν
924 1942 1199 1999 ἀνέτειλεν
1234 1940 1303 1998 δι’
1338 1944 1507 1999 αὐτοῦ
1559 1945 1647 1999 καὶ
1698 1948 1796 1999 τοῦ
1827 1945 1994 2000 θανά-

332 2055 428 2091 του
478 2032 646 2087 αὐτοῦ
703 2063 765 2075 —-
826 2029 885 2085 ὅν
938 2052 1082 2096 τινες
1136 2034 1447 2107 ἀρνοῦνται,
1483 2029 1553 2087 δι’
1595 2032 1657 2086 οὗ
1688 2032 1992 2108 μυστηρίου

329 2116 603 2196 ἐλάϐομεν
653 2120 717 2197 τὸ
755 2119 1049 2187 πιστεύειν,
1108 2121 1200 2175 καὶ
1259 2118 1347 2176 διὰ
1402 2124 1565 2177 τοῦτο
1623 2122 1991 2197 ὑπομένομεν,

325 2212 412 2267 ’ἱνα
464 2212 780 2285 εὑρεθῶμεν
843 2209 1085 2282 μαθηταὶ
1136 2212 1316 2282 Ἰησοῦ
1371 2211 1609 2286 Χριστοῦ
1665 2215 1763 2266 τοῦ
1822 2213 1992 2285 μόνου

330 2298 665 2356 διδασκάλου
705 2301 890 2374 ἡμῶν,
925 2331 989 2341 -
1023 2303 1141 2361 πῶς
1198 2301 1362 2371 ἡμεῖς
1422 2297 1767 2372 δυνησόμεθα
1831 2304 1993 2370 ζῆσαι

332 2390 510 2466 χωρὶς
540 2388 733 2456 αὐτοῦ,
764 2387 827 2442 οὗ
871 2388 960 2442 καὶ
1019 2389 1076 2442 οἱ
1106 2396 1383 2466 προφῆται
1443 2391 1677 2462 μαθηταὶ
1708 2387 1856 2452 ὄντες
1912 2394 1993 2462 τῷ

334 2482 607 2553 πνεύματι
636 2478 710 2539 ὡς
745 2474 1073 2534 διδάσκαλον
1101 2478 1267 2535 αὐτὸν
1323 2476 1693 2555 προσεδόκουν
1723 2499 1739 2547 ;
1774 2481 1871 2536 Καὶ
1904 2477 1993 2535 διὰ

332 2574 518 2639 τοῦτο,
546 2570 607 2624 ὃν
641 2564 868 2631 δικαίως
899 2570 1183 2641 ἀνέμενον,
1213 2568 1402 2645 παρὼν
1434 2568 1652 2645 ἤγειρεν
1711 2567 1905 2633 αὐτοὺς
1933 2568 1994 2625 ἐκ

338 2660 542 2735 νεκρῶν
574 2657 613 2713 ³.

2098 1954 2157 2003 et
2176 1948 2295 2003 vita
2325 1953 2531 2004 nostra
2552 1955 2754 2004 exorta
2776 1955 2866 2004 est
2881 1950 3191 2023 peripsum
3215 1955 3275 2005 et
3294 1957 3542 2006 mortem
3563 1952 3751 2021 ipsius

2101 2038 2301 2108 (quam
2334 2037 2573 2109 quidam
2608 2045 2847 2109 negant,
2877 2056 2984 2111 per
3013 2039 3169 2111 quod
3195 2041 3540 2112 mysterium
3575 2040 3752 2096 ﬁdem

2101 2127 2466 2200 accepimus,
2499 2134 2559 2183 et
2585 2136 2829 2199 propter
2860 2128 2971 2183 hoc
3000 2129 3385 2189 sustinemus.
3407 2130 3759 2185 utinvenia-

2104 2232 2236 2272 mur
2266 2215 2543 2287 discipuli
2573 2217 2712 2273 Jesu
2744 2216 2983 2277 Christi.
3020 2216 3202 2273 solius
3233 2217 3492 2273 doctoris
3524 2219 3754 2289 nostri),

2101 2304 2401 2377 quomodo
2442 2322 2552 2361 nos
2595 2306 2924 2377 poterimus
2975 2306 3167 2361 vivere
3213 2307 3342 2363 sine
3394 2307 3543 2378 ipso,
3577 2325 3755 2378 quem

2101 2388 2280 2452 etiam
2304 2394 2628 2467 prophetas,
2656 2410 2791 2450 cum
2821 2401 3021 2450 essent
3049 2395 3262 2467 spiritu
3295 2395 3571 2468 discipuli
3603 2397 3756 2465 ejus,

2100 2491 2169 2540 ut
2196 2485 2501 2540 doctorem
2532 2483 2999 2556 exspectabant?
3020 2485 3090 2539 Et
3117 2491 3359 2556 propter
3379 2486 3487 2541 hoc
3508 2485 3558 2540 is
3578 2502 3756 2557 quem

2102 2573 2952 2647 prmstolabantur,adveniens
2973 2574 3277 2629 suscitavit
3308 2574 3471 2646 ipsos
3494 2591 3567 2631 ex
3600 2591 3758 2631 mor-

2101 2662 2241 2717 tuis.

1690 2758 1756 2816 X.
1780 2760 1960 2815 Nolite
1976 2761 2294 2832 judaizare.

420 2863 507 2929 Μὴ
539 2862 628 2917 οῦν
656 2863 1064 2933 ἀναισθητῶμεν
1092 2862 1198 2933 (53)
1228 2865 1329 2930 τῆς
1384 2857 1769 2936 χρηστότητος
1800 2859 1987 2918 αὐτοῦ.

2173 2861 2342 2919 Absit
2373 2879 2507 2936 ergo
2532 2880 2567 2919 a
2595 2863 2787 2929 nobis,
2810 2880 2931 2920 non
2961 2863 3183 2921 moveri
3204 2862 3569 2937 benignitate
3601 2863 3757 2933 ejus.

339 2951 440 3009 ’Ἂν
472 2950 570 3027 γὰρ
602 2953 748 3027 ἡμᾶς
791 2955 899 3024 (54)
961 2951 1284 3023 μιμήσεται,
1341 2949 1475 3005 καθὰ
1519 2949 1856 3022 πράσσομεν,
1898 2949 1990 3005 οὐκ

2110 2951 2168 3007 Si
2199 2953 2361 3009 enim
2391 2969 2500 3009 nos
2547 2953 2816 3010 imitetur
2845 2953 3172 3011 secundum
3203 2969 3291 3022 ea,
3327 2936 3458 3026 quas
3491 2951 3753 3008 facimus

1756 3050 1923 3105 Vetus
1952 3052 2236 3122 interpres.

1771 3148 2003 3205 CAPUT
2070 3149 2213 3206 VIII.

400 3248 527 3303 Non
561 3250 772 3304 erretis
799 3248 1094 3303 extraneis
1126 3246 1528 3317 opinionibus,
1581 3260 1774 3316 neque
1829 3246 2050 3302 fabulis
2096 3246 2417 3314 veteribus,
2466 3245 2777 3301 inutilibus
2801 3248 3242 3303 exsistentibus.
3273 3248 3328 3302 Si
3362 3247 3522 3303 enim
3554 3263 3743 3318 usque

329 3334 484 3391 nunc
515 3320 844 3376 secundum
873 3319 1243 3391 Judaismum
1274 3318 1540 3391 vivimus,
1575 3318 1933 3391 confitemur
1960 3319 2212 3390 gratiam
2247 3334 2368 3391 non
2402 3318 2716 3391 recepisse.
2751 3319 3114 3373 Divmissimi
3149 3320 3307 3375 enim
3339 3319 3640 3391 prophetas
3656 3334 3751 3391 se:

331 3390 594 3471 cundum
617 3392 916 3471 Christum
946 3391 1144 3445 Jesum
1174 3390 1464 3471 vixerunt.
1500 3390 1746 3471 Propter
1775 3389 1901 3471 hoc
1920 3389 1983 3444 et
2004 3389 2480 3471 persecutionem
2500 3389 2657 3470 passi
2690 3391 3130 3471 sunt,inspirati
3162 3389 3413 3471 aagrat—ia
3438 3389 3645 3471 ipsius,
3676 3390 3751 3445 ad

339 3462 665 3533 certtﬁcare
699 3464 1118 3533 impersuasos,

1194 3460 1432 3515 uoniam
1462 3476 1617 3515 unus
1647 3461 1800 3515 Deus
1821 3466 1937 3533 est,
1956 3460 2061 3533 qui
2096 3461 2494 3517 manifestavit
2526 3461 2788 3532 seipsum
2819 3479 2926 3533 per
2952 3464 3156 3533 Jesum
3188 3460 3487 3518 Christum
3536 3462 3751 3517 Filium

340 3531 526 3616 ipsius
551 3551 566 3600 ;
588 3534 701 3616 qui
724 3531 815 3589 est
844 3533 1030 3605 ipsius
1057 3531 1311 3588 Verbum
1339 3538 1651 3597 aeternum,
1684 3548 1802 3587 non
1833 3548 1868 3587 a
1898 3532 2134 3588 silentio
2167 3533 2551 3605 progrediens
2585 3531 2731 3604 {qui
2757 3531 3086 3589 secundum
3118 3534 3321 3589 omnia
3375 3533 3755 3606 beneplacuit

340 3604 601 3660 mittenti
618 3604 854 3678 ipsum.

1868 3703 2099 3761 CAPUT
2139 3704 2231 3760 IX.

407 3804 463 3858 Si
494 3803 676 3872 igitur
703 3802 766 3858 in
799 3801 1095 3858 veteribus
1124 3802 1302 3859 rebus
1333 3802 1686 3865 conversati,
1719 3801 1781 3857 in
1823 3802 2143 3857 novitatem
2189 3802 2315 3873 spei
2372 3807 2682 3872 venerunt,
2713 3819 2834 3859 non
2874 3802 3131 3874 amplius
3159 3802 3612 3868 sabbatizantes,
3646 3804 3755 3860 sed

338 3875 663 3930 secundum
692 3874 1062 3947 Dominicam
1095 3874 1380 3947 viventes,
1413 3874 1619 3947 iniqua
1643 3879 1699 3929 et
1720 3874 1839 3947 vita
1864 3878 2069 3928 nostra
2097 3879 2228 3929 orta
2251 3878 2341 3929 est
2368 3890 2470 3947 per
2502 3874 2779 3947 ipsumet
2809 3882 3058 3929 mortem
3092 3875 3278 3947 ipsius
3308 3875 3489 3947 (quod
3513 3875 3756 3947 quidam

335 3953 573 4017 negant,
603 3961 708 4017 per
738 3946 893 4016 quod
932 3945 1281 4017 mysterium
1306 3946 1613 4015 accepimu
1637 3962 1664 3999 s
1695 3945 1959 4017 credere,
2009 3949 2069 3999 et
2124 3951 2365 4015 propter
2408 3945 2531 4017 hoc
2562 3946 2947 4017 sustinemus,
2978 3952 3044 4001 ut
3084 3945 3454 4001 inveniamur
3482 3945 3759 4017 discipuli

332 4015 469 4073 Jesu
498 4015 731 4089 Christi,
759 4015 945 4089 solius
975 4015 1234 4089 doctoris
1265 4017 1479 4089 nostri)
1508 4032 1521 4082 ;
1554 4015 1850 4086 quomodo
1881 4032 1992 4072 nos
2022 4017 2345 4089 poterimus
2365 4016 2554 4072 vivere
2585 4016 2712 4089 sine
2738 4018 2863 4089 ipso
2898 4019 3104 4089 ;7cujus
3136 4024 3195 4073 et
3226 4015 3738 4089 prophetae,disci-

336 4089 458 4160 puli
492 4087 1095 4162 exsistentesspiritu,
1129 4088 1337 4162 ipsum
1357 4094 1421 4143 ut
1448 4087 1752 4144 doctorem
1782 4087 2250 4159 exspectabant?
2280 4094 2338 4142 et
2367 4092 2608 4160 propter
2638 4087 2938 4159 hoc—quod
2963 4090 3123 4162 juste
3151 4087 3571 4161 exspectabant
3590 4106 3741 4162 pra}-

341 4159 478 4215 sens
510 4160 811 4215 suscitavit
845 4159 1006 4231 ipsos
1031 4176 1103 4215 ex
1125 4159 1393 4214 mortuis.

1866 4257 2097 4314 CAPUT
2151 4257 2218 4311 X.

408 4359 533 4413 Non
563 4356 742 4429 igitur
770 4372 890 4413 non
921 4356 1247 4413 sentiamus
1268 4355 1694 4430 benignitatem
1724 4356 1931 4429 ipsius.
1962 4355 2019 4412 Si
2052 4356 2214 4413 enim
2244 4372 2354 4412 nos
2379 4362 2773 4428 persequatur
2796 4357 3127 4415 secundum
3177 4358 3335 4431 quod
3389 4373 3728 4431 operamur,

416 4485 436 4519 ³
458 4482 659 4538 Matth.
689 4499 866 4551 xxvii,
898 4485 987 4538 52.

418 4608 535 4676 (47)
563 4607 827 4679 Ignatius
857 4623 978 4663 non
999 4606 1116 4664 duo
1165 4607 1397 4664 diversa
1443 4606 1862 4662 haereticorum
1882 4620 1998 4679 _ge-
2029 4607 2075 4673 D
2109 4604 2351 4679 telerius
2379 4608 2455 4676 (a.
2491 4604 2550 4660 h.
2585 4604 2651 4675 l.)
2684 4609 2741 4660 et
2762 4605 2949 4679 Bothe
2977 4607 3153 4675 (Anf.,
3184 4624 3239 4678 p.
3280 4607 3428 4679 726),
3460 4608 3752 4673 Iguatium

349 4675 512 4745 nera,
545 4675 652 4734 sed
680 4694 865 4735 unum
899 4685 1131 4735 tantum
1162 4695 1370 4748 genus,
1393 4680 1816 4750 judaizantium
1865 4675 1996 4750 dico

343 4753 669 4822 Docetarum
692 4751 1018 4822 impugnat.
1034 4751 1114 4807 Cf.
1148 4751 1378 4822 Proleg.
1397 4748 1602 4822 nostra
1620 4749 1692 4805 ad
1717 4748 1998 4822 epistolas

344 4821 403 4878 S.
434 4821 646 4895 Ignatii
680 4820 954 4895 Nr.'_V,'6,
985 4827 1045 4878 et
1099 4820 1511 4888 Dusterdieck,
1542 4822 1616 4877 De
1666 4820 1998 4891 Igﬁatiana-

340 4892 652 4966 rum'epist.
672 4892 999 4966 “authentia,
1033 4910 1090 4965 p.
1116 4896 1183 4949 55
1215 4911 1347 4966 sqq.

412 4964 527 5035 (48)
557 4964 640 5019 Cf.
667 4965 690 5018 Ι
721 4964 868 5035 Tim.
901 4981 939 5033 ι,
966 4967 999 5020 4
1024 4983 1039 5031 ;
1066 4968 1202 5035 1v,_7
1234 4981 1249 5030 ;
1282 4964 1390 5035 Tit.
1425 4981 1467 5032 ι,
1510 4966 1596 5021 14.

408 5032 521 5106 (49)
552 5038 671 5091 Aut
694 5034 861 5105 νόμον
895 5041 997 5091 aut
1026 5032 1363 5107 Ἰουδοιῖσμόν
1396 5037 1995 5107 interpretamentum

340 5105 757 5176 esse,summo
782 5122 1079 5163 consensu
1104 5105 1479 5163 contendunt
1499 5105 1771 5162 editores.
1792 5105 1993 5160 Jacob-

340 5194 553 5235 sonum
584 5185 823 5234 secutus
851 5177 1017 5249 νόμον
1046 5179 1215 5235 uncis
1247 5179 1483 5244 inclusi,
1516 5178 1657 5250 quia
1690 5183 1865 5250 vetus
1895 5177 1990 5231 in—

339 5255 567 5332 terpres
594 5248 938 5332 Judaimlum
964 5254 1203 5332 tanturn
1216 5248 1838 5332 exhibeaet'nosinfra
1857 5263 1906 5301 c.
1926 5250 1991 5301 10

339 5320 611 5395 legimus,
641 5323 779 5395 κατὰ
812 5320 1237 5395 Χριστιανισμὸν
1268 5323 1388 5391 ζῇν.

405 5390 516 5461 (50)
546 5390 1151 5466 Ιςηοιίοιιοοιῃαειίεοε
1174 5390 1695 5466 οοηιοοάυιιι,ὓει-ἱ
1718 5391 1815 5447 hic
1827 5405 1990 5445 men-

336 5464 775 5535 tionem'xzyic
811 5464 1100 5520 Valentini
1132 5464 1415 5535 Gnostici.
1440 5470 1499 5518 et
1526 5464 1663 5519 inde
1680 5478 1989 5533 apparere,

337 5536 651 5608 epistolam
681 5534 949 5608 nostram
980 5553 1099 5591 non
1132 5534 1205 5608 ab
1237 5536 1460 5608 Ignatio
1493 5551 1620 5608 esse
1666 5543 1985 5608 exaratam.

342 5604 1305 5681 RespondetVossius,regspexisse
1334 5607 1626 5681 lgnatium
1657 5606 1730 5661 ad
1745 5604 1987 5681 Gnosti-

340 5694 441 5734 eos
459 5676 784 5735 Valentino
816 5676 1182 5751 antiquiores
1201 5676 1446 5749 ;meli'us
1476 5684 1674 5735 autem
1696 5676 1989 5751 aguntCo-

2108 4677 2350 4739 dixisse,
2384 4682 2697 4732 monentes
2733 4693 2745 4730 :
2775 4676 3041 4732 Christus
3073 4684 3161 4733 est
3186 4676 3444 4734 Verbum
3464 4680 3565 4734 Dei
3588 4688 3752 4736 aeter-

2108 4764 2274 4812 num,
2308 4748 2466 4818 quod
2495 4763 2614 4803 non
2632 4748 2835 4819 instar
2859 4749 3101 4804 humani
3127 4751 3420 4805 sermonis
3436 4758 3563 4819 post
3591 4753 3751 4807 silen-

2108 4819 2247 4874 tium
2273 4835 2366 4873 seu
2395 4836 2422 4873 e
2450 4818 2672 4873 silentio
2704 4820 3222 4890 progreditur,non
3243 4818 3747 4890 junius’estsilen-

2104 4891 2208 4963 tio,
2234 4890 2338 4945 sed
2365 4889 2842 4963 a’ternuimSimili
2870 4891 3582 4963 modojaminterpolator
3595 4892 3752 4948 hunc

2105 4961 2298 5018 locum
2329 4961 2632 5032 explicuit.

2176 5034 2281 5099 (5|)
2307 5033 2348 5088 Ι.
2376 5049 2427 5087 e.
2464 5032 2525 5087 in
2564 5033 2748 5086 Veteri
2783 5035 3143 5087 Testamento.

2174 5106 2287 5174 (52)
2315 5106 2451 5160 Post
2482 5103 2747 5173 κυριακήν
2779 5104 3117 5159 necessario
3172 5100 3380 5174 ἡμέραν
3414 5103 3755 5161 subintelli-

2102 5175 2359 5249 gendum
2386 5174 2659 5249 est,quod
2691 5190 2761 5229 ex
2793 5175 3181 5249 sequentibus
3213 5174 3748 5249 patet.Smru.Z_mf,v

2100 5245 2222 5302 non
2251 5262 2386 5303 cum
2416 5246 2698 5317 κυριακήν,
2734 5245 2838 5300 sed
2868 5261 3002 5301 cum
3036 5245 3232 5314 ζῶντες
3270 5247 3750 5319 conjungendum

2100 5325 2192 5374 est
2239 5321 2348 5376 Pas
2359 5334 2520 5374 BSON.

2172 5391 2284 5465 (53)
2314 5388 2498 5465 Verba
2523 5389 2577 5444 S.
2615 5387 2776 5443 Pauli
2806 5388 2881 5444 ad
2901 5389 3069 5444 Rom.
3096 5405 3157 5457 ιι,
3191 5390 3222 5444 4
3243 5388 3304 5444 in
3344 5395 3543 5445 mente
3586 5391 3750 5465 Igna-

2100 5461 2164 5516 tii
2181 5460 2373 5516 'l‘uisse
2404 5460 2698 5515 videntur.

2100 5532 2265 5607 @154
2316 5532 2358 5587 Ι.
2401 5548 2453 5588 e.
2504 5533 2567 5607 si
2610 5536 2750 5607 Deus
2794 5532 2995 5607 eodem
3023 5533 3184 5588 modo
3238 5533 3517 5590 nobiscum
3563 5542 3755 5607 ageret

2103 5604 2339 5659 Vossius
2372 5608 2432 5660 et
2469 5602 2570 5658 alii
2601 5602 2837 5659 malunt
2861 5603 3173 5673 τιμήσεται.
