4080 6134
331 286 446 344 675

1291 283 1568 346 SANCTI
1614 284 1920 346 IGNATII
1962 283 2371 346 EPISTOLIE
2412 285 2816 347 (ΞΕΝΠΙΝΒ.

3628 290 3751 351 6‘16

396 428 448 476 et
476 423 744 489 sanguine
773 428 825 476 et
860 422 1115 490 passione
1141 421 1267 475 Jesu
1324 420 1547 484 Christi,
1587 423 1706 490 spei
1756 427 1972 489 nostra,

2156 420 2292 492 οὔσῃ
2327 416 2377 472 ὲν
2409 419 2563 492 σαρκὶ
2597 419 2687 474 καὶ
2720 418 2910 490 αἵματι
2940 421 2959 493 [
2992 425 3103 493 (69)
3133 420 3248 494 καὶ]
3292 428 3374 496 τῷ
3425 422 3584 479 πάθει
3635 425 3742 497 ’1η-

402 511 622 583 quando
661 526 1004 580 resurgemus
1034 510 1108 565 ad
1153 526 1274 565 eum
1302 528 1325 574 ;
1373 525 1540 580 quam
1586 516 1640 564 et
1686 510 1869 566 saluto
1920 512 1979 566 in

392 602 747 671 plenitudine
774 602 835 655 in
877 602 1178 671 apostolico
1226 600 1561 668 charactere,
1611 602 1808 671 cuique
1841 602 1979 673 plu-

402 692 600 746 rimam
628 696 757 762 opto
785 690 1040 747 salutem.

2163 512 2265 562 σοῦ
2297 508 2559 582 Χριστοῦ,
2613 513 2713 577 τῆς
2769 506 2997 571 ἐλπίδος
3047 513 3207 583 ἡμῶν
3245 511 3296 567 ἐν
3344 516 3414 586 τῇ
3460 514 3535 576 εἰς
3585 515 3745 570 αὑτὸν

2160 593 2459 652 ἅναστάσει·
2528 595 2596 667 ἢν
2648 597 2740 652 καὶ
2796 598 3108 672 ἀσπάζομαι
3180 599 3233 655 ἐν
3291 605 3371 673 τῷ
3428 607 3538 676 (70)
3594 601 3746 675 πλη-

2163 686 2401 762 ρώματι,
2435 686 2489 741 ἰν
2540 688 2652 760 (71)
2708 686 3064 761 ἀποσταλικῴ
3123 698 3457 769 χαρακτῆρι,
3510 694 3602 749 καὶ
3657 690 3750 750 εὕ-

2164 795 2236 853 χο
2245 798 2342 850 μαι
2372 774 2605 832 πλεῖστα
2635 775 2874 851 χαίρειν.

1356 907 1398 961 Ι.
1432 907 1578 960 Laus
1604 911 1787 961 vestra
1814 921 1915 976 per
1943 903 2241 974 Polybium
2270 904 2410 959 mihi
2440 906 2706 962 innotuit.

400 1035 757 1088 Constanter
779 1030 1143 1101 inculpatum
1158 1035 1215 1086 et
1238 1029 1696 1102 inseparabilem
1721 1034 1983 1085 mentem

331 1122 575 1194 cognovi
598 1138 699 1176 vos
724 1119 965 1187 habere,
1016 1137 1137 1174 non
1180 1136 1291 1174 usu
1341 1119 1554 1187 solum,
1608 1119 1710 1174 sed
1762 1120 1982 1185 indole,

333 1209 840 1282 quemadmodum
873 1209 934 1263 id
963 1209 1108 1264 mihi
1142 1209 1453 1280 episcopus
1484 1214 1676 1263 vester
1705 1208 1985 1280 Polybius

331 1301 637 1365 indicavit,
666 1300 767 1371 qui
792 1299 1056 1371 Smyrnae
1077 1298 1268 1354 adfuit
1289 1314 1394 1369 per
1417 1298 1784 1353 voluntatem
1804 1299 1905 1354 Dei
1928 1304 1986 1353 et

327 1394 468 1449 Jesu
499 1393 737 1458 Christi,
779 1393 999 1463 quique
1029 1392 1175 1446 mihi
1208 1391 1402 1447 vincto
1454 1391 1515 1445 in
1565 1392 1705 1446 Jesu
1752 1391 1984 1446 Christo

327 1484 411 1538 ita
433 1481 873 1555 congratulatus
900 1487 1007 1548 est,
1041 1486 1104 1535 ut
1126 1496 1361 1535 omnem
1386 1480 1835 1535 multitudinem
1859 1496 1988 1535 ves-

326 1579 479 1628 tram
512 1574 571 1626 in
603 1589 670 1627 eo
699 1570 1137 1642 contemplatus
1169 1569 1304 1625 sim.
1334 1570 1648 1641 Excipiens
1679 1570 1840 1625 enim
1873 1587 1988 1642 per

325 1662 523 1734 ipsum
557 1667 837 1721 vestram.
870 1676 1002 1730 quas
1034 1659 1363 1714 secundum
1418 1660 1601 1715 Deum
1653 1665 1762 1728 est,
1800 1658 1980 1715 bene-

330 1751 678 1817 volentiam,
712 1766 810 1804 vos
841 1750 1019 1820 ipsos,
1053 1765 1203 1819 quos
1223 1748 1488 1820 cognovi,
1520 1748 1851 1804 imitatores
1881 1749 1984 1805 Dei

328 1840 632 1895 invenisse
662 1838 927 1894 videbar.

2016 1793 2064 1859 Β

2170 1028 2236 1083 Ἀ
2251 1048 2446 1101 μωμον
2490 1024 2730 1083 διάνοιαν
2755 1030 2846 1083 καὶ
2879 1032 2994 1103 (72)
3025 1027 3339 1107 ἀδιάκριτον
3387 1031 3438 1087 ἐν
3492 1034 3748 1110 ὑπομονῇ

2093 1114 2266 1192 ἔγνων
2299 1117 2438 1190 ὑμᾶς
2468 1114 2719 1191 ἔχοντας,
2748 1122 2858 1191 (73)
2887 1118 2949 1174 οὗ
2979 1120 3116 1175 κατᾶ
3147 1128 3371 1196 χρῆσιν,
3404 1120 3554 1179 ἀλλὰ
3609 1126 3750 1181 κατὰ

2094 1206 2273 1283 φύσιν,
2304 1206 2488 1270 καθὼς
2534 1203 2813 1276 ἐδήλωσεν
2857 1228 2951 1281 μοι
3008 1204 3309 1277 Ηολύϐιος,
3365 1211 3394 1265 ὁ
3447 1209 3749 1275 ἐπίσκοπος

2096 1296 2272 1367 ὑμῶν,
2307 1294 2365 1358 ὅς
2396 1295 2716 1371 παρεγένετο
2748 1296 3023 1371 Θελήματι
3055 1303 3189 1355 Θεοῦ
3234 1301 3327 1355 καὶ
3376 1303 3563 1372 Ἰησοῦ
3612 1306 3750 1378 Χρι-

2092 1389 2189 1439 τοῦ
2220 1384 2271 1439 ἐν
2304 1384 2552 1459 Σμύρνῃ,
2582 1386 2669 1440 καί
2704 1384 2878 1448 οὕτως
2927 1409 3023 1461 μοι
3052 1389 3322 1465 συνεχάρη
3374 1388 3644 1465 δεδεμένῳ
3692 1392 3745 1448 ἐν

2097 1476 2281 1542 ἰησοῦ
2346 1478 2591 1547 Χριστῷ,
2631 1472 2771 1530 ὥστε
2823 1498 2890 1549 με
2935 1477 2998 1532 τὸ
3046 1482 3149 1532 πᾶν
3196 1477 3414 1548 πλῆθος
3477 1481 3631 1552 ὑμῶν
3692 1480 3747 1535 ἐν

2094 1563 2242 1634 αὐτῷ
2286 1566 2397 1635 (74)
2448 1569 2788 1639 θεωρεῖσθαι.
2838 1564 3265 1640 Ἀποδεξάμενος
3314 1566 3405 1623 οὖν
3452 1572 3552 1639 τήν
3611 1570 3751 1626 κατᾶ

2096 1656 2225 1708 Θεὸν
2262 1652 2472 1709 εὔνοιαν
2510 1652 2581 1708 δι’
2614 1654 2803 1723 αὐτοῦ,
2858 1660 2972 1730 (75)
3029 1654 3183 1728 ἔδοξα
3237 1659 3408 1733 εὑρεῖν
3463 1660 3627 1734 ὑμᾶς,
3668 1660 3745 1724 ὠς

2094 1739 2287 1819 ἔγνων,
2323 1743 2574 1819 μιμητὰς
2610 1740 2765 1810 ὄντας
2793 1750 2948 1804 Θεοῦ.

1220 1936 1291 1990 Il.
1323 1937 1509 1991 Estote
1536 1935 1773 2005 subjecti
1801 1936 2083 2006 episcopo,
2109 1937 2443 2008 presbyteris
2480 1944 2533 1993 et
2563 1938 2839 1995 diaconis.

400 2065 544 2118 Cum
568 2062 729 2117 enim
754 2061 1033 2132 episcOpo
1056 2057 1309 2131 subjecti
1338 2060 1468 2115 sitis
1488 2064 1554 2114 ut
1571 2061 1708 2115 Iesu
1730 2060 1983 2130 Christo,

325 2151 612 2207 videmini
647 2151 943 2213 mihi.non
961 2148 1288 2203 secundum
1314 2148 1753 2207 hominem.sed
1773 2165 1985 2204 secun-

322 2241 466 2297 dum
498 2241 695 2296 Jesum
728 2239 1028 2294 Christum
1059 2236 1270 2303 vivere,
1296 2237 1395 2309 qui
1424 2244 1666 2310 propter
1687 2255 1791 2293 nos
1818 2255 1977 2293 mor-

323 2336 462 2388 tuus
494 2336 604 2397 est,
638 2335 701 2384 ut
730 2328 1043 2385 credentes
1074 2328 1134 2382 in
1184 2332 1437 2382 mortem
1488 2327 1676 2399 ipsius
1727 2334 1980 2383 mortem

328 2420 624 2492 effugiatis
665 2416 1084 2473 Necessurium
1110 2416 1309 2488 itaque
1341 2422 1449 2477 est.
1479 2416 1982 2488 quemadmodum

322 2510 540 2575 facitis,
575 2515 637 2563 ut
668 2508 793 2564 sine
829 2507 1103 2578 episcopo
1134 2505 1285 2560 nihil
1308 2506 1515 2577 agatis,
1544 2505 1645 2561 sed
1669 2512 1727 2561 et
1748 2505 1987 2578 presby-

326 2599 474 2654 terio
505 2597 726 2653 subditi
758 2596 907 2665 sitis,
940 2602 1005 2650 ut
1036 2594 1322 2666 apostolis
1375 2599 1517 2650 Jesu
1569 2595 1807 2661 Christi,
1859 2595 1984 2666 spei

324 2695 566 2756 nostra),
600 2686 660 2740 in
696 2701 812 2757 quo
844 2690 1266 2740 conversantes
1298 2683 1693 2739 inveniamur.
1740 2685 1984 2755 Oportet

320 2783 523 2832 autem
556 2780 615 2831 et
640 2775 945 2835 diaconos.
978 2774 1079 2845 qui
1118 2778 1260 2828 sunt
1287 2772 1525 2829 diaconi
1556 2772 1976 2845 mysteriorum

320 2867 454 2922 Jesu
485 2866 721 2934 Christi,
766 2865 929 2919 omni
981 2860 1156 2918 modo
1211 2861 1490 2917 omnibus
1537 2862 1796 2933 placere.
1854 2863 1979 2916 Non

322 2955 482 3012 enim
513 2956 781 3011 ciborum
814 2958 872 3009 et
900 2957 1147 3025 potuum
1180 2950 1440 3007 ministri
1473 2955 1633 3018 sunt,
1662 2950 1765 3007 sed
1786 2949 1985 3006 Eccle-

2168 2061 2336 2117 Ὅταν
2395 2060 2505 2136 γὰρ
2558 2064 2638 2132 τῷ
2697 2060 2979 2135 ἐπισκόπει)
3037 2063 3399 2120 ὑποτάσσεσθε
3454 2067 3529 2126 ὡς
3569 2065 3752 2134 Ἰησοῦ

2098 2147 2339 2221 Χριστῷ,
2374 2149 2625 2225 φαίνεσθὲ
2659 2170 2754 2223 μοι
2785 2150 2847 2206 οὐ
2876 2151 3010 2206 κατὰ
3040 2155 3154 2224 (⁸76)
3204 2147 3482 2226 ἄνθρωπον
3528 2158 3748 2223 ζῶντες,

2095 2235 2242 2291 ἀλλᾶ
2271 2237 2410 2293 κατᾶ
2442 2240 2655 2307 Ἰησοῦν
2687 2240 2943 2311 Χριστὸν,
3002 2241 3095 2295 τὸν
3143 2238 3215 2295 δι’
3259 2243 3373 2316 (77)
3424 2245 3566 2313 ἡμᾶς
3617 2244 3757 2299 ἀπο.

2102 2326 2349 2393 θανόντα,
2407 2326 2498 2380 ἳνα
2556 2328 2932 2391 πιστεύσαντες
2990 2329 3066 2392 είς
3152 2330 3246 2385 τὸν
3303 2332 3530 2387 θάνατον
3588 2332 3754 2386 αὐτοῦ

2098 2413 2162 2468 τὸ
2193 2414 2477 2469 ἀποθανεῖν
2518 2416 2811 2496 ἐκφῦγτίτε.
2848 2420 3167 2493 Ἀναγκαῖον
3209 2420 3300 2474 οὖν
3357 2419 3518 2485 ἐστιν,
3567 2418 3753 2496 ὥσπερ

2098 2508 2326 2572 ποιεῖτε,
2368 2502 2489 2560 ἄνευ
2540 2510 2639 2559 τοῦ
2697 2504 2998 2562 ἐπισκόπου
3056 2505 3225 2581 μηδὲν
3267 2510 3523 2581 πράσσειν
3584 2508 3751 2583 ὑμᾶς,

2098 2589 2227 2647 ἀλλ’
2286 2595 2399 2666 (78)
2456 2594 2851 2660 ὑποτάσσεσθαι
2938 2597 3027 2652 καὶ
3082 2602 3165 2670 τῷ
3220 2593 3618 2673 πρεσϐυτερίῳ,
3675 2599 3753 2662 ὡς

2096 2686 2215 2742 τοῖς
2245 2681 2575 2745 ἀποστόλοις
2610 2685 2790 2754 Ἰησοῦ
2832 2687 3088 2760 Χριστοῦ,
3138 2693 3238 2756 τῆς
3288 2684 3511 2749 ἐλπίδος
3565 2688 3750 2759 ἡμῶν,

2098 2769 2151 2824 ἐν
2183 2771 2229 2842 ᾧ
2278 2768 2554 2847 διάγοντες
2616 2776 2731 2847 (79)
2790 2774 3209 2849 εὑρεθησόμεθα.
3257 2780 3365 2850 (80)
3414 2782 3505 2831 Δεῖ
3553 2774 3612 2831 δὲ
3659 2777 3751 2832 καὶ

2094 2858 2223 2921 τοὺς
2251 2856 2551 2929 διακόνους,
2613 2860 2771 2927 ὄντας
2826 2866 2939 2938 (81)
3001 2863 3317 2938 μυστηρίων
3378 2866 3559 2935 Ἰησοῦ
3616 2869 3751 2940 Χρι·

2094 2953 2245 3019 στοῦ,
2289 2950 2428 3006 κατὰ
2482 2952 2657 3007 πάντα
2705 2954 2909 3022 τρόπον
2964 2957 3128 3009 πᾶσιν
3187 2954 3454 3029 ἀρίσκειν.
3514 2954 3592 3012 Οὐ
3643 2954 3743 3031 γὰρ

1798 3065 1951 3119 Vetus
1983 3065 2272 3135 interpres.

325 3201 355 3230 «
376 3179 660 3249 Ignatius,
679 3176 780 3249 qui
803 3172 1288 3249 etA'l‘heOphorus.
1311 3171 1550 3249 dilectas
1571 3171 1690 3249 _Deo
1711 3169 1870 3249 Patri
1884 3171 1919 3249 _J
1927 3186 2029 3225 esu
2059 3171 2272 3249 Christi
2290 3172 2568 3249 Eeclesiw
2588 3181 2827 3249 sanctae,
2852 3175 3135 3249 existenti
3151 3176 3209 3230 in
3233 3176 3536 3233 Trallesiis
3566 3179 3741 3246 Asiae,

396 3239 597 3323 electas
620 3239 679 3304 et
697 3239 818 3302 Deo
840 3239 1063 3323 dignas,
1084 3261 1287 3316 pacem
1311 3243 1554 3323 habenti
1570 3243 1631 3323 in
1649 3258 1824 3323 carne
1844 3239 1901 3323 δε
1916 3242 2208 3323 sanguine
2232 3250 2291 3296 et
2313 3246 2587 3323 passione
2602 3248 2742 3323 lesu
2760 3239 2991 3313 chi-isti,
3017 3248 3142 3318 spei
3164 3254 3404 3323 pagum,
3430 3250 3490 3304 in
3520 3239 3745 3323 eaq“;

393 3321 453 3377 in
475 3323 672 3393 ipsum
686 3312 1151 3375 resurrectione:
1173 3332 1352 3389 quam
1372 3320 1430 3370 et
1443 3314 1636 3371 saluto
1660 3314 1721 3368 in
1743 3312 2137 3385 plenitudine,
2153 3314 2214 3368 in
2228 3312 2553 3386 apostolico
2568 3318 2993 3387 charactere,et
3004 3312 3108 3374 oro
3122 3312 3448 3391 plurimum
3461 3312 3746 3395 gaudere.

1877 3420 2108 3477 CAPUT
2146 3422 2191 3478 Ι.

400 3535 919 3607 Iucoinquinatam
952 3537 1214 3588 mentem
1248 3536 1307 3586 et
1337 3528 1796 3607 inseparabilem
1828 3527 2278 3607 insustinentia
2309 3532 2681 3607 cognovivos
2711 3533 3014 3593 habentes.
3037 3550 3152 3607 non
3184 3532 3740 3607 secundumusum,

332 3610 436 3667 sed
470 3599 793 3664 secundum
829 3612 1142 3677 naturam;
1178 3599 1693 3677 quemadmodum
1707 3599 1971 3677 ostendit
2003 3600 2147 3677 mihi
2181 3599 2455 3677 Polybius
2477 3604 2790 3677 episcopus
2818 3611 3021 3662 vester.
3045 3604 3143 3673 qui
3169 3603 3405 3658 advenit
3430 3599 3739 3663 voluntate

339 3682 444 3738 Dei
476 3686 535 3736 et
564 3681 698 3736 Jesu
730 3678 968 3754 Christi.
1001 3677 1062 3754 i_n
1096 3671 1382 3754 Smyrna;
1415 3678 1473 3727 et
1503 3671 1765 3754 sic‘milii.
1794 3671 2144 3754 conbavisus
2185 3671 2585 3730 est‘vincto'in
2618 3671 2857 3754 Christo
2875 3678 3024 3743 Iesu,
3049 3671 3113 3728 ut
3134 3688 3236 3745 ego
3259 3689 3498 3754 omnem
3523 3677 3733 3730 multi-

329 3754 885 3825 tudinemivestram
918 3748 979 3802 in
1013 3748 1141 3825 ipso
1174 3743 1536 3825 specularer.
1568 3744 1881 3825 Recipiens
1911 3743 2089 3825 igitur
2112 3760 2265 3825 eam,
2299 3762 2430 3825 qua;
2456 3748 2782 3804 secundum
2823 3749 3026 3813 Deum,
3072 3743 3581 3815 aequanimitatem
3622 3762 3734 3817 per

324 3825 543 3897 ipsum,
575 3824 861 3895 gloriatus
892 3836 1023 3875 sum
1039 3814 1364 3873 inveniens
1394 3833 1511 3885 vos,
1545 3820 1609 3871 ut
1639 3814 1903 3889 cognovi,
1936 3814 2266 3871 imitatores
2299 3814 2419 3873 Dei.

1857 3931 2088 3986 CAPUT
2124 3931 2196 3986 Il.

396 4030 538 4085 Cum
576 4028 737 4084 enim
770 4025 1048 4097 episcopo
1081 4022 1330 4095 subjecti
1364 4022 1506 4077 estis
1523 4026 1587 4076 ut
1607 4021 1634 4075 Ι
1642 4036 1747 4076 esu
1767 4019 2021 4088 Christo,
2044 4019 2322 4077 videmini
2346 4024 2492 4079 mihi
2514 4040 2633 4080 non
2659 4022 2981 4080 secundum
3014 4019 3286 4075 homines
3305 4019 3593 4085 viventes,
3629 4020 3737 4076 sed

388 4174 504 4242 (69)
535 4173 734 4227 Insere
765 4167 877 4222 καί,
913 4168 1075 4242 Voss.
1111 4165 1362 4242 Sensus:
1396 4166 1535 4229 Qum
1580 4164 1877 4242 internum
1913 4167 1972 4216 et

320 4234 453 4301 cum
489 4234 630 4298 'Deo
687 4256 893 4313 pacem
951 4238 1182 4294 obtinet
1264 4234 1519 4292 adventu
1576 4240 1634 4290 et
1689 4234 1969 4307 passione

322 4317 581 4457 Cill‘llglll.
615 4401 667 4438 e.
701 4382 870 4453 cujus
901 4380 1177 4435 Ecclesiae
1203 4379 1406 4434 omnia
1437 4378 1628 4433 saluto
1680 4375 1971 4431 membra.

324 4457 514 4512 Suiru.

392 4527 503 4597 (71)
537 4526 623 4581 Uti
657 4525 753 4580 hic
784 4523 907 4597 sibi
929 4520 1274 4597 (episcopo).
1298 4520 1390 4597 _i_t_a
1435 4519 1609 4579 infra.
1661 4536 1711 4597 ο.
1745 4523 1802 4597 2_.
1834 4534 1969 4590 pre-

317 4592 569 4670 sbyteris
602 4612 837 4666 quoque
869 4592 1495 4670 Ecclesim_'l‘ral_lianie
1549 4592 1964 4670 auctoritatem

315 4663 1051 4743 quamdamapostolicam
1076 4663 1285 4743 ttjbuit
1307 4663 1582 4743 lgnatius.
1608 4663 1708 4743 lac
1756 4663 1963 4729 Bothe,

313 4734 440 4808 [inf
464 4782 477 4803 ,
513 4757 568 4811 p.
600 4734 724 4793 499.
759 4737 979 4811 Alii._e.
1014 4753 1090 4811 ες,-
1114 4734 1421 4811 Smi_thius,
1470 4734 1835 4804 apostolicam
1865 4749 1964 4788 sa-

317 4805 619 4878 lutatio'ms
635 4813 872 4878 formam
902 4805 1353 4875 intelligendam
1383 4821 1512 4878 esse
1544 4811 1772 4878 putant.

388 4884 502 4955 (7:)
534 4875 879 4955 Ἀὂὶάκριτον
912 4880 1152 4955 Cfr,_ep.
1189 4879 1374 4955 lgnat.
1410 4876 1484 4932 ad
1515 4875 1731 4955 Ephes.
1764 4893 1821 4955 c.

386 4946 499 5025 (733
534 4946 790 5025 Sensus:
826 4953 944 5006 Non
973 4946 1147 5025 solum
1178 4946 1241 5003 in
1266 4950 1395 5025 vitae
1442 4946 1762 5025 commercio
1804 4946 1966 5001 talem

312 5018 543 5083 mentem
575 5024 854 5079 ostendere
907 5022 1179 5085 studetis;
1227 5020 1322 5075 sed
1374 5036 1438 5075 ea
1484 5018 1720 5074 internae
1776 5026 1968 5073 vestra

310 5105 526 5152 naturae
552 5097 785 5167 prapria
815 5100 913 5149 est.

384 5171 497 5239 (74)
530 5160 615 5223 lla
642 5160 742 5222 .lac
794 5168 877 5220 Ms
926 5161 1534 5239 stpﬁgeszyossius.’
1559 5160 1857 5239 Θεω-ρῆσαι.

384 5228 498 5295 (75)
532 5242 618 5293 Ita
650 5241 810 5293 Voss.
843 5243 902 5292 et
927 5237 1047 5290 Jac.
1084 5236 1184 5288 Ms.
1218 5228 1374 5303 ἔδοξα
1403 5228 1599 5303 εὑρών.
1656 5232 1843 5303 Vetua
1873 5229 1968 5283 in-

313 5315 540 5381 terpres
575 5310 803 5379 legebat
857 5304 1089 5381 ἐδόξασα.
1128 5301 1339 5381 έῇσών,
1376 5301 1633 5381 vertens2
1689 5301 1968 5381 glqriatus

311 5373 450 5447 sum,
482 5373 761 5437 inveniens
788 5396 902 5448 vos,
935 5373 1094 5449 quod
1125 5376 1350 5447 placuit
1379 5373 1673 5430 Cotelario
1725 5379 1785 5428 et
1833 5373 1969 5427 Wo-

314 5453 513 5506 chero.

378 5537 504 5661 $76,)
559 5541 660 5596 Ms.
710 5537 1215 5617 exhibet./\N.Ol‘l_,
1267 5535 1306 5588 i.
1352 5550 1413 5616 ὀ.
1472 5531 1785 5617 ἄνθρωπον,
1845 5547 1968 5587 non

413 5627 672 5661 οωπινον-
692 5615 760 5661 ut
776 5624 808 5661 θ
832 5610 1032 5661 Vossio
1055 5606 1193 5661 libri
1216 5605 1487 5661 plerique
1510 5619 1809 5661 impressi.
1842 5603 1966 5660 Jac.

308 5602 672 5683 ἀνθρώπινον,
692 5615 760 5666 ut
776 5624 808 5663 e
832 5606 1032 5664 Vossio
1055 5606 1193 5661 libri
1215 5605 1487 5676 plerique
1510 5602 1809 5678 impressi.
1842 5603 1966 5660 Jac.

2176 4169 2267 4234 77)
2298 4166 2566 4223 Fortasse
2602 4167 2642 4222 l.
2680 4166 2819 4237 ὑμᾶς
2849 4182 2983 4222 cum
3006 4163 3267 4237 v_et.in_t.,
3295 4161 3395 4237 qui
3419 4162 3602 4218 habet
3619 4179 3737 4221 vos.

2178 4232 2267 4306 78)
2305 4239 2385 4293 Ita
2417 4237 2625 4294 Smith.
2661 4232 2863 4295 et'lac.
2898 4239 2997 4292 Ms.
3025 4232 3404 4306 ὑποτᾴσσεσθε.

2152 4304 2267 4382 (79)
2293 4310 2380 4382 Ita
2410 4326 2521 4365 ms.
2554 4312 2723 4366 Forte
2756 4310 2864 4382 leg.
2900 4304 3342 4381 εὑρεθησοίμεθα.
3379 4304 3531 4361 Male
3589 4306 3739 4362 editi

2083 4377 2524 4451 εὑρεθησὼμεθα.

2155 4451 2264 4523 (8οι
2299 4449 2467 4513 Dicit.
2503 4469 2622 4508 non
2650 4451 2877 4523 debere
2898 4466 3024 4523 esse
3056 4464 3443 4523 quemquam,
3475 4449 3569 4523 cui
3615 4465 3741 4523 non

2080 4520 2358 4594 placeant
2389 4524 2668 4579 omnibus
2727 4522 2916 4594 modis
2965 4520 3436 4594 diaConiiuVoss.
3486 4520 3743 4594 wache-

2076 4591 2177 4649 rus
2201 4595 2263 4650 in
2285 4595 2378 4650 bis
2399 4596 2593 4650 verbis
2616 4593 3090 4651 adhortationem
3114 4593 3187 4647 ad
3219 4592 3503 4647 diaconos
3531 4591 3692 4647 videt
3721 4606 3736 4646 :

2076 4667 2190 4736 Ipsi
2217 4667 2480 4722 studeant
2528 4668 2778 4722 omnibus
2821 4666 3061 4735 placere.
3103 4671 3156 4718 et
3204 4664 3740 4736 sibiavrimi'nibus

2077 4734 2284 4792 cavere.
2318 4737 2479 4794 Male.
2515 4738 2777 4810 lgnatius
2809 4734 2967 4810 enim
3000 4736 3222 4810 nonde
3243 4734 3457 4810 officiis
3484 4734 3737 4810 clerico-

2077 4825 2211 4862 rum
2239 4825 2375 4875 erga
2409 4806 2709 4879 pepulum,
2742 4808 2847 4864 sed
2877 4808 2949 4862 de
2981 4807 3193 4863 ofﬁciis
3226 4806 3426 4877 populi
3450 4821 3590 4878 erga
3612 4806 3739 4861 cle-

2078 4895 2212 4934 rum
2244 4880 2526 4951 loquitur.

2148 4953 2260 5019 (8|)
2291 4945 2356 5006 ln
2385 4951 2585 5006 codice
2618 4966 2727 5006 ms.
2764 4951 2977 5023 legitur
3002 4948 3328 5023 μυστήριον,
3354 4946 3515 5023 quod
3536 4945 3730 5003 Arnd-

2080 5022 2196 5077 tius
2255 5022 2713 5093 interpretatur.
2771 5020 2972 5091 imago.
3006 5021 3335 5093 similitudo.
3387 5020 3534 5074 Cum
3595 5034 3731 5093 vero

2079 5094 2206 5149 huic
2235 5090 2505 5150 vocabuli
2542 5092 2839 5163 μυστήριον
2873 5090 3035 5148 notio
3061 5093 3133 5148 ab
3156 5091 3378 5159 lauatio
3401 5097 3559 5163 certe
3580 5090 3733 5163 ejus-

2078 5181 2193 5235 que
2224 5173 2395 5221 wtate
2419 5161 2614 5219 aliena
2637 5166 2732 5233 sit,
2759 5181 2890 5220 cum
2918 5164 3119 5219 \‘ossio
3141 5164 3394 5234 aliisque
3416 5161 3735 5231 legendum

2079 5244 2169 5291 est
2201 5235 2538 5308 μυστηρίων.
2568 5235 2723 5305 quod
2757 5237 2936 5308 etiam
2962 5236 3116 5308 apud
3140 5235 3626 5308 interpolatorem
3649 5247 3738 5285 re-

2078 5290 2326 5379 peritur.
2362 5290 2475 5362 Cvr.
2520 5290 2931 5379 Dilsterdieclc.
2967 5290 3060 5362 lic
3091 5350 3104 5374 ,
3131 5324 3184 5377 p.
3214 5290 3537 5379 273.:Bieatus
3562 5306 3739 5379 Pater

2079 5376 2414 5451 respexisse
2446 5378 2675 5434 videtur
2704 5378 2779 5434 ad
2804 5379 2980 5451 verba
3002 5376 3266 5449 Apostoli
3299 5378 3593 5451 ΙΤὶιηηιιι,
3622 5376 3654 5429 9
3679 5378 3743 5428 et

2077 5452 2101 5504 Ι
2131 5446 2262 5508 Cor.
2296 5468 2369 5513 ιν,
2407 5456 2455 5505 1.
2490 5452 2557 5506 ln
2588 5451 2773 5523 priori
2804 5446 3068 5507 editione
3097 5455 3156 5505 et
3176 5465 3286 5504 nos
3309 5446 3627 5504 Arndtium
3654 5460 3741 5500 se-

2082 5523 2203 5578 cuti
2237 5538 2466 5579 sumus.
