4080 6134
342 262 460 322 677

1507 257 1898 321 EPISTOLA
1938 257 2045 319 AD
2089 252 2626 318 TRALLIANOS.

3643 265 3761 325 678

340 395 654 471 βρωμάτων
685 392 775 448 καὶ
818 398 1001 449 ποτῶν
1031 392 1160 449 εἰσιν
1195 390 1461 463 διάκονοι,
1490 393 1618 450 ἀλλ’
1669 392 1992 463 Ἐκκλησέας
2024 437 2034 461 Α

2129 393 2208 447 ιὶω
2240 391 2345 449 Dei
2376 393 2634 448 ministri
2702 393 2942 466 Oportet
2972 394 3168 469 igitur,
3192 401 3257 452 ut
3307 397 3419 454 sibi
3451 407 3696 457 caveant
3726 418 3761 458 a

335 488 474 539 Θεοῦ
511 480 797 558 ὑπηρέται.
852 485 980 539 Δὲον
1041 483 1134 538 οὗν
1194 482 1391 546 αὐτοὺς
1424 482 1791 563 φυλάσσεσθαι
1820 482 1888 538 τὰ
1916 479 2006 556 ἐγ-

333 571 601 645 κλήματα
638 571 713 634 ὡς
743 576 873 648 πῦρ.

2119 481 2471 539 criminibus
2506 489 2789 556 tanquam
2819 482 2892 539 ab
2925 484 3081 558 igne.

1269 663 1368 720 Ill.
1402 666 1682 720 Honorate
1720 663 1999 733 diaconos,
2052 665 2363 736 episcopum
2393 671 2446 719 et
2472 665 2834 735 presbyteros.

413 766 659 842 Ὁμοίως
715 766 909 829 πάντες
1004 765 1435 843 ἐντρεπέσθωσαν
1514 768 1641 833 τοὺς
1711 766 1994 831 διακόνους

347 858 421 920 ὠς
451 860 565 932 (82)
598 855 829 927 ἐντολὴν
860 857 1045 928 ἰησοῦ
1071 861 1327 935 Χριστοῦ,
1352 860 1442 915 καὶ
1470 861 1562 916 τὸν
1594 858 1887 916 ἐπίσκοπον
1921 859 1997 922 ὡς

346 947 564 1018 Ἰησοῦν
615 946 900 1020 Χριστὸν,
958 944 1087 1002 ὅντα
1133 947 1256 1003 ne».
1310 952 1408 1004 τοῦ
1467 949 1697 1025 Πατρὸς,
1753 948 1882 1010 τοὺς
1941 944 2001 1002 δὶ

348 1029 748 1110 πρεσϐυτέρους
805 1034 880 1097 ὡς
958 1032 1233 1111 συνέδριον
1288 1035 1425 1093 Θεοῦ
1459 1080 1473 1107 ,
1530 1037 1621 1093 καὶ
1679 1038 1755 1099 ὡς
1811 1033 2001 1091 σύνδε-

352 1149 491 1200 σμον
535 1126 881 1182 ἀποστόλων.
941 1129 1053 1199 (83)
1105 1128 1285 1201 Χωρίς
1340 1127 1550 1184 τούτων
1608 1129 1907 1199 Ἐκκλησία
1938 1126 1999 1181 οὗ

350 1217 621 1274 καλεῖται.
666 1218 791 1291 Περὶ
841 1217 915 1271 ὧν
946 1219 1241 1291 πέπεισμαι
1302 1219 1444 1292 ὑμᾶς
1494 1219 1667 1280 οὕτως
1725 1213 1893 1294 ἔχειν.
1922 1220 2000 1275 Τὸ

349 1310 453 1385 γάρ
486 1305 856 1379 ἐξεμπλάρεον
890 1314 991 1376 τῆς
1049 1306 1264 1382 ἀγάπης
1326 1309 1479 1383 ὑμῶν
1510 1302 1732 1376 ἔλαϐον,
1761 1308 1853 1363 καὶ
1886 1302 2002 1383 ἔχω

352 1404 462 1472 μεθ’
495 1398 607 1471 (84)
648 1398 842 1451 ἑαυτοῦ
890 1396 944 1452 ἐν
974 1401 1054 1470 τῷ
1085 1395 1370 1469 ἑπισκόπῳ
1423 1398 1602 1470 ὑμῶν,
1661 1396 1724 1452 οὗ
1785 1396 1914 1452 αὐτὸ
1940 1396 2004 1452 τὸ

348 1491 672 1559 κατάστημα
732 1483 944 1562 μεγάλη
1005 1487 1293 1559 μαθητεὶα,
1338 1488 1373 1557 ἡ
1431 1484 1488 1542 δὲ
1533 1487 1778 1563 πραότης
1834 1485 2001 1541 αὐτοῦ

2176 769 2383 827 Cuncti
2411 770 2690 828 similiter
2718 777 3102 829 revereantur
3121 773 3401 831 diaconos
3423 781 3489 831 ut
3518 777 3763 834 manda-

2105 863 2230 916 tum
2260 862 2396 917 Iesu
2428 862 2666 927 Christi,
2690 870 2749 918 et
2767 863 3111 936 episc0pum
3144 870 3209 920 ut
3234 866 3434 921 Iesum
3464 866 3762 923 Christum

2109 950 2325 1006 Filium
2367 951 2579 1018 Patris,
2616 957 2677 1006 et
2703 952 3081 1024 presbyteros
3132 959 3200 1009 ut
3247 962 3520 1011 senatum
3570 955 3671 1011 Dei
3705 960 3766 1011 et

2109 1040 2431 1096 concilium
2464 1041 2888 1113 apostolorum.
2919 1043 3057 1099 Sine
3087 1043 3179 1099 his
3210 1044 3473 1100 Ecclesia
3510 1061 3630 1100 non
3660 1061 3728 1099 νο
3748 1076 3765 1086 -

2110 1136 2294 1186 catur.
2328 1131 2409 1185 De
2466 1130 2561 1186 his
2617 1148 2717 1185 vos
2770 1132 2854 1187 ita
2911 1133 3130 1188 sentire
3163 1150 3513 1205 persuasum
3548 1133 3764 1191 habeo.

2113 1220 2429 1292 Exemplar
2450 1221 2608 1275 enim
2643 1221 2947 1277 charitatis
2968 1229 3176 1279 vestras
3205 1225 3405 1295 accepi
3438 1229 3497 1279 et
3527 1240 3762 1280 mecum

2112 1308 2302 1364 habeo
2334 1310 2396 1364 in
2421 1309 2698 1380 episcopo
2739 1315 2968 1365 vestro:
3005 1310 3175 1382 cujus
3206 1313 3333 1383 ipse
3365 1312 3600 1368 habitus
3634 1329 3765 1368 ma-

2113 1414 2228 1471 gna
2252 1398 2574 1468 disciplina
2594 1404 2704 1465 est,
2731 1400 3124 1455 mansuetudo
3148 1417 3283 1455 vero
3308 1404 3439 1471 ejus
3461 1402 3763 1472 potentia;

2113 1504 2313 1558 quem,
2339 1493 2402 1542 ut
2422 1488 2718 1557 existimo,
2751 1495 2809 1543 et
2838 1489 3006 1559 impii
3034 1489 3142 1561 ipsi
3174 1493 3764 1563 reverentur,quibus

351 1574 601 1650 δ·3ναμις’
665 1573 721 1629 ὄν
755 1572 1059 1651 λογίζομαι
1090 1574 1181 1631 καὶ
1208 1575 1336 1636 τοὺς
1391 1577 1579 1639 ἁθὲους
1635 1575 2000 1648 ἐντρέπεσθαι,

2129 1578 2292 1633 etiam
2327 1578 2538 1649 placet,
2572 1579 2728 1648 quod
2761 1594 2866 1649 ego
2896 1578 3043 1633 mihi
3103 1596 3222 1634 non
3281 1597 3543 1651 parcam.
3591 1583 3766 1647 Num,

351 1665 700 1741 ἀγαπῶντας,
757 1663 832 1726 ὡς
900 1664 961 1719 οὐ
994 1662 1255 1743 φείδομαι
1303 1668 1415 1737 (85)
1457 1665 1670 1722 ἑαυτοῦ.
1732 1669 1841 1739 (86)
1900 1663 2003 1719 ll6-

353 1776 509 1831 τερον
553 1751 850 1827 δυνάμενος
881 1755 1102 1833 γράφειν
1133 1754 1264 1828 ὑπὲρ
1294 1753 1517 1824 τούτου,
1565 1755 1641 1818 εἰς
1688 1759 1852 1810 τοῦτο
1884 1756 2007 1828 (87)

358 1848 535 1923 ᾠήθν,
570 1846 655 1902 ἴνα
711 1842 786 1903 ὥν
844 1848 1167 1922 κατάκριτος
1220 1848 1295 1912 ὡς
1351 1847 1661 1912 ἆπόστοΛος
1724 1849 1852 1921 ὑμῖν
1886 1843 2007 1902 δια-

352 1937 537 1994 τάσσω
544 1958 641 2012 μαι
677 1955 691 2007 ;

2114 1684 2251 1723 cum
2282 1669 2392 1723 hac
2442 1667 2513 1722 de
2547 1684 2608 1722 re
2640 1667 2900 1723 scribere
2933 1668 3082 1723 mihi
3112 1668 3369 1733 licuerit,
3428 1670 3490 1725 in
3543 1675 3766 1726 tantam

2117 1756 2234 1810 mei
2272 1756 2777 1811 existimationem
2809 1756 3039 1824 deveni,
3071 1762 3139 1811 ut
3166 1757 3432 1828 quamvis
3481 1759 3768 1815 condem-

2116 1850 2312 1912 natus,
2347 1844 2505 1900 velut
2534 1845 2837 1916 apostolus
2878 1845 3042 1901 vobis
3074 1846 3461 1918 praeciperem
3491 1846 3519 1902 Ἰ

1340 2039 1430 2094 IV.
1463 2039 1792 2094 Humilitate
1820 2042 1875 2092 et
1900 2035 2323 2092 mansuetudine
2349 2035 2490 2091 mihi
2520 2052 2655 2108 opus
2678 2043 2776 2092 est-

425 2155 630 2228 (8889)
667 2151 857 2210 Πολλὰ
885 2157 1073 2229 φρονῷ
1102 2150 1155 2208 ἐν
1186 2156 1323 2226 Θεῷ-
1371 2151 1499 2209 ἀλλ’
1532 2151 1766 2226 ἐμαυτὸν
1803 2155 2006 2226 μετρῶ,

346 2245 440 2300 ἵνα
473 2246 551 2317 μή
584 2243 637 2299 ἐν
666 2244 938 2322 καυχήσει
983 2241 1301 2316 ἀπόλωμαι.
1354 2246 1459 2295 Νῦν
1490 2241 1594 2316 γάρ
1630 2261 1696 2314 με
1726 2238 1809 2295 δεῖ
1836 2239 2003 2295 πλέον

351 2329 664 2412 φοϐεῖσθαι,
697 2332 787 2388 καὶ
846 2334 924 2407 μή
973 2332 1267 2407 προσέχειν
1321 2339 1439 2394 τοῖς
1480 2330 1762 2409 φυσιοῦσίν
1799 2351 1883 2403 με.
1935 2330 2002 2386 Οἱ

349 2425 451 2499 γὰρ
484 2421 738 2498 λέγοντές
798 2442 892 2495 μοι
955 2422 1309 2499 μαστιγοῦσίν
1374 2442 1459 2494 με.
1520 2418 1745 2498 Ἀγαπὼ
1779 2418 2006 2495 μὲνγὰρ

354 2514 417 2569 τὸ
465 2517 676 2576 παθεῖν’
732 2509 864 2567 ἀλλ’
918 2510 1017 2567 οὐκ
1069 2508 1208 2576 οἶδκ,
1270 2512 1316 2565 εἰ
1375 2508 1522 2581 ἄξιός
1586 2509 1701 2581 εἰμι
1781 2509 1843 2567 Ὁ
1899 2509 2006 2584 γὰρ

359 2602 530 2673 ζῆλος
560 2598 797 2663 πολλοῖς
831 2601 927 2673 μὲν
957 2600 1018 2655 οὐ
1050 2601 1312 2680 φαίνεται,
1338 2599 1433 2672 ἐμὲ
1463 2597 1521 2653 δὲ
1550 2597 1718 2653 πλέον
1750 2594 2004 2669 πολεμεῖ.

346 2691 566 2767 ,Χρῄζω
606 2688 697 2746 οὖν
728 2690 1063 2764 πραότητος,
1113 2688 1165 2743 ἐν
1279 2686 1601 2744 καταλύεται
1636 2689 1663 2742 ὁ
1695 2686 1881 2762 ἅρχων
1909 2691 2007 2741 τοῦ

370 2779 568 2842 αἰῶνος
588 2780 803 2839 τούτου.

2191 2152 2373 2208 Multa
2403 2151 2567 2224 sapio
2598 2152 2659 2208 in
2685 2153 2802 2208 Deo
2827 2170 2841 2220 ;
2875 2152 2979 2208 sed
3008 2152 3155 2208 mihi
3187 2153 3299 2225 ipsi
3333 2154 3571 2209 modum
3599 2154 3767 2210 adbi-

2111 2242 2244 2303 beo.
2269 2259 2341 2298 ne
2374 2242 2682 2314 gloriando
2715 2259 2972 2314 peream.
3020 2244 3188 2298 Nunc
3247 2244 3407 2299 enim
3459 2242 3587 2315 plus
3620 2244 3767 2299 mihi

2117 2332 2445 2387 timendum
2473 2338 2580 2393 est,
2605 2348 2715 2386 nec
2744 2347 2919 2387 aures
2951 2330 3068 2385 illis
3100 2337 3241 2386 sunt
3271 2332 3627 2404 praebenda),
3657 2331 3760 2404 qui

2117 2438 2211 2477 me
2243 2422 2467 2476 inﬂant.
2501 2421 2607 2484 Qui
2662 2419 2820 2475 enim
2868 2437 2964 2475 me
3014 2419 3276 2478 laudant.
3311 2421 3616 2494 ﬂagellant
3644 2439 3763 2479 me.

2118 2513 2261 2567 Nam
2293 2510 2473 2582 diligo
2487 2509 2729 2581 quidem
2754 2511 2873 2582 pati
2897 2528 2911 2576 ;
2934 2510 3039 2566 sed
3060 2511 3366 2575 nescio,an
3393 2512 3606 2585 dignus
3630 2512 3767 2567 sim.

2120 2599 2506 2653 Vehementia
2527 2598 2687 2653 enim
2710 2614 2845 2653 mea
2876 2598 3079 2653 multis
3100 2598 3342 2670 quidem
3376 2617 3494 2655 non
3518 2606 3769 2672 apparet

2118 2705 2212 2743 me
2245 2703 2377 2741 vero
2399 2687 2592 2742 acrius
2614 2686 2940 2759 impugnat.
2967 2688 3126 2759 Opus
3162 2688 3362 2759 itaque
3407 2690 3553 2744 mihi
3600 2706 3798 2744 man-.

2056 2763 2098 2828 C
2122 2774 2458 2846 suetudine,
2508 2792 2626 2847 qua
2655 2775 2932 2848 princeps
2967 2774 3163 2832 saeculi
3197 2777 3376 2849 hujus
3423 2777 3779 2861 destruitur.

1832 2905 1997 2959 Vetus
2028 2901 2300 2973 interpres

368 3011 691 3069 secundum
719 3014 918 3069 Jesum
950 3013 1267 3069 Christum.
1302 3016 1544 3083 propter
1571 3027 1672 3066 vos
1711 3015 2009 3066 mortuum
2035 3027 2048 3077 ;
2080 3013 2147 3063 ut
2176 3006 2484 3083 credentes
2516 3006 2578 3060 in
2607 3010 2861 3083 mortem
2890 3006 3284 3083 ipsiu_s,_mori
3317 3007 3632 3083 effugiatis.
3664 3010 3783 3063 Ne-

363 3084 687 3141 cessarium
719 3086 898 3155 igitur
911 3091 1021 3151 est,
1045 3077 1548 3156 quemadmodum
1572 3083 1782 3151 facitis,
1807 3083 1936 3137 sine
1959 3083 2236 3156 episcopo
2257 3078 2404 3156 nihil
2426 3077 2657 3156 operari
2683 3095 2780 3133 vos
2803 3096 2817 3145 ;
2843 3077 2947 3134 sed
2970 3078 3272 3156 subjici_et
3299 3080 3691 3156 presbyterio,
3715 3085 3780 3136 ut

359 3156 647 3228 apostolis
666 3149 802 3212 Jes'u
824 3149 1212 3228 Christifspei
1232 3160 1482 3221 nostrai;
1511 3155 1574 3209 in
1598 3171 1715 3226 quo
1738 3149 2573 3228 c‘onversantes'inveniamur.
2596 3149 2845 3228 Oportet
2855 3156 3053 3205 autem
3076 3149 3780 3228 etdiaconos,_ministros

357 3220 715 3284 eisistentes
739 3220 1159 3300 mysteriorum
1179 3229 1317 3300 Jesu
1338 3227 1572 3300 Christi.
1602 3220 1927 3300 secundum
1953 3240 2193 3300 omnem
2220 3223 2465 3300 modum
2491 3221 2767 3300 omnibus
2790 3220 3044 3292 placere.
3081 3224 3208 3277 Non
3237 3224 3398 3300 enim
3421 3222 3689 3300 ciborum
3723 3230 3783 3278 et

358 3307 609 3372 potuum
633 3307 775 3355 sunt
794 3292 1053 3356 ministri
1079 3316 1093 3366 ;
1117 3299 1219 3355 sed
1244 3299 1520 3355 Ecclesiae
1544 3299 1645 3353 Dei
1671 3297 1951 3353 ministri.
1981 3297 2350 3368 Opportuum
2372 3293 2552 3366 igitur
2571 3309 2673 3348 vos
2704 3292 3015 3349 observare
3037 3294 3450 3351 accusationes
3467 3300 3533 3350 ut
3554 3295 3781 3377 ignem.

1874 3413 2106 3469 CAPUT
2144 3412 2242 3468 IlI.

434 3535 723 3591 Similiter
744 3540 802 3589 et
829 3550 1039 3591 omnes
1056 3539 1438 3592 revereantur
1460 3533 1763 3601 diaconos,
1795 3536 1861 3588 ut
1889 3531 2235 3587 mandatum
2257 3530 2393 3584 Jesu
2425 3526 2639 3601 Christi
2665 3544 2678 3595 ;
2701 3532 2759 3584 et
2788 3528 3150 3601 episcopum,
3176 3530 3453 3586 utJesum
3486 3528 3785 3585 Christum

369 3608 721 3664 existentem
753 3606 967 3662 Filium
998 3608 1187 3662 Patris
1214 3628 1228 3670 ς
1265 3606 1638 3678 presbyteros
1660 3611 1878 3678 autem,
1912 3611 1977 3678 u_t
1997 3602 2318 3678 concilium
2340 3600 2457 3678 Dei.
2487 3600 3499 3678 et_conjun_ctio_nemapostolorum.
3530 3601 3668 3678 Sine
3696 3602 3785 3657 his

368 3679 631 3735 Ecclesia
659 3695 780 3734 non
812 3685 1083 3735 vocatur:
1114 3679 1185 3735 de
1209 3672 1677 3750 quibus-suadeo
1699 3693 1798 3732 vos
1829 3676 1912 3750 sic
1942 3674 2182 3730 habere.
2222 3672 2860 3750 Exemplapiumenim
2889 3672 3203 3750 Charitatis
3233 3680 3439 3727 vestrae
3470 3672 3693 3750 accepi,
3726 3680 3786 3728 et

370 3751 560 3832 habeo
591 3767 726 3807 cum
762 3751 986 3832 meipso
1009 3751 1068 3805 in
1094 3743 1367 3832 episcopo
1391 3755 1580 3831 vestro
1607 3767 1619 3808 :
1645 3764 1815 3830 culus
1845 3748 1974 3818 ipsa
1995 3744 2342 3832 compositio
2366 3759 2579 3832 magna
2605 3748 2693 3796 est
2720 3743 3140 3825 disciplinatio,
3167 3745 3558 3832 mansuetudo
3584 3752 3783 3832 autem

370 3823 559 3893 ipsius
593 3815 900 3893 potentia?
930 3838 1107 3893 quem
1131 3815 1412 3877 existimo
1444 3828 1502 3874 et
1531 3815 1746 3893 impios
1779 3815 2400 3893 rev'ereri,_diligentes
2422 3815 2579 3893 quod
2611 3831 2730 3870 non
2762 3832 2938 3893 parco
2972 3815 3164 3893 ipsum
3186 3815 3548 3893 aliqualemA;
3572 3823 3783 3888 potens

375 3886 635 3950 scribere
670 3910 775 3965 pro
807 3886 1017 3962 illo,in
1051 3896 1160 3948 hoc
1182 3894 1506 3957 existimer,
1540 3886 1894 3946 ut-existens
1924 3888 2377 3953 condemnatus,
2406 3886 2564 3940 velut
2592 3887 2897 3958 apostolus
2927 3886 3091 3941 vobis
3124 3887 3465 3958 praecipiam
3495 3886 3524 3941 ‘2

1902 4004 2132 4060 CAPUT
2162 4003 2254 4059 IV.

444 4123 621 4182 Multa
650 4124 814 4198 sapio
842 4125 906 4181 in
935 4125 1104 4198 Deo;
1136 4124 1240 4198 sed
1268 4124 1559 4198 meipsum
1590 4138 1893 4198 mens_n_ro,
1915 4125 1984 4176 ut
2012 4118 2218 4198 nonin
2250 4115 2861 4198 gloriationeuperdar.
2893 4117 3059 4198 Nunc
3081 4116 3251 4198 enim
3275 4132 3370 4198 me
3392 4121 3626 4198 oportet
3654 4115 3788 4198 plus

370 4198 604 4255 timere.
639 4202 699 4251 et
720 4187 855 4252 'non
884 4187 1193 4253 attendere
1225 4187 1572 4250 inflantibus
1598 4210 1694 4249 me
1743 4187 2018 4248 Dice'ntes
2048 4190 2207 4244 enim
2245 4187 2411 4253 mihi,
2445 4187 2740 4260 ﬂagellant
2785 4203 2899 4243 me.
2937 4188 3120 4259 Diligo
3154 4187 3393 4259 quidem
3426 4188 3583 4242 enim
3615 4189 3737 4259 pati
3771 4204 3786 4254 ;

372 4268 475 4323 sed
507 4285 627 4323 non
657 4269 790 4323 novi
824 4270 871 4324 si
903 4268 1120 4339 dignus
1151 4284 1302 4322 sum.
1336 4267 1518 4339 Zelus;
1537 4267 1693 4339 enim
1728 4264 1931 4339 multis
1960 4260 2359 4339 quidemnon
2379 4266 2644 4331 apparet,
2678 4276 2770 4315 me
2796 4265 2996 4316 autem
3025 4261 3159 4331 plus
3191 4265 3509 4332 oppugnat.
3542 4260 3784 4332 lndigeo

365 4340 546 4412 igitur
576 4332 1033 4395 mansuetudine
1061 4357 1074 4408 ;
1103 4340 1164 4394 in
1195 4356 1315 4411 qua
1343 4337 1684 4394 dissolvitur
1711 4332 1995 4408 princeps
2027 4332 2229 4390 saaculi
2260 4332 2360 4404 huj
2374 4348 2458 4386 us.

442 4490 553 4560 (82)
586 4492 672 4545 lta
702 4495 914 4564 ex_vet.
952 4489 1202 4564 interpr.
1237 4489 1495 4544 restituit
1524 4488 1829 4564 smitbius.
1863 4486 2024 4542 simi—
2056 4490 2099 4555 Π
2133 4482 2275 4564 dum
2319 4488 2481 4564 puto.
2547 4481 2836 4564 Arndtius.
2870 4482 3042 4564 vertit
3060 4498 3083 4564 ε.
3132 4501 3153 4530 ι
3189 4482 3469 4564 Welchen
3519 4482 3784 4564 Bischof,

371 4561 573 4633 liaque
602 4562 985 4633 reperiuntur
1026 4562 1263 4633 infraue
1321 4564 1403 4633 l3,
1441 4567 1497 4616 et
1546 4561 1626 4633 ad
1660 4560 1933 4633 Smyrna.
1967 4574 2017 4615 ο.

373 4636 425 4687 8.
461 4628 543 4688 Eis
600 4628 755 4689 male
783 4633 991 4689 habet:
1026 4632 1163 4693 Τοὺς
1217 4628 1496 4700 διακόνους
1527 4631 1600 4692 ὡς
1633 4628 1848 4698 Ἰησοῦν
1883 4630 2018 4700 Χρι-

371 4703 516 4771 στὸν,
537 4703 625 4829 ὶιῦς
677 4705 768 4758 irati
815 4712 908 4757 τὸν
938 4701 1257 4771 ἐπίσκοπον,
1300 4698 1427 4757 ὄντα
1479 4702 1602 4756 Υἱὸν
1652 4706 1751 4756 τοῦ
1809 4698 2017 4774 Πατρὸς

371 4794 421 4829 κ.
453 4795 504 4829 τ.
581 4817 592 4829 .

367 4794 421 4830 κ.
453 4795 504 4830 τ.
538 4794 592 4830 Λ.

442 4848 556 4919 (83)
611 4848 748 4903 Sine
795 4847 1093 4918 episcopo,
1156 4852 1293 4916 etc.,
1331 4845 1500 4902 nulla
1554 4844 1838 4901 Ecclesia.
1899 4843 2012 4899 Cfr.

367 4920 581 4987 Rothe,
614 4923 775 4986 Anti,
808 4936 865 4989 p.
898 4921 1023 4973 466.

438 4991 551 5051 (84)
584 4992 668 5045 lta
697 4987 1025 5045 mstemo
1058 4990 1249 5045 nescit
1278 4988 1437 5042 ἑαυτῦ
1498 5005 1604 5060 pro
1662 4987 1902 5057 ὲμαυτοῦ
1961 4990 2020 5060 et

365 5063 596 5113 σεαυτοῦ
626 5063 690 5116 in
722 5061 1001 5116 omnibus
1027 5062 1263 5116 casibus
1304 5057 1655 5116 tralati'tium
1702 5074 1831 5115 esse
1861 5057 2018 5129 apud

366 5132 601 5188 GNPCOS
649 5134 769 5203 Jac?
807 5134 1042 5187 Vossius
1073 5132 1409 5188 emendavit
1437 5129 1695 5203 ἐμαυτίιῦ.

436 5205 553 5271 (85)
590 5205 629 5257 Ι.
663 5222 722 5276 q.
754 5202 1010 5273 ἐμαυτοῦ.
1046 5205 1159 5258 Cfr.
1194 5220 1373 5276 supra
1410 5201 1527 5258 not.
1566 5204 1635 5257 8i-
1689 5201 2017 5276 Genitivum

366 5276 635 5345 reposuit
684 5273 970 5331 'Arnctius
1061 5277 1142 5329 Ms
1223 5274 1430 5328 ἐσιτΰιι.
1488 5276 1745 5331 Sensus:
1805 5273 2021 5340 Pagam‘

367 5362 609 5472 puogue
657 5347 1053 5403 constantiam
1084 5346 1574 5411 Christianorum,
1606 5363 1656 5401 e.
1705 5361 1758 5416 g.
1800 5358 2018 5413 meam,

398 5434 471 5472 au
525 5425 647 5472 ant.

398 5425 647 5473 audanL

436 5490 549 5558 (86;
581 5489 666 5546 Ita
694 5506 830 5546 cum
852 5489 1098 5546 Arndtio
1136 5489 1387 5557 (Studien
1418 5495 1475 5544 et
1506 5489 1642 5545 Krit.
1679 5485 2020 5558 1839).7msti

360 5559 687 5620 lectionem
718 5563 1033 5626 retinente,
1061 5560 1609 5635 interpungendum
1640 5564 1697 5616 et
1729 5557 2024 5630 explican-

2133 4556 2302 4612 achte
2320 4553 2452 4618 ich,
2484 4553 2633 4609 auch
2667 4554 2761 4609 die
2797 4555 3185 4625 Ungottichen
3208 4557 3453 4611 scheun.
3472 4555 3691 4610 welche
3715 4570 3782 4610 es

2130 4643 2314 4710 gerne
2342 4626 2547 4710 sehen.
2584 4625 2719 4710 dafs
2749 4626 2843 4679 ich
2876 4627 3108 4710 meiner
3135 4626 3301 4710 nicht
3329 4628 3573 4682 schone.
3603 4626 3786 4710 Sollte

2129 4696 2247 4764 ich,
2281 4697 2355 4752 da
2372 4697 2467 4770 icti
2485 4696 2765 4770 hieriiber
2790 4697 3061 4770 screiben
3088 4698 3333 4770 konnte,
3355 4714 3417 4770 es
3440 4714 3504 4752 so
3523 4698 3785 4770 gemeint

2129 4770 2344 4825 haben.
2369 4768 2505 4822 dass
2538 4767 2651 4826 ich.
2673 4768 2937 4823 obschon
2958 4769 3055 4823 ein
3085 4767 3650 4833 Verurtheilterfals
3683 4768 3780 4822 ein

2126 4845 2371 4911 ApOstet
2399 4855 2508 4893 euc
2539 4839 2961 4911 vorschreibe'i
3004 4865 3024 4890 ι

2201 4914 2310 4981 (87)
2343 4912 2408 4965 ln
2439 4910 2710 4965 versione
2742 4910 2900 4966 verbi
2930 4908 3119 4981 ᾠήθην
3155 4927 3276 4966 non
3309 4909 3641 4972 Arndtium,
3672 4907 3777 4963 sed

2129 4984 2493 5038 Pearsonum
2532 4988 2770 5036 secutus
2802 4999 2955 5038 sum.

2197 5055 2285 5123 (88
2319 5055 2406 5119 89)
2442 5052 2677 5107 Initium
2710 5054 2920 5124 capitis
2951 5052 3165 5123 quarti.
3192 5051 3358 5124 quod
3399 5052 3462 5106 in
3502 5049 3774 5124 versione.

2129 5120 2367 5195 Syriaca
2396 5124 2658 5194 cpistolm
2703 5120 3104 5179 ad'Romanos
3135 5120 3417 5194 adjuncta
3445 5128 3534 5177 est
3564 5120 3771 5195 arctis-

2128 5194 2278 5251 simo
2308 5212 2461 5250 aexu
2492 5195 2750 5249 cohaaret
2778 5212 2914 5249 cum
2947 5195 3064 5249 ﬁne
3095 5195 3306 5265 capitis
3338 5194 3514 5248 tertii.
3552 5194 3774 5265 Sensus

2131 5274 2255 5322 est:
2294 5288 2321 5316 ‹‹
2357 5268 2480 5321 Non
2514 5266 2573 5320 in
2607 5272 2834 5320 tantam
2867 5267 2981 5320 mei
3012 5263 3512 5320 existimationem
3544 5263 3776 5329 deveni,

2128 5346 2194 5394 ut
2230 5338 2388 5393 vocis
2418 5337 2578 5408 velut
2607 5337 2912 5406 apostolus
2946 5338 3236 5408 imperare
3267 5337 3459 5391 velim.
3497 5335 3775 5401 Quamvis

2129 5410 2288 5465 enim
2339 5407 2525 5480 multa
2554 5410 2616 5463 in
2648 5409 2767 5463 Deo
2799 5407 3047 5480 sapiam,
3081 5416 3278 5464 tamen
3312 5408 3457 5463 mihi
3490 5408 3604 5480 ipsi
3635 5423 3773 5464 mo-

2129 5481 2270 5538 dum
2299 5479 2573 5548 adhibeo,
2608 5495 2682 5535 ne
2704 5480 2829 5551 ipse
2859 5479 3166 5554 gloriando
3197 5495 3461 5552 peream.
3496 5479 3524 5531 »ε
