4080 6134
301 280 423 369 679

1253 301 1533 363 SANCTI
1580 298 1885 361 IGNATll
1930 296 2338 359 ΕΡΙετοωΕ
2378 301 2772 364 GENUINIE.

3598 304 3720 366 680

1384 437 1444 488 V.
1473 436 1590 489 Non
1624 434 1879 489 sublimes
1909 432 2185 488 doctrinas
2220 433 2372 490 vobis
2409 436 2648 491 tradam.

382 553 661 625 Nunquid
694 568 812 607 non
854 567 1095 622 possum
1146 549 1408 605 coelestia
1447 549 1611 604 vobis
1644 548 1950 604 scribere?
1981 563 2036 628 Α

305 648 398 713 At,
433 662 506 700 ne
529 643 788 717 parvulis
818 641 980 696 vobis
1012 641 1297 697 damnum
1328 640 1599 705 inferam,
1633 646 1851 694 metuo.
1879 649 1957 694 Ac

306 734 449 788 mihi
473 732 760 805 ignoscite
786 749 799 797 ;
827 748 920 789 ne.
942 731 1054 786 ista
1077 747 1287 801 capere
1312 746 1431 784 non
1454 729 1739 798 valentes,
1765 734 1957 783 stran-

301 822 607 892 gulemini.
643 823 785 876 Nam
818 825 875 875 et
909 836 1014 892 ego
1048 836 1169 874 non
1201 819 1356 885 ideo,
1378 818 1535 890 quod
1566 819 1799 873 vinctus
1827 832 1959 872 sum

306 916 363 966 et
395 910 659 967 caelestia
708 910 1042 982 intelligere
1098 925 1367 981 possum,
1421 914 1481 963 et
1527 908 1691 962 locos
1718 905 1960 979 angelo-

307 1019 464 1063 rum,
519 1005 579 1055 et
631 1005 817 1055 cmtus
864 998 1442 1069 constitutionesque
1492 997 1959 1069 principatuum,

313 1091 567 1146 visibilia
598 1096 658 1144 et
688 1089 1027 1146 invisibilia.
1062 1089 1251 1144 Etiam
1286 1088 1377 1143 his
1410 1086 1828 1160 praetermissis
1859 1084 1961 1140 ad-

312 1181 431 1235 huc
462 1178 787 1250 discipulus
819 1195 985 1246 sum;
1028 1177 1216 1233 multa
1246 1177 1407 1232 enim
1439 1176 1611 1232 nobis
1642 1175 1859 1231 desunt
1888 1191 1963 1230 ne

315 1286 349 1326 a
378 1269 495 1325 Deo
531 1268 812 1324 absimus.

2138 550 2249 621 (90)
2286 549 2378 617 Μὴ
2414 547 2475 603 οὗ
2505 546 2734 623 δύναμαι
2767 551 2786 625 [
2818 553 2928 625 (91)
2964 551 3117 626 ὑμῖν]
3146 551 3210 606 τὰ
3257 549 3554 625 ἐπουράνια
3585 555 3724 628 γρά-

2068 639 2204 709 om
2238 640 2346 708 (92)
2399 636 2578 695 Ἀλλᾶ
2624 634 2932 713 φοϐοῦμαι,
2995 642 3068 711 μή
3128 640 3351 709 νηπίοις
3392 642 3541 696 οὖσιν
3598 642 3729 714 ὑμῖν

2074 724 2290 802 βλάβην
2317 732 2566 802 παραθῶ.
2599 728 2703 785 Καὶ
2736 729 3166 805 συγγνωμονεῖτὲ
3221 751 3338 804 μοι,
3394 733 3630 803 μήποτε,
3664 732 3728 786 οὐ

2070 814 2379 885 δυνηθέντες
2429 820 2711 896 χωρῆσαι,
2774 822 2885 892 (93)
2939 817 3421 895 στραγγαλωθῆτε.
3484 821 3586 878 Καὶ
3622 823 3725 898 γὰρ

2069 901 2198 978 ἐγὼ,
2233 904 2295 959 οὐ
2361 906 2551 969 καθότι
2610 902 2853 978 δέδεμαι,
2885 908 2975 962 καὶ
3019 905 3357 981 δυνάμενος
3387 911 3500 982 (94)
3531 914 3674 964 νοεῖν
3707 909 3727 982 ]

2070 993 2138 1049 τὰ
2184 993 2499 1071 ἐπουράνια,
2524 994 2615 1051 καὶ
2666 996 2763 1058 τὰς
2791 1000 2914 1069 (95)
2978 998 3297 1058 τοποθεσίας
3352 998 3447 1060 τὰς
3503 997 3726 1073 ἀγγελι-

2069 1082 2187 1158 κᾶς,
2247 1084 2339 1139 καὶ
2394 1086 2493 1147 τὰς
2552 1084 2831 1146 συστάσεις
2889 1084 2985 1149 τὰς
3034 1086 3384 1163 ἀρχοντικᾶς,
3442 1087 3611 1162 ὁρατά
3666 1107 3727 1143 τε

2071 1177 2161 1228 καὶ
2221 1173 2445 1248 ἀόρατα.
2518 1175 2630 1249 (96)
2685 1176 2837 1249 Παρᾶ
2883 1179 3047 1231 τοῦτο
3110 1174 3222 1247 ἤδη
3301 1178 3393 1232 καὶ
3471 1177 3725 1251 μαθηθής

2071 1261 2208 1336 εἰμι’
2243 1265 2353 1338 (97)
2384 1261 2570 1319 πολλὰ
2629 1265 2730 1338 γὰρ
2789 1265 2923 1338 ἡμῖν
2984 1263 3182 1336 λείπει,
3209 1262 3302 1320 ’ίνα
3334 1268 3468 1321 Θεοῦ
3505 1266 3581 1338 μή
3614 1263 3729 1320 λει-

2072 1352 2324 1424 πώμεθα.

1453 1480 1541 1536 VI.
1575 1482 1854 1536 Abstinete
1880 1497 1916 1536 a
1942 1496 2146 1535 veneno
2175 1479 2581 1537 haereticorum.

387 1602 645 1658 Obsecro
678 1602 879 1671 itaque
917 1616 1038 1667 vos,
1070 1615 1192 1654 non
1224 1614 1349 1671 ego,
1384 1597 1488 1653 sed
1538 1598 1794 1654 charitas
1825 1600 1964 1654 Jesu

319 1691 557 1754 Christi.
580 1690 703 1745 solo
728 1690 1060 1744 Christiano
1085 1688 1369 1743 alimento
1393 1688 1501 1753 uti,
1536 1688 1610 1743 ab
1642 1688 1839 1743 aliena
1861 1704 1963 1743 au-

320 1786 438 1834 tem
484 1780 668 1834 herba
697 1779 1020 1845 abstinere,
1054 1794 1184 1848 qum
1218 1782 1308 1832 est
1336 1777 1602 1832 haeresis.
1653 1777 1754 1832 Isti
1786 1778 1966 1832 etiam

2160 1592 2469 1669 Παρακαλῶ
2501 1595 2591 1650 οὗν
2624 1594 2785 1670 ὗμός,
2820 1597 2921 1652 οὐκ
2948 1596 3071 1673 ἐγὼ.
3105 1596 3233 1652 ἀλλ’
3331 1599 3513 1673 ἀγάπη
3547 1601 3733 1669 Ἰησοῦ

2080 1689 2343 1758 Χριστοῦ,
2398 1686 2634 1759 μόνητῇ
2688 1691 2982 1764 χριστιανῇ
3039 1691 3217 1766 τροφῇ
3259 1691 3521 1763 χρῆσθαι,
3553 1688 3736 1745 ἀλλο-

2075 1774 2231 1848 τρίας
2262 1771 2321 1829 δὲ
2353 1778 2465 1849 (98)
2503 1777 2732 1851 βοτάνης
2765 1776 3085 1854 ἀπέχεσθαι,
3141 1777 3265 1846 ἥτις
3321 1777 3462 1832 ἐστὶν
3498 1777 3731 1854 αἵρεσις.

319 1869 564 1923 venenis
595 1869 719 1922 suis
741 1869 942 1922 Jesum
987 1865 1285 1921 Christum
1322 1865 1595 1935 miscent,
1633 1866 1967 1937 loquentes,

2094 1862 2294 1937 ἷ)”ί(99)
2351 1865 2443 1920 καὶ
2502 1866 2611 1929 ῗοῖς
2670 1865 3147 1941 τιαρεμπλέκουσιν
3207 1869 3418 1937 Ἰησοῦν
3474 1869 3730 1943 Χριστὸν,

316 1977 447 2031 qum
472 1958 586 2014 fide
611 1964 750 2013 sunt
770 1958 1015 2029 indigna
1042 1972 1056 2022 ;
1089 1957 1316 2012 similes
1346 1957 1445 2021 iis,
1464 1957 1566 2027 qui
1588 1957 1970 2012 mortiterum

320 2049 712 2120 pharmacum
742 2064 878 2103 cum
909 2047 1045 2101 vino
1067 2047 1260 2102 mulso
1292 2045 1458 2113 dant,
1482 2046 1642 2117 quod
1668 2046 1769 2117 qui
1798 2046 1935 2114 igno
1955 2078 1970 2088 -

318 2143 434 2206 rat,
467 2138 727 2195 libenter
754 2179 767 2205 ,
801 2138 862 2192 in
893 2137 1193 2208 voluptate
1241 2136 1421 2192 noxia
1451 2143 1705 2193 mortem
1731 2138 1966 2209 accipit.

2080 1955 2811 2029 (1)καταξιοπιστευόμενοι·
2872 1954 3056 2032 ὥσπερ
3116 1957 3414 2032 θανάσιμον
3445 1960 3731 2035 φάρμακον

2080 2041 2327 2106 ὃεδόντες
2360 2045 2494 2118 μετᾶ
2525 2046 2896 2119 οἱνομέλιτος,
2929 2046 3060 2120 ὅπερ
3086 2047 3113 2101 ὁ
3144 2047 3357 2121 ἀγνοῶν
3386 2046 3564 2118 ἡδέως
3596 2046 3737 2122 λαμ-

2080 2131 2249 2205 ϐάνει,
2281 2136 2332 2192 ἐν
2360 2135 2531 2213 ἡδονῇ
2564 2143 2641 2212 (2)
2674 2142 2814 2214 κακῇ
2844 2140 2906 2195 τὸ
2935 2140 3243 2196 ἀποθανεῖν.

1533 2263 1646 2318 VII.
1681 2262 1958 2318 Custodite
1996 2278 2090 2318 vos
2127 2264 2196 2318 ab
2227 2264 2519 2319 haereticis.

392 2386 439 2438 Α
473 2382 690 2438 talibus
720 2380 898 2452 igitur
920 2396 1024 2435 vos
1054 2379 1367 2435 custodite.
1393 2379 1513 2435 Hoc
1544 2386 1743 2435 autem
1775 2381 1897 2450 ﬁet,
1922 2381 1971 2435 si

320 2489 430 2527 nec
462 2471 655 2527 inﬂ‘ali
677 2487 787 2527 nec
809 2469 993 2525 avulsi
1025 2468 1257 2524 fueritis
1284 2485 1318 2523 a
1350 2468 1466 2523 Deo
1496 2469 1634 2524 Jesu
1657 2468 1887 2525 Christo
1916 2476 1976 2525 et

322 2562 602 2634 cpisc0po
635 2566 693 2616 et
738 2558 1049 2632 praeceptis
1093 2556 1514 2629 apostolorum.
1550 2557 1658 2623 Qui
1703 2559 1861 2613 intra
1890 2558 1973 2614 al-

2155 2377 2502 2435 Φυλάττεσθε
2541 2378 2633 2435 οὖν
2666 2383 2741 2455 (3)
2774 2382 2902 2444 τοὺς
2941 2381 3245 2447 τοιούτους.
3279 2386 3455 2441 Τοῦτο
3502 2382 3560 2439 δὲ
3591 2383 3737 2441 ἔσται

2086 2468 2214 2542 ὑμῖν
2259 2471 2336 2544 μὴ
2397 2470 2804 2549 φυσιουμένοις,
2862 2471 2953 2526 καὶ
3003 2477 3150 2528 οὖσιν
3206 2473 3541 2550 ἀχωριστοις
3601 2480 3737 2531 Θεοῦ

2086 2558 2270 2626 Ἰησοῦ
2318 2560 2579 2633 Χριστοῦ,
2638 2561 2727 2616 καὶ
2757 2565 2854 2616 τοῦ
2887 2560 3204 2632 ἐπισκόποὺ,
3230 2563 3320 2619 καὶ
3376 2568 3483 2621 τῶν
3545 2562 3727 2621 διατα-

318 2657 441 2706 tare
476 2657 585 2719 est,
620 2649 878 2705 mundus
913 2653 1000 2702 est
1046 2647 1173 2720 [qui
1206 2664 1342 2702 vero
1393 2652 1559 2703 extra
1588 2654 1698 2716 est,
1732 2665 1852 2703 non
1883 2654 1973 2703 est

2094 2649 2303 2723 γμάτων
2360 2653 2472 2704 τῶν
2530 2649 2972 2719 ἆποστόλων,’0
3005 2651 3154 2714 ἐντὸς
3214 2653 3598 2729 θυσιαστηρίου
3659 2652 3733 2709 ὥν

321 2740 633 2814 mundus];
663 2741 775 2795 hoc
806 2744 917 2803 est,
942 2738 1043 2809 qui
1067 2737 1200 2793 sine
1217 2738 1494 2811 episcopo
1516 2743 1574 2792 et
1598 2738 1968 2810 presbyterio

2094 2738 2315 2811 καθαρός
2344 2737 2508 2794 ἐστιν·
2560 2741 2579 2814 [
2609 2743 2683 2813 (4)
2714 2741 2742 2795 ὁ
2775 2738 2832 2794 δὲ
2871 2738 3024 2803 ἐκτὸς
3053 2739 3126 2796 ὣν
3158 2741 3220 2797 οὗ
3251 2723 3490 2819 καθαρός,
3516 2744 3675 2799 ἔστιν’
3716 2734 3740 2806 ]

1786 2837 1951 2893 Vetus
1981 2836 2273 2910 interpres.

1861 2959 2087 3013 CAPUT
2128 2960 2188 3013 V.

389 3060 590 3135 Nonlie
621 3055 1056 3135 possumvobis
1082 3054 1527 3135 supercmlestia
1557 3055 1817 3135 scribere
1846 3055 1874 3111 ?
1905 3056 2015 3111 Sed
2047 3055 2228 3135 timeo
2262 3073 2335 3111 ne
2363 3056 2622 3135 parvulis
2646 3058 3068 3135 exsistentibus
3098 3061 3263 3117 vobis
3293 3062 3533 3119 damum
3564 3079 3737 3135 appo-

319 3126 920 3186 nam.Etcondonate
954 3127 1121 3192 mihi,
1146 3126 1219 3182 ne
1253 3126 1422 3196 forte,
1456 3144 1577 3182 non
1607 3133 1878 3198 potentes
1897 3144 2003 3252 cap

320 3219 557 3252 cunaue
591 3201 804 3252 ligatus
836 3215 988 3252 sum.
1019 3198 1122 3252 sed
1156 3202 1367 3252 notens
1396 3199 1547 3252 scire
1580 3198 1858 3252 cmlestia.
1894 3204 1951 3252 et

320 3219 557 3279 cunque
591 3201 804 3279 ligatus
836 3198 1122 3279 sumpsed
1156 3202 1367 3279 potens
1396 3198 1858 3279 scire‘caslestia3
1894 3204 1951 3252 et

2009 3143 2130 3205 ere,
2158 3128 2882 3205 strangulemini._Etenim
2905 3148 3031 3203 ego,
3053 3150 3173 3188 non
3198 3136 3526 3191 secundum
3548 3128 3737 3205 qudd-

2004 3199 2450 3277 oci_po_siti_«[nes
2483 3201 2805 3277 angelicas,
2840 3208 2899 3277 et
2928 3199 3406 3277 constitutiones.
3441 3199 3744 3277 principa-

320 3269 532 3347 tionés,
561 3269 938 3347 visibiliaque
964 3275 1023 3325 et
1052 3269 1391 3326 invisibilia.
1426 3272 1649 3325 Prazter
1678 3270 1809 3339 hoc,
1836 3272 1963 3342 jam
1990 3270 2390 3343 etdiscipulus
2423 3269 2782 3330 sumIMulta
2803 3275 2962 3330 enim
2993 3276 3163 3332 nobis
3195 3269 3504 3347 deficiunt,
3535 3285 3603 3334 ut
3626 3269 3747 3335 Deo

322 3360 443 3400 non
473 3343 838 3399 deﬁciamus.

1844 3458 2078 3513 CAPUT
2119 3457 2206 3514 Vl.

387 3580 683 3651 Deprecor
710 3577 889 3650 igitur
910 3592 1019 3651 vos
1049 3576 1190 3646 (non
1222 3591 1367 3651 ego,_
1383 3575 1488 3630 sed
1520 3575 1779 3651 charitas
1808 3575 1946 3651 Iesu
1975 3576 2215 3651 Christi)
2245 3577 2371 3651 solo
2396 3579 2736 3651 Christiano
2783 3581 3065 3637 alimento
3097 3581 3347 3637 utamini
3376 3602 3390 3645 ;
3435 3581 3508 3637 ab
3539 3583 3747 3641 aliena

314 3646 510 3706 autem
548 3646 1034 3722 herba'recedite.
1070 3664 1200 3722 quae
1234 3653 1324 3701 est
1353 3646 1613 3722 haeresis.
1650 3664 1780 3719 qua)
1807 3653 1870 3722 _e_t
1908 3648 2236 3722 inquinatis
2269 3649 2532 3721 impleat
2586 3653 2787 3708 Jesum
2848 3654 3141 3709 Christum
3177 3669 3191 3706 :
3225 3653 3735 3722 quemadmodum

314 3723 686 3797 mortiferum
721 3720 1107 3797 pharmacum
1138 3718 1348 3775 dantes
1379 3735 1514 3774 cum
1546 3718 1683 3775 vino
1710 3719 1937 3775 mellito
1970 3718 2177 3792 {quod
2209 3722 2309 3793 qui
2337 3718 2589 3797 ignorat,
2624 3723 3057 3781 delectabiliter
3086 3718 3315 3796 accipit,
3346 3730 3407 3778 et
3432 3724 3493 3778 in
3524 3723 3730 3780 delec-

317 3794 479 3850 tione
511 3795 669 3850 mala
696 3793 848 3850 mori
880 3792 1025 3863 (sic).

1829 3908 2060 3964 CAPUT
2099 3909 2216 3964 VII.

380 4024 785 4099 Observamini
807 4024 987 4099 igitur
1007 4022 1297 4078 atalibus.
1323 4022 1664 4099 [iocantem
1687 4022 1799 4077 erit
1819 4038 1854 4099 ᾳ
1873 4023 2036 4078 vobis
2056 4040 2178 4099 n_on
2204 4023 2446 4099 inflatis.
2481 4031 2539 4081 et
2569 4026 2993 4099 exsistentibﬁus
3029 4026 3526 4099 inseparabilibus
3557 4044 3592 4083 a
3614 4028 3739 4083 Deo

307 4098 444 4154 Jesu
475 4098 728 4163 Christo,
762 4101 821 4152 et
843 4093 1149 4168 episcopo,
1183 4100 1242 4149 et
1271 4093 1583 4150 ordinibus
1614 4094 2038 4166 apostolorum.
2072 4096 2181 4159 Qui
2212 4096 2369 4153 intra
2392 4097 2577 4154 altare
2605 4106 2715 4161 est.
2748 4098 3005 4156 mundus
3023 4105 3114 4155 est
3140 4093 3282 4171 {qui
3308 4115 3443 4155 vero
3475 4104 3641 4155 extra
3663 4099 3742 4155 al-

394 4276 504 4355 (9_(_)_)
537 4275 651 4330 Cfr.
687 4291 819 4346 quas
850 4290 1029 4355 supra
1083 4272 1157 4329 ad
1210 4271 1562 4344 prooemium
1609 4269 1876 4342 epistolas
1907 4269 1981 4325 ad
2011 4286 2058 4351 D

321 4347 651 4400 Trallianos
684 4347 1048 4400 monuimus.

395 4419 506 4485 (91)
538 4418 629 4472 Sic
662 4434 734 4471 ex
763 4422 878 4470 vet.
914 4416 1048 4483 int.,
1081 4431 1153 4471 ex
1184 4415 1328 4487 Syro
1361 4420 1419 4470 et
1448 4430 1521 4469 ex
1553 4413 1977 4487 interpolatore

323 4487 785 4542 restituendum.

420 4560 511 4629 92)
544 4558 657 4612 Cfr.
690 4558 870 4612 ICor.
904 4573 988 4629 tu,
1018 4558 1071 4622 1,
1100 4560 1156 4612 2.

420 4626 511 4700 93)
542 4631 644 4702 his.
678 4626 1018 4702 στράγγαλον
1049 4632 1199 4702 θῆτε..
1245 4628 1367 4684 ΙΑο.

395 4702 506 4826 (94)
539 4700 631 4755 Sic
656 4717 726 4755 ex
747 4699 874 4782 '_vet.'
916 4700 1024 4755 int.
1071 4699 1298 4768 Latino,
1332 4715 1402 4755 ex
1431 4699 1574 4772 Syro
1609 4704 1669 4754 et
1698 4717 1768 4756 ex
1800 4701 1979 4756 inter-

395 4796 400 4821 ι
432 4783 595 4826 atore
627 4771 1083 4826 restituendum.

326 4771 595 4845 polatore
627 4771 1083 4827 restituendum.

398 4846 508 4915 (95,
534 4845 575 4899 Ι.
610 4845 880 4915 θμοΐβιῖα
910 4845 1304 4915 ειῄιίῐρηίιαιεε,
1332 4846 1398 4896 ut
1426 4842 1500 4897 ad
1527 4842 1785 4915 Smyrn.,
1818 4860 1869 4899 ο.
1904 4847 1936 4898 6
1962 4860 1975 4898 :

325 4911 512 4974 Τόπος
552 4911 760 4987 μηδὲνᾶ
789 4911 1087 4988 Quoto-3m).
1117 4915 1235 4970 Cfr.
1272 4914 1453 4969 etiam
1484 4913 1558 4969 ad
1588 4911 1811 4986 Polye,
1839 4931 1889 4969 c.
1925 4918 1975 4969 1.

323 4988 507 5042 ΡΕΑΒΞ

395 5061 509 5129 (96)
540 5060 798 5116 Sensus:
832 5061 950 5114 Non
997 5058 1171 5113 solum
1218 5072 1426 5112 arcana
1471 5055 1575 5129 illa
1618 5056 1761 5129 mihi
1788 5059 1981 5125 ignota

322 5127 472 5198 sunt,
500 5132 593 5185 sed
642 5145 690 5186 et
747 5133 806 5184 in
853 5130 983 5184 aliis
1036 5129 1196 5184 rebus
1243 5130 1425 5183 adhuc
1472 5127 1780 5197 discipulus
1836 5145 1977 5183 sum.

323 5202 438 5256 Alii
475 5204 629 5257 hunc
661 5202 856 5256 locum
889 5201 1063 5255 aliter
1092 5201 1413 5272 explicant,
1446 5215 1498 5254 e.
1530 5215 1566 5270 g
1616 5207 1846 5270 propter
1877 5201 1980 5255 hoc

316 5275 439 5343 jam
471 5281 523 5327 et
554 5275 802 5344 disputas
834 5290 969 5328 sum.
1007 5274 1137 5327 Cor.

400 5341 655 5411 (97;Cfr'.
694 5346 872 5399 lCor.
932 5360 1058 5403 xm,
1113 5346 1166 5397 9.
1227 5341 1429 5398 Versio
1489 5341 1728 5412 Syr'aca
1785 5358 1980 5412 neque

326 5430 461 5485 cum
492 5410 655 5470 textu
702 5422 925 5477 nostro,
958 5431 1152 5485 neque
1201 5430 1332 5469 cum
1369 5410 1789 5485 interpolatore
1834 5410 1981 5468 cono

331 5484 550 5557 col-dat.
584 5489 1001 5555 Fragmentum
1034 5503 1168 5539 vero
1201 5486 1507 5557 Syriacum
1543 5484 1739 5557 Severi
1769 5486 1947 5539 Antio
1970 5517 1982 5524 -

327 5556 499 5608 cheni
533 5572 665 5610 cum
700 5558 897 5611 Graeco
933 5562 1096 5612 textu
1127 5555 1330 5612 nostro
1362 5555 1812 5611 accuratissime
1841 5572 1981 5611 con-

328 5624 510 5681 venit.
544 5626 659 5682 Cir.
693 5628 997 5696 Cureton.,
1028 5626 1069 5681 1.
1103 5644 1178 5695 c.,
1208 5643 1309 5699 pp.
1338 5629 1430 5692 40,
1466 5627 1589 5681 100.

2158 4272 2273 4342 (98)
2301 4271 2415 4327 Cfr.
2450 4273 2525 4329 ad
2556 4272 2810 4341 Philad.,
2836 4289 2887 4331 c.
2921 4275 2973 4329 3.

2158 4344 2271 4416 (99)
2306 4344 2402 4399 Six
2434 4360 2504 4400 ex
2534 4350 2643 4400 vet.
2682 4346 3003 4417 interprete
3025 4349 3086 4417 et
3103 4343 3617 4417 exinterpolatore
3646 4359 3746 4417 re;

2087 4414 2282 4489 stituit
2313 4416 2571 4489 Vossius.
2607 4418 2709 4472 Ms.
2732 4414 3056 4489 AO'CXCZtPOl
3115 4414 3379 4489 παρεμπλ
3405 4432 3428 4489 _;
3464 4415 3638 4489 male.
3670 4414 3740 4489 ρ).

2084 4484 2175 4560 καὶ
2203 4485 2500 4560 ῥυπαροῖςε
2525 4487 2657 4543 Cor.
2686 4487 2749 4541 Ol.
2783 4483 2992 4560 μιαροί,
3027 4483 3211 4560 Simili.
3236 4483 3303 4543 Οἱ
3332 4486 3421 4560 καὶ
3453 4483 3740 4560 αῗῖρετικοί.

2084 4555 2285 4632 ΡεΑὶιβ.
2321 4555 2681 4631 Simpliciter
2725 4555 2816 4613 καὶ
2871 4555 3349 4632 ἑταρεμπλέκουσιν
3382 4555 3527 4631 legit
3554 4560 3733 4614 Joan-

2087 4646 2197 4685 nes
2232 4631 2505 4686 Damase.

2158 4702 2233 4771 (1)
2265 4703 2367 4757 Ms.
2401 4702 2518 4756 κατ’
2544 4699 2691 4770 ἀξίαν
2711 4700 3112 4773 πιστευόμενοι.
3137 4702 3248 4757 Sed
3280 4719 3350 4758 ex
3379 4703 3465 4757 Jo.
3498 4701 3747 4757 Damas—

2087 4788 2236 4828 ceno
2268 4774 2515 4827 restituo
2556 4771 3181 4842 καταξιοπιστευὸμενοι,
3215 4775 3316 4828 Est
3362 4779 3559 4829 autem
3593 4778 3743 4826 teste

2089 4843 2907 4916 δοᾶρυιειίκαταξιςπιστευόμαι
2939 4845 3096 4916 apud
3129 4845 3366 4900 Suidam
3393 4875 3461 4885 —
3490 4846 3616 4899 dico
3646 4843 3744 4898 ad-

2088 4932 2272 4988 versus
2301 4915 2562 4985 aliquem,
2612 4932 2740 4988 quae
2765 4915 2872 4986 ﬁde
2902 4915 3137 4984 indigna
3195 4922 3343 4973 sunt.
3401 4916 3742 4988 Lectionem

2088 4986 2230 5042 msti
2277 4986 2638 5042 Cotelerius’
2669 4989 3117 5058 interpretatur.
3175 4991 3393 5043 ratione
3446 4987 3744 5056 dignitatis

2092 5058 2271 5122 (loci).
2307 5075 2473 5128 quam
2503 5060 2763 5121 obtinent,
2804 5059 2967 5129 ﬁdem
2998 5060 3207 5128 adepti.
3241 5058 3584 5113 Wocherus.
3610 5059 3747 5128 jure

2093 5130 2331 5200 quodam
2365 5132 2432 5183 iis
2489 5131 2753 5188 creditur.
2813 5132 3020 5200 quippe
3067 5133 3163 5200 qui
3210 5130 3417 5198 fabulis
3459 5129 3573 5184 suis
3614 5145 3748 5184 vera

2092 5203 2345 5270 quidam
2375 5207 2427 5255 et
2456 5203 2700 5271 egregia,
2733 5202 3076 5259 Christianus
3108 5218 3301 5271 nempe
3330 5201 3615 5255 doctrinas
3636 5202 3747 5255 ad-

2092 5274 2377 5327 misreant.

2166 5347 2244 5412 (2;
2273 5344 2367 5399 Sic
2401 5343 2541 5414 legit
2570 5349 2680 5398 vet.
2716 5345 2806 5399 int
2857 5349 2916 5397 et
2941 5344 3029 5397 Jo.
3067 5345 3329 5399 Damasc.
3364 5345 3465 5398 Ms.
3497 5342 3673 5396 κάκεῖ.

2142 5417 2244 5503 ν(3)
2278 5421 2361 5469 Ita
2392 5415 2801 5487 interpolator,
2834 5420 2893 5469 et
2934 5421 3111 5469 recte.
3147 5415 3316 5469 GALL‘
3352 5418 3454 5471 Ms.
3487 5418 3602 5474 τοῖς
3626 5431 3749 5467 τοι-

2097 5503 2302 5539 ουτοις.

2097 5559 2241 5681 to(4)
2273 5557 2408 5681 l‘llmc
2437 5556 2712 5615 addenda
2757 5563 2897 5615 sunt
2929 5573 3001 5613 ex
3028 5562 3142 5612 vet.
3174 5557 3285 5613 int.
3318 5563 3377 5612 et
3421 5556 3754 5629 interpola-

2160 5643 2246 5681 re.
2326 5644 2445 5681 oss.

2160 5643 2246 5683 re.
2287 5643 2445 5686 νοει.
