4080 6134
323 343 438 403 681

1481 338 1862 401 EPISTOLA
1905 339 2004 398 AD
2048 334 2574 400 'I‘llALLlANOS.

3621 344 3739 405 682

313 479 466 532 τοῦτ’
542 473 710 543 ἔστιν,
761 474 789 528 ὁ
838 472 1014 548 χωρὶς
1078 471 1376 527 ἐπισκόπου
1433 473 1524 526 καὶ
1585 466 1975 546 πρεσϐυτερίου

2108 475 2150 524 5t
2179 469 2446 526 diaconis
2477 469 2784 542 quidpiam
2832 471 2972 543 agit,
3031 471 3080 526 is
3119 488 3240 528 non
3273 477 3360 528 est
3389 474 3649 531 mundus
3679 477 3742 530 in

315 565 408 620 καὶ
442 562 700 619 διακόνου
727 562 984 637 πράσσων
1039 582 1116 629 τι,
1178 561 1337 622 οὗτος
1383 561 1447 615 οὐ
1478 559 1712 633 καθαρός
1742 558 1882 614 ἐστιν
1910 560 1981 631 τῇ

321 651 649 724 συνειδήσει.

2092 562 2481 617 conscientia.

903 755 1046 808 VIII.
1088 754 1291 808 Contra
1320 752 1531 807 diaboli
1552 751 1782 806 insidias
1808 752 2146 806 muniamini
2173 752 2617 820 mansuetudine,
2645 753 2752 823 ﬁde
2790 759 2843 807 et
2874 753 3166 810 charitate.

395 851 511 910 Οὐκ
542 850 656 906 ἐπεὶ
686 845 854 926 ἔγνων
887 849 1134 904 τοίοῦτόν
1183 869 1236 904 τι
1283 846 1334 902 ἐν
1389 848 1536 922 ὑμῖν,
1583 846 1726 902 ἀλλὰ
1758 867 1976 926 προφυ-

325 941 512 999 λάσσιυ
547 940 685 1012 ὑμᾶς
718 937 870 1000 ὄντας
923 959 1027 1011 μου
1076 936 1414 1012 ἆγαπητοὺς,
1461 940 1715 1010 προορῶν
1745 938 1840 998 τὰς
1872 935 1978 991 ἒνέο

323 1029 453 1104 δρας
484 1034 587 1086 τοῦ
620 1023 905 1085 διαϐόλου.
940 1033 1121 1098 Ὑμεῖς
1181 1025 1273 1080 οὖν
1329 1028 1426 1095 τήν
1471 1029 1545 1100 (5)
1603 1027 1976 1100 πραϋπάθειαν

323 1114 689 1180 ἂλαλαϐόντες
736 1117 1088 1181 ἀνακτίσασθε
1145 1114 1366 1178 ἑαυτοὺς
1434 1113 1484 1169 ἒν
1548 1115 1747 1183 πίστει,
1810 1119 1889 1187 (6)
1949 1113 1978 1168 ὅ

319 1213 467 1264 ἷεστιν
513 1208 640 1283 σὰρξ
691 1211 785 1262 τοῦ
837 1207 1064 1282 Κυρίου,
1121 1205 1211 1260 καὶ
1260 1203 1312 1258 ἐν
1364 1205 1561 1280 ἀγάπῃ,
1597 1203 1626 1257 ὅ
1656 1202 1798 1258 ἐστιν
1842 1205 1978 1276 αἷμα

321 1300 502 1367 Ἰησοῦ
535 1301 800 1372 Χριστοῦ.
853 1298 928 1368 (‘7)
964 1292 1169 1365 Μηδεὶς
1230 1295 1382 1364 ὑμῶν
1438 1294 1572 1347 κατὰ
1614 1297 1710 1347 τοῦ
1741 1291 1978 1362 πλησίον

321 1390 336 1460 [
364 1390 439 1459 (8)
470 1391 544 1457 τι]
578 1385 773 1461 ἐχέτω.
825 1386 918 1454 Μὴ
970 1385 1219 1460 ἀφορμὰς
1273 1381 1454 1437 δίδοτε
1482 1387 1602 1445 τοῖς
1631 1376 1854 1451 ἔθνεσιν,
1886 1383 1978 1436 ’ἱνα

325 1477 402 1548 μὴ
440 1472 510 1528 δι’
542 1472 766 1548 ὀλίγους
799 1474 1033 1551 ἄφρονας
1065 1473 1126 1526 τὸ
1159 1471 1208 1526 ἐν
1242 1476 1356 1543 Θεῷ
1385 1471 1598 1540 πλῆθος
1640 1469 1980 1549 βλασφημῆ-

320 1585 434 1619 ται.
493 1563 630 1620 Οὐαὶ
668 1563 792 1638 γὰρ,
836 1562 904 1617 δι’
955 1561 1018 1616 οὗ
1067 1560 1155 1617 ἐπὶ
1207 1561 1529 1634 ματαιότητι
1559 1559 1622 1614 τὸ
1652 1557 1826 1634 ὄνομά
1871 1583 1978 1633 μου
2013 1601 2056 1665 Β

322 1651 412 1707 ἐπὶ
444 1673 609 1708 τινων
645 1649 1055 1727 βλασφημεῖται
1077 1651 1119 1708 ⁸.

2159 851 2285 905 Non
2306 851 2463 922 quod
2487 851 2751 906 noverim
2771 851 2885 906 tale
2905 852 3047 922 quid
3070 853 3228 907 inter
3247 853 3501 918 vos,haec
3523 854 3738 922 scribo,

2089 940 2190 994 sed
2215 940 2575 1010 praemunire
2597 939 2725 994 volo
2751 946 2945 1005 vos,ut
2971 940 3124 994 ﬁlios
3147 956 3312 996 meos
3335 942 3739 1012 charissimos,

2089 1029 2457 1099 prospiciens
2489 1029 2735 1084 insidias
2777 1029 3019 1084 diaboli.
3059 1031 3170 1084 Vos
3212 1031 3430 1100 itaque,
3466 1049 3741 1088 mansue-

2087 1117 2356 1172 tudinem
2387 1123 2780 1187 assumentes,
2841 1124 3185 1191 regenerate
3231 1123 3618 1191 vosmetipsos
3677 1122 3741 1175 in

2090 1206 2227 1275 fide,
2258 1224 2388 1277 quae
2422 1213 2510 1262 est
2538 1224 2677 1262 caro
2710 1209 2967 1274 Domini,
2991 1214 3047 1262 et
3079 1209 3141 1263 in
3173 1209 3479 1274 charitate,
3500 1227 3632 1280 quas
3655 1215 3745 1264 est

2089 1296 2325 1367 sanguis
2391 1297 2529 1350 Jesu
2583 1297 2820 1351 Christi.
2880 1297 3087 1352 Nullus
3157 1304 3415 1353 vestrum
3461 1300 3742 1356 adversus

2087 1385 2421 1454 proximum
2445 1384 2672 1454 aliquid
2697 1384 3017 1440 habeat.Ne
3042 1403 3247 1441 ansam
3270 1387 3421 1441 detis
3443 1389 3741 1459 gentibus,

2086 1489 2161 1527 ne
2186 1481 2425 1545 propter
2447 1491 2666 1546 paucos
2693 1475 3044 1546 insipientes
3065 1476 3543 1547 multitudo,quaa
3567 1483 3656 1532 est
3681 1477 3743 1531 in

2087 1563 2699 1634 Deo,blasphemetur.
2759 1565 2853 1621 Var:
2901 1567 3046 1619 enim
3090 1568 3138 1619 ei
3170 1582 3274 1634 per
3303 1583 3462 1636 quem
3493 1569 3551 1622 in
3583 1568 3746 1621 vani—

2090 1659 2201 1708 tate
2227 1669 2428 1707 nomen
2459 1669 2635 1707 meum
2666 1653 2819 1722 apud
2847 1654 3063 1724 aliquos
3096 1654 3528 1725 blasphematur.

974 1751 1066 1804 IX.
1110 1750 1290 1804 Nolite
1319 1748 1513 1803 audire
1541 1763 1646 1813 eos,
1680 1751 1777 1817 qui
1821 1751 1938 1803 sine
1987 1748 2203 1803 Christo
2237 1749 2556 1817 loquuntur.
2591 1749 2841 1804 Historia
2874 1750 3096 1805 Christi.

401 1853 475 1921 (9)
510 1849 825 1927 Κωφώθητε
877 1848 988 1914 οὖν,
1048 1845 1172 1901 ὅταν
1238 1847 1365 1918 ὑμῖν
1429 1844 1604 1920 χωρὶς
1635 1848 1814 1914 Ἰησοῦ
1845 1847 1981 1918 Χρι-

327 1943 458 1993 στοῦ
491 1937 640 2012 λαλῇ
671 1957 774 2005 τις,
809 1939 920 2010 (10)
952 1939 1049 1990 τοῦ
1099 1934 1150 1989 ἐν
1200 1934 1389 2008 γένους
1421 1929 1609 2001 Δαϐὶδ,
1649 1937 1738 1988 τοῦ
1769 1931 1828 1987 ἐκ
1863 1936 1982 1990 Μα-

330 2027 474 2103 ρίας,
507 2023 566 2081 ὅς
599 2025 820 2096 ἀληθῶς
852 2024 1135 2100 ἐγεννήθη,
1191 2020 1382 2100 ἔφαγεν
1425 2044 1481 2078 τε
1527 2022 1616 2077 καὶ
1643 2018 1815 2090 ἔπιεν,
1848 2021 1983 2092 ἀλη-

328 2121 438 2181 θῶς
482 2114 727 2189 ἐδιώχθη
760 2111 849 2168 ἐπὶ
881 2114 1109 2170 Ποντίου
1135 2112 1394 2182 Πιλάτου,
1424 2111 1644 2182 ὰληθῶς
1667 2109 1980 2186 ἐσταυρώθη

327 2208 419 2262 καὶ
481 2203 766 2274 ἀπέθανεν,
828 2201 1142 2279 βλεπόντων
1185 2208 1292 2256 τῶν
1350 2201 1684 2276 ἐπουρανίων
1737 2205 1845 2273 (ll)
1893 2201 1984 2255 καὶ

325 2296 583 2371 ἐπιγείων
615 2295 705 2350 καὶ
740 2294 1103 2372 ὑποχθονίων’
1137 2291 1196 2353 ὅς
1245 2292 1335 2346 καὶ
1383 2289 1607 2360 ἀληθῶς
1636 2290 1844 2367 ἠγέρθη
1878 2289 1985 2344 ἀπὸ

324 2388 550 2460 νεκρῶν,
586 2383 896 2458 ἐγείραντος
944 2382 1102 2436 αὐτὸν
1160 2381 1257 2435 τοῦ
1316 2382 1524 2455 Πατρὸς
1556 2379 1743 2447 αὐτοῦ,
1769 2381 1884 2452 (12)
1913 2378 1987 2439 ὡς

323 2477 417 2531 καὶ
448 2475 586 2530 κατὰ
640 2475 702 2529 τὸ
763 2477 873 2547 (13)
931 2472 1192 2545 ὁμοίωμα
1243 2474 1414 2543 ἡμᾶς,
1465 2471 1592 2533 τοὺς
1638 2469 1986 2529 πιστεύοντας

330 2565 503 2636 αὐτῷ,
555 2563 729 2624 οὕτως
781 2563 958 2638 ἐγερεῖ
1005 2563 1032 2617 ὁ
1084 2563 1272 2630 Πατὴρ
1319 2562 1486 2615 αὑτοῦ
1535 2560 1584 2614 ἐν
1633 2565 1848 2633 Χριστῷ
1878 2559 1991 2626 Ἰη-

332 2658 450 2722 σοῦ,
486 2651 594 2728 (14)
628 2653 690 2708 οὗ
721 2652 898 2728 χωρὶς
925 2650 988 2706 τὸ
1019 2649 1281 2720 ἀληθινὸν
1313 2654 1407 2723 ζῇν
1445 2649 1544 2704 οὐκ
1573 2644 1801 2723 ἔχομεν.

2169 1847 2449 1901 Obturate
2483 1847 2662 1918 igitur
2709 1864 2885 1902 aures
2929 1854 3171 1916 vestras,
3205 1866 3340 1905 cum
3379 1850 3542 1905 vobis
3583 1851 3748 1920 quis-

2093 1936 2253 2006 piam
2285 1935 2549 2006 loquitur
2570 1937 2700 1991 sine
2730 1938 2865 1991 Jesu
2891 1938 3142 2003 Christo,
3174 1939 3274 2009 qui
3303 1955 3372 1994 ex
3400 1953 3617 2010 genere
3648 1939 3752 1993 Da-

2094 2025 2264 2088 vidis,
2299 2025 2402 2096 qui
2434 2041 2504 2079 ex
2537 2025 2737 2092 Maria,
2765 2027 2864 2096 qui
2898 2043 3032 2081 vere
3065 2032 3239 2082 natus
3270 2034 3380 2092 est,
3415 2027 3536 2082 edit
3565 2033 3624 2082 et
3651 2027 3750 2081 bi-

2093 2115 2338 2183 bit,vere
2362 2115 2832 2186 persecutionem
2851 2133 3061 2187 passus
3084 2122 3174 2171 est
3195 2117 3302 2171 sub
3325 2118 3537 2172 Pontio
3559 2116 3748 2171 Pilato

2094 2221 2226 2259 vere
2251 2203 2568 2258 cruciﬁxus
2596 2211 2654 2259 et
2685 2211 2950 2259 mortuus
2982 2211 3090 2269 est,
3116 2205 3452 2260 videntibus
3485 2204 3740 2260 caelesti-

2094 2293 2205 2349 bus
2236 2299 2295 2348 et
2323 2293 2704 2348 terrestribus
2727 2299 2786 2348 et
2806 2293 3209 2349 subterraneis
3240 2311 3253 2359 ;
3279 2294 3378 2364 qui
3412 2300 3470 2349 et
3489 2306 3632 2348 “vere
3663 2309 3750 2348 re-

2095 2381 2355 2436 surrexit
2376 2399 2409 2436 a
2431 2382 2701 2447 mortuis,
2722 2382 3113 2436 resuscitante
3128 2382 3323 2452 ipsum
3345 2384 3516 2437 Patre
3540 2382 3751 2454 ipsius,

2097 2469 2602 2540 quemadmodum
2637 2469 2712 2524 ad
2767 2470 2897 2540 ejus
2955 2469 3412 2526 similitudinem
3447 2477 3507 2526 et
3535 2487 3665 2538 nos,
3701 2470 3754 2526 ei

2098 2557 2429 2625 credentes,
2456 2559 2629 2612 Pater
2653 2557 2781 2627 ejus
2804 2558 2887 2612 ita
2917 2559 3313 2628 resuscitabit,
3335 2560 3398 2615 in
3417 2561 3554 2615 Jesu
3583 2559 3756 2614 Chri-

2100 2651 2212 2712 sto,
2246 2645 2373 2699 sine
2406 2662 2519 2716 que
2553 2662 2748 2700 veram
2778 2647 2953 2702 vitam
2988 2663 3107 2701 non
3141 2647 3448 2704 habemus.

1085 2752 1153 2808 X.
1196 2752 1257 2806 Si
1288 2749 1534 2805 Christus
1563 2765 1674 2804 non
1712 2765 1835 2803 vere
1877 2761 2068 2817 passus
2100 2749 2197 2809 est,
2227 2745 2440 2810 frustra
2466 2759 2564 2811 ego
2599 2745 2827 2798 vincula
2855 2747 2998 2812 fero.

419 2839 483 2896 Εἰ
514 2837 589 2908 δὲ,
622 2838 796 2915 ὥσπερ
826 2839 986 2907 τινὲς,
1046 2837 1194 2892 ἄθεοι
1245 2835 1411 2906 ὄντες,
1439 2834 1712 2890 τουτέστιν
1746 2833 1984 2901 ἄπιστοι,
2020 2835 2062 2900 C

346 2925 615 3003 λέγουσιν,
647 2927 708 2982 τὸ
742 2926 918 2981 δοκεῖν
953 2923 1270 2989 πεπονθέναι
1328 2925 1510 2993 αὐτὸν,
1555 2924 1706 2979 αὐτοὶ
1741 2922 1891 2984 ὄντες
1924 2924 1986 2977 τὸ

337 3011 534 3083 δοκεῖν,
566 3015 670 3092 ἐγὼ
699 3015 750 3071 τί
783 3014 1026 3089 δεδεμαι,
1065 3015 1118 3069 τί
1160 3011 1215 3068 δὲ
1246 3011 1484 3089 εὔχομαι
1524 3015 1941 3088 θηριομαχῆσαι
1969 3031 1982 3082 ;

335 3105 552 3179 Δωρεὰν
577 3105 670 3160 οὗν
702 3105 1070 3176 ἀποθνήσκω;
1113 3106 1222 3178 (15)
1271 3108 1412 3179 Ἀρα
1461 3104 1524 3158 οὐ
1574 3099 1982 3186 καταψεύδομαι

332 3198 430 3249 τοῦ
463 3194 668 3270 Κυρίου
692 3211 707 3265 ;

2168 2831 2222 2884 Si
2255 2847 2412 2897 vero,
2472 2837 2539 2886 ut
2595 2831 2836 2902 quidam
2891 2831 3072 2899 athei,
3131 2833 3241 2887 hoc
3301 2839 3408 2901 est,
3455 2833 3747 2899 infideles,

2100 2917 2286 2986 aiunt,
2325 2935 2459 2974 eum
2509 2919 2836 2975 secundum
2886 2922 3294 2991 apparentiam
3327 2938 3455 2977 esse
3487 2939 3749 2993 passum,

2100 3006 2209 3076 ipsi
2235 3006 2563 3061 secundum
2586 3010 2995 3079 apparentiam
3021 3015 3249 3064 tantum
3274 3011 3658 3078 exsistentes;
3681 3012 3754 3068 ad

2100 3095 2242 3163 quid
2276 3111 2380 3167 ego
2411 3095 2642 3150 vinctus
2675 3113 2827 3166 sum,
2853 3114 2959 3152 cur
2989 3103 3126 3169 opto
3159 3115 3294 3153 cum
3326 3098 3533 3154 bestiis
3563 3099 3752 3171 depu-

2097 3198 2278 3255 gnare
2299 3183 2327 3238 ?
2357 3185 2596 3239 Frustra
2627 3184 2827 3256 itaque
2858 3186 3120 3241 morior?
3146 3187 3352 3242 Nonne
3375 3203 3476 3260 ego
3499 3186 3650 3245 falsa
3679 3188 3752 3244 de

2098 3272 2348 3328 Domino
2381 3273 2636 3344 loquor?

1792 3368 1953 3423 Vetus
1998 3367 2293 3425 interpres.

1800 3387 1953 3423 vetus
1998 3387 2293 3439 interpres.

326 3459 454 3509 tare
487 3458 601 3520 est,
638 3470 758 3535 non
789 3453 1046 3535 mundus
1077 3456 1189 3535 est,
1222 3453 1334 3535 hoc
1367 3457 1475 3519 est,
1509 3452 1608 3523 qui
1641 3453 1770 3510 sine
1829 3455 2106 3528 episcopo
2157 3461 2215 3511 et
2271 3456 2640 3529 presbyterio
2674 3462 2734 3513 et
2763 3458 3014 3516 diacono
3048 3466 3330 3533 Operatur
3358 3461 3607 3535 aliquid,
3643 3463 3755 3518 iste

1841 3598 2072 3653 CAPUT
2109 3599 2252 3652 VIII.

407 3686 705 3763 Nonquia
737 3687 977 3763 cognovi
1008 3685 1126 3741 tale
1154 3686 1296 3756 quid
1325 3686 1386 3741 in
1418 3686 1621 3763 vobis;
1656 3685 1760 3740 sed
1792 3702 2081 3756 praeservo
2113 3704 2230 3754 vos,
2262 3687 2615 3743 exsistentes
2647 3706 2812 3763 meos
2845 3691 3112 3763 dilectos,
3145 3693 3472 3763 praevidens
3508 3693 3757 3750 insidias

337 3758 580 3834 diaboli.
621 3759 728 3834 Yos
749 3757 922 3834 igitur
953 3763 1324 3834 mansuetam
1358 3758 1708 3834 patientiam
1739 3763 2432 3834 resumente_s,_recreate
2467 3761 2855 3834 vosmetipsos
2890 3762 2950 3817 in
2988 3757 3317 3834 ﬁdefquod
3351 3769 3440 3819 est
3468 3781 3604 3820 caro
3641 3765 3755 3818 Do-

332 3542 457 3580 non
491 3526 752 3582 mundus
782 3531 871 3582 est
902 3525 963 3579 in
995 3525 1379 3580 conscientia.

337 3831 506 3896 mini,
543 3834 600 3883 et
629 3829 689 3901 in
721 3828 1028 3895 charitate,
1062 3828 1339 3901 quodest
1370 3829 1606 3901 sanguis
1627 3830 1762 3884 Jesu
1785 3829 2020 3884 Christi.
2044 3829 2254 3901 Nullus
2282 3836 2538 3885 vestrum
2565 3828 2846 3888 adversus

332 3903 458 3956 Non
494 3900 836 3981 occasiones
869 3901 1020 3956 detis
1050 3900 1436 3981 gentibus,.ut
1465 3900 1586 3954 non
1611 3907 1850 3972 prOpter
1880 3916 2109 3981 paucos
2137 3900 2491 3981 insipientes
2523 3919 2593 3981 ea
2622 3920 2754 3973 quae
2787 3905 2849 3959 in

2923 3833 3218 3906 roximum
3249 3835 3480 3906 aliquid
3513 3835 3753 3891 habeat.

2933 3921 2999 3960 eo
3031 3905 3762 3979 multitudo’blaspheme-

333 3979 450 4028 tur.
491 3974 584 4027 V03
613 3974 782 4039 enim,
809 3989 914 4042 per
945 3970 1104 4042 quein
1136 3972 1196 4025 in
1228 3971 1482 4026 vanitate
1512 3970 1704 4026 nomen
1725 3970 1912 4026 Vmeurn
1942 3972 2003 4025 in
2034 3970 2334 4042 aliquibus
2367 3970 2798 4042 blasphematur.

1868 4070 2096 4126 CAPUT
2135 4071 2226 4126 IX.

401 4167 817 4243 Qbsurdescite
848 4169 1046 4240 igitur,
1078 4169 1315 4243 quando
1344 4169 1532 4243 _vobis
1576 4171 1704 4225 sine
1750 4171 1886 4224 lesu
1939 4167 2167 4243 Christo
2228 4167 2492 4238 loquitur
2525 4170 2694 4243 quis;
2729 4187 2796 4225 ex
2840 4186 3054 4242 genere
3087 4171 3286 4238 David,
3320 4174 3420 4243 qui
3454 4190 3523 4228 ex
3551 4175 3754 4238 Maria,

329 4239 432 4309 qui
464 4254 599 4292 vere
631 4247 804 4294 natus
834 4239 942 4303 est,
974 4241 1232 4294 comedit
1261 4246 1321 4295 et
1344 4241 1525 4307 bibit;
1547 4258 1678 4296 vere
1705 4239 2182 4311 persecutionem
2216 4256 2424 4310 passus
2450 4247 2538 4294 est
2560 4241 2668 4295 sub
2706 4239 2914 4296 Pontio
2939 4244 3150 4311 Pilato,
3175 4261 3306 4298 vere
3330 4239 3645 4300 cruciﬁxus
3668 4253 3760 4299 est

330 4318 391 4364 et
417 4316 688 4365 mortuus
720 4319 826 4377 est,
847 4312 1274 4382 aspicientibus
1293 4313 1631 4368 cmlestibus
1661 4319 1719 4368 et
1751 4311 2127 4383 terrestribus
2155 4316 2213 4383 et
2239 4311 2634 4366 infernalibus
2661 4329 2672 4366 :
2706 4314 2804 4383 qui
2833 4320 2891 4368 et
2913 4331 3046 4369 vere
3073 4317 3399 4370 resurrexit
3419 4333 3453 4371 a
3484 4317 3755 4380 mortuis,

329 4383 727 4457 resuscitante
759 4381 956 4457 ipsum
972 4385 1156 4457 Patre
1187 4385 1412 4457 ipsius:
1473 4385 1573 4455 qui
1634 4390 1693 4438 et
1749 4381 2076 4457 secundum
2135 4382 2592 4457 similitudinem
2623 4381 2740 4438 nos
2773 4386 3086 4441 credentes
3121 4388 3230 4457 ipsi
3265 4387 3348 4442 sic
3381 4388 3762 4445 resuscitabit

332 4455 509 4507 Pater
539 4453 724 4524 ipsius
755 4453 817 4509 in
847 4455 1078 4510 Christo
1108 4453 1266 4521 Jesu,
1302 4456 1429 4510 sine
1462 4453 1578 4526 quo
1611 4472 1814 4510 verum
1847 4454 2036 4508 vivere
2065 4470 2185 4507 non
2218 4453 2526 4509 habemus.

1868 4553 2095 4607 CAPUT
2148 4552 2215 4606 Χ.

412 4650 468 4704 Si
499 4655 720 4718 autem,
753 4651 1254 4724 quemadmodum
1287 4653 1526 4724 quidam
1571 4654 1700 4708 sine
1755 4651 1872 4724 Deo
1906 4650 2262 4724 exsistentes
2291 4651 2436 4724 (hoc
2459 4656 2568 4724 est,
2601 4651 2898 4720 inﬁdeles)
2932 4653 3165 4721 dicunt,
3199 4655 3527 4711 secundum
3562 4655 3750 4711 videri

335 4737 582 4796 passum
614 4739 743 4777 esse
775 4721 970 4796 ipsum
997 4739 1010 4789 ;
1043 4724 1156 4796 ipsi
1187 4721 1539 4779 exsi'stentes
1562 4723 1890 4780 secundum
1920 4721 2443 4796 videri,_ego_quid
2475 4723 2704 4796 vinctus
2751 4741 2882 4780 sum
2907 4728 2935 4779 ?
2990 4726 3133 4796 quid
3172 4733 3365 4781 autem
3401 4732 3458 4781 et
3487 4743 3587 4782 oro
3619 4743 3753 4781 cum

337 4791 549 4848 bestiis
578 4791 841 4864 pugnare
862 4794 889 4848 ‘?
915 4791 1106 4850 Gratis
1138 4796 1317 4867 igitur
1346 4797 1572 4851 morior
1597 4813 1608 4850 :
1645 4812 1780 4866 ergo
1812 4810 1930 4849 non
1960 4791 2372 4864 reprehendor
2401 4793 2704 4848 mendacii
2735 4811 2769 4850 a
2794 4791 3066 4852 Domino.

411 4890 436 4924 ⁸
476 4891 609 4947 lsai.
647 4909 739 4960 LII,
773 4896 826 4948 5.

519 5019 604 5072 Ita
632 5035 745 5073 ms.
805 5019 950 5074 Male
1005 5020 1328 5074 Smitllius:
1393 5023 1621 5093 Πραεῖαν
1678 5017 1984 5081 εὐπάθειαν.
2023 5037 2068 5100 D

341 5089 464 5143 1A0.

417 5160 492 5228 (6)
523 5161 624 5215 Ms.
676 5159 754 5223 ὃς.
808 5160 1114 5217 Salvianus
1164 5163 1406 5231 conjicit
1433 5162 1484 5231 ἦ.
1524 5163 1784 5227 Vossius,
1821 5162 1994 5231 Cote-_-

345 5230 530 5285 Ierius
563 5238 621 5286 et
648 5232 748 5287 alii
777 5249 789 5286 :
823 5231 873 5286 ὅ.
921 5233 1034 5288 Cir.
1088 5233 1158 5288 de
1203 5229 1317 5289 fide
1365 5239 1423 5290 et
1458 5229 1754 5291 ‘charitate
1797 5249 1887 5302 ep.
1921 5229 1995 5285 ad

345 5302 594 5376 Ephess,
619 5320 670 5358 c.
708 5306 809 5370 ila;
843 5303 916 5359 ad
948 5305 1207 5376 Smyrn,
1239 5322 1288 5360 e.
1326 5308 1378 5360 6.

423 5375 498 5445 (τ)
527 5373 642 5429 Cfr.
679 5376 883 5431 Matth.
923 5393 974 5438 ν,
1001 5373 1088 5430 23‘.

423 5446 492 5516 t8)
520 5447 581 5500 T'.
614 5446 912 5519 addidiex
943 5447 1149 5519 Parall.
1187 5449 1436 5504 Damasc.
1474 5450 1667 5519 Rupef.

446 5520 502 5584 9/
537 5519 666 5572 llmc
699 5517 1277 5590 laudatpTheodoret.
1313 5519 1456 5574 Dial.
1493 5521 1535 5587 l,
1558 5517 1627 5590 'p.
1662 5522 1752 5573 5t.

450 5590 533 5658 10)
559 5590 674 5661 Cfr.
707 5591 811 5661 Ep.
840 5588 1202 5661 adVSmyrn.,
1225 5607 1275 5645 c.
1311 5595 1359 5645 1.

451 5662 536 5731 ll)
568 5660 668 5715 Καὶ
708 5660 900 5716 exstat
927 5660 988 5716 in
1019 5666 1162 5718 mto.
1194 5662 1310 5716 hc.

680 5779 942 5838 ΡΑτιοι..
989 5781 1104 5838 Gn.
1153 5778 1228 5839 ν.

2173 5018 2285 5085 (12)
2334 5017 2420 5071 Ita
2463 5015 2781 5087 legendum
2832 5036 2960 5074 esse
3009 5024 3214 5074 monet
3263 5019 3566 5084 Smithius,
3599 5019 3747 5074 duce

2103 5088 2282 5161 veteri
2317 5088 2662 5161 interprete.
2699 5088 2965 5161 Ms.,_xa1:&
2989 5091 3052 5143 τὸ
3085 5089 3369 5161 ὁμοίωμα,
3395 5089 3454 5151 ὅς
3485 5090 3570 5143 καὶ
3605 5091 3754 5161 ἡμᾶς

2102 5157 2231 5216 τοὺς
2261 5156 2620 5225 πιστεύοντες,
2652 5178 2705 5215 κ.
2737 5178 2787 5213 τ.
2822 5157 2876 5214 λ.

2182 5231 2290 5301 (131
2319 5229 2434 5284 Cfr.
2469 5230 2492 5282 Ι
2523 5231 2652 5286 Cor.
2686 5247 2776 5295 xv,
2811 5232 2896 5284 49.

2176 5304 2286 5366 (14)
2321 5301 2435 5356 Cfr.
2469 5301 2632 5355 Joan.
2670 5317 2751 5364 ιιι,
2782 5302 2884 5367 36;
2917 5319 2968 5368 v,
3001 5303 3104 5368 4ος
3135 5319 3244 5369 xiv,
3278 5305 3350 5370 6;
3397 5321 3491 5367 xx,
3527 5303 3610 5359 l3.

2177 5373 2284 5444 (liii
2319 5372 2576 5426 Sensus:
2613 5375 2798 5428 Nonne
2847 5389 2943 5442 ego
2987 5374 3134 5441 falsa
3180 5374 3246 5426 de
3289 5377 3512 5429 Domino
3546 5377 3758 5444 loquor,

2108 5445 2154 5517 si
2184 5442 2293 5509 illi,
2326 5460 2510 5497 veram
2542 5445 2740 5498 Christi
2773 5451 3003 5517 mortem
3046 5452 3329 5514 negantes.
3366 5463 3494 5501 vera
3526 5442 3765 5517 loquun-

2111 5515 2247 5588 lur?
2276 5517 2422 5570 Mors
2451 5530 2567 5569 mea
2594 5518 2720 5588 ipsa
2757 5517 2914 5588 falsa:
2964 5516 3236 5572 doctrina:
3293 5523 3367 5571 est
3413 5515 3761 5588 praedicatio.

2113 5585 2166 5639 Si
2202 5602 2336 5639 vero
2396 5591 2530 5656 post
2587 5585 2689 5656 ἄρα
2729 5587 2917 5659 ᾼοοιοῐι
2978 5604 3184 5659 ponas.
3231 5585 3580 5647 vertendum
3612 5589 3762 5644 erit:

2114 5659 2386 5724 Profecto,
2420 5673 2531 5710 non
2556 5659 2700 5725 falsa
2723 5657 2919 5728 loquor
2947 5657 3012 5714 de
3047 5661 3300 5715 Domino.

3367 5782 3442 5838 22
