4080 6134
444 372 567 438 683
1399 374 1688 436 SANCTI
1737 373 2030 440 IGNATII
2077 377 2482 444 EPISTOLxE
2522 385 2914 455 GENUINIE.
3747 401 3865 464 684

1409 508 1503 564 XI.
1545 509 1745 578 Fugite
1784 512 2096 580 mortiferas
2143 513 2466 574 Docetarum
2503 521 2901 590 plantationes.

516 606 721 679 Fugite
743 622 880 678 ergo
907 605 1096 662 malas
1116 606 1495 678 propagines,
1519 623 1650 678 quas
1667 607 1917 680 gignunt
1940 625 2101 664 mor-

2284 615 2519 690 Φεύγετε
2549 617 2644 674 οὖν
2689 620 2786 682 τὰς
2832 622 3000 684 κακὰς
3059 623 3433 704 παραφυάδας,
3463 629 3560 691 τὰς
3592 631 3866 704 γεννώσας

443 695 687 752 tiferum
708 693 988 762 fructum,
1012 711 1190 766 quem
1222 695 1271 749 si
1298 697 1431 766 quis
1451 697 1723 768 gustarit,
1748 698 1947 754 statim
1969 715 2099 754 mo-

2210 707 2412 780 καρπὸν
2443 710 2836 785 θανατηθόρον,
2870 709 2934 766 οὗ
2989 710 3079 766 ἐὰν
3109 693 3370 789 γεύσηται
3400 693 3506 788 τις,
3557 693 3688 793 πάρ’
3731 693 3866 775 asta}

439 784 611 839 ritur.
645 783 746 839 Isti
779 783 940 838 enim
969 799 1088 839 non
1111 789 1252 839 sunt
1279 783 1569 856 plantatio
1600 786 1811 842 Patris.
1847 787 1906 842 Si
1937 787 2097 843 enim

2210 797 2553 886 ἀποθνήσκει.
2587 783 2747 853 Οὗτοι
2779 800 2886 876 γὰρ
2936 800 3033 856 οὐκ
3089 783 3223 857 εἶσὶν
3256 783 3371 880 (16)
3402 783 3596 886 φυτεία
3628 783 3863 885 ίΙατρὸς.

439 877 1027 944 essent,apparerent
1054 873 1260 942 utique
1291 873 1444 928 rami
1467 875 1680 944 crucis,
1702 881 1761 930 et
1791 881 1949 931 esset
1977 876 2099 932 uti-

2210 885 2269 941 Εἰ
2315 885 2419 961 γὰρ
2465 887 2626 958 ἦσαν,
2675 873 2954 964 ἐφαίνοντο
3008 889 3067 946 ἃν
3126 873 3321 948 κλᾶδνοι
3351 873 3450 950 τοιῖ
3481 873 3864 973 παυρούίκαὶ

441 977 556 1033 que
586 961 814 1016 fructus
844 961 1086 1018 illorum
1137 962 1594 1034 incoruptibilis.
1629 965 1741 1018 Per
1781 965 1938 1020 hanc
1964 981 2097 1022 cru-

2210 974 2270 1043 ἧν
2327 975 2385 1029 ἂν
2415 976 2443 1030 ὁ
2474 977 2681 1051 καρπὸς
2716 961 2914 1034 ἀὐτῶν
2981 977 3274 1057 ἄφθαρτοςο
3310 981 3380 1038 δι’
3411 985 3472 1039 οὗ
3505 984 3556 1040 ἐν
3590 961 3670 1058 τῷ
3699 961 3865 1052 πάθει

441 1065 571 1105 cem
600 1049 866 1106 Christus
898 1051 960 1106 in
991 1052 1266 1122 passione
1290 1068 1396 1107 sua
1426 1052 1635 1108 invitat
1663 1070 1784 1120 vos,
1819 1055 1919 1124 qui
1951 1055 2094 1110 estis

2210 1064 2367 1120 αὐτοῦ
2423 1049 2816 1141 προσκαλεῖται
2876 1049 3040 1144 ὑμᾶςξ
3098 1049 3256 1136 ὅντας
3328 1071 3469 1146 μέλη
3541 1049 3726 1132 αὐτοῦ.
3780 1049 3859 1136 Ct”)

440 1138 712 1196 membra
759 1140 907 1213 ejus.
965 1141 1090 1195 Non
1141 1145 1336 1212 potest
1381 1140 1564 1213 igitur
1616 1148 1793 1214 caput
1823 1159 2096 1199 seorsum

2210 1152 2420 1211 δύναται
2453 1138 2544 1210 οὖν
2599 1154 2810 1236 κεφαλή
2872 1138 3049 1233 χωρὶζ
3105 1138 3430 1236 γεψηθῖίνάι
3458 1138 3614 1220 ,ἄνευ
3648 1165 3860 1240 μελῶν,

441 1228 605 1284 nasci
653 1228 780 1283 sine
837 1228 1142 1298 membris,
1203 1230 1490 1286 unionem
1539 1232 1920 1302 promittente
1952 1232 2094 1299 Deo,

2210 1249 2302 1299 τοῦ
2332 1249 2465 1300 Θιοῦ
2503 1228 2692 1300 ’ὲνωσιν
2742 1228 3219 1323 ἐπαγγελλομένου
3249 1228 3381 1324 (ἡ),
3413 1250 3473 1315 ὃς

444 1252 605 1284 ιιίιδω
653 1252 780 1283 διιιθ
837 1252 1142 1298 ΙΠΒΙΠΗΙἹΒ,
1203 1252 1490 1286 “1110118111
1539 1252 1920 1302 promittente
1952 1252 2094 1299 U80,

444 1317 546 1387 qui
577 1322 668 1374 est
697 1318 845 1390 ipse.

2210 1252 2302 1299 τοῦ
2332 1252 2465 1300 Θιοῦ
2503 1252 2692 1300 ἓνωσιν
2742 1252 3219 1323 ἐπαγγελλομένου
3249 1254 3381 1324 (17),
3413 1252 3473 1315 ες
3506 1252 3647 1310 ἔστιν
3676 1253 3861 1319 αὐτός.

1596 1419 1714 1477 XII.
1755 1423 1972 1476 Manete
2004 1422 2061 1477 in
2097 1419 2314 1476 unitate
2344 1426 2396 1474 et
2427 1419 2726 1475 charitate.

515 1542 713 1599 Saluto
746 1559 844 1598 vos
889 1559 920 1598 e
972 1545 1241 1616 Smyrna,
1303 1560 1424 1599 una
1477 1560 1612 1600 cum
1667 1545 1944 1601 Ecclesiis
1973 1547 2099 1613 Dei,

2278 1546 2621 1616 ’Ᾱσπάζομαι
2654 1543 2795 1616 ὑμᾶς
2821 1544 2924 1599 άπὸ
2958 1546 3355 1619 Σμύρνης,ἅμα
3382 1554 3504 1610 ταῖς
3544 1554 3863 1623 συμπαρού-

443 1647 574 1703 qua:
606 1647 840 1688 mecum
863 1638 1020 1700 sunt,
1053 1649 1186 1704 quas
1217 1633 1278 1688 in
1317 1633 1593 1689 omnibus
1623 1649 1716 1688 me
1759 1640 2103 1692 recrearunt

2210 1654 2323 1695 σαις
2350 1637 2465 1707 (18)
2490 1654 2584 1706 μοι
2616 1630 2968 1703 Ἐκκλησίπιις
2999 1639 3097 1690 τοῦ
3128 1639 3284 1704 Θεοῦ,
3305 1640 3419 1709 (19)
3443 1636 3496 1692 οἵ
3527 1639 3663 1695 κατὰ
3693 1639 3867 1697 πάντα

443 1720 642 1792 quoad
699 1737 916 1792 corpus
970 1726 1030 1776 et
1094 1723 1390 1793 spiritum.
1465 1723 1712 1780 Vincula
1769 1741 1922 1793 mea,
1967 1741 2099 1796 qua)

2210 1744 2276 1795 με
2334 1721 2632 1777 ἀνέπαυσαν
2693 1722 2848 1796 σαρκί
2907 1744 2966 1778 τε
3026 1724 3116 1778 καὶ
3199 1726 3496 1799 πνεύματι.
3554 1729 3868 1805 Παρακαλεῖ

443 1814 688 1880 propter
712 1809 914 1864 Jesum
945 1809 1242 1865 Christum
1272 1812 1417 1878 fero,
1447 1829 1546 1868 vos
1577 1813 1924 1868 obsecrant:
1960 1829 2098 1885 per-

2210 1811 2346 1882 ὑμᾶς
2399 1810 2464 1865 τὰ
2523 1807 2695 1882 δεσμά
2755 1831 2862 1883 μου
2923 1813 3036 1884 (20)
3091 1810 3124 1865 ἃ
3179 1810 3356 1868 ἕνεκεν
3415 1815 3596 1886 Ἰησοῦ
3625 1821 3862 1892 Χριστοῦ

447 1903 686 1953 manete
743 1897 804 1952 in
845 1898 1160 1954 concordia
1215 1906 1409 1956 vestra
1467 1904 1526 1956 et
1572 1902 1839 1958 oratione
1870 1908 2096 1958 mutua.

2210 1899 2506 1975 περιφέρω,
2555 1897 2877 1972 αἰτούμενος
2934 1904 3068 1955 Θεοῦ
3121 1900 3424 1979 ἐπιτυχεῖνο
3487 1902 3768 1980 διαμένετι
3808 1907 3860 1963 ἐν

447 1986 626 2043 Decet
656 1986 814 2041 enim
846 1986 1112 2059 singulos
1141 1993 1422 2059 vestrum,
1447 1994 1506 2044 et
1533 1990 1832 2062 praecipue
1861 1989 2099 2062 presby-

2210 1992 2277 2062 τῇ
2327 1988 2559 2061 ὁμονοίᾳ
2607 1988 2762 2061 ὑμῶν
2809 1987 2899 2043 καὶ
2942 1993 3011 2064 τῇ
3073 1991 3189 2064 μετ’
3234 1990 3503 2063 ἀλλήλων
3549 2000 3863 2074 προσευγῇ.

448 2080 626 2142 teros,
651 2091 922 2131 recreare
953 2076 1321 2149 episcopum,
1339 2078 1402 2134 in
1431 2078 1720 2134 honorem
1745 2079 2100 2146 Patris,lesu

2213 2079 2412 2151 Πρέπει
2440 2080 2540 2150 γάρ
2594 2077 2721 2150 ὑμῖν
2770 2083 2887 2140 τοῖς
2947 2080 3064 2143 καθ’
3115 2076 3227 2153 ἵνα,
3287 2084 3398 2155 (21)
3456 2081 3746 2159 ἐξαιρέτως
3775 2086 3864 2140 καὶ

453 2163 668 2219 Christi
701 2169 761 2220 et
789 2164 1214 2237 apostolorum.
1266 2167 1436 2238 Opto,
1487 2171 1555 2222 ut
1584 2167 1644 2222 in
1689 2167 1976 2222 charitate
2006 2183 2102 2222 me

2210 2171 2324 2226 τοῖς
2354 2160 2759 2240 πρεσϐυτὲροις,
2793 2167 3094 2245 ἂναψύχειν
3143 2170 3235 2224 τὸν
3268 2168 3561 2227 ἐπισκοπον
3593 2173 3671 2236 εἱς
3693 2177 3863 2247 τιμήν

451 2253 726 2323 audiatis,
758 2271 857 2323 ne,
891 2255 1019 2311 haec
1049 2256 1335 2323 scribens,
1355 2257 1416 2312 in
1451 2257 1862 2313 testimonium
1893 2262 2105 2314 contra

2212 2256 2445 2331 Πατρὸς,
2477 2257 2660 2326 Ἰησοῦ
2702 2257 2942 2332 Χριστοῦ
2986 2259 3078 2313 καὶ
3133 2263 3238 2313 τῶν
3299 2259 3643 2318 ἀποστόλων.
3678 2261 3867 2340 Εῧχο-

449 2358 554 2398 vos
586 2342 720 2398 sim.
753 2343 867 2399 Sed
922 2349 983 2400 et
1027 2350 1191 2402 orate
1221 2362 1328 2417 pro
1358 2363 1474 2412 me,
1508 2346 1610 2417 qui
1641 2347 1702 2402 in
1732 2346 1835 2402 Dei
1867 2347 2100 2402 miseri-

2215 2365 2312 2419 μαι
2343 2345 2484 2418 ὑμᾶς
2517 2345 2570 2400 ἐν
2603 2346 2786 2420 ἀγάπῃ
2820 2349 3044 2402 ἀκοῦσαί
3079 2369 3204 2422 μου,
3233 2347 3326 2405 ’ἕνα
3356 2352 3431 2425 μὴ
3468 2350 3545 2414 εἷς
3577 2355 3691 2426 (22)
3727 2374 3865 2429 μαρ-

443 2429 648 2486 cordia
702 2432 990 2488 charitate
1047 2439 1242 2490 vestra
1297 2434 1555 2507 indigeo,
1599 2441 1666 2490 ut
1715 2436 1930 2507 dignus
1960 2436 2102 2491 ﬁam

2210 2435 2393 2509 τύριον
2445 2433 2490 2488 ὦ
2536 2432 2588 2488 ἐν
2645 2435 2771 2506 ὑμῖν
2821 2438 3052 2512 γράψας.
3105 2437 3209 2494 Καξ
3256 2440 3381 2514 περί
3429 2438 3566 2512 ἐμοῦ
3608 2438 3666 2496 δὲ
3695 2463 3864 2518 προσ-

445 2526 625 2585 sorte,
658 2537 788 2592 quas
828 2537 924 2577 me
955 2527 1145 2579 morte
1188 2525 1702 2596 appropinquante
1733 2525 2101 2592 circumstat,

2211 2524 2458 2598 εὔχεσθε,
2515 2530 2617 2593 τῆς
2672 2524 2762 2602 ἀφ’
2821 2526 2975 2598 ὑμῶν
3036 2527 3250 2601 ἀγάπης
3309 2529 3617 2604 χρῄζοντος
3677 2532 3729 2586 ὲν
3785 2537 3865 2606 τῷ

444 2625 520 2665 ne
545 2609 835 2682 reprobus
865 2611 1152 2668 inveniar.

2211 2611 2352 2667 ἰλέει
2398 2615 2495 2667 τοῦ
2543 2616 2698 2685 Θεοῦ,
2750 2613 2825 2675 εἷς
2855 2613 2917 2668 τὸ
2963 2616 3366 2684 καταξιωθῆναί
3401 2639 3469 2691 με
3497 2623 3596 2674 τοῦ
3624 2618 3859 2696 κλήρου,

2210 2701 2273 2754 οὗ
2313 2703 2422 2774 (23)
2482 2701 2796 2777 περίκειμαι
2849 2701 3148 2780 ἐπιτυχεῖν,
3200 2703 3289 2760 ἵνα
3348 2707 3425 2781 μὴ
3479 2704 3747 2784 ἀδόκιμος
3778 2711 3864 2765 εὑέ

2211 2792 2372 2862 mea».

1466 2919 1624 2976 XIII.
1672 2920 1880 2988 Valete,
1912 2924 2068 2974 orate
2083 2934 2194 2990 pro
2222 2917 2469 2975 Ecclesia
2495 2918 2698 2989 Syriae,
2733 2925 2845 2976 etc.

524 3031 752 3090 Salutat
787 3049 889 3090 vos
937 3033 1194 3090 charitas
1244 3034 1685 3108 Smyrnaeorum
1716 3041 1775 3090 et
1812 3035 2096 3107 Ephesio-

2284 3033 2603 3102 Ἀσπάζεται
2665 3033 2806 3106 ὑμᾶς
2862 3033 2897 3102 ἡ
2955 3033 3142 3108 ἀγάπη
3195 3037 3523 3113 Σμυρναίων
3571 3039 3658 3094 καὶ
3701 3040 3858 3118 Ἐφε-

452 3123 902 3178 rum.Memores
924 3127 1111 3179 estote
1135 3123 1195 3178 in
1214 3123 1492 3180 omnibus
1511 3123 1882 3179 orationibus
1900 3123 2106 3178 vestris

2217 3122 2368 3180 σίων,
2403 3121 2780 3195 Μνημονεύετε
2829 3120 2882 3176 ἐν
2942 3129 3061 3186 ταῖς
3120 3132 3458 3206 προσευχαῖς
3490 3128 3636 3201 ὑμῶν
3668 3135 3768 3198 τῆς
3804 3127 3861 3184 ἒν

450 3211 728 3267 Ecclesiae
769 3229 901 3284 quas
950 3219 1041 3268 est
1088 3213 1150 3268 in
1200 3214 1400 3285 Syria;
1448 3213 1520 3269 de
1563 3231 1682 3285 qua
1715 3219 1772 3268 et
1817 3230 1939 3269 non
1972 3229 2104 3268 sum

2217 3210 2386 3287 Συρίᾳ
2411 3208 2760 3282 Ἐκκλησίαςο
2793 3210 2914 3276 ὅθεν
2963 3214 3054 3266 καὶ
3103 3214 3207 3268 οὐκ
3262 3213 3413 3288 ἄξιός
3445 3216 3560 3290 εἶμι
3592 3215 3870 3295 λέγεσθαι,

450 3300 663 3374 dignus
703 3301 804 3373 qui
847 3301 1138 3374 dicar,qui
1188 3303 1299 3358 sim
1353 3319 1559 3359 eorum
1597 3303 1866 3360 ultimus.
1903 3303 2102 3359 Valete

2213 3298 2287 3354 ὢν
2339 3296 2570 3375 ἔσχατος
2625 3299 2865 3359 ἐκείνων.
2919 3301 3201 3376 Ἐῥρωσθε
3257 3301 3308 3358 ἐν
3384 3307 3568 3376 Ἰησοῦ
3625 3308 3868 3382 Χριστῷ,

1912 3457 2076 3514 Vetus
2125 3457 2418 3526 interpres.

1975 3571 2206 3628 CAPUT
2243 3573 2338 3628 XI.

524 3700 724 3774 Fugite
759 3715 895 3774 ergo
926 3699 1113 3756 malas
1133 3700 1518 3774 propagines,
1546 3705 1905 3774 generantes
1935 3699 2191 3755 fructum
2225 3698 2600 3774 mortiferum
2620 3715 2634 3766 ;
2668 3715 2846 3770 quem
2870 3699 2918 3774 si
2938 3703 3130 3774 gustet
3161 3697 3313 3769 quis,
3340 3698 3539 3774 statim
3574 3702 3859 3774 m_oritur.

452 3772 555 3844 Isti
585 3769 746 3844 enim
777 3769 899 3828 non
929 3777 1070 3827 sunt
1091 3769 1378 3844 plantatio
1400 3769 1610 3828 Patris.
1635 3773 1692 3826 Si
1715 3772 1876 3827 enim
1899 3776 2500 3844 essent,appar_erent
2521 3769 2723 3841 utique
2747 3771 2896 3844 rami
2920 3769 3192 3839 crucis,et
3218 3775 3374 3844 esset
3392 3769 3609 3844 utique
3623 3771 3858 3844 fructus

454 3843 696 3916 illorum
728 3841 1198 3916 incorruptibilis
1222 3860 1244 3916 :7
1270 3859 1376 3915 per
1401 3859 1606 3916 quem,
1630 3845 1690 3899 in
1723 3844 1996 3916 passione
2024 3841 2240 3914 ipsius;
2270 3842 2512 3916 advocat
2540 3859 2660 3908 vos,
2687 3843 3037 3916 exsistentes
3066 3841 3331 3898 membra
3360 3841 3563 3913 ipsius.
3600 3843 3728 3896 Non
3760 3859 3860 3914 po-

455 3919 571 3970 test
599 3914 780 3986 igitnr
809 3913 990 3987 caput
1013 3916 1176 3972 nasci
1203 3913 1329 3970 sine
1362 3913 1645 3971 membris
1670 3933 1683 3982 ;
1713 3913 1830 3971 Deo
1860 3913 2146 3970 unionem
2174 3913 2647 3986 repromittente,
2685 3913 2844 3984 quod
2871 3919 2960 3970 est
2991 3914 3136 3985 ipse.

1961 4030 2190 4086 CAPUT
2231 4031 2352 4084 XII.

527 4156 727 4214 Saluto
759 4173 860 4213 vos
891 4174 925 4212 a
954 4158 1226 4229 Smyrna,
1259 4173 1393 4213 cum
1425 4157 1953 4228 comprmsentibus
1983 4157 2130 4229 mihi
2170 4157 2450 4212 Ecclesiis
2500 4157 2597 4211 Dei
2628 4173 2640 4210 :
2693 4157 2792 4227 qui
2839 4155 3178 4229 secundum
3200 4156 3401 4212 omnia
3430 4172 3526 4212 me
3558 4158 3866 4229 quiescere

450 4227 726 4301 fecerunt
754 4245 931 4301 carne
964 4235 1022 4284 et
1052 4227 1283 4301 spiritu.
1321 4227 1723 4300 Deprecamur
1770 4246 1872 4284 vos
1920 4227 2157 4301 vincula
2207 4245 2362 4301 mea,
2415 4245 2544 4301 qua)
2595 4245 2700 4299 pro
2729 4228 2866 4301 Iesu
2896 4227 3126 4301 Christo
3157 4228 3304 4301 fero,
3338 4234 3546 4301 petens
3577 4227 3696 4284 Deo
3728 4230 3862 4284 frui.

453 4300 803 4372 Permanete
835 4300 895 4355 in
926 4299 1242 4356 concordia
1271 4299 1483 4369 vestra,
1517 4306 1574 4355 et
1603 4316 1672 4355 ea
1701 4317 1832 4372 quae
1863 4315 1998 4354 cum
2029 4299 2360 4372 adinvicem
2389 4300 2682 4372 oratione.
2727 4300 2904 4372 Decet
2933 4299 3219 4372 enimAvos
3249 4299 3536 4370 singulos,
3569 4301 3863 4372 praecipue

454 4376 514 4445 et
542 4371 937 4445 presbyteros,
971 4373 1320 4445 refrigerare
1352 4369 1804 4445 episcopumﬁn
1826 4371 2126 4445 honorem
2146 4371 2362 4445 Patris,
2374 4371 2516 4445 _Jesu
2547 4370 2786 4445 Christi,
2813 4377 2871 4425 et
2895 4369 3321 4440 apostolorum.
3356 4369 3469 4425 Oro
3501 4369 3601 4426 vos
3634 4372 3695 4425 in
3725 4369 3858 4445 cha-

453 4442 629 4513 ritate
661 4441 865 4496 audire
898 4459 1014 4507 me,
1046 4441 1248 4498 utnon
1279 4442 1340 4498 in
1368 4441 1773 4497 testimonium
1807 4443 1917 4497 sim
1948 4443 2009 4496 in
2043 4441 2202 4496 vobis
2252 4441 2538 4513 scribens.
2588 4441 2702 4513 Sed
2753 4447 2812 4496 et
2857 4457 2962 4513 pro
2996 4457 3090 4496 me
3120 4446 3286 4513 orate
3317 4457 3407 4513 ea,
3443 4458 3574 4512 quas
3606 4459 3641 4497 a
3672 4443 3856 4510 vobis,

453 4511 740 4636 gharitate
771 4513 1071 4594 indigente
1105 4515 1164 4569 in
1198 4514 1608 4571 misericordia
1635 4513 1758 4583 Dei,
1786 4513 1860 4568 ad
1890 4513 2220 4585 digniﬂcari
2251 4512 2360 4583 [in]
2409 4512 2776 4581 haereditate,
2811 4511 2928 4582 qua
2955 4528 3138 4568 conor
3167 4511 3370 4583 potiri,
3405 4511 3476 4568 ut
3502 4529 3624 4569 non
3656 4529 3859 4586 repro-

496 4597 566 4636 us
598 4598 887 4636 inveniar.

496 4597 566 4638 “3
598 4598 887 4639 inveniar.

1949 4673 2178 4729 CAPUT
2216 4672 2358 4727 XIII.

529 4795 755 4870 salutat
781 4813 882 4851 vos
910 4797 1170 4870 charitas
1197 4797 1639 4870 Smyrnmorum
1672 4805 1728 4854 et
1759 4799 2135 4870 Ephsiorum.
2168 4797 2520 4870 Mementote
2552 4797 2611 4850 in
2643 4797 3016 4870 orationibus
3041 4798 3252 4870 vestris
3275 4797 3412 4870 ejus
3441 4813 3572 4870 quas
3606 4798 3673 4870 in,
3699 4795 3867 4870 Syria

455 4867 771 4935 Ecclesiae;
805 4867 964 4925 unde
997 4885 1115 4941 non
1147 4867 1357 4941 dignus
1389 4887 1520 4926 sum
1555 4870 1692 4934 dici,
1726 4867 2017 4925 exsistens
2043 4873 2350 4941 extremus
2375 4867 2871 4941 illorum.__Yal_ete
2901 4868 2964 4941 in
2993 4869 3127 4923 Jesu
3149 4867 3404 4941 Christo,
3426 4868 3680 4941 subjecti
3699 4867 3865 4941 epis-

455 4945 693 5012 copo,ut
715 4941 814 4997 Dei
837 4940 1139 5011 mandato,
1164 4938 1439 4998 similiter
1459 4948 1518 4998 et
1535 4941 2000 5014 presbyterio.Et
2019 4939 2236 5011 singuli
2258 4939 2589 4994 adinvicem
2611 4938 2836 5010 diligite
2860 4939 2921 4994 in
2944 4939 3292 5013 impartibili
3314 4938 3859 4995 corde.Castiﬂcate

553 5109 638 5180 16)
667 5108 782 5165 Cfr.
818 5111 1019 5169 Matth.
1052 5127 1146 5178 xv,
1182 5113 1266 5165 l3.
2134 5112 2183 5176 Ι)
2213 5107 2530 5180 interpres,
2561 5111 2680 5178 qui.

549 5178 756 5254 l_‘7)rlta
786 5199 924 5254 ms.,
947 5182 1358 5238 testimonium
1383 5181 1665 5237 doctrinm
1693 5180 1766 5254 de
1798 5181 2103 5254 divinitate
2283 5178 2393 5250 (20)
2425 5179 2543 5254 Cfr.
2578 5180 2792 5254 Ephes.
2824 5196 2900 5254 vi,
2933 5179 3040 5246 20;
3071 5178 3297 5254 Coloss.
3325 5196 3396 5254 ιγ,
3430 5181 3481 5234 3.

449 5248 663 5308 Christi
697 5248 1004 5310 exhibens.
1049 5257 1171 5312 Vet.
1231 5255 1570 5325 interpres,_
1607 5253 1790 5325 quod;
1849 5251 2103 5325 sednon

2425 5248 3025 5325 Legendumvidetur
3062 5249 3150 5304 καὶ
3196 5248 3500 5323 ἐξοιρέτως.
3533 5250 3655 5306 Jac.

449 5329 558 5397 est,
592 5325 751 5397 quod
783 5343 918 5381 cum
953 5327 1157 5382 Vossio
1211 5321 1511 5383 mutemus
1541 5322 1591 5397 ὅ,
1614 5321 1716 5380 _vel
1746 5341 1880 5380 cum
1912 5323 2104 5380 Aldri-
2283 5323 2393 5397 (2'2)
2425 5321 2540 5397 Cir.
2575 5323 2675 5394 Ep.
2709 5321 2784 5397 ad
2816 5323 3076 5397 Philad.,
3109 5339 3158 5378 c.
3207 5325 3259 5377 6.

452 5395 584 5450 chio
609 5391 674 5465 ἦ.
1578 5391 1587 5397 ’
2283 5391 2398 5466 (23)
2428 5395 2515 5450 Ita
2547 5391 2658 5466 ms.
2707 5394 2992 5449 Nonnulli
3043 5399 3372 5450 mutarunt.
3426 5391 3706 5449 Vedelius
3735 5393 3874 5466 legit

521 5467 749 5546 (18)_I_ta
779 5474 939 5526 recte
989 5468 1219 5524 habent
1267 5469 1662 5544 interpolator
1691 5473 1749 5523 et
1777 5472 1890 5525 vet.
1921 5467 2104 5522 inter-
2213 5465 2569 5540 παράκειμαι,
2603 5465 2723 5546 i._e.
2749 5469 3199 5546 propinquus—
3222 5482 3340 5522 sum
3364 5482 3530 5546 quani
3554 5465 3874 5546 prapediem

449 5535 769 5611 presstu
804 5560 948 5611 μου.
1427 5535 1448 5544 ’
2018 5609 2026 5611 -

2215 5535 2515 5611 consequar
2555 5554 2571 5604 ;
2642 5535 2950 5605 Smithius,
2975 5535 2993 5539 ⁷
3015 5535 3339 5610 ὑπόκειμαι,
3369 5535 3390 5538 ”
3430 5536 3522 5593 cui
3556 5535 3572 5536 ί
3597 5535 3874 5607 subjaceo,

523 5583 877 5688 (ἶὸῆξὲίίιῖξ
891 5583 1007 5688 3i,_
1005 5611 1108 5688 sed
1167 5627 1288 5688 non
1319 5612 1813 5688 estmutandum.
1837 5609 2106 5688 gignatius

453 5679 615 5736 enim
645 5679 720 5734 ad
749 5683 934 5737 missos
964 5681 1364 5740 Ecclesiarum
1385 5684 1626 5741 illarum
1649 5679 2106 5740 advertit.Vetus
