  <div class='ocr_page' id='page_1' title='image "/cluster/home/n/w/nwhite01/storage/ocr_20150623/5/mdp.39015015401063/357.png"; bbox 0 0 4080 6134; ppageno 0'>
   <div class='ocr_carea' id='block_1_1' title="bbox 426 385 544 449">
    <p class='ocr_par' dir='ltr' id='par_1_1' title="bbox 426 385 544 449">
     <span class='ocr_line' id='line_1_1' title="bbox 426 385 544 449; baseline -0.034 0"><span class='ocrx_word' id='word_1_1' title='bbox 426 385 544 449; x_wconf 77' lang='grc'>687</span> 
     </span>
    </p>
   </div>
   <div class='ocr_carea' id='block_1_2' title="bbox 1370 383 2876 453">
    <p class='ocr_par' dir='ltr' id='par_1_2' title="bbox 1370 383 2876 453">
     <span class='ocr_line' id='line_1_2' title="bbox 1370 383 2876 453; baseline 0.004 -6"><span class='ocrx_word' id='word_1_2' title='bbox 1370 383 1651 447; x_wconf 80' lang='lat' dir='ltr'>SANGTl</span> <span class='ocrx_word' id='word_1_3' title='bbox 1695 384 1994 447; x_wconf 78' lang='lat' dir='ltr'>IGNATII</span> <span class='ocrx_word' id='word_1_4' title='bbox 2041 387 2438 451; x_wconf 68' lang='lat' dir='ltr'>EPISTOLJE</span> <span class='ocrx_word' id='word_1_5' title='bbox 2479 390 2876 453; x_wconf 64' lang='lat' dir='ltr'>GENUINIE.</span> 
     </span>
    </p>
   </div>
   <div class='ocr_carea' id='block_1_3' title="bbox 3721 392 3844 454">
    <p class='ocr_par' dir='ltr' id='par_1_3' title="bbox 3721 392 3844 454">
     <span class='ocr_line' id='line_1_3' title="bbox 3721 392 3844 454; baseline 0.016 -1"><span class='ocrx_word' id='word_1_6' title='bbox 3721 392 3844 454; x_wconf 67' lang='lat'>.88</span> 
     </span>
    </p>
   </div>
   <div class='ocr_carea' id='block_1_4' title="bbox 427 520 2070 600">
    <p class='ocr_par' dir='ltr' id='par_1_4' title="bbox 427 520 2070 592">
     <span class='ocr_line' id='line_1_4' title="bbox 427 520 2070 592; baseline 0 -16"><span class='ocrx_word' id='word_1_7' title='bbox 427 527 518 576; x_wconf 89' lang='lat' dir='ltr'>est</span> <span class='ocrx_word' id='word_1_8' title='bbox 544 521 927 592; x_wconf 85' lang='lat' dir='ltr'>principium,</span> <span class='ocrx_word' id='word_1_9' title='bbox 945 520 992 576; x_wconf 92' lang='lat' dir='ltr'>si</span> <span class='ocrx_word' id='word_1_10' title='bbox 1015 520 1264 591; x_wconf 78' lang='lat' dir='ltr'>gratiam</span> <span class='ocrx_word' id='word_1_11' title='bbox 1277 526 1854 592; x_wconf 88' lang='lat' dir='ltr'>consequar,sortem</span> <span class='ocrx_word' id='word_1_12' title='bbox 1876 537 2070 576; x_wconf 86' lang='lat' dir='ltr'><strong>meam</strong></span> 
     </span>
    </p>
   </div>
   <div class='ocr_carea' id='block_1_5' title="bbox 2194 520 3844 600">
    <p class='ocr_par' dir='ltr' id='par_1_5' title="bbox 2194 523 3844 600">
     <span class='ocr_line' id='line_1_5' title="bbox 2194 523 3844 600; baseline 0.003 -24"><span class='ocrx_word' id='word_1_13' title='bbox 2194 524 2547 596; x_wconf 72' lang='grc' dir='ltr'>οικονόμητὸς</span> <span class='ocrx_word' id='word_1_14' title='bbox 2579 523 2744 594; x_wconf 79' lang='grc' dir='ltr'>ἐστιν,</span> <span class='ocrx_word' id='word_1_15' title='bbox 2781 527 2891 598; x_wconf 88' lang='grc'>(35)</span> <span class='ocrx_word' id='word_1_16' title='bbox 2919 523 3006 579; x_wconf 71' lang='grc' dir='ltr'>ἐὰν</span> <span class='ocrx_word' id='word_1_17' title='bbox 3036 544 3135 600; x_wconf 88' lang='grc' dir='ltr'>περ</span> <span class='ocrx_word' id='word_1_18' title='bbox 3165 525 3394 600; x_wconf 83' lang='grc' dir='ltr'>χάριτος</span> <span class='ocrx_word' id='word_1_19' title='bbox 3435 525 3705 600; x_wconf 74' lang='grc' dir='ltr'>ἐπιτύχω,</span> <span class='ocrx_word' id='word_1_20' title='bbox 3766 526 3844 589; x_wconf 79' lang='grc' dir='ltr'>εἰς</span> 
     </span>
    </p>
   </div>
   <div class='ocr_carea' id='block_1_6' title="bbox 427 609 2075 683">
    <p class='ocr_par' dir='ltr' id='par_1_6' title="bbox 427 609 2075 683">
     <span class='ocr_line' id='line_1_6' title="bbox 427 609 2075 683; baseline -0.001 -17"><span class='ocrx_word' id='word_1_21' title='bbox 427 611 556 666; x_wconf 86' lang='lat' dir='ltr'>sine</span> <span class='ocrx_word' id='word_1_22' title='bbox 588 609 1016 683; x_wconf 89' lang='lat' dir='ltr'>impedimento</span> <span class='ocrx_word' id='word_1_23' title='bbox 1037 610 1390 682; x_wconf 89' lang='lat' dir='ltr'>accipiendi.</span> <span class='ocrx_word' id='word_1_24' title='bbox 1419 611 1619 666; x_wconf 89' lang='lat' dir='ltr'>Timeo</span> <span class='ocrx_word' id='word_1_25' title='bbox 1641 611 1801 665; x_wconf 91' lang='lat' dir='ltr'>enim</span> <span class='ocrx_word' id='word_1_26' title='bbox 1823 616 2075 666; x_wconf 85' lang='lat' dir='ltr'>vestram</span> 
     </span>
    </p>
   </div>
   <div class='ocr_carea' id='block_1_7' title="bbox 426 699 2072 768">
    <p class='ocr_par' dir='ltr' id='par_1_7' title="bbox 426 699 2072 768">
     <span class='ocr_line' id='line_1_7' title="bbox 426 699 2072 768; baseline 0 -13"><span class='ocrx_word' id='word_1_27' title='bbox 426 701 799 768; x_wconf 88' lang='lat' dir='ltr'>charitatem,</span> <span class='ocrx_word' id='word_1_28' title='bbox 831 716 906 755; x_wconf 91' lang='lat' dir='ltr'>ne</span> <span class='ocrx_word' id='word_1_29' title='bbox 937 715 1006 754; x_wconf 91' lang='lat' dir='ltr'>ea</span> <span class='ocrx_word' id='word_1_30' title='bbox 1036 699 1178 754; x_wconf 89' lang='lat' dir='ltr'>mihi</span> <span class='ocrx_word' id='word_1_31' title='bbox 1213 705 1442 755; x_wconf 86' lang='lat' dir='ltr'>noceat.</span> <span class='ocrx_word' id='word_1_32' title='bbox 1478 699 1653 755; x_wconf 87' lang='lat' dir='ltr'>Vobis</span> <span class='ocrx_word' id='word_1_33' title='bbox 1683 699 1844 755; x_wconf 91' lang='lat' dir='ltr'>enim</span> <span class='ocrx_word' id='word_1_34' title='bbox 1901 699 2072 756; x_wconf 87' lang='lat' dir='ltr'>facile</span> 
     </span>
    </p>
   </div>
   <div class='ocr_carea' id='block_1_8' title="bbox 427 789 2071 860">
    <p class='ocr_par' dir='ltr' id='par_1_8' title="bbox 427 789 2071 860">
     <span class='ocr_line' id='line_1_8' title="bbox 427 789 2071 860; baseline -0.001 -13"><span class='ocrx_word' id='word_1_35' title='bbox 427 797 536 860; x_wconf 87' lang='lat' dir='ltr'>est,</span> <span class='ocrx_word' id='word_1_36' title='bbox 575 789 740 860; x_wconf 89' lang='lat' dir='ltr'>quod</span> <span class='ocrx_word' id='word_1_37' title='bbox 757 789 928 844; x_wconf 82' lang='lat' dir='ltr'>vultis</span> <span class='ocrx_word' id='word_1_38' title='bbox 953 789 1184 856; x_wconf 86' lang='lat' dir='ltr'>facere;</span> <span class='ocrx_word' id='word_1_39' title='bbox 1209 789 1353 844; x_wconf 91' lang='lat' dir='ltr'>mihi</span> <span class='ocrx_word' id='word_1_40' title='bbox 1385 806 1524 844; x_wconf 83' lang='lat' dir='ltr'>vero</span> <span class='ocrx_word' id='word_1_41' title='bbox 1558 789 1794 846; x_wconf 78' lang='lat' dir='ltr'>difﬁcile</span> <span class='ocrx_word' id='word_1_42' title='bbox 1835 795 1924 845; x_wconf 91' lang='lat' dir='ltr'>est</span> <span class='ocrx_word' id='word_1_43' title='bbox 1953 791 2071 846; x_wconf 91' lang='lat' dir='ltr'>Deo</span> 
     </span>
    </p>
   </div>
   <div class='ocr_carea' id='block_1_9' title="bbox 427 878 1596 950">
    <p class='ocr_par' dir='ltr' id='par_1_9' title="bbox 427 878 1596 950">
     <span class='ocr_line' id='line_1_9' title="bbox 427 878 1596 950; baseline 0.001 -16"><span class='ocrx_word' id='word_1_44' title='bbox 427 879 625 950; x_wconf 89' lang='lat' dir='ltr'>potiri,</span> <span class='ocrx_word' id='word_1_45' title='bbox 660 879 708 934; x_wconf 88' lang='lat' dir='ltr'>si</span> <span class='ocrx_word' id='word_1_46' title='bbox 739 894 839 934; x_wconf 89' lang='lat' dir='ltr'>vos</span> <span class='ocrx_word' id='word_1_47' title='bbox 869 878 1016 934; x_wconf 89' lang='lat' dir='ltr'>mihi</span> <span class='ocrx_word' id='word_1_48' title='bbox 1047 893 1292 950; x_wconf 83' lang='lat' dir='ltr'>parcere</span> <span class='ocrx_word' id='word_1_49' title='bbox 1323 879 1596 936; x_wconf 91' lang='lat' dir='ltr'>studetis.</span> 
     </span>
    </p>
   </div>
   <div class='ocr_carea' id='block_1_10' title="bbox 2185 609 3843 688">
    <p class='ocr_par' dir='ltr' id='par_1_10' title="bbox 2185 609 3843 688">
     <span class='ocr_line' id='line_1_10' title="bbox 2185 609 3843 688; baseline 0.002 -22"><span class='ocrx_word' id='word_1_50' title='bbox 2185 613 2246 666; x_wconf 88' lang='grc' dir='ltr'>τὸ</span> <span class='ocrx_word' id='word_1_51' title='bbox 2276 614 2339 668; x_wconf 87' lang='grc' dir='ltr'>τὸ</span> <span class='ocrx_word' id='word_1_52' title='bbox 2367 611 2574 687; x_wconf 83' lang='grc' dir='ltr'>κλῆρόν</span> <span class='ocrx_word' id='word_1_53' title='bbox 2609 635 2713 687; x_wconf 85' lang='grc' dir='ltr'>μου</span> <span class='ocrx_word' id='word_1_54' title='bbox 2744 611 3151 686; x_wconf 73' lang='grc' dir='ltr'>ἀνεμποδίστων</span> <span class='ocrx_word' id='word_1_55' title='bbox 3180 609 3501 670; x_wconf 75' lang='grc' dir='ltr'>ἀπολαϐεῖν.</span> <span class='ocrx_word' id='word_1_56' title='bbox 3559 617 3675 688; x_wconf 85' lang='grc'>(36)</span> <span class='ocrx_word' id='word_1_57' title='bbox 3730 621 3843 670; x_wconf 78' lang='grc' dir='ltr'>Φο-</span> 
     </span>
    </p>
   </div>
   <div class='ocr_carea' id='block_1_11' title="bbox 2186 695 3838 778">
    <p class='ocr_par' dir='ltr' id='par_1_11' title="bbox 2186 695 3838 778">
     <span class='ocr_line' id='line_1_11' title="bbox 2186 695 3838 778; baseline 0.002 -23"><span class='ocrx_word' id='word_1_58' title='bbox 2186 695 2391 772; x_wconf 77' lang='grc' dir='ltr'>ϐοῦμαι</span> <span class='ocrx_word' id='word_1_59' title='bbox 2423 702 2528 776; x_wconf 82' lang='grc' dir='ltr'>γὰρ</span> <span class='ocrx_word' id='word_1_60' title='bbox 2557 703 2654 772; x_wconf 79' lang='grc' dir='ltr'>τήν</span> <span class='ocrx_word' id='word_1_61' title='bbox 2689 702 2842 774; x_wconf 80' lang='grc' dir='ltr'>ὑμῶν</span> <span class='ocrx_word' id='word_1_62' title='bbox 2872 701 3110 777; x_wconf 80' lang='grc' dir='ltr'>ἀγάπην,</span> <span class='ocrx_word' id='word_1_63' title='bbox 3147 704 3223 775; x_wconf 76' lang='grc' dir='ltr'>μὴ</span> <span class='ocrx_word' id='word_1_64' title='bbox 3267 703 3402 774; x_wconf 77' lang='grc' dir='ltr'>αὐτή</span> <span class='ocrx_word' id='word_1_65' title='bbox 3458 725 3525 775; x_wconf 85' lang='grc' dir='ltr'>με</span> <span class='ocrx_word' id='word_1_66' title='bbox 3577 700 3838 778; x_wconf 71' lang='grc' dir='ltr'>ἄδικῆσῃ.</span> 
     </span>
    </p>
   </div>
   <div class='ocr_carea' id='block_1_12' title="bbox 2183 790 3842 867">
    <p class='ocr_par' dir='ltr' id='par_1_12' title="bbox 2183 790 3842 867">
     <span class='ocr_line' id='line_1_12' title="bbox 2183 790 3842 867; baseline 0.002 -23"><span class='ocrx_word' id='word_1_67' title='bbox 2183 791 2338 863; x_wconf 84' lang='grc' dir='ltr'>Ὑμῖν</span> <span class='ocrx_word' id='word_1_68' title='bbox 2379 790 2481 866; x_wconf 74' lang='grc' dir='ltr'>γὰρ</span> <span class='ocrx_word' id='word_1_69' title='bbox 2531 790 2753 867; x_wconf 73' lang='grc' dir='ltr'>εὐχερές</span> <span class='ocrx_word' id='word_1_70' title='bbox 2807 790 2972 863; x_wconf 75' lang='grc' dir='ltr'>ἐστιν,</span> <span class='ocrx_word' id='word_1_71' title='bbox 3005 792 3035 847; x_wconf 80' lang='grc' dir='ltr'>ὅ</span> <span class='ocrx_word' id='word_1_72' title='bbox 3065 791 3246 855; x_wconf 83' lang='grc' dir='ltr'>θέλετε</span> <span class='ocrx_word' id='word_1_73' title='bbox 3295 799 3548 863; x_wconf 71' lang='grc' dir='ltr'>τιτοιῆσιιιι⁸</span> <span class='ocrx_word' id='word_1_74' title='bbox 3602 793 3732 866; x_wconf 84' lang='grc' dir='ltr'>ἐμοὶ</span> <span class='ocrx_word' id='word_1_75' title='bbox 3784 790 3842 848; x_wconf 78' lang='grc' dir='ltr'>δὲ</span> 
     </span>
    </p>
   </div>
   <div class='ocr_carea' id='block_1_13' title="bbox 2182 875 3841 956">
    <p class='ocr_par' dir='ltr' id='par_1_13' title="bbox 2182 875 3841 956">
     <span class='ocr_line' id='line_1_13' title="bbox 2182 875 3841 956; baseline 0.003 -24"><span class='ocrx_word' id='word_1_76' title='bbox 2182 875 2450 935; x_wconf 75' lang='grc' dir='ltr'>δύσκολόν</span> <span class='ocrx_word' id='word_1_77' title='bbox 2481 878 2594 935; x_wconf 81' lang='grc' dir='ltr'>ἐστι</span> <span class='ocrx_word' id='word_1_78' title='bbox 2624 885 2720 936; x_wconf 91' lang='grc' dir='ltr'>τοῦ</span> <span class='ocrx_word' id='word_1_79' title='bbox 2761 884 2894 936; x_wconf 88' lang='grc' dir='ltr'>Θεοῦ</span> <span class='ocrx_word' id='word_1_80' title='bbox 2943 879 3244 955; x_wconf 69' lang='grc' dir='ltr'>ἰπιτυχεῖν,</span> <span class='ocrx_word' id='word_1_81' title='bbox 3301 879 3493 956; x_wconf 72' lang='grc' dir='ltr'>ἐάνπερ</span> <span class='ocrx_word' id='word_1_82' title='bbox 3550 883 3704 956; x_wconf 82' lang='grc' dir='ltr'>ὑμεῖς</span> <span class='ocrx_word' id='word_1_83' title='bbox 3732 884 3841 955; x_wconf 84' lang='lat'>(37)</span> 
     </span>
    </p>
   </div>
   <div class='ocr_carea' id='block_1_14' title="bbox 2180 969 2602 1048">
    <p class='ocr_par' dir='ltr' id='par_1_14' title="bbox 2180 969 2602 1048">
     <span class='ocr_line' id='line_1_14' title="bbox 2180 969 2602 1048; baseline 0.002 -23"><span class='ocrx_word' id='word_1_84' title='bbox 2180 969 2441 1048; x_wconf 73' lang='grc' dir='ltr'>φείσησθέ</span> <span class='ocrx_word' id='word_1_85' title='bbox 2474 991 2602 1043; x_wconf 83' lang='grc' dir='ltr'>μου.</span> 
     </span>
    </p>
   </div>
   <div class='ocr_carea' id='block_1_15' title="bbox 1651 1090 2595 1162">
    <p class='ocr_par' dir='ltr' id='par_1_15' title="bbox 1651 1090 2595 1162">
     <span class='ocr_line' id='line_1_15' title="bbox 1651 1090 2595 1162; baseline 0.002 -18"><span class='ocrx_word' id='word_1_86' title='bbox 1651 1090 1720 1146; x_wconf 90' lang='lat' dir='ltr'>ll.</span> <span class='ocrx_word' id='word_1_87' title='bbox 1750 1090 1928 1145; x_wconf 82' lang='lat' dir='ltr'>Nolite</span> <span class='ocrx_word' id='word_1_88' title='bbox 1951 1107 2034 1145; x_wconf 89' lang='lat' dir='ltr'>me</span> <span class='ocrx_word' id='word_1_89' title='bbox 2061 1091 2332 1159; x_wconf 78' lang='lat' dir='ltr'>martyrio</span> <span class='ocrx_word' id='word_1_90' title='bbox 2364 1093 2595 1162; x_wconf 78' lang='lat' dir='ltr'>eripere.</span> 
     </span>
    </p>
   </div>
   <div class='ocr_carea' id='block_1_16' title="bbox 495 1206 2083 1279">
    <p class='ocr_par' dir='ltr' id='par_1_16' title="bbox 495 1206 2083 1279">
     <span class='ocr_line' id='line_1_16' title="bbox 495 1206 2083 1279; baseline -0.001 -16"><span class='ocrx_word' id='word_1_91' title='bbox 495 1207 640 1263; x_wconf 88' lang='lat' dir='ltr'>Nolo</span> <span class='ocrx_word' id='word_1_92' title='bbox 667 1207 828 1263; x_wconf 87' lang='lat' dir='ltr'>enim</span> <span class='ocrx_word' id='word_1_93' title='bbox 853 1207 1019 1262; x_wconf 85' lang='lat' dir='ltr'>vobis</span> <span class='ocrx_word' id='word_1_94' title='bbox 1043 1213 1326 1279; x_wconf 85' lang='lat' dir='ltr'>tanquam</span> <span class='ocrx_word' id='word_1_95' title='bbox 1348 1206 1693 1264; x_wconf 88' lang='lat' dir='ltr'>hominibus</span> <span class='ocrx_word' id='word_1_96' title='bbox 1713 1206 2083 1278; x_wconf 87' lang='lat' dir='ltr'>placere,sed</span> 
     </span>
    </p>
   </div>
   <div class='ocr_carea' id='block_1_17' title="bbox 427 1296 2082 1369">
    <p class='ocr_par' dir='ltr' id='par_1_17' title="bbox 427 1296 2082 1369">
     <span class='ocr_line' id='line_1_17' title="bbox 427 1296 2082 1369; baseline 0 -17"><span class='ocrx_word' id='word_1_97' title='bbox 427 1300 545 1352; x_wconf 91' lang='lat' dir='ltr'>Deo</span> <span class='ocrx_word' id='word_1_98' title='bbox 577 1296 831 1369; x_wconf 83' lang='lat' dir='ltr'>placere,</span> <span class='ocrx_word' id='word_1_99' title='bbox 865 1296 1371 1368; x_wconf 85' lang='lat' dir='ltr'>quemadmodum</span> <span class='ocrx_word' id='word_1_100' title='bbox 1402 1302 1461 1351; x_wconf 91' lang='lat' dir='ltr'>et</span> <span class='ocrx_word' id='word_1_101' title='bbox 1490 1313 1590 1352; x_wconf 91' lang='lat' dir='ltr'>vos</span> <span class='ocrx_word' id='word_1_102' title='bbox 1613 1297 1666 1351; x_wconf 91' lang='lat' dir='ltr'>ei</span> <span class='ocrx_word' id='word_1_103' title='bbox 1690 1296 2082 1367; x_wconf 87' lang='lat' dir='ltr'>placetis.Nec</span> 
     </span>
    </p>
   </div>
   <div class='ocr_carea' id='block_1_18' title="bbox 425 1386 2081 1460">
    <p class='ocr_par' dir='ltr' id='par_1_18' title="bbox 425 1386 2081 1460">
     <span class='ocr_line' id='line_1_18' title="bbox 425 1386 2081 1460; baseline 0.001 -18"><span class='ocrx_word' id='word_1_104' title='bbox 425 1389 582 1443; x_wconf 90' lang='lat' dir='ltr'>enim</span> <span class='ocrx_word' id='word_1_105' title='bbox 619 1404 724 1460; x_wconf 80' lang='lat' dir='ltr'>ego</span> <span class='ocrx_word' id='word_1_106' title='bbox 759 1403 1028 1460; x_wconf 86' lang='lat' dir='ltr'>unquam</span> <span class='ocrx_word' id='word_1_107' title='bbox 1062 1387 1178 1443; x_wconf 93' lang='lat' dir='ltr'>tale</span> <span class='ocrx_word' id='word_1_108' title='bbox 1211 1393 1444 1459; x_wconf 79' lang='lat' dir='ltr'>tempus</span> <span class='ocrx_word' id='word_1_109' title='bbox 1470 1388 1586 1442; x_wconf 92' lang='lat' dir='ltr'>Deo</span> <span class='ocrx_word' id='word_1_110' title='bbox 1614 1386 1882 1459; x_wconf 90' lang='lat' dir='ltr'>potiendi</span> <span class='ocrx_word' id='word_1_111' title='bbox 1901 1389 2081 1443; x_wconf 89' lang='lat' dir='ltr'>attin-</span> 
     </span>
    </p>
   </div>
   <div class='ocr_carea' id='block_1_19' title="bbox 423 1477 2080 1550">
    <p class='ocr_par' dir='ltr' id='par_1_19' title="bbox 423 1477 2080 1550">
     <span class='ocr_line' id='line_1_19' title="bbox 423 1477 2080 1550; baseline -0.001 -16"><span class='ocrx_word' id='word_1_112' title='bbox 423 1495 558 1550; x_wconf 80' lang='lat' dir='ltr'>gam</span> <span class='ocrx_word' id='word_1_113' title='bbox 583 1495 597 1545; x_wconf 91' lang='lat'><strong>;</strong></span> <span class='ocrx_word' id='word_1_114' title='bbox 626 1495 736 1534; x_wconf 90' lang='lat' dir='ltr'>nec</span> <span class='ocrx_word' id='word_1_115' title='bbox 766 1495 890 1543; x_wconf 90' lang='lat' dir='ltr'>vos,</span> <span class='ocrx_word' id='word_1_116' title='bbox 925 1479 973 1533; x_wconf 92' lang='lat' dir='ltr'>si</span> <span class='ocrx_word' id='word_1_117' title='bbox 1007 1477 1314 1545; x_wconf 87' lang='lat' dir='ltr'>silueritis,</span> <span class='ocrx_word' id='word_1_118' title='bbox 1347 1477 1580 1533; x_wconf 86' lang='lat' dir='ltr'>meliori</span> <span class='ocrx_word' id='word_1_119' title='bbox 1613 1478 1780 1549; x_wconf 90' lang='lat' dir='ltr'>operi</span> <span class='ocrx_word' id='word_1_120' title='bbox 1832 1478 2080 1533; x_wconf 88' lang='lat' dir='ltr'>inscribi</span> 
     </span>
    </p>
   </div>
   <div class='ocr_carea' id='block_1_20' title="bbox 424 1567 2077 1639">
    <p class='ocr_par' dir='ltr' id='par_1_20' title="bbox 424 1567 2077 1639">
     <span class='ocr_line' id='line_1_20' title="bbox 424 1567 2077 1639; baseline 0 -17"><span class='ocrx_word' id='word_1_121' title='bbox 424 1569 668 1639; x_wconf 90' lang='lat' dir='ltr'>poteris.</span> <span class='ocrx_word' id='word_1_122' title='bbox 703 1568 761 1623; x_wconf 90' lang='lat' dir='ltr'>Si</span> <span class='ocrx_word' id='word_1_123' title='bbox 797 1567 956 1622; x_wconf 90' lang='lat' dir='ltr'>enim</span> <span class='ocrx_word' id='word_1_124' title='bbox 992 1567 1064 1622; x_wconf 91' lang='lat' dir='ltr'>de</span> <span class='ocrx_word' id='word_1_125' title='bbox 1091 1584 1184 1622; x_wconf 91' lang='lat' dir='ltr'>me</span> <span class='ocrx_word' id='word_1_126' title='bbox 1221 1567 1530 1633; x_wconf 87' lang='lat' dir='ltr'>silueritis,</span> <span class='ocrx_word' id='word_1_127' title='bbox 1585 1583 1689 1639; x_wconf 79' lang='lat' dir='ltr'>ego</span> <span class='ocrx_word' id='word_1_128' title='bbox 1744 1567 1844 1621; x_wconf 90' lang='lat' dir='ltr'>Dei</span> <span class='ocrx_word' id='word_1_129' title='bbox 1899 1569 2077 1635; x_wconf 82' lang='lat' dir='ltr'>fiam;</span> 
     </span>
    </p>
   </div>
   <div class='ocr_carea' id='block_1_21' title="bbox 455 1655 2081 1721">
    <p class='ocr_par' dir='ltr' id='par_1_21' title="bbox 455 1655 2081 1721">
     <span class='ocr_line' id='line_1_21' title="bbox 455 1655 2081 1721; baseline 0 -10"><span class='ocrx_word' id='word_1_130' title='bbox 455 1657 472 1711; x_wconf 91' lang='lat' dir='ltr'>i</span> <span class='ocrx_word' id='word_1_131' title='bbox 495 1662 694 1712; x_wconf 90' lang='lat' dir='ltr'>autem</span> <span class='ocrx_word' id='word_1_132' title='bbox 715 1672 955 1712; x_wconf 89' lang='lat' dir='ltr'>carnem</span> <span class='ocrx_word' id='word_1_133' title='bbox 980 1671 1176 1711; x_wconf 88' lang='lat' dir='ltr'>meam</span> <span class='ocrx_word' id='word_1_134' title='bbox 1201 1657 1559 1721; x_wconf 88' lang='lat' dir='ltr'>amaveritis,</span> <span class='ocrx_word' id='word_1_135' title='bbox 1584 1655 1777 1710; x_wconf 90' lang='lat' dir='ltr'>denuo</span> <span class='ocrx_word' id='word_1_136' title='bbox 1801 1657 1946 1710; x_wconf 91' lang='lat' dir='ltr'>mihi</span> <span class='ocrx_word' id='word_1_137' title='bbox 1969 1657 2081 1711; x_wconf 92' lang='lat' dir='ltr'>erit</span> 
     </span>
    </p>
   </div>
   <div class='ocr_carea' id='block_1_22' title="bbox 458 1745 2081 1817">
    <p class='ocr_par' dir='ltr' id='par_1_22' title="bbox 458 1745 2081 1817">
     <span class='ocr_line' id='line_1_22' title="bbox 458 1745 2081 1817; baseline -0.001 -15"><span class='ocrx_word' id='word_1_138' title='bbox 458 1745 806 1802; x_wconf 89' lang='lat' dir='ltr'>urrendum.</span> <span class='ocrx_word' id='word_1_139' title='bbox 838 1745 1026 1801; x_wconf 87' lang='lat' dir='ltr'>Nolite</span> <span class='ocrx_word' id='word_1_140' title='bbox 1059 1745 1194 1817; x_wconf 90' lang='lat' dir='ltr'>plus</span> <span class='ocrx_word' id='word_1_141' title='bbox 1245 1745 1392 1800; x_wconf 89' lang='lat' dir='ltr'>mihi</span> <span class='ocrx_word' id='word_1_142' title='bbox 1444 1745 1730 1817; x_wconf 77' lang='lat' dir='ltr'>praebere,</span> <span class='ocrx_word' id='word_1_143' title='bbox 1784 1762 1961 1816; x_wconf 89' lang='lat' dir='ltr'>quam</span> <span class='ocrx_word' id='word_1_144' title='bbox 2015 1750 2081 1800; x_wconf 89' lang='lat' dir='ltr'>ut</span> 
     </span>
    </p>
   </div>
   <div class='ocr_carea' id='block_1_23' title="bbox 420 1832 2078 1902">
    <p class='ocr_par' dir='ltr' id='par_1_23' title="bbox 420 1832 2078 1902">
     <span class='ocr_line' id='line_1_23' title="bbox 420 1832 2078 1902; baseline 0 -16"><span class='ocrx_word' id='word_1_145' title='bbox 420 1832 698 1888; x_wconf 90' lang='lat' dir='ltr'>immoler</span> <span class='ocrx_word' id='word_1_146' title='bbox 728 1833 868 1898; x_wconf 91' lang='lat' dir='ltr'>Deo,</span> <span class='ocrx_word' id='word_1_147' title='bbox 899 1832 1043 1888; x_wconf 90' lang='lat' dir='ltr'>dum</span> <span class='ocrx_word' id='word_1_148' title='bbox 1074 1832 1268 1887; x_wconf 91' lang='lat' dir='ltr'>adhuc</span> <span class='ocrx_word' id='word_1_149' title='bbox 1299 1832 1483 1887; x_wconf 91' lang='lat' dir='ltr'>altare</span> <span class='ocrx_word' id='word_1_150' title='bbox 1517 1837 1787 1902; x_wconf 89' lang='lat' dir='ltr'>paratum</span> <span class='ocrx_word' id='word_1_151' title='bbox 1834 1838 1921 1887; x_wconf 88' lang='lat' dir='ltr'>est</span> <span class='ocrx_word' id='word_1_152' title='bbox 1948 1849 1961 1897; x_wconf 91' lang='lat'>;</span> <span class='ocrx_word' id='word_1_153' title='bbox 2012 1836 2078 1886; x_wconf 91' lang='lat' dir='ltr'>ut</span> 
     </span>
    </p>
   </div>
   <div class='ocr_carea' id='block_1_24' title="bbox 421 1920 2073 1978">
    <p class='ocr_par' dir='ltr' id='par_1_24' title="bbox 421 1920 2073 1978">
     <span class='ocr_line' id='line_1_24' title="bbox 421 1920 2073 1978; baseline -0.001 -3"><span class='ocrx_word' id='word_1_154' title='bbox 421 1921 485 1976; x_wconf 90' lang='lat' dir='ltr'>in</span> <span class='ocrx_word' id='word_1_155' title='bbox 517 1921 804 1978; x_wconf 90' lang='lat' dir='ltr'>charitate</span> <span class='ocrx_word' id='word_1_156' title='bbox 836 1922 1052 1976; x_wconf 88' lang='lat' dir='ltr'>chorus</span> <span class='ocrx_word' id='word_1_157' title='bbox 1085 1921 1277 1976; x_wconf 65' lang='lat' dir='ltr'>effecti</span> <span class='ocrx_word' id='word_1_158' title='bbox 1309 1921 1535 1976; x_wconf 88' lang='lat' dir='ltr'>canatis</span> <span class='ocrx_word' id='word_1_159' title='bbox 1569 1921 1726 1974; x_wconf 88' lang='lat' dir='ltr'>Patri</span> <span class='ocrx_word' id='word_1_160' title='bbox 1752 1921 1812 1974; x_wconf 91' lang='lat' dir='ltr'>in</span> <span class='ocrx_word' id='word_1_161' title='bbox 1843 1920 2073 1975; x_wconf 89' lang='lat' dir='ltr'>Christo</span> 
     </span>
    </p>
   </div>
   <div class='ocr_carea' id='block_1_25' title="bbox 421 2008 2072 2082">
    <p class='ocr_par' dir='ltr' id='par_1_25' title="bbox 421 2008 2072 2082">
     <span class='ocr_line' id='line_1_25' title="bbox 421 2008 2072 2082; baseline 0 -19"><span class='ocrx_word' id='word_1_162' title='bbox 421 2010 578 2076; x_wconf 87' lang='lat' dir='ltr'>Jesu,</span> <span class='ocrx_word' id='word_1_163' title='bbox 614 2010 772 2082; x_wconf 89' lang='lat' dir='ltr'>quod</span> <span class='ocrx_word' id='word_1_164' title='bbox 803 2011 954 2065; x_wconf 90' lang='lat' dir='ltr'>Deus</span> <span class='ocrx_word' id='word_1_165' title='bbox 987 2009 1328 2080; x_wconf 78' lang='lat' dir='ltr'>episCOpum</span> <span class='ocrx_word' id='word_1_166' title='bbox 1360 2009 1540 2080; x_wconf 67' lang='lat' dir='ltr'>Syrias</span> <span class='ocrx_word' id='word_1_167' title='bbox 1571 2008 1813 2079; x_wconf 84' lang='lat' dir='ltr'>dignum</span> <span class='ocrx_word' id='word_1_168' title='bbox 1837 2008 2072 2080; x_wconf 83' lang='lat' dir='ltr'>judica-</span> 
     </span>
    </p>
   </div>
   <div class='ocr_carea' id='block_1_26' title="bbox 424 2097 2076 2170">
    <p class='ocr_par' dir='ltr' id='par_1_26' title="bbox 424 2097 2076 2170">
     <span class='ocr_line' id='line_1_26' title="bbox 424 2097 2076 2170; baseline 0.001 -19"><span class='ocrx_word' id='word_1_169' title='bbox 424 2098 590 2166; x_wconf 87' lang='lat' dir='ltr'>verit,</span> <span class='ocrx_word' id='word_1_170' title='bbox 624 2099 726 2170; x_wconf 90' lang='lat' dir='ltr'>qui</span> <span class='ocrx_word' id='word_1_171' title='bbox 753 2098 826 2154; x_wconf 89' lang='lat' dir='ltr'>ab</span> <span class='ocrx_word' id='word_1_172' title='bbox 856 2099 1096 2154; x_wconf 91' lang='lat' dir='ltr'>Oriente</span> <span class='ocrx_word' id='word_1_173' title='bbox 1129 2098 1190 2153; x_wconf 89' lang='lat' dir='ltr'>in</span> <span class='ocrx_word' id='word_1_174' title='bbox 1222 2097 1603 2154; x_wconf 88' lang='lat' dir='ltr'>Occidentem</span> <span class='ocrx_word' id='word_1_175' title='bbox 1630 2097 1952 2153; x_wconf 89' lang='lat' dir='ltr'>accessitus</span> <span class='ocrx_word' id='word_1_176' title='bbox 1983 2098 2076 2153; x_wconf 90' lang='lat' dir='ltr'>in-</span> 
     </span>
    </p>
   </div>
   <div class='ocr_carea' id='block_1_27' title="bbox 425 2186 2078 2255">
    <p class='ocr_par' dir='ltr' id='par_1_27' title="bbox 425 2186 2078 2255">
     <span class='ocr_line' id='line_1_27' title="bbox 425 2186 2078 2255; baseline 0.001 -14"><span class='ocrx_word' id='word_1_177' title='bbox 425 2189 744 2244; x_wconf 86' lang='lat' dir='ltr'>veniretur.</span> <span class='ocrx_word' id='word_1_178' title='bbox 778 2189 1006 2243; x_wconf 89' lang='lat' dir='ltr'>Bonum</span> <span class='ocrx_word' id='word_1_179' title='bbox 1037 2192 1144 2255; x_wconf 88' lang='lat' dir='ltr'>est,</span> <span class='ocrx_word' id='word_1_180' title='bbox 1163 2204 1198 2242; x_wconf 92' lang='lat' dir='ltr'>a</span> <span class='ocrx_word' id='word_1_181' title='bbox 1223 2187 1445 2244; x_wconf 89' lang='lat' dir='ltr'>mundo</span> <span class='ocrx_word' id='word_1_182' title='bbox 1469 2187 1740 2243; x_wconf 88' lang='lat' dir='ltr'>occidere</span> <span class='ocrx_word' id='word_1_183' title='bbox 1770 2186 1844 2242; x_wconf 89' lang='lat' dir='ltr'>ad</span> <span class='ocrx_word' id='word_1_184' title='bbox 1867 2188 2078 2253; x_wconf 90' lang='lat' dir='ltr'>Deum,</span> 
     </span>
    </p>
   </div>
   <div class='ocr_carea' id='block_1_28' title="bbox 423 2277 954 2349">
    <p class='ocr_par' dir='ltr' id='par_1_28' title="bbox 423 2277 954 2349">
     <span class='ocr_line' id='line_1_28' title="bbox 423 2277 954 2349; baseline 0 -17"><span class='ocrx_word' id='word_1_185' title='bbox 423 2283 491 2332; x_wconf 89' lang='lat' dir='ltr'>ut</span> <span class='ocrx_word' id='word_1_186' title='bbox 520 2278 582 2332; x_wconf 91' lang='lat' dir='ltr'>in</span> <span class='ocrx_word' id='word_1_187' title='bbox 614 2278 743 2349; x_wconf 86' lang='lat' dir='ltr'>ipso</span> <span class='ocrx_word' id='word_1_188' title='bbox 775 2277 954 2333; x_wconf 90' lang='lat' dir='ltr'>oriar.</span> 
     </span>
    </p>
   </div>
   <div class='ocr_carea' id='block_1_29' title="bbox 2265 1206 3847 1284">
    <p class='ocr_par' dir='ltr' id='par_1_29' title="bbox 2265 1206 3847 1284">
     <span class='ocr_line' id='line_1_29' title="bbox 2265 1206 3847 1284; baseline 0.003 -22"><span class='ocrx_word' id='word_1_189' title='bbox 2265 1206 2485 1278; x_wconf 86' lang='grc' dir='ltr'>(38)οὗ</span> <span class='ocrx_word' id='word_1_190' title='bbox 2535 1208 2638 1281; x_wconf 79' lang='grc' dir='ltr'>γὰρ</span> <span class='ocrx_word' id='word_1_191' title='bbox 2700 1206 2844 1271; x_wconf 80' lang='grc' dir='ltr'>θὲλω</span> <span class='ocrx_word' id='word_1_192' title='bbox 2906 1207 3035 1281; x_wconf 83' lang='grc' dir='ltr'>ὑμῖν</span> <span class='ocrx_word' id='word_1_193' title='bbox 3093 1207 3637 1284; x_wconf 75' lang='grc' dir='ltr'>ἀνθρωπαρεσκῆσαι,</span> <span class='ocrx_word' id='word_1_194' title='bbox 3698 1208 3847 1266; x_wconf 82' lang='grc' dir='ltr'>ἀλλᾶ</span> 
     </span>
    </p>
   </div>
   <div class='ocr_carea' id='block_1_30' title="bbox 2194 1295 3848 1374">
    <p class='ocr_par' dir='ltr' id='par_1_30' title="bbox 2194 1295 3848 1374">
     <span class='ocr_line' id='line_1_30' title="bbox 2194 1295 3848 1374; baseline 0.003 -25"><span class='ocrx_word' id='word_1_195' title='bbox 2194 1299 2310 1367; x_wconf 84' lang='grc' dir='ltr'>Θεῷ</span> <span class='ocrx_word' id='word_1_196' title='bbox 2342 1295 2548 1371; x_wconf 82' lang='grc' dir='ltr'>ἆρέσαι,</span> <span class='ocrx_word' id='word_1_197' title='bbox 2583 1296 2765 1371; x_wconf 83' lang='grc' dir='ltr'>ὥσπερ</span> <span class='ocrx_word' id='word_1_198' title='bbox 2797 1297 2887 1351; x_wconf 79' lang='grc' dir='ltr'>καὶ</span> <span class='ocrx_word' id='word_1_199' title='bbox 2943 1296 3216 1373; x_wconf 74' lang='grc' dir='ltr'>ἀρέσκετε.</span> <span class='ocrx_word' id='word_1_200' title='bbox 3275 1296 3352 1355; x_wconf 63' lang='lat' dir='ltr'>Oi)</span> <span class='ocrx_word' id='word_1_201' title='bbox 3409 1299 3510 1374; x_wconf 77' lang='grc' dir='ltr'>γὰρ</span> <span class='ocrx_word' id='word_1_202' title='bbox 3556 1297 3662 1371; x_wconf 84' lang='grc' dir='ltr'><strong>ἐγώ</strong></span> <span class='ocrx_word' id='word_1_203' title='bbox 3711 1319 3848 1354; x_wconf 84' lang='grc' dir='ltr'>ποτε</span> 
     </span>
    </p>
   </div>
   <div class='ocr_carea' id='block_1_31' title="bbox 2193 1379 3845 1463">
    <p class='ocr_par' dir='ltr' id='par_1_31' title="bbox 2193 1379 3845 1463">
     <span class='ocr_line' id='line_1_31' title="bbox 2193 1379 3845 1463; baseline 0.004 -25"><span class='ocrx_word' id='word_1_204' title='bbox 2193 1379 2293 1457; x_wconf 77' lang='grc' dir='ltr'>ἔξω</span> <span class='ocrx_word' id='word_1_205' title='bbox 2323 1386 2514 1461; x_wconf 77' lang='grc' dir='ltr'>καιρὸν</span> <span class='ocrx_word' id='word_1_206' title='bbox 2540 1390 2792 1441; x_wconf 86' lang='grc' dir='ltr'>τοιοῦτον</span> <span class='ocrx_word' id='word_1_207' title='bbox 2825 1392 2956 1441; x_wconf 89' lang='grc' dir='ltr'>Θεον</span> <span class='ocrx_word' id='word_1_208' title='bbox 3001 1385 3300 1463; x_wconf 74' lang='grc' dir='ltr'>ἐπιτυχεῖνο</span> <span class='ocrx_word' id='word_1_209' title='bbox 3347 1387 3471 1442; x_wconf 82' lang='grc' dir='ltr'>οὔτε</span> <span class='ocrx_word' id='word_1_210' title='bbox 3525 1388 3703 1460; x_wconf 81' lang='grc' dir='ltr'>ὑμεῖς,</span> <span class='ocrx_word' id='word_1_211' title='bbox 3755 1389 3845 1444; x_wconf 69' lang='grc' dir='ltr'>ἐὰν</span> 
     </span>
    </p>
   </div>
   <div class='ocr_carea' id='block_1_32' title="bbox 2192 1471 3846 1553">
    <p class='ocr_par' dir='ltr' id='par_1_32' title="bbox 2192 1471 3846 1553">
     <span class='ocr_line' id='line_1_32' title="bbox 2192 1471 3846 1553; baseline 0.004 -26"><span class='ocrx_word' id='word_1_212' title='bbox 2192 1476 2536 1544; x_wconf 74' lang='grc' dir='ltr'>σιωπήσητε,</span> <span class='ocrx_word' id='word_1_213' title='bbox 2568 1475 2834 1550; x_wconf 78' lang='grc' dir='ltr'>κρείττονι</span> <span class='ocrx_word' id='word_1_214' title='bbox 2881 1471 3027 1551; x_wconf 76' lang='grc' dir='ltr'>ἔργῳ</span> <span class='ocrx_word' id='word_1_215' title='bbox 3079 1475 3234 1551; x_wconf 76' lang='grc' dir='ltr'>ἔχετε</span> <span class='ocrx_word' id='word_1_216' title='bbox 3278 1477 3662 1553; x_wconf 66' lang='grc' dir='ltr'>ἐπιγραφῆναι.</span> <span class='ocrx_word' id='word_1_217' title='bbox 3712 1479 3846 1534; x_wconf 78' lang='grc' dir='ltr'>Ἐὰν</span> 
     </span>
    </p>
   </div>
   <div class='ocr_carea' id='block_1_33' title="bbox 2188 1564 3844 1642">
    <p class='ocr_par' dir='ltr' id='par_1_33' title="bbox 2188 1564 3844 1642">
     <span class='ocr_line' id='line_1_33' title="bbox 2188 1564 3844 1642; baseline 0.004 -25"><span class='ocrx_word' id='word_1_218' title='bbox 2188 1564 2292 1638; x_wconf 82' lang='grc' dir='ltr'>γὰρ</span> <span class='ocrx_word' id='word_1_219' title='bbox 2323 1566 2645 1634; x_wconf 70' lang='grc' dir='ltr'>σιωπήσητε</span> <span class='ocrx_word' id='word_1_220' title='bbox 2676 1567 2790 1638; x_wconf 89' lang='grc'>(39)</span> <span class='ocrx_word' id='word_1_221' title='bbox 2832 1564 2924 1620; x_wconf 87' lang='grc' dir='ltr'>ἀπ’</span> <span class='ocrx_word' id='word_1_222' title='bbox 2976 1565 3137 1638; x_wconf 81' lang='grc' dir='ltr'>ἐμοῦ,</span> <span class='ocrx_word' id='word_1_223' title='bbox 3191 1569 3302 1639; x_wconf 90' lang='grc'>(40)</span> <span class='ocrx_word' id='word_1_224' title='bbox 3349 1567 3455 1642; x_wconf 77' lang='grc' dir='ltr'>ἐγὼ</span> <span class='ocrx_word' id='word_1_225' title='bbox 3509 1569 3844 1642; x_wconf 76' lang='grc' dir='ltr'>γενήσομαι.</span> 
     </span>
    </p>
   </div>
   <div class='ocr_carea' id='block_1_34' title="bbox 2188 1649 3848 1730">
    <p class='ocr_par' dir='ltr' id='par_1_34' title="bbox 2188 1649 3848 1730">
     <span class='ocr_line' id='line_1_34' title="bbox 2188 1649 3848 1730; baseline 0.004 -24"><span class='ocrx_word' id='word_1_226' title='bbox 2188 1654 2339 1707; x_wconf 84' lang='grc' dir='ltr'>Θεοῦ·</span> <span class='ocrx_word' id='word_1_227' title='bbox 2379 1652 2466 1707; x_wconf 76' lang='grc' dir='ltr'>ἐὰν</span> <span class='ocrx_word' id='word_1_228' title='bbox 2499 1649 2556 1707; x_wconf 78' lang='grc' dir='ltr'>δὲ</span> <span class='ocrx_word' id='word_1_229' title='bbox 2589 1652 2849 1727; x_wconf 82' lang='grc' dir='ltr'>ἐρασθῆτε</span> <span class='ocrx_word' id='word_1_230' title='bbox 2905 1661 3006 1722; x_wconf 81' lang='grc' dir='ltr'>τῆς</span> <span class='ocrx_word' id='word_1_231' title='bbox 3068 1655 3264 1730; x_wconf 84' lang='grc' dir='ltr'>σαρκός</span> <span class='ocrx_word' id='word_1_232' title='bbox 3316 1677 3445 1728; x_wconf 86' lang='grc' dir='ltr'>μου,</span> <span class='ocrx_word' id='word_1_233' title='bbox 3503 1657 3668 1711; x_wconf 79' lang='grc' dir='ltr'>πάλιν</span> <span class='ocrx_word' id='word_1_234' title='bbox 3718 1651 3848 1713; x_wconf 77' lang='grc' dir='ltr'>ἔσο-</span> 
     </span>
    </p>
   </div>
   <div class='ocr_carea' id='block_1_35' title="bbox 2191 1744 3849 1823">
    <p class='ocr_par' dir='ltr' id='par_1_35' title="bbox 2191 1744 3849 1823">
     <span class='ocr_line' id='line_1_35' title="bbox 2191 1744 3849 1823; baseline 0.004 -28"><span class='ocrx_word' id='word_1_235' title='bbox 2191 1763 2284 1814; x_wconf 85' lang='grc' dir='ltr'>μαι</span> <span class='ocrx_word' id='word_1_236' title='bbox 2318 1745 2426 1814; x_wconf 80' lang='grc'>(41)</span> <span class='ocrx_word' id='word_1_237' title='bbox 2451 1744 2686 1817; x_wconf 64' lang='grc' dir='ltr'>τρέχων.</span> <span class='ocrx_word' id='word_1_238' title='bbox 2723 1744 2897 1798; x_wconf 79' lang='grc' dir='ltr'>Πλὲον</span> <span class='ocrx_word' id='word_1_239' title='bbox 2930 1763 3023 1816; x_wconf 90' lang='grc' dir='ltr'>μοι</span> <span class='ocrx_word' id='word_1_240' title='bbox 3059 1745 3133 1816; x_wconf 66' lang='grc' dir='ltr'>μὴ</span> <span class='ocrx_word' id='word_1_241' title='bbox 3170 1745 3527 1823; x_wconf 79' lang='grc' dir='ltr'>παράσχησθε</span> <span class='ocrx_word' id='word_1_242' title='bbox 3576 1750 3674 1800; x_wconf 91' lang='grc' dir='ltr'>τοῦ</span> <span class='ocrx_word' id='word_1_243' title='bbox 3729 1748 3849 1820; x_wconf 83' lang='grc'>(42)</span> 
     </span>
    </p>
   </div>
   <div class='ocr_carea' id='block_1_36' title="bbox 2187 1829 3843 1910">
    <p class='ocr_par' dir='ltr' id='par_1_36' title="bbox 2187 1829 3843 1910">
     <span class='ocr_line' id='line_1_36' title="bbox 2187 1829 3843 1910; baseline 0.005 -25"><span class='ocrx_word' id='word_1_244' title='bbox 2187 1829 2576 1900; x_wconf 74' lang='grc' dir='ltr'>σπονδισθῆναι</span> <span class='ocrx_word' id='word_1_245' title='bbox 2607 1837 2744 1905; x_wconf 79' lang='grc' dir='ltr'>Θεῷ,</span> <span class='ocrx_word' id='word_1_246' title='bbox 2777 1833 2851 1896; x_wconf 81' lang='grc' dir='ltr'>ὡς</span> <span class='ocrx_word' id='word_1_247' title='bbox 2881 1830 2959 1887; x_wconf 77' lang='grc' dir='ltr'>ἔτι</span> <span class='ocrx_word' id='word_1_248' title='bbox 2992 1837 3374 1910; x_wconf 66' lang='grc' dir='ltr'>θυσιαστήριον</span> <span class='ocrx_word' id='word_1_249' title='bbox 3406 1833 3627 1909; x_wconf 74' lang='grc' dir='ltr'>ἕτοιμόν</span> <span class='ocrx_word' id='word_1_250' title='bbox 3675 1835 3843 1894; x_wconf 81' lang='grc' dir='ltr'>ἐστιν.</span> 
     </span>
    </p>
   </div>
   <div class='ocr_carea' id='block_1_37' title="bbox 2183 1919 3846 2000">
    <p class='ocr_par' dir='ltr' id='par_1_37' title="bbox 2183 1919 3846 2000">
     <span class='ocr_line' id='line_1_37' title="bbox 2183 1919 3846 2000; baseline 0.005 -28"><span class='ocrx_word' id='word_1_251' title='bbox 2183 1920 2274 1972; x_wconf 83' lang='grc' dir='ltr'>ἳνα</span> <span class='ocrx_word' id='word_1_252' title='bbox 2305 1919 2356 1972; x_wconf 77' lang='grc' dir='ltr'>ἐν</span> <span class='ocrx_word' id='word_1_253' title='bbox 2384 1919 2565 1993; x_wconf 77' lang='grc' dir='ltr'>ἀγάπῃ</span> <span class='ocrx_word' id='word_1_254' title='bbox 2624 1921 2796 1995; x_wconf 85' lang='grc' dir='ltr'>χορὸς</span> <span class='ocrx_word' id='word_1_255' title='bbox 2858 1920 3142 1994; x_wconf 87' lang='grc' dir='ltr'>γενόμενοι</span> <span class='ocrx_word' id='word_1_256' title='bbox 3201 1921 3368 1992; x_wconf 76' lang='grc' dir='ltr'>ᾅσητε</span> <span class='ocrx_word' id='word_1_257' title='bbox 3421 1929 3500 1995; x_wconf 84' lang='grc' dir='ltr'>τῷ</span> <span class='ocrx_word' id='word_1_258' title='bbox 3557 1927 3725 2000; x_wconf 86' lang='grc' dir='ltr'>Πατρὶ</span> <span class='ocrx_word' id='word_1_259' title='bbox 3790 1925 3846 1980; x_wconf 80' lang='grc' dir='ltr'>ἐν</span> 
     </span>
    </p>
   </div>
   <div class='ocr_carea' id='block_1_38' title="bbox 2186 2008 3851 2086">
    <p class='ocr_par' dir='ltr' id='par_1_38' title="bbox 2186 2008 3851 2086">
     <span class='ocr_line' id='line_1_38' title="bbox 2186 2008 3851 2086; baseline 0.007 -27"><span class='ocrx_word' id='word_1_260' title='bbox 2186 2009 2405 2082; x_wconf 85' lang='grc' dir='ltr'>Χριστῷ</span> <span class='ocrx_word' id='word_1_261' title='bbox 2437 2009 2639 2076; x_wconf 82' lang='grc' dir='ltr'>Ἰησοῦ,</span> <span class='ocrx_word' id='word_1_262' title='bbox 2672 2011 2786 2082; x_wconf 86' lang='grc'>(43)</span> <span class='ocrx_word' id='word_1_263' title='bbox 2811 2008 2894 2064; x_wconf 81' lang='grc' dir='ltr'>δτι</span> <span class='ocrx_word' id='word_1_264' title='bbox 2924 2010 3016 2064; x_wconf 86' lang='grc' dir='ltr'>τὸν</span> <span class='ocrx_word' id='word_1_265' title='bbox 3066 2009 3362 2066; x_wconf 80' lang='grc' dir='ltr'>ἐπισκοπον</span> <span class='ocrx_word' id='word_1_266' title='bbox 3415 2013 3614 2086; x_wconf 80' lang='grc' dir='ltr'>Συρίας</span> <span class='ocrx_word' id='word_1_267' title='bbox 3647 2016 3676 2068; x_wconf 85' lang='grc' dir='ltr'>ὁ</span> <span class='ocrx_word' id='word_1_268' title='bbox 3709 2016 3851 2077; x_wconf 81' lang='grc' dir='ltr'>Θεὸς</span> 
     </span>
    </p>
   </div>
   <div class='ocr_carea' id='block_1_39' title="bbox 2185 2095 3850 2178">
    <p class='ocr_par' dir='ltr' id='par_1_39' title="bbox 2185 2095 3850 2178">
     <span class='ocr_line' id='line_1_39' title="bbox 2185 2095 3850 2178; baseline 0.006 -28"><span class='ocrx_word' id='word_1_269' title='bbox 2185 2096 2520 2166; x_wconf 78' lang='grc' dir='ltr'>κατηξίωσεν</span> <span class='ocrx_word' id='word_1_270' title='bbox 2549 2097 2832 2172; x_wconf 80' lang='grc' dir='ltr'>εὑρεθῆναι</span> <span class='ocrx_word' id='word_1_271' title='bbox 2891 2098 2965 2159; x_wconf 73' lang='grc' dir='ltr'>εἷς</span> <span class='ocrx_word' id='word_1_272' title='bbox 3020 2095 3168 2152; x_wconf 74' lang='grc' dir='ltr'>δύσιν</span> <span class='ocrx_word' id='word_1_273' title='bbox 3224 2099 3331 2154; x_wconf 82' lang='grc' dir='ltr'>ἀπὸ</span> <span class='ocrx_word' id='word_1_274' title='bbox 3393 2101 3664 2171; x_wconf 80' lang='grc' dir='ltr'>ἀνατολῆς</span> <span class='ocrx_word' id='word_1_275' title='bbox 3729 2107 3850 2178; x_wconf 75' lang='grc'>(44)</span> 
     </span>
    </p>
   </div>
   <div class='ocr_carea' id='block_1_40' title="bbox 2191 2185 3850 2268">
    <p class='ocr_par' dir='ltr' id='par_1_40' title="bbox 2191 2185 3850 2268">
     <span class='ocr_line' id='line_1_40' title="bbox 2191 2185 3850 2268; baseline 0.005 -29"><span class='ocrx_word' id='word_1_276' title='bbox 2191 2187 2697 2259; x_wconf 79' lang='grc' dir='ltr'>μετακεμψάμενος.</span> <span class='ocrx_word' id='word_1_277' title='bbox 2733 2185 2912 2244; x_wconf 86' lang='grc' dir='ltr'>Καλὸν</span> <span class='ocrx_word' id='word_1_278' title='bbox 2962 2187 3024 2242; x_wconf 88' lang='grc' dir='ltr'>τὸ</span> <span class='ocrx_word' id='word_1_279' title='bbox 3075 2185 3224 2242; x_wconf 76' lang='grc' dir='ltr'>δῦναι</span> <span class='ocrx_word' id='word_1_280' title='bbox 3271 2189 3376 2244; x_wconf 82' lang='grc' dir='ltr'>ἀπὸ</span> <span class='ocrx_word' id='word_1_281' title='bbox 3429 2192 3645 2263; x_wconf 80' lang='grc' dir='ltr'>κόσμου</span> <span class='ocrx_word' id='word_1_282' title='bbox 3704 2194 3850 2268; x_wconf 83' lang='grc' dir='ltr'>πρὸς</span> 
     </span>
    </p>
   </div>
   <div class='ocr_carea' id='block_1_41' title="bbox 2189 2275 3071 2345">
    <p class='ocr_par' dir='ltr' id='par_1_41' title="bbox 2189 2275 3071 2345">
     <span class='ocr_line' id='line_1_41' title="bbox 2189 2275 3071 2345; baseline 0.009 -17"><span class='ocrx_word' id='word_1_283' title='bbox 2189 2275 2334 2345; x_wconf 84' lang='grc' dir='ltr'>Θιὸν,</span> <span class='ocrx_word' id='word_1_284' title='bbox 2363 2275 2452 2329; x_wconf 86' lang='grc' dir='ltr'>ἳνα</span> <span class='ocrx_word' id='word_1_285' title='bbox 2481 2275 2559 2336; x_wconf 81' lang='grc' dir='ltr'>εἷς</span> <span class='ocrx_word' id='word_1_286' title='bbox 2590 2275 2748 2331; x_wconf 82' lang='grc' dir='ltr'>αὐτὸν</span> <span class='ocrx_word' id='word_1_287' title='bbox 2779 2275 3071 2336; x_wconf 82' lang='grc' dir='ltr'>ἀνατείλω.</span> 
     </span>
    </p>
   </div>
   <div class='ocr_carea' id='block_1_42' title="bbox 1116 2375 3133 2449">
    <p class='ocr_par' dir='ltr' id='par_1_42' title="bbox 1116 2375 3133 2449">
     <span class='ocr_line' id='line_1_42' title="bbox 1116 2375 3133 2449; baseline 0.001 -17"><span class='ocrx_word' id='word_1_288' title='bbox 1116 2376 1212 2432; x_wconf 90' lang='lat' dir='ltr'>Ill.</span> <span class='ocrx_word' id='word_1_289' title='bbox 1245 2378 1450 2447; x_wconf 82' lang='lat' dir='ltr'>Rogate</span> <span class='ocrx_word' id='word_1_290' title='bbox 1471 2378 1660 2447; x_wconf 83' lang='lat' dir='ltr'>potius</span> <span class='ocrx_word' id='word_1_291' title='bbox 1691 2377 1878 2444; x_wconf 87' lang='lat' dir='ltr'>Deum,</span> <span class='ocrx_word' id='word_1_292' title='bbox 1911 2381 1971 2430; x_wconf 92' lang='lat' dir='ltr'>ut</span> <span class='ocrx_word' id='word_1_293' title='bbox 2001 2375 2076 2430; x_wconf 83' lang='lat' dir='ltr'>ad</span> <span class='ocrx_word' id='word_1_294' title='bbox 2102 2377 2429 2445; x_wconf 84' lang='lat' dir='ltr'>martyrium</span> <span class='ocrx_word' id='word_1_295' title='bbox 2460 2375 2600 2432; x_wconf 85' lang='lat' dir='ltr'>mihi</span> <span class='ocrx_word' id='word_1_296' title='bbox 2627 2379 2774 2433; x_wconf 83' lang='lat' dir='ltr'>vires</span> <span class='ocrx_word' id='word_1_297' title='bbox 2805 2379 3133 2449; x_wconf 81' lang='lat' dir='ltr'>suppeditet.</span> 
     </span>
    </p>
   </div>
   <div class='ocr_carea' id='block_1_43' title="bbox 491 2483 2069 2556">
    <p class='ocr_par' dir='ltr' id='par_1_43' title="bbox 491 2483 2069 2556">
     <span class='ocr_line' id='line_1_43' title="bbox 491 2483 2069 2556; baseline 0 -18"><span class='ocrx_word' id='word_1_298' title='bbox 491 2484 650 2539; x_wconf 82' lang='lat' dir='ltr'>Nulli</span> <span class='ocrx_word' id='word_1_299' title='bbox 697 2501 963 2555; x_wconf 83' lang='lat' dir='ltr'>unquam</span> <span class='ocrx_word' id='word_1_300' title='bbox 1013 2484 1355 2552; x_wconf 88' lang='lat' dir='ltr'>invidistis;</span> <span class='ocrx_word' id='word_1_301' title='bbox 1409 2485 1559 2539; x_wconf 88' lang='lat' dir='ltr'>alios</span> <span class='ocrx_word' id='word_1_302' title='bbox 1607 2483 1912 2540; x_wconf 88' lang='lat' dir='ltr'>docuistis.</span> <span class='ocrx_word' id='word_1_303' title='bbox 1953 2485 2069 2556; x_wconf 80' lang='lat' dir='ltr'>Ego</span> 
     </span>
    </p>
   </div>
   <div class='ocr_carea' id='block_1_44' title="bbox 414 2571 2070 2645">
    <p class='ocr_par' dir='ltr' id='par_1_44' title="bbox 414 2571 2070 2645">
     <span class='ocr_line' id='line_1_44' title="bbox 414 2571 2070 2645; baseline 0.001 -18"><span class='ocrx_word' id='word_1_304' title='bbox 414 2590 550 2628; x_wconf 89' lang='lat' dir='ltr'>vero</span> <span class='ocrx_word' id='word_1_305' title='bbox 581 2573 687 2628; x_wconf 90' lang='lat' dir='ltr'>illa</span> <span class='ocrx_word' id='word_1_306' title='bbox 717 2589 952 2645; x_wconf 91' lang='lat' dir='ltr'>quoque</span> <span class='ocrx_word' id='word_1_307' title='bbox 987 2575 1156 2628; x_wconf 74' lang='lat' dir='ltr'>firma</span> <span class='ocrx_word' id='word_1_308' title='bbox 1186 2590 1315 2628; x_wconf 90' lang='lat' dir='ltr'>esse</span> <span class='ocrx_word' id='word_1_309' title='bbox 1347 2573 1499 2641; x_wconf 90' lang='lat' dir='ltr'>volo,</span> <span class='ocrx_word' id='word_1_310' title='bbox 1559 2589 1690 2643; x_wconf 69' lang='lat' dir='ltr'>qum</span> <span class='ocrx_word' id='word_1_311' title='bbox 1740 2571 1963 2627; x_wconf 89' lang='lat' dir='ltr'>docetis</span> <span class='ocrx_word' id='word_1_312' title='bbox 2012 2577 2070 2628; x_wconf 88' lang='lat' dir='ltr'>et</span> 
     </span>
    </p>
   </div>
   <div class='ocr_carea' id='block_1_45' title="bbox 409 2662 2068 2734">
    <p class='ocr_par' dir='ltr' id='par_1_45' title="bbox 409 2662 2068 2734">
     <span class='ocr_line' id='line_1_45' title="bbox 409 2662 2068 2734; baseline -0.002 -15"><span class='ocrx_word' id='word_1_313' title='bbox 409 2662 753 2734; x_wconf 63' lang='lat' dir='ltr'>praecipitis.</span> <span class='ocrx_word' id='word_1_314' title='bbox 786 2663 954 2719; x_wconf 88' lang='lat' dir='ltr'>Vires</span> <span class='ocrx_word' id='word_1_315' title='bbox 984 2668 1216 2719; x_wconf 87' lang='lat' dir='ltr'>tantum</span> <span class='ocrx_word' id='word_1_316' title='bbox 1250 2663 1395 2718; x_wconf 91' lang='lat' dir='ltr'>mihi</span> <span class='ocrx_word' id='word_1_317' title='bbox 1427 2667 1485 2717; x_wconf 92' lang='lat' dir='ltr'>et</span> <span class='ocrx_word' id='word_1_318' title='bbox 1508 2663 1776 2717; x_wconf 91' lang='lat' dir='ltr'>internas</span> <span class='ocrx_word' id='word_1_319' title='bbox 1801 2667 1861 2718; x_wconf 86' lang='lat' dir='ltr'>et</span> <span class='ocrx_word' id='word_1_320' title='bbox 1880 2666 2068 2717; x_wconf 86' lang='lat' dir='ltr'>exter-</span> 
     </span>
    </p>
   </div>
   <div class='ocr_carea' id='block_1_46' title="bbox 410 2750 2067 2823">
    <p class='ocr_par' dir='ltr' id='par_1_46' title="bbox 410 2750 2067 2823">
     <span class='ocr_line' id='line_1_46' title="bbox 410 2750 2067 2823; baseline 0 -17"><span class='ocrx_word' id='word_1_321' title='bbox 410 2768 524 2808; x_wconf 86' lang='lat' dir='ltr'>nas</span> <span class='ocrx_word' id='word_1_322' title='bbox 554 2752 758 2823; x_wconf 87' lang='lat' dir='ltr'>petite,</span> <span class='ocrx_word' id='word_1_323' title='bbox 789 2757 855 2807; x_wconf 89' lang='lat' dir='ltr'>ut</span> <span class='ocrx_word' id='word_1_324' title='bbox 885 2768 1006 2807; x_wconf 88' lang='lat' dir='ltr'>non</span> <span class='ocrx_word' id='word_1_325' title='bbox 1037 2751 1233 2807; x_wconf 91' lang='lat' dir='ltr'>solum</span> <span class='ocrx_word' id='word_1_326' title='bbox 1264 2752 1498 2822; x_wconf 89' lang='lat' dir='ltr'>loquar,</span> <span class='ocrx_word' id='word_1_327' title='bbox 1533 2751 1638 2806; x_wconf 89' lang='lat' dir='ltr'>sed</span> <span class='ocrx_word' id='word_1_328' title='bbox 1668 2755 1727 2806; x_wconf 92' lang='lat' dir='ltr'>et</span> <span class='ocrx_word' id='word_1_329' title='bbox 1751 2750 1964 2818; x_wconf 88' lang='lat' dir='ltr'>velim;</span> <span class='ocrx_word' id='word_1_330' title='bbox 2000 2757 2067 2806; x_wconf 90' lang='lat' dir='ltr'>ut</span> 
     </span>
    </p>
   </div>
   <div class='ocr_carea' id='block_1_47' title="bbox 408 2839 2066 2908">
    <p class='ocr_par' dir='ltr' id='par_1_47' title="bbox 408 2839 2066 2908">
     <span class='ocr_line' id='line_1_47' title="bbox 408 2839 2066 2908; baseline -0.002 -11"><span class='ocrx_word' id='word_1_331' title='bbox 408 2857 531 2897; x_wconf 88' lang='lat' dir='ltr'>non</span> <span class='ocrx_word' id='word_1_332' title='bbox 556 2839 746 2896; x_wconf 90' lang='lat' dir='ltr'>solum</span> <span class='ocrx_word' id='word_1_333' title='bbox 778 2840 942 2896; x_wconf 89' lang='lat' dir='ltr'>dicar</span> <span class='ocrx_word' id='word_1_334' title='bbox 971 2841 1363 2908; x_wconf 89' lang='lat' dir='ltr'>Christianus,</span> <span class='ocrx_word' id='word_1_335' title='bbox 1407 2840 1512 2896; x_wconf 91' lang='lat' dir='ltr'>sed</span> <span class='ocrx_word' id='word_1_336' title='bbox 1565 2845 1622 2895; x_wconf 89' lang='lat' dir='ltr'>et</span> <span class='ocrx_word' id='word_1_337' title='bbox 1671 2841 1956 2895; x_wconf 90' lang='lat' dir='ltr'>inveniar.</span> <span class='ocrx_word' id='word_1_338' title='bbox 2009 2840 2066 2894; x_wconf 92' lang='lat' dir='ltr'>Si</span> 
     </span>
    </p>
   </div>
   <div class='ocr_carea' id='block_1_48' title="bbox 411 2928 2064 3000">
    <p class='ocr_par' dir='ltr' id='par_1_48' title="bbox 411 2928 2064 3000">
     <span class='ocr_line' id='line_1_48' title="bbox 411 2928 2064 3000; baseline -0.002 -14"><span class='ocrx_word' id='word_1_339' title='bbox 411 2931 572 2986; x_wconf 90' lang='lat' dir='ltr'>enim</span> <span class='ocrx_word' id='word_1_340' title='bbox 597 2931 871 2986; x_wconf 90' lang='lat' dir='ltr'>inventus</span> <span class='ocrx_word' id='word_1_341' title='bbox 892 2930 1083 2996; x_wconf 85' lang='lat' dir='ltr'>fuero,</span> <span class='ocrx_word' id='word_1_342' title='bbox 1106 2930 1288 2985; x_wconf 88' lang='lat' dir='ltr'>etiam</span> <span class='ocrx_word' id='word_1_343' title='bbox 1313 2928 1426 2985; x_wconf 93' lang='lat' dir='ltr'>dici</span> <span class='ocrx_word' id='word_1_344' title='bbox 1449 2934 1653 3000; x_wconf 91' lang='lat' dir='ltr'>potero</span> <span class='ocrx_word' id='word_1_345' title='bbox 1675 2929 2064 2995; x_wconf 90' lang='lat' dir='ltr'>Christianus,</span> 
     </span>
    </p>
   </div>
   <div class='ocr_carea' id='block_1_49' title="bbox 2254 2477 3845 2555">
    <p class='ocr_par' dir='ltr' id='par_1_49' title="bbox 2254 2477 3845 2555">
     <span class='ocr_line' id='line_1_49' title="bbox 2254 2477 3845 2555; baseline 0.004 -17"><span class='ocrx_word' id='word_1_346' title='bbox 2254 2478 2530 2538; x_wconf 79' lang='grc' dir='ltr'>Οὐδέποτε</span> <span class='ocrx_word' id='word_1_347' title='bbox 2572 2486 2686 2555; x_wconf 80' lang='grc'>(45)</span> <span class='ocrx_word' id='word_1_348' title='bbox 2740 2477 3064 2539; x_wconf 75' lang='grc' dir='ltr'>ἐϐασκάνατὲ</span> <span class='ocrx_word' id='word_1_349' title='bbox 3121 2481 3338 2540; x_wconf 79' lang='grc' dir='ltr'>οὐδὲνα’</span> <span class='ocrx_word' id='word_1_350' title='bbox 3394 2483 3603 2551; x_wconf 75' lang='grc' dir='ltr'>ἄλλους</span> <span class='ocrx_word' id='word_1_351' title='bbox 3656 2485 3845 2544; x_wconf 73' lang='grc' dir='ltr'>ἐδιδά-</span> 
     </span>
    </p>
   </div>
   <div class='ocr_carea' id='block_1_50' title="bbox 2179 2570 3841 2652">
    <p class='ocr_par' dir='ltr' id='par_1_50' title="bbox 2179 2570 3841 2652">
     <span class='ocr_line' id='line_1_50' title="bbox 2179 2570 3841 2652; baseline 0.005 -26"><span class='ocrx_word' id='word_1_352' title='bbox 2179 2572 2319 2642; x_wconf 76' lang='grc' dir='ltr'>ξατεο</span> <span class='ocrx_word' id='word_1_353' title='bbox 2353 2574 2463 2646; x_wconf 80' lang='grc'>(46)</span> <span class='ocrx_word' id='word_1_354' title='bbox 2497 2573 2639 2648; x_wconf 84' lang='grc' dir='ltr'>Ἐγὼ</span> <span class='ocrx_word' id='word_1_355' title='bbox 2671 2570 2728 2628; x_wconf 72' lang='grc' dir='ltr'>δὲ</span> <span class='ocrx_word' id='word_1_356' title='bbox 2761 2573 2927 2643; x_wconf 72' lang='grc' dir='ltr'>θέλω,</span> <span class='ocrx_word' id='word_1_357' title='bbox 2955 2572 3046 2628; x_wconf 69' lang='grc' dir='ltr'>’ἱνα</span> <span class='ocrx_word' id='word_1_358' title='bbox 3083 2574 3304 2630; x_wconf 77' lang='grc' dir='ltr'>κάκεῖνα</span> <span class='ocrx_word' id='word_1_359' title='bbox 3349 2571 3543 2651; x_wconf 75' lang='grc' dir='ltr'>βέϐαια</span> <span class='ocrx_word' id='word_1_360' title='bbox 3570 2577 3628 2652; x_wconf 78' lang='grc' dir='ltr'>ᾔ,</span> <span class='ocrx_word' id='word_1_361' title='bbox 3661 2579 3695 2632; x_wconf 76' lang='grc' dir='ltr'>ἃ</span> <span class='ocrx_word' id='word_1_362' title='bbox 3728 2582 3841 2652; x_wconf 81' lang='grc'>(47)</span> 
     </span>
    </p>
   </div>
   <div class='ocr_carea' id='block_1_51' title="bbox 2185 2659 3840 2740">
    <p class='ocr_par' dir='ltr' id='par_1_51' title="bbox 2185 2659 3840 2740">
     <span class='ocr_line' id='line_1_51' title="bbox 2185 2659 3840 2740; baseline 0.005 -25"><span class='ocrx_word' id='word_1_363' title='bbox 2185 2661 2582 2732; x_wconf 73' lang='grc' dir='ltr'>μαθητεὺοντες</span> <span class='ocrx_word' id='word_1_364' title='bbox 2615 2660 2953 2727; x_wconf 80' lang='grc' dir='ltr'>ἒντὲλλεσθε.</span> <span class='ocrx_word' id='word_1_365' title='bbox 2987 2659 3164 2719; x_wconf 84' lang='grc' dir='ltr'>Μὸνον</span> <span class='ocrx_word' id='word_1_366' title='bbox 3203 2686 3294 2737; x_wconf 86' lang='grc' dir='ltr'>μοι</span> <span class='ocrx_word' id='word_1_367' title='bbox 3327 2663 3552 2740; x_wconf 80' lang='grc' dir='ltr'>δύναμιν</span> <span class='ocrx_word' id='word_1_368' title='bbox 3603 2667 3840 2724; x_wconf 81' lang='grc' dir='ltr'>αἰτεῖσθε</span> 
     </span>
    </p>
   </div>
   <div class='ocr_carea' id='block_1_52' title="bbox 2178 2745 3835 2830">
    <p class='ocr_par' dir='ltr' id='par_1_52' title="bbox 2178 2745 3835 2830">
     <span class='ocr_line' id='line_1_52' title="bbox 2178 2745 3835 2830; baseline 0.005 -26"><span class='ocrx_word' id='word_1_369' title='bbox 2178 2745 2378 2814; x_wconf 66' lang='grc' dir='ltr'>ἔσωθεν</span> <span class='ocrx_word' id='word_1_370' title='bbox 2410 2771 2468 2806; x_wconf 89' lang='grc' dir='ltr'>τε</span> <span class='ocrx_word' id='word_1_371' title='bbox 2497 2751 2587 2805; x_wconf 82' lang='grc' dir='ltr'>καὶ</span> <span class='ocrx_word' id='word_1_372' title='bbox 2619 2749 2834 2821; x_wconf 78' lang='grc' dir='ltr'>ἔξωθεν,</span> <span class='ocrx_word' id='word_1_373' title='bbox 2877 2750 2970 2808; x_wconf 58' lang='grc' dir='ltr'>*ἱνα</span> <span class='ocrx_word' id='word_1_374' title='bbox 3005 2754 3080 2825; x_wconf 80' lang='grc' dir='ltr'>μή</span> <span class='ocrx_word' id='word_1_375' title='bbox 3119 2754 3283 2826; x_wconf 77' lang='grc' dir='ltr'>μόνον</span> <span class='ocrx_word' id='word_1_376' title='bbox 3337 2752 3505 2830; x_wconf 69' lang='grc' dir='ltr'>λέγω,</span> <span class='ocrx_word' id='word_1_377' title='bbox 3545 2754 3693 2811; x_wconf 78' lang='grc' dir='ltr'>ἀλλὰ</span> <span class='ocrx_word' id='word_1_378' title='bbox 3741 2757 3835 2813; x_wconf 78' lang='grc' dir='ltr'>καὶ</span> 
     </span>
    </p>
   </div>
   <div class='ocr_carea' id='block_1_53' title="bbox 2179 2838 3837 2917">
    <p class='ocr_par' dir='ltr' id='par_1_53' title="bbox 2179 2838 3837 2917">
     <span class='ocr_line' id='line_1_53' title="bbox 2179 2838 3837 2917; baseline 0.005 -24"><span class='ocrx_word' id='word_1_379' title='bbox 2179 2838 2343 2908; x_wconf 77' lang='grc' dir='ltr'>θέλω,</span> <span class='ocrx_word' id='word_1_380' title='bbox 2383 2840 2472 2894; x_wconf 79' lang='grc' dir='ltr'>ἳνα</span> <span class='ocrx_word' id='word_1_381' title='bbox 2503 2841 2576 2913; x_wconf 80' lang='grc' dir='ltr'>μὴ</span> <span class='ocrx_word' id='word_1_382' title='bbox 2635 2841 2800 2912; x_wconf 83' lang='grc' dir='ltr'>μόνον</span> <span class='ocrx_word' id='word_1_383' title='bbox 2856 2839 3107 2917; x_wconf 81' lang='grc' dir='ltr'>λέγωμαι</span> <span class='ocrx_word' id='word_1_384' title='bbox 3163 2843 3507 2917; x_wconf 85' lang='grc' dir='ltr'>Χριστιανὸς,</span> <span class='ocrx_word' id='word_1_385' title='bbox 3548 2844 3694 2901; x_wconf 80' lang='grc' dir='ltr'>ἀλλᾶ</span> <span class='ocrx_word' id='word_1_386' title='bbox 3742 2847 3837 2901; x_wconf 82' lang='grc' dir='ltr'>καὶ</span> 
     </span>
    </p>
   </div>
   <div class='ocr_carea' id='block_1_54' title="bbox 2177 2927 3830 3011">
    <p class='ocr_par' dir='ltr' id='par_1_54' title="bbox 2177 2927 3830 3011">
     <span class='ocr_line' id='line_1_54' title="bbox 2177 2927 3830 3011; baseline 0.004 -29"><span class='ocrx_word' id='word_1_387' title='bbox 2177 2927 2401 3002; x_wconf 78' lang='grc' dir='ltr'>εὑρεθῶ.</span> <span class='ocrx_word' id='word_1_388' title='bbox 2438 2929 2561 2984; x_wconf 75' lang='grc' dir='ltr'>Ἐὰν</span> <span class='ocrx_word' id='word_1_389' title='bbox 2590 2929 2692 3004; x_wconf 77' lang='grc' dir='ltr'>γὰρ</span> <span class='ocrx_word' id='word_1_390' title='bbox 2725 2932 2836 3003; x_wconf 90' lang='grc'>(40)</span> <span class='ocrx_word' id='word_1_391' title='bbox 2865 2931 2954 2985; x_wconf 81' lang='grc' dir='ltr'>καὶ</span> <span class='ocrx_word' id='word_1_392' title='bbox 3004 2932 3232 3006; x_wconf 82' lang='grc' dir='ltr'>εὑρεθῶ,</span> <span class='ocrx_word' id='word_1_393' title='bbox 3285 2933 3374 2988; x_wconf 81' lang='grc' dir='ltr'>καὶ</span> <span class='ocrx_word' id='word_1_394' title='bbox 3423 2931 3673 3011; x_wconf 69' lang='grc' dir='ltr'>λέγεσθαι</span> <span class='ocrx_word' id='word_1_395' title='bbox 3725 2933 3830 2988; x_wconf 78' lang='grc' dir='ltr'>δύ-</span> 
     </span>
    </p>
   </div>
   <div class='ocr_carea' id='block_1_55' title="bbox 411 3000 2070 3099">
    <p class='ocr_par' dir='ltr' id='par_1_55' title="bbox 411 3018 2067 3091">
     <span class='ocr_line' id='line_1_55' title="bbox 411 3018 2067 3091; baseline -0.001 -18"><span class='ocrx_word' id='word_1_396' title='bbox 411 3025 471 3074; x_wconf 89' lang='lat' dir='ltr'>et</span> <span class='ocrx_word' id='word_1_397' title='bbox 499 3024 642 3076; x_wconf 89' lang='lat' dir='ltr'>tunc</span> <span class='ocrx_word' id='word_1_398' title='bbox 672 3019 867 3076; x_wconf 79' lang='lat' dir='ltr'>ﬁdelis</span> <span class='ocrx_word' id='word_1_399' title='bbox 898 3037 1027 3076; x_wconf 88' lang='lat' dir='ltr'>esse</span> <span class='ocrx_word' id='word_1_400' title='bbox 1076 3019 1304 3088; x_wconf 89' lang='lat' dir='ltr'>valebo,</span> <span class='ocrx_word' id='word_1_401' title='bbox 1353 3035 1489 3076; x_wconf 90' lang='lat' dir='ltr'>cum</span> <span class='ocrx_word' id='word_1_402' title='bbox 1537 3018 1760 3075; x_wconf 90' lang='lat' dir='ltr'>mundo</span> <span class='ocrx_word' id='word_1_403' title='bbox 1810 3018 2067 3091; x_wconf 91' lang='lat' dir='ltr'>amplius</span> 
     </span>
    </p>
   </div>
   <div class='ocr_carea' id='block_1_56' title="bbox 2194 3000 3829 3099">
    <p class='ocr_par' dir='ltr' id='par_1_56' title="bbox 2194 3017 3829 3099">
     <span class='ocr_line' id='line_1_56' title="bbox 2194 3017 3829 3099; baseline 0.004 -30"><span class='ocrx_word' id='word_1_404' title='bbox 2194 3037 2364 3090; x_wconf 69' lang='grc' dir='ltr'>ναμαι,</span> <span class='ocrx_word' id='word_1_405' title='bbox 2396 3017 2488 3072; x_wconf 82' lang='grc' dir='ltr'>καὶ</span> <span class='ocrx_word' id='word_1_406' title='bbox 2519 3019 2642 3072; x_wconf 87' lang='grc' dir='ltr'>τότε</span> <span class='ocrx_word' id='word_1_407' title='bbox 2671 3017 2863 3080; x_wconf 73' lang='grc' dir='ltr'>πιστός</span> <span class='ocrx_word' id='word_1_408' title='bbox 2895 3019 3057 3088; x_wconf 76' lang='grc' dir='ltr'>εἶναι,</span> <span class='ocrx_word' id='word_1_409' title='bbox 3094 3021 3219 3076; x_wconf 81' lang='grc' dir='ltr'>ὅταν</span> <span class='ocrx_word' id='word_1_410' title='bbox 3249 3022 3444 3096; x_wconf 84' lang='grc' dir='ltr'>κόσμῳ</span> <span class='ocrx_word' id='word_1_411' title='bbox 3500 3025 3573 3097; x_wconf 80' lang='grc' dir='ltr'>μὴ</span> <span class='ocrx_word' id='word_1_412' title='bbox 3626 3022 3829 3099; x_wconf 73' lang='grc' dir='ltr'>φαίνω-</span> 
     </span>
    </p>
   </div>
   <div class='ocr_carea' id='block_1_57' title="bbox 1877 3146 2365 3216">
    <p class='ocr_par' dir='ltr' id='par_1_57' title="bbox 1877 3146 2365 3216">
     <span class='ocr_line' id='line_1_57' title="bbox 1877 3146 2365 3216; baseline -0.004 -16"><span class='ocrx_word' id='word_1_413' title='bbox 1877 3146 2042 3200; x_wconf 86' lang='lat' dir='ltr'>Vetus</span> <span class='ocrx_word' id='word_1_414' title='bbox 2071 3147 2365 3216; x_wconf 81' lang='lat' dir='ltr'>interpres.</span> 
     </span>
    </p>
   </div>
   <div class='ocr_carea' id='block_1_58' title="bbox 407 3257 2088 3384">
    <p class='ocr_par' dir='ltr' id='par_1_58' title="bbox 407 3257 2088 3384">
     <span class='ocr_line' id='line_1_58' title="bbox 407 3257 2088 3384; baseline -0.003 -67"><span class='ocrx_word' id='word_1_415' title='bbox 407 3267 610 3318; x_wconf 89' lang='lat' dir='ltr'>mento</span> <span class='ocrx_word' id='word_1_416' title='bbox 648 3261 888 3316; x_wconf 89' lang='lat' dir='ltr'>lucrari.</span> <span class='ocrx_word' id='word_1_417' title='bbox 932 3261 1131 3314; x_wconf 89' lang='lat' dir='ltr'>Timeo</span> <span class='ocrx_word' id='word_1_418' title='bbox 1179 3259 1528 3314; x_wconf 85' lang='lat' dir='ltr'>charitatem</span> <span class='ocrx_word' id='word_1_419' title='bbox 1582 3261 1859 3328; x_wconf 87' lang='lat' dir='ltr'>vestram,</span> <span class='ocrx_word' id='word_1_420' title='bbox 1909 3275 1983 3313; x_wconf 92' lang='lat' dir='ltr'>ne</span> 
     </span>
     <span class='ocr_line' id='line_1_59' title="bbox 407 3330 2088 3384; baseline 0 0"><span class='ocrx_word' id='word_1_421' title='bbox 407 3333 641 3384; x_wconf 85' lang='lat' dir='ltr'>facere:</span> <span class='ocrx_word' id='word_1_422' title='bbox 675 3333 821 3384; x_wconf 89' lang='lat' dir='ltr'>mihi</span> <span class='ocrx_word' id='word_1_423' title='bbox 852 3337 1048 3384; x_wconf 88' lang='lat' dir='ltr'>autem</span> <span class='ocrx_word' id='word_1_424' title='bbox 1079 3330 1322 3384; x_wconf 75' lang='lat' dir='ltr'>difficile</span> <span class='ocrx_word' id='word_1_425' title='bbox 1353 3337 1443 3384; x_wconf 91' lang='lat' dir='ltr'>est</span> <span class='ocrx_word' id='word_1_426' title='bbox 1474 3331 1592 3384; x_wconf 92' lang='lat' dir='ltr'>Deo</span> <span class='ocrx_word' id='word_1_427' title='bbox 1627 3330 1802 3384; x_wconf 85' lang='lat' dir='ltr'>notiri</span> <span class='ocrx_word' id='word_1_428' title='bbox 1829 3348 1842 3384; x_wconf 93' lang='lat'>:</span> <span class='ocrx_word' id='word_1_429' title='bbox 1874 3330 2027 3384; x_wconf 81' lang='lat' dir='ltr'>siqui</span> <span class='ocrx_word' id='word_1_430' title='bbox 2075 3346 2088 3384; x_wconf 73' lang='grc' dir='ltr'>ε</span> 
     </span>
    </p>
   </div>
   <div class='ocr_carea' id='block_1_59' title="bbox 403 3330 2027 3401">
    <p class='ocr_par' dir='ltr' id='par_1_59' title="bbox 403 3330 2027 3401">
     <span class='ocr_line' id='line_1_60' title="bbox 403 3330 2027 3401; baseline -0.002 -15"><span class='ocrx_word' id='word_1_431' title='bbox 403 3333 641 3400; x_wconf 88' lang='lat' dir='ltr'>facere;</span> <span class='ocrx_word' id='word_1_432' title='bbox 675 3333 821 3388; x_wconf 90' lang='lat' dir='ltr'>mihi</span> <span class='ocrx_word' id='word_1_433' title='bbox 852 3337 1048 3388; x_wconf 88' lang='lat' dir='ltr'>autem</span> <span class='ocrx_word' id='word_1_434' title='bbox 1079 3330 1322 3386; x_wconf 77' lang='lat' dir='ltr'>difficile</span> <span class='ocrx_word' id='word_1_435' title='bbox 1353 3337 1443 3385; x_wconf 92' lang='lat' dir='ltr'>est</span> <span class='ocrx_word' id='word_1_436' title='bbox 1474 3331 1592 3386; x_wconf 93' lang='lat' dir='ltr'>Deo</span> <span class='ocrx_word' id='word_1_437' title='bbox 1625 3330 1802 3401; x_wconf 90' lang='lat' dir='ltr'>potiri</span> <span class='ocrx_word' id='word_1_438' title='bbox 1829 3348 1842 3398; x_wconf 91' lang='lat'><strong>;</strong></span> <span class='ocrx_word' id='word_1_439' title='bbox 1874 3330 2027 3400; x_wconf 89' lang='lat' dir='ltr'>siqui</span> 
     </span>
    </p>
   </div>
   <div class='ocr_carea' id='block_1_60' title="bbox 2097 3257 3841 3336">
    <p class='ocr_par' dir='ltr' id='par_1_60' title="bbox 2097 3257 3841 3336">
     <span class='ocr_line' id='line_1_61' title="bbox 2097 3257 3841 3336; baseline 0.004 -24"><span class='ocrx_word' id='word_1_440' title='bbox 2097 3273 2161 3312; x_wconf 91' lang='lat' dir='ltr'>sa</span> <span class='ocrx_word' id='word_1_441' title='bbox 2217 3273 2312 3312; x_wconf 91' lang='lat' dir='ltr'>me</span> <span class='ocrx_word' id='word_1_442' title='bbox 2362 3257 2558 3312; x_wconf 84' lang='lat' dir='ltr'>laedat.</span> <span class='ocrx_word' id='word_1_443' title='bbox 2615 3257 2998 3336; x_wconf 57' lang='lat' dir='ltr'>Vobisenim</span> <span class='ocrx_word' id='word_1_444' title='bbox 3055 3261 3228 3317; x_wconf 87' lang='lat' dir='ltr'>facile</span> <span class='ocrx_word' id='word_1_445' title='bbox 3280 3269 3388 3330; x_wconf 86' lang='lat' dir='ltr'>est,</span> <span class='ocrx_word' id='word_1_446' title='bbox 3453 3264 3611 3336; x_wconf 89' lang='lat' dir='ltr'>quod</span> <span class='ocrx_word' id='word_1_447' title='bbox 3654 3262 3841 3319; x_wconf 89' lang='lat' dir='ltr'>vultis</span> 
     </span>
    </p>
   </div>
   <div class='ocr_carea' id='block_1_61' title="bbox 2075 3329 2918 3401">
    <p class='ocr_par' dir='ltr' id='par_1_61' title="bbox 2075 3329 2918 3401">
     <span class='ocr_line' id='line_1_62' title="bbox 2075 3329 2918 3401; baseline 0.004 -17"><span class='ocrx_word' id='word_1_448' title='bbox 2075 3345 2169 3384; x_wconf 88' lang='lat' dir='ltr'>em</span> <span class='ocrx_word' id='word_1_449' title='bbox 2199 3345 2298 3385; x_wconf 90' lang='lat' dir='ltr'>vos</span> <span class='ocrx_word' id='word_1_450' title='bbox 2328 3345 2447 3384; x_wconf 92' lang='lat' dir='ltr'>non</span> <span class='ocrx_word' id='word_1_451' title='bbox 2479 3329 2721 3401; x_wconf 89' lang='lat' dir='ltr'>parcitis</span> <span class='ocrx_word' id='word_1_452' title='bbox 2750 3330 2918 3387; x_wconf 88' lang='lat' dir='ltr'>mihi.</span> 
     </span>
    </p>
   </div>
   <div class='ocr_carea' id='block_1_62' title="bbox 1949 3443 2286 3500">
    <p class='ocr_par' dir='ltr' id='par_1_62' title="bbox 1949 3443 2286 3500">
     <span class='ocr_line' id='line_1_63' title="bbox 1949 3443 2286 3500; baseline 0 0"><span class='ocrx_word' id='word_1_453' title='bbox 1949 3443 2176 3500; x_wconf 89' lang='lat' dir='ltr'>CAPUT</span> <span class='ocrx_word' id='word_1_454' title='bbox 2215 3446 2286 3500; x_wconf 90' lang='lat' dir='ltr'>Il.</span> 
     </span>
    </p>
   </div>
   <div class='ocr_carea' id='block_1_63' title="bbox 483 3560 3835 3636">
    <p class='ocr_par' dir='ltr' id='par_1_63' title="bbox 483 3560 3835 3636">
     <span class='ocr_line' id='line_1_64' title="bbox 483 3560 3835 3636; baseline 0 -17"><span class='ocrx_word' id='word_1_455' title='bbox 483 3565 609 3620; x_wconf 86' lang='lat' dir='ltr'>Non</span> <span class='ocrx_word' id='word_1_456' title='bbox 640 3564 799 3620; x_wconf 91' lang='lat' dir='ltr'>enim</span> <span class='ocrx_word' id='word_1_457' title='bbox 827 3564 958 3620; x_wconf 92' lang='lat' dir='ltr'>volo</span> <span class='ocrx_word' id='word_1_458' title='bbox 988 3581 1088 3619; x_wconf 90' lang='lat' dir='ltr'>vos</span> <span class='ocrx_word' id='word_1_459' title='bbox 1121 3563 1460 3636; x_wconf 84' lang='lat' dir='ltr'>hominibus</span> <span class='ocrx_word' id='word_1_460' title='bbox 1491 3562 1746 3636; x_wconf 85' lang='lat' dir='ltr'>placere,</span> <span class='ocrx_word' id='word_1_461' title='bbox 1768 3561 1884 3636; x_wconf 76' lang='lat' dir='ltr'>sed</span> <span class='ocrx_word' id='word_1_462' title='bbox 1916 3563 2035 3616; x_wconf 93' lang='lat' dir='ltr'>Deo</span> <span class='ocrx_word' id='word_1_463' title='bbox 2066 3560 2323 3636; x_wconf 86' lang='lat' dir='ltr'>placere,</span> <span class='ocrx_word' id='word_1_464' title='bbox 2356 3561 2863 3636; x_wconf 81' lang='lat' dir='ltr'>quemadmodum</span> <span class='ocrx_word' id='word_1_465' title='bbox 2895 3570 2954 3618; x_wconf 89' lang='lat' dir='ltr'>et</span> <span class='ocrx_word' id='word_1_466' title='bbox 2982 3564 3250 3636; x_wconf 73' lang='lat' dir='ltr'>placetis.</span> <span class='ocrx_word' id='word_1_467' title='bbox 3297 3565 3507 3636; x_wconf 16' lang='lat' dir='ltr'>Neque,</span> <span class='ocrx_word' id='word_1_468' title='bbox 3528 3566 3690 3620; x_wconf 90' lang='lat' dir='ltr'>enim</span> <span class='ocrx_word' id='word_1_469' title='bbox 3726 3581 3835 3636; x_wconf 85' lang='lat' dir='ltr'>ego</span> 
     </span>
    </p>
   </div>
   <div class='ocr_carea' id='block_1_64' title="bbox 411 3633 3835 3708">
    <p class='ocr_par' dir='ltr' id='par_1_64' title="bbox 411 3633 3835 3708">
     <span class='ocr_line' id='line_1_65' title="bbox 411 3633 3835 3708; baseline -0 -18"><span class='ocrx_word' id='word_1_470' title='bbox 411 3636 600 3692; x_wconf 89' lang='lat' dir='ltr'>habeo</span> <span class='ocrx_word' id='word_1_471' title='bbox 632 3636 952 3707; x_wconf 89' lang='lat' dir='ltr'>aliquando</span> <span class='ocrx_word' id='word_1_472' title='bbox 986 3641 1218 3708; x_wconf 89' lang='lat' dir='ltr'>tempus</span> <span class='ocrx_word' id='word_1_473' title='bbox 1250 3633 1513 3708; x_wconf 84' lang='lat' dir='ltr'>taleDeo</span> <span class='ocrx_word' id='word_1_474' title='bbox 1546 3633 1808 3708; x_wconf 73' lang='lat' dir='ltr'>potiendi</span> <span class='ocrx_word' id='word_1_475' title='bbox 1834 3651 1848 3699; x_wconf 87' lang='lat'><strong>;</strong></span> <span class='ocrx_word' id='word_1_476' title='bbox 1882 3649 2074 3708; x_wconf 83' lang='lat' dir='ltr'>neque</span> <span class='ocrx_word' id='word_1_477' title='bbox 2105 3650 2226 3696; x_wconf 91' lang='lat' dir='ltr'>vos,</span> <span class='ocrx_word' id='word_1_478' title='bbox 2247 3633 2295 3686; x_wconf 90' lang='lat' dir='ltr'>si</span> <span class='ocrx_word' id='word_1_479' title='bbox 2324 3634 2585 3698; x_wconf 89' lang='lat' dir='ltr'>taceatis,</span> <span class='ocrx_word' id='word_1_480' title='bbox 2609 3633 2843 3708; x_wconf 84' lang='lat' dir='ltr'>meliori</span> <span class='ocrx_word' id='word_1_481' title='bbox 2865 3633 3028 3706; x_wconf 79' lang='lat' dir='ltr'>Operi</span> <span class='ocrx_word' id='word_1_482' title='bbox 3054 3635 3640 3708; x_wconf 83' lang='lat' dir='ltr'>habetis_inscribi.Si</span> <span class='ocrx_word' id='word_1_483' title='bbox 3665 3633 3835 3708; x_wconf 74' lang='lat' dir='ltr'>enim</span> 
     </span>
    </p>
   </div>
   <div class='ocr_carea' id='block_1_65' title="bbox 410 3703 3834 3778">
    <p class='ocr_par' dir='ltr' id='par_1_65' title="bbox 410 3703 3834 3778">
     <span class='ocr_line' id='line_1_66' title="bbox 410 3703 3834 3778; baseline -0.001 -16"><span class='ocrx_word' id='word_1_484' title='bbox 410 3708 655 3763; x_wconf 77' lang='lat' dir='ltr'>tacentis</span> <span class='ocrx_word' id='word_1_485' title='bbox 680 3726 713 3763; x_wconf 92' lang='lat' dir='ltr'>a</span> <span class='ocrx_word' id='word_1_486' title='bbox 735 3703 858 3775; x_wconf 80' lang='lat' dir='ltr'>me,</span> <span class='ocrx_word' id='word_1_487' title='bbox 893 3724 998 3778; x_wconf 75' lang='lat' dir='ltr'>ego</span> <span class='ocrx_word' id='word_1_488' title='bbox 1030 3703 1129 3761; x_wconf 79' lang='lat' dir='ltr'>ero</span> <span class='ocrx_word' id='word_1_489' title='bbox 1164 3707 1260 3761; x_wconf 92' lang='lat' dir='ltr'>Dei</span> <span class='ocrx_word' id='word_1_490' title='bbox 1289 3722 1301 3771; x_wconf 93' lang='lat'>;</span> <span class='ocrx_word' id='word_1_491' title='bbox 1335 3706 1391 3778; x_wconf 88' lang='lat' dir='ltr'>si</span> <span class='ocrx_word' id='word_1_492' title='bbox 1415 3703 1996 3778; x_wconf 15' lang='lat' dir='ltr'>aute’midesideretis</span> <span class='ocrx_word' id='word_1_493' title='bbox 2019 3720 2258 3778; x_wconf 82' lang='lat' dir='ltr'>carnem</span> <span class='ocrx_word' id='word_1_494' title='bbox 2286 3721 2503 3778; x_wconf 86' lang='lat' dir='ltr'>meam,</span> <span class='ocrx_word' id='word_1_495' title='bbox 2535 3721 2739 3760; x_wconf 90' lang='lat' dir='ltr'>rursus</span> <span class='ocrx_word' id='word_1_496' title='bbox 2761 3703 2950 3762; x_wconf 75' lang='lat' dir='ltr'>factus</span> <span class='ocrx_word' id='word_1_497' title='bbox 2975 3723 3104 3760; x_wconf 89' lang='lat' dir='ltr'>sum</span> <span class='ocrx_word' id='word_1_498' title='bbox 3125 3722 3251 3778; x_wconf 68' lang='lat' dir='ltr'>vox.</span> <span class='ocrx_word' id='word_1_499' title='bbox 3284 3704 3647 3778; x_wconf 89' lang='lat' dir='ltr'>Plus_autem</span> <span class='ocrx_word' id='word_1_500' title='bbox 3672 3707 3834 3778; x_wconf 82' lang='lat' dir='ltr'>mihi</span> 
     </span>
    </p>
   </div>
   <div class='ocr_carea' id='block_1_66' title="bbox 411 3775 3838 3850">
    <p class='ocr_par' dir='ltr' id='par_1_66' title="bbox 411 3775 3838 3850">
     <span class='ocr_line' id='line_1_67' title="bbox 411 3775 3838 3850; baseline -0.001 -16"><span class='ocrx_word' id='word_1_501' title='bbox 411 3796 532 3834; x_wconf 89' lang='lat' dir='ltr'>non</span> <span class='ocrx_word' id='word_1_502' title='bbox 555 3779 850 3846; x_wconf 89' lang='lat' dir='ltr'>tribuetis,</span> <span class='ocrx_word' id='word_1_503' title='bbox 879 3775 1056 3850; x_wconf 78' lang='lat' dir='ltr'>quam</span> <span class='ocrx_word' id='word_1_504' title='bbox 1077 3777 1396 3833; x_wconf 81' lang='lat' dir='ltr'>sacrificari</span> <span class='ocrx_word' id='word_1_505' title='bbox 1431 3778 1570 3842; x_wconf 92' lang='lat' dir='ltr'>Deo,</span> <span class='ocrx_word' id='word_1_506' title='bbox 1604 3777 1745 3831; x_wconf 90' lang='lat' dir='ltr'>dum</span> <span class='ocrx_word' id='word_1_507' title='bbox 1769 3776 1962 3831; x_wconf 92' lang='lat' dir='ltr'>adhuc</span> <span class='ocrx_word' id='word_1_508' title='bbox 1982 3776 2472 3832; x_wconf 80' lang='lat' dir='ltr'>sacriﬁcatorium</span> <span class='ocrx_word' id='word_1_509' title='bbox 2493 3781 2763 3847; x_wconf 89' lang='lat' dir='ltr'>paratum</span> <span class='ocrx_word' id='word_1_510' title='bbox 2787 3785 2898 3843; x_wconf 91' lang='lat' dir='ltr'>est,</span> <span class='ocrx_word' id='word_1_511' title='bbox 2926 3783 2990 3832; x_wconf 91' lang='lat' dir='ltr'>ut</span> <span class='ocrx_word' id='word_1_512' title='bbox 3009 3778 3068 3832; x_wconf 90' lang='lat' dir='ltr'>in</span> <span class='ocrx_word' id='word_1_513' title='bbox 3091 3775 3372 3832; x_wconf 87' lang='lat' dir='ltr'>charitate</span> <span class='ocrx_word' id='word_1_514' title='bbox 3395 3775 3610 3830; x_wconf 88' lang='lat' dir='ltr'>chorus</span> <span class='ocrx_word' id='word_1_515' title='bbox 3629 3777 3838 3830; x_wconf 80' lang='lat' dir='ltr'>eﬂ‘ecti</span> 
     </span>
    </p>
   </div>
   <div class='ocr_carea' id='block_1_67' title="bbox 405 3863 3835 3937">
    <p class='ocr_par' dir='ltr' id='par_1_67' title="bbox 405 3863 3835 3937">
     <span class='ocr_line' id='line_1_68' title="bbox 405 3863 3835 3937; baseline -0.001 -14"><span class='ocrx_word' id='word_1_516' title='bbox 405 3869 656 3923; x_wconf 85' lang='lat' dir='ltr'>cantetis</span> <span class='ocrx_word' id='word_1_517' title='bbox 687 3869 845 3923; x_wconf 89' lang='lat' dir='ltr'>Patri</span> <span class='ocrx_word' id='word_1_518' title='bbox 881 3869 942 3922; x_wconf 92' lang='lat' dir='ltr'>in</span> <span class='ocrx_word' id='word_1_519' title='bbox 973 3869 1108 3922; x_wconf 73' lang='lat' dir='ltr'>Iesu</span> <span class='ocrx_word' id='word_1_520' title='bbox 1134 3867 1385 3931; x_wconf 87' lang='lat' dir='ltr'>Christo,</span> <span class='ocrx_word' id='word_1_521' title='bbox 1419 3866 1702 3936; x_wconf 90' lang='lat' dir='ltr'>quoniam</span> <span class='ocrx_word' id='word_1_522' title='bbox 1739 3866 2084 3937; x_wconf 89' lang='lat' dir='ltr'>episcopum</span> <span class='ocrx_word' id='word_1_523' title='bbox 2115 3866 2294 3936; x_wconf 84' lang='lat' dir='ltr'>Syriae</span> <span class='ocrx_word' id='word_1_524' title='bbox 2319 3865 2681 3937; x_wconf 79' lang='lat' dir='ltr'>digniﬁcavit</span> <span class='ocrx_word' id='word_1_525' title='bbox 2712 3867 2862 3922; x_wconf 91' lang='lat' dir='ltr'>Deus</span> <span class='ocrx_word' id='word_1_526' title='bbox 2893 3867 3170 3935; x_wconf 88' lang='lat' dir='ltr'>inveniri,</span> <span class='ocrx_word' id='word_1_527' title='bbox 3204 3866 3264 3920; x_wconf 89' lang='lat' dir='ltr'>in</span> <span class='ocrx_word' id='word_1_528' title='bbox 3315 3863 3699 3920; x_wconf 88' lang='lat' dir='ltr'>Occidentem</span> <span class='ocrx_word' id='word_1_529' title='bbox 3758 3864 3835 3919; x_wconf 90' lang='lat' dir='ltr'>ab</span> 
     </span>
    </p>
   </div>
   <div class='ocr_carea' id='block_1_68' title="bbox 403 3937 2882 4008">
    <p class='ocr_par' dir='ltr' id='par_1_68' title="bbox 403 3937 2882 4008">
     <span class='ocr_line' id='line_1_69' title="bbox 403 3937 2882 4008; baseline -0.001 -14"><span class='ocrx_word' id='word_1_530' title='bbox 403 3939 644 3994; x_wconf 91' lang='lat' dir='ltr'>Oriente</span> <span class='ocrx_word' id='word_1_531' title='bbox 679 3939 1110 3996; x_wconf 88' lang='lat' dir='ltr'>transmittens.</span> <span class='ocrx_word' id='word_1_532' title='bbox 1146 3939 1370 3992; x_wconf 90' lang='lat' dir='ltr'>Bonum</span> <span class='ocrx_word' id='word_1_533' title='bbox 1401 3937 1671 3992; x_wconf 89' lang='lat' dir='ltr'>occidere</span> <span class='ocrx_word' id='word_1_534' title='bbox 1704 3954 1738 3992; x_wconf 92' lang='lat' dir='ltr'>a</span> <span class='ocrx_word' id='word_1_535' title='bbox 1768 3937 1991 3993; x_wconf 91' lang='lat' dir='ltr'>mundo</span> <span class='ocrx_word' id='word_1_536' title='bbox 2019 3938 2079 3992; x_wconf 90' lang='lat' dir='ltr'>in</span> <span class='ocrx_word' id='word_1_537' title='bbox 2112 3939 2318 4006; x_wconf 91' lang='lat' dir='ltr'>Deum,</span> <span class='ocrx_word' id='word_1_538' title='bbox 2353 3945 2418 3992; x_wconf 83' lang='lat' dir='ltr'>ut</span> <span class='ocrx_word' id='word_1_539' title='bbox 2448 3938 2510 3992; x_wconf 92' lang='lat' dir='ltr'>in</span> <span class='ocrx_word' id='word_1_540' title='bbox 2542 3938 2671 4008; x_wconf 87' lang='lat' dir='ltr'>ipso</span> <span class='ocrx_word' id='word_1_541' title='bbox 2703 3938 2882 3992; x_wconf 89' lang='lat' dir='ltr'>oriar.</span> 
     </span>
    </p>
   </div>
   <div class='ocr_carea' id='block_1_69' title="bbox 1935 4053 2300 4110">
    <p class='ocr_par' dir='ltr' id='par_1_69' title="bbox 1935 4053 2300 4110">
     <span class='ocr_line' id='line_1_70' title="bbox 1935 4053 2300 4110; baseline -0.005 0"><span class='ocrx_word' id='word_1_542' title='bbox 1935 4053 2164 4110; x_wconf 81' lang='lat' dir='ltr'>CAPUT</span> <span class='ocrx_word' id='word_1_543' title='bbox 2202 4054 2300 4109; x_wconf 90' lang='lat' dir='ltr'>III.</span> 
     </span>
    </p>
   </div>
   <div class='ocr_carea' id='block_1_70' title="bbox 480 4168 3844 4244">
    <p class='ocr_par' dir='ltr' id='par_1_70' title="bbox 480 4168 3844 4244">
     <span class='ocr_line' id='line_1_71' title="bbox 480 4168 3844 4244; baseline -0.001 -17"><span class='ocrx_word' id='word_1_544' title='bbox 480 4174 791 4244; x_wconf 87' lang='lat' dir='ltr'>Nunquam</span> <span class='ocrx_word' id='word_1_545' title='bbox 817 4171 1114 4228; x_wconf 89' lang='lat' dir='ltr'>invidistis</span> <span class='ocrx_word' id='word_1_546' title='bbox 1136 4171 1198 4226; x_wconf 92' lang='lat' dir='ltr'>in</span> <span class='ocrx_word' id='word_1_547' title='bbox 1221 4171 1419 4243; x_wconf 90' lang='lat' dir='ltr'>aliquo</span> <span class='ocrx_word' id='word_1_548' title='bbox 1449 4188 1462 4237; x_wconf 90' lang='lat'>;</span> <span class='ocrx_word' id='word_1_549' title='bbox 1490 4169 1650 4244; x_wconf 9' lang='lat' dir='ltr'>alios;</span> <span class='ocrx_word' id='word_1_550' title='bbox 1667 4170 2006 4244; x_wconf 81' lang='lat' dir='ltr'>edocuistis.</span> <span class='ocrx_word' id='word_1_551' title='bbox 2031 4171 2158 4244; x_wconf 16' lang='lat' dir='ltr'>Ego,</span> <span class='ocrx_word' id='word_1_552' title='bbox 2171 4174 2367 4226; x_wconf 90' lang='lat' dir='ltr'>autem</span> <span class='ocrx_word' id='word_1_553' title='bbox 2395 4168 2546 4235; x_wconf 87' lang='lat' dir='ltr'>volo,</span> <span class='ocrx_word' id='word_1_554' title='bbox 2571 4174 2635 4223; x_wconf 87' lang='lat' dir='ltr'>ut</span> <span class='ocrx_word' id='word_1_555' title='bbox 2657 4173 2715 4224; x_wconf 92' lang='lat' dir='ltr'>et</span> <span class='ocrx_word' id='word_1_556' title='bbox 2744 4168 2844 4244; x_wconf 83' lang='lat' dir='ltr'>illa</span> <span class='ocrx_word' id='word_1_557' title='bbox 2869 4170 3041 4244; x_wconf 76' lang='lat' dir='ltr'>ﬁrma</span> <span class='ocrx_word' id='word_1_558' title='bbox 3061 4172 3200 4239; x_wconf 90' lang='lat' dir='ltr'>sint,</span> <span class='ocrx_word' id='word_1_559' title='bbox 3227 4189 3359 4242; x_wconf 67' lang='lat' dir='ltr'>quae</span> <span class='ocrx_word' id='word_1_560' title='bbox 3383 4171 3666 4244; x_wconf 84' lang='lat' dir='ltr'>docentes</span> <span class='ocrx_word' id='word_1_561' title='bbox 3684 4186 3844 4242; x_wconf 64' lang='lat' dir='ltr'>prai-</span> 
     </span>
    </p>
   </div>
   <div class='ocr_carea' id='block_1_71' title="bbox 410 4241 3839 4314">
    <p class='ocr_par' dir='ltr' id='par_1_71' title="bbox 410 4241 3839 4314">
     <span class='ocr_line' id='line_1_72' title="bbox 410 4241 3839 4314; baseline -0.002 -15"><span class='ocrx_word' id='word_1_562' title='bbox 410 4241 669 4314; x_wconf 76' lang='lat' dir='ltr'>cepistis.</span> <span class='ocrx_word' id='word_1_563' title='bbox 705 4244 907 4299; x_wconf 92' lang='lat' dir='ltr'>Solum</span> <span class='ocrx_word' id='word_1_564' title='bbox 940 4244 1082 4299; x_wconf 89' lang='lat' dir='ltr'>mihi</span> <span class='ocrx_word' id='word_1_565' title='bbox 1114 4241 1441 4314; x_wconf 85' lang='lat' dir='ltr'>potentiam</span> <span class='ocrx_word' id='word_1_566' title='bbox 1473 4242 1689 4313; x_wconf 91' lang='lat' dir='ltr'>petatis</span> <span class='ocrx_word' id='word_1_567' title='bbox 1721 4242 1794 4296; x_wconf 94' lang='lat' dir='ltr'>ab</span> <span class='ocrx_word' id='word_1_568' title='bbox 1825 4242 1980 4296; x_wconf 89' lang='lat' dir='ltr'>intra</span> <span class='ocrx_word' id='word_1_569' title='bbox 2013 4241 2179 4297; x_wconf 53' lang='lat' dir='ltr'>et&#39;ab</span> <span class='ocrx_word' id='word_1_570' title='bbox 2205 4247 2388 4314; x_wconf 85' lang='lat' dir='ltr'>extra,</span> <span class='ocrx_word' id='word_1_571' title='bbox 2425 4246 2514 4314; x_wconf 74' lang='lat' dir='ltr'>ut__</span> <span class='ocrx_word' id='word_1_572' title='bbox 2545 4257 2664 4314; x_wconf 82' lang='lat' dir='ltr'>non</span> <span class='ocrx_word' id='word_1_573' title='bbox 2697 4241 2888 4296; x_wconf 90' lang='lat' dir='ltr'>solum</span> <span class='ocrx_word' id='word_1_574' title='bbox 2917 4241 3337 4311; x_wconf 30' lang='lat' dir='ltr'>dicam,sed’et</span> <span class='ocrx_word' id='word_1_575' title='bbox 3366 4243 3578 4308; x_wconf 88' lang='lat' dir='ltr'>velim;</span> <span class='ocrx_word' id='word_1_576' title='bbox 3613 4241 3739 4297; x_wconf 82' lang='lat' dir='ltr'>non</span> <span class='ocrx_word' id='word_1_577' title='bbox 3771 4245 3839 4314; x_wconf 83' lang='lat' dir='ltr'>ut</span> 
     </span>
    </p>
   </div>
   <div class='ocr_carea' id='block_1_72' title="bbox 409 4261 3835 4385">
    <p class='ocr_par' dir='ltr' id='par_1_72' title="bbox 409 4261 3835 4385">
     <span class='ocr_line' id='line_1_73' title="bbox 410 4261 3835 4314; baseline -0.001 -15"><span class='ocrx_word' id='word_1_578' title='bbox 410 4261 475 4299; x_wconf 91' lang='lat' dir='ltr'>ce</span> <span class='ocrx_word' id='word_1_579' title='bbox 522 4261 669 4299; x_wconf 66' lang='lat' dir='ltr'>usus.</span> <span class='ocrx_word' id='word_1_580' title='bbox 705 4261 907 4299; x_wconf 66' lang='lat' dir='ltr'>actum</span> <span class='ocrx_word' id='word_1_581' title='bbox 940 4261 1082 4299; x_wconf 77' lang='lat' dir='ltr'>mini</span> <span class='ocrx_word' id='word_1_582' title='bbox 1114 4261 1441 4314; x_wconf 68' lang='lat' dir='ltr'>ponenuam</span> <span class='ocrx_word' id='word_1_583' title='bbox 1473 4261 1689 4313; x_wconf 74' lang='lat' dir='ltr'>petaus</span> <span class='ocrx_word' id='word_1_584' title='bbox 1721 4261 1794 4296; x_wconf 84' lang='lat' dir='ltr'>an</span> <span class='ocrx_word' id='word_1_585' title='bbox 1825 4261 1980 4296; x_wconf 77' lang='lat' dir='ltr'>intra</span> <span class='ocrx_word' id='word_1_586' title='bbox 2013 4261 2070 4296; x_wconf 75' lang='lat' dir='ltr'>et</span> <span class='ocrx_word' id='word_1_587' title='bbox 2107 4261 2179 4297; x_wconf 83' lang='lat' dir='ltr'>an</span> <span class='ocrx_word' id='word_1_588' title='bbox 2205 4261 2388 4308; x_wconf 73' lang='lat' dir='ltr'>extra,</span> <span class='ocrx_word' id='word_1_589' title='bbox 2425 4261 2489 4294; x_wconf 70' lang='lat' dir='ltr'>un</span> <span class='ocrx_word' id='word_1_590' title='bbox 2545 4261 2664 4295; x_wconf 89' lang='lat' dir='ltr'>non</span> <span class='ocrx_word' id='word_1_591' title='bbox 2697 4261 2888 4296; x_wconf 81' lang='lat' dir='ltr'>30mm</span> <span class='ocrx_word' id='word_1_592' title='bbox 2917 4261 3247 4311; x_wconf 74' lang='lat' dir='ltr'>ancam,seu</span> <span class='ocrx_word' id='word_1_593' title='bbox 3279 4261 3337 4298; x_wconf 80' lang='lat' dir='ltr'>et</span> <span class='ocrx_word' id='word_1_594' title='bbox 3366 4261 3578 4308; x_wconf 89' lang='lat' dir='ltr'>veum;</span> <span class='ocrx_word' id='word_1_595' title='bbox 3613 4261 3739 4297; x_wconf 90' lang='lat' dir='ltr'>non</span> <span class='ocrx_word' id='word_1_596' title='bbox 3771 4261 3835 4295; x_wconf 78' lang='lat' dir='ltr'>lu</span> 
     </span>
     <span class='ocr_line' id='line_1_74' title="bbox 409 4261 3835 4385; baseline -0 -18"><span class='ocrx_word' id='word_1_597' title='bbox 409 4261 603 4368; x_wconf 65' lang='lat' dir='ltr'>eorum</span> <span class='ocrx_word' id='word_1_598' title='bbox 629 4314 791 4370; x_wconf 88' lang='lat' dir='ltr'>dicar</span> <span class='ocrx_word' id='word_1_599' title='bbox 812 4315 1206 4382; x_wconf 89' lang='lat' dir='ltr'>Christianus,</span> <span class='ocrx_word' id='word_1_600' title='bbox 1232 4315 1334 4370; x_wconf 92' lang='lat' dir='ltr'>sed</span> <span class='ocrx_word' id='word_1_601' title='bbox 1357 4321 1415 4368; x_wconf 93' lang='lat' dir='ltr'>et</span> <span class='ocrx_word' id='word_1_602' title='bbox 1447 4314 1729 4385; x_wconf 82' lang='lat' dir='ltr'>inveniar.</span> <span class='ocrx_word' id='word_1_603' title='bbox 1767 4314 1824 4367; x_wconf 92' lang='lat' dir='ltr'>Si</span> <span class='ocrx_word' id='word_1_604' title='bbox 1852 4313 2013 4368; x_wconf 88' lang='lat' dir='ltr'>enim</span> <span class='ocrx_word' id='word_1_605' title='bbox 2045 4313 2333 4381; x_wconf 87' lang='lat' dir='ltr'>inveniar,</span> <span class='ocrx_word' id='word_1_606' title='bbox 2368 4319 2432 4366; x_wconf 90' lang='lat' dir='ltr'>ut</span> <span class='ocrx_word' id='word_1_607' title='bbox 2462 4312 2577 4385; x_wconf 85' lang='lat' dir='ltr'>dici</span> <span class='ocrx_word' id='word_1_608' title='bbox 2609 4329 2884 4383; x_wconf 89' lang='lat' dir='ltr'>possum;</span> <span class='ocrx_word' id='word_1_609' title='bbox 2919 4321 2978 4368; x_wconf 92' lang='lat' dir='ltr'>et</span> <span class='ocrx_word' id='word_1_610' title='bbox 3009 4321 3147 4369; x_wconf 91' lang='lat' dir='ltr'>tunc</span> <span class='ocrx_word' id='word_1_611' title='bbox 3183 4314 3376 4370; x_wconf 76' lang='lat' dir='ltr'>ﬁdelis</span> <span class='ocrx_word' id='word_1_612' title='bbox 3399 4331 3551 4378; x_wconf 90' lang='lat' dir='ltr'>esse,</span> <span class='ocrx_word' id='word_1_613' title='bbox 3586 4312 3835 4385; x_wconf 84' lang='lat' dir='ltr'>quando</span> 
     </span>
    </p>
   </div>
   <div class='ocr_carea' id='block_1_73' title="bbox 401 4383 3834 4457">
    <p class='ocr_par' dir='ltr' id='par_1_73' title="bbox 401 4383 3834 4457">
     <span class='ocr_line' id='line_1_75' title="bbox 401 4383 3834 4457; baseline -0.001 -19"><span class='ocrx_word' id='word_1_614' title='bbox 401 4386 606 4454; x_wconf 92' lang='lat' dir='ltr'>utique</span> <span class='ocrx_word' id='word_1_615' title='bbox 631 4385 852 4439; x_wconf 86' lang='lat' dir='ltr'>mundo</span> <span class='ocrx_word' id='word_1_616' title='bbox 885 4403 1004 4440; x_wconf 91' lang='lat' dir='ltr'>non</span> <span class='ocrx_word' id='word_1_617' title='bbox 1030 4402 1306 4456; x_wconf 89' lang='lat' dir='ltr'>appareo.</span> <span class='ocrx_word' id='word_1_618' title='bbox 1335 4383 1488 4439; x_wconf 85' lang='lat' dir='ltr'>Nihil</span> <span class='ocrx_word' id='word_1_619' title='bbox 1508 4385 1856 4457; x_wconf 87' lang='lat' dir='ltr'>apparentia</span> <span class='ocrx_word' id='word_1_620' title='bbox 1879 4385 2100 4440; x_wconf 89' lang='lat' dir='ltr'>bonum</span> <span class='ocrx_word' id='word_1_621' title='bbox 2124 4391 2232 4439; x_wconf 88' lang='lat' dir='ltr'>est.</span> <span class='ocrx_word' id='word_1_622' title='bbox 2264 4385 2417 4438; x_wconf 92' lang='lat' dir='ltr'>Deus</span> <span class='ocrx_word' id='word_1_623' title='bbox 2440 4384 2602 4438; x_wconf 90' lang='lat' dir='ltr'>enim</span> <span class='ocrx_word' id='word_1_624' title='bbox 2627 4390 2827 4439; x_wconf 91' lang='lat' dir='ltr'>noster</span> <span class='ocrx_word' id='word_1_625' title='bbox 2845 4385 3013 4440; x_wconf 86' lang='lat' dir='ltr'>Jesus</span> <span class='ocrx_word' id='word_1_626' title='bbox 3043 4387 3310 4442; x_wconf 87' lang='lat' dir='ltr'>Christus</span> <span class='ocrx_word' id='word_1_627' title='bbox 3359 4387 3420 4441; x_wconf 92' lang='lat' dir='ltr'>in</span> <span class='ocrx_word' id='word_1_628' title='bbox 3451 4383 3624 4441; x_wconf 76' lang='lat' dir='ltr'>Patre</span> <span class='ocrx_word' id='word_1_629' title='bbox 3671 4383 3834 4440; x_wconf 84' lang='lat' dir='ltr'>exsi-</span> 
     </span>
    </p>
   </div>
   <div class='ocr_carea' id='block_1_74' title="bbox 477 4525 2132 4648">
    <p class='ocr_par' dir='ltr' id='par_1_74' title="bbox 477 4525 2132 4648">
     <span class='ocr_line' id='line_1_76' title="bbox 477 4525 2132 4648; baseline 0.003 -69"><span class='ocrx_word' id='word_1_630' title='bbox 477 4526 591 4596; x_wconf 87' lang='lat'>(35)</span> <span class='ocrx_word' id='word_1_631' title='bbox 618 4526 819 4648; x_wconf 45' lang='lat' dir='ltr'>sirus,</span> <span class='ocrx_word' id='word_1_632' title='bbox 847 4527 948 4598; x_wconf 91' lang='lat' dir='ltr'>qui</span> <span class='ocrx_word' id='word_1_633' title='bbox 981 4526 1093 4581; x_wconf 92' lang='lat' dir='ltr'>hoc</span> <span class='ocrx_word' id='word_1_634' title='bbox 1118 4531 1294 4598; x_wconf 86' lang='lat' dir='ltr'>caput</span> <span class='ocrx_word' id='word_1_635' title='bbox 1319 4527 1518 4590; x_wconf 86' lang='lat' dir='ltr'>habet,</span> <span class='ocrx_word' id='word_1_636' title='bbox 1546 4525 1764 4598; x_wconf 81' lang='lat' dir='ltr'>legisse</span> <span class='ocrx_word' id='word_1_637' title='bbox 1793 4527 2051 4584; x_wconf 91' lang='lat' dir='ltr'>videtur:</span> <span class='ocrx_word' id='word_1_638' title='bbox 2087 4547 2132 4611; x_wconf 72' lang='grc' dir='ltr'>ι)</span> 
     </span>
     <span class='ocr_line' id='line_1_77' title="bbox 477 4595 2054 4648; baseline 0 0"><span class='ocrx_word' id='word_1_639' title='bbox 477 4595 636 4648; x_wconf 68' lang='grc' dir='ltr'>ίνπεο</span> <span class='ocrx_word' id='word_1_640' title='bbox 693 4597 911 4648; x_wconf 79' lang='grc' dir='ltr'>πιτύγω</span> <span class='ocrx_word' id='word_1_641' title='bbox 939 4595 1033 4648; x_wconf 86' lang='grc' dir='ltr'>τὸν</span> <span class='ocrx_word' id='word_1_642' title='bbox 1062 4595 1272 4648; x_wconf 66' lang='grc' dir='ltr'>κλῆρόν</span> <span class='ocrx_word' id='word_1_643' title='bbox 1328 4617 1432 4648; x_wconf 71' lang='grc' dir='ltr'>μου</span> <span class='ocrx_word' id='word_1_644' title='bbox 1472 4598 1547 4648; x_wconf 67' lang='grc' dir='ltr'>εἷς</span> <span class='ocrx_word' id='word_1_645' title='bbox 1599 4597 1766 4648; x_wconf 73' lang='grc' dir='ltr'>πὲοαε</span> <span class='ocrx_word' id='word_1_646' title='bbox 1812 4597 2054 4648; x_wconf 69' lang='grc' dir='ltr'>ἀνεμπο-</span> 
     </span>
    </p>
   </div>
   <div class='ocr_carea' id='block_1_75' title="bbox 800 4597 813 4613">
    <p class='ocr_par' dir='ltr' id='par_1_75' title="bbox 800 4597 813 4613">
     <span class='ocr_line' id='line_1_78' title="bbox 800 4597 813 4613; baseline 0 0"><span class='ocrx_word' id='word_1_647' title='bbox 800 4597 813 4613; x_wconf 90' lang='grc' dir='ltr'><strong><em>Ι</em></strong></span> 
     </span>
    </p>
   </div>
   <div class='ocr_carea' id='block_1_76' title="bbox 408 4595 2054 4670">
    <p class='ocr_par' dir='ltr' id='par_1_76' title="bbox 408 4595 2054 4670">
     <span class='ocr_line' id='line_1_79' title="bbox 408 4595 2054 4670; baseline 0.002 -22"><span class='ocrx_word' id='word_1_648' title='bbox 408 4595 911 4670; x_wconf 28' lang='grc' dir='ltr'>Ἑάνπερᾼὲπιτύχω</span> <span class='ocrx_word' id='word_1_649' title='bbox 939 4595 1033 4651; x_wconf 86' lang='grc' dir='ltr'>τὸν</span> <span class='ocrx_word' id='word_1_650' title='bbox 1062 4595 1272 4669; x_wconf 73' lang='grc' dir='ltr'>κλῆρόν</span> <span class='ocrx_word' id='word_1_651' title='bbox 1327 4617 1432 4669; x_wconf 76' lang='grc' dir='ltr'>μου</span> <span class='ocrx_word' id='word_1_652' title='bbox 1472 4598 1547 4658; x_wconf 65' lang='grc' dir='ltr'>εἷς</span> <span class='ocrx_word' id='word_1_653' title='bbox 1599 4595 1766 4670; x_wconf 72' lang='grc' dir='ltr'>τὶἑρας</span> <span class='ocrx_word' id='word_1_654' title='bbox 1812 4597 2054 4668; x_wconf 82' lang='grc' dir='ltr'>ἀνεμπο-</span> 
     </span>
    </p>
   </div>
   <div class='ocr_carea' id='block_1_77' title="bbox 410 4663 964 4729">
    <p class='ocr_par' dir='ltr' id='par_1_77' title="bbox 410 4663 964 4729">
     <span class='ocr_line' id='line_1_80' title="bbox 410 4663 964 4729; baseline 0.009 -9"><span class='ocrx_word' id='word_1_655' title='bbox 410 4663 617 4729; x_wconf 61' lang='grc' dir='ltr'>δίστωξ</span> <span class='ocrx_word' id='word_1_656' title='bbox 638 4663 964 4725; x_wconf 63' lang='grc' dir='ltr'>ἀπολαέεῖν.</span> 
     </span>
    </p>
   </div>
   <div class='ocr_carea' id='block_1_78' title="bbox 481 4739 2058 4812">
    <p class='ocr_par' dir='ltr' id='par_1_78' title="bbox 481 4739 2058 4812">
     <span class='ocr_line' id='line_1_81' title="bbox 481 4739 2058 4812; baseline 0.001 -18"><span class='ocrx_word' id='word_1_657' title='bbox 481 4740 595 4812; x_wconf 60' lang='lat'>(36)</span> <span class='ocrx_word' id='word_1_658' title='bbox 627 4741 888 4812; x_wconf 80' lang='lat' dir='ltr'>lgnatius</span> <span class='ocrx_word' id='word_1_659' title='bbox 920 4741 1234 4798; x_wconf 90' lang='lat' dir='ltr'>verebatur</span> <span class='ocrx_word' id='word_1_660' title='bbox 1251 4757 1334 4812; x_wconf 84' lang='lat' dir='ltr'>ne</span> <span class='ocrx_word' id='word_1_661' title='bbox 1367 4742 1637 4811; x_wconf 84' lang='lat' dir='ltr'>Romani,</span> <span class='ocrx_word' id='word_1_662' title='bbox 1668 4739 1756 4796; x_wconf 89' lang='lat' dir='ltr'>vel</span> <span class='ocrx_word' id='word_1_663' title='bbox 1782 4740 2058 4812; x_wconf 90' lang='lat' dir='ltr'>precibus</span> 
     </span>
    </p>
   </div>
   <div class='ocr_carea' id='block_1_79' title="bbox 407 4810 2057 4883">
    <p class='ocr_par' dir='ltr' id='par_1_79' title="bbox 407 4810 2057 4883">
     <span class='ocr_line' id='line_1_82' title="bbox 407 4810 2057 4883; baseline -0.001 -17"><span class='ocrx_word' id='word_1_664' title='bbox 407 4810 482 4867; x_wconf 89' lang='lat' dir='ltr'>ad</span> <span class='ocrx_word' id='word_1_665' title='bbox 515 4810 698 4867; x_wconf 82' lang='lat' dir='ltr'>Deum</span> <span class='ocrx_word' id='word_1_666' title='bbox 739 4817 798 4867; x_wconf 92' lang='lat' dir='ltr'>et</span> <span class='ocrx_word' id='word_1_667' title='bbox 827 4815 1123 4878; x_wconf 90' lang='lat' dir='ltr'>homines,</span> <span class='ocrx_word' id='word_1_668' title='bbox 1173 4811 1265 4866; x_wconf 88' lang='lat' dir='ltr'>vel</span> <span class='ocrx_word' id='word_1_669' title='bbox 1316 4813 1588 4883; x_wconf 90' lang='lat' dir='ltr'>pecunia,</span> <span class='ocrx_word' id='word_1_670' title='bbox 1627 4810 1742 4868; x_wconf 86' lang='lat' dir='ltr'>aut</span> <span class='ocrx_word' id='word_1_671' title='bbox 1783 4810 1894 4883; x_wconf 79' lang='lat' dir='ltr'>per</span> <span class='ocrx_word' id='word_1_672' title='bbox 1941 4812 2057 4866; x_wconf 87' lang='lat' dir='ltr'>vim</span> 
     </span>
    </p>
   </div>
   <div class='ocr_carea' id='block_1_80' title="bbox 412 4884 1484 4956">
    <p class='ocr_par' dir='ltr' id='par_1_80' title="bbox 412 4884 1484 4956">
     <span class='ocr_line' id='line_1_83' title="bbox 412 4884 1484 4956; baseline 0.002 -18"><span class='ocrx_word' id='word_1_673' title='bbox 412 4899 548 4938; x_wconf 88' lang='lat' dir='ltr'>eum</span> <span class='ocrx_word' id='word_1_674' title='bbox 581 4899 614 4938; x_wconf 92' lang='lat' dir='ltr'>a</span> <span class='ocrx_word' id='word_1_675' title='bbox 639 4885 937 4956; x_wconf 91' lang='lat' dir='ltr'>supplicio</span> <span class='ocrx_word' id='word_1_676' title='bbox 970 4885 1319 4956; x_wconf 82' lang='lat' dir='ltr'>eximerent.</span> <span class='ocrx_word' id='word_1_677' title='bbox 1354 4884 1484 4940; x_wconf 84' lang='lat' dir='ltr'>Cor.</span> 
     </span>
    </p>
   </div>
   <div class='ocr_carea' id='block_1_81' title="bbox 479 4955 2057 5026">
    <p class='ocr_par' dir='ltr' id='par_1_81' title="bbox 479 4955 2057 5026">
     <span class='ocr_line' id='line_1_84' title="bbox 479 4955 2057 5026; baseline 0 -18"><span class='ocrx_word' id='word_1_678' title='bbox 479 4956 594 5024; x_wconf 85' lang='lat'>(37)</span> <span class='ocrx_word' id='word_1_679' title='bbox 626 4955 666 5011; x_wconf 93' lang='lat' dir='ltr'>l.</span> <span class='ocrx_word' id='word_1_680' title='bbox 720 4955 776 5010; x_wconf 55' lang='lat' dir='ltr'>ei</span> <span class='ocrx_word' id='word_1_681' title='bbox 817 4961 864 5013; x_wconf 88' lang='lat' dir='ltr'>si</span> <span class='ocrx_word' id='word_1_682' title='bbox 903 4973 993 5014; x_wconf 86' lang='lat' dir='ltr'>vos</span> <span class='ocrx_word' id='word_1_683' title='bbox 1047 4955 1439 5026; x_wconf 83' lang='lat' dir='ltr'>impedimento</span> <span class='ocrx_word' id='word_1_684' title='bbox 1495 4955 1635 5009; x_wconf 85' lang='lat' dir='ltr'>mihi</span> <span class='ocrx_word' id='word_1_685' title='bbox 1682 4958 1808 5011; x_wconf 86' lang='lat' dir='ltr'>estis</span> <span class='ocrx_word' id='word_1_686' title='bbox 1859 4961 2057 5009; x_wconf 89' lang='lat' dir='ltr'>conatu</span> 
     </span>
    </p>
   </div>
   <div class='ocr_carea' id='block_1_82' title="bbox 404 5027 2054 5098">
    <p class='ocr_par' dir='ltr' id='par_1_82' title="bbox 404 5027 2054 5098">
     <span class='ocr_line' id='line_1_85' title="bbox 404 5027 2054 5098; baseline 0.001 -19"><span class='ocrx_word' id='word_1_687' title='bbox 404 5033 600 5098; x_wconf 83' lang='lat' dir='ltr'>vestro,</span> <span class='ocrx_word' id='word_1_688' title='bbox 629 5043 714 5082; x_wconf 90' lang='lat' dir='ltr'>me</span> <span class='ocrx_word' id='word_1_689' title='bbox 743 5028 1038 5085; x_wconf 79' lang='lat' dir='ltr'>liberandi.</span> <span class='ocrx_word' id='word_1_690' title='bbox 1071 5027 1466 5098; x_wconf 89' lang='lat' dir='ltr'>Interpolator</span> <span class='ocrx_word' id='word_1_691' title='bbox 1486 5033 1544 5082; x_wconf 90' lang='lat' dir='ltr'>et</span> <span class='ocrx_word' id='word_1_692' title='bbox 1565 5027 1756 5082; x_wconf 89' lang='lat' dir='ltr'>versio</span> <span class='ocrx_word' id='word_1_693' title='bbox 1788 5028 2054 5097; x_wconf 89' lang='lat' dir='ltr'>antiqua,</span> 
     </span>
    </p>
   </div>
   <div class='ocr_carea' id='block_1_83' title="bbox 409 5097 2053 5169">
    <p class='ocr_par' dir='ltr' id='par_1_83' title="bbox 409 5097 2053 5169">
     <span class='ocr_line' id='line_1_86' title="bbox 409 5097 2053 5169; baseline 0 -17"><span class='ocrx_word' id='word_1_694' title='bbox 409 5097 481 5152; x_wconf 89' lang='lat' dir='ltr'>ab</span> <span class='ocrx_word' id='word_1_695' title='bbox 515 5098 750 5153; x_wconf 87' lang='lat' dir='ltr'>Usserio</span> <span class='ocrx_word' id='word_1_696' title='bbox 783 5101 960 5166; x_wconf 91' lang='lat' dir='ltr'>edita,</span> <span class='ocrx_word' id='word_1_697' title='bbox 994 5116 1103 5156; x_wconf 91' lang='lat' dir='ltr'>nec</span> <span class='ocrx_word' id='word_1_698' title='bbox 1134 5097 1252 5154; x_wconf 83' lang='lat' dir='ltr'>non</span> <span class='ocrx_word' id='word_1_699' title='bbox 1283 5100 1460 5169; x_wconf 81' lang='lat' dir='ltr'>Syrus</span> <span class='ocrx_word' id='word_1_700' title='bbox 1485 5099 1638 5154; x_wconf 90' lang='lat' dir='ltr'>male</span> <span class='ocrx_word' id='word_1_701' title='bbox 1663 5098 1949 5154; x_wconf 84' lang='lat' dir='ltr'>exhibent</span> <span class='ocrx_word' id='word_1_702' title='bbox 1978 5098 2053 5168; x_wconf 74' lang='grc' dir='ltr'>μή</span> 
     </span>
    </p>
   </div>
   <div class='ocr_carea' id='block_1_84' title="bbox 408 5169 840 5244">
    <p class='ocr_par' dir='ltr' id='par_1_84' title="bbox 408 5169 840 5244">
     <span class='ocr_line' id='line_1_87' title="bbox 408 5169 840 5244; baseline 0.005 -20"><span class='ocrx_word' id='word_1_703' title='bbox 408 5174 554 5244; x_wconf 76' lang='lat' dir='ltr'>ante</span> <span class='ocrx_word' id='word_1_704' title='bbox 575 5169 840 5244; x_wconf 1' lang='grc' dir='ltr'>(φείσεσθε.</span> 
     </span>
    </p>
   </div>
   <div class='ocr_carea' id='block_1_85' title="bbox 475 5235 1841 5316">
    <p class='ocr_par' dir='ltr' id='par_1_85' title="bbox 475 5235 1841 5316">
     <span class='ocr_line' id='line_1_88' title="bbox 475 5235 1841 5316; baseline 0.001 -22"><span class='ocrx_word' id='word_1_705' title='bbox 475 5235 859 5316; x_wconf 73' lang='lat' dir='ltr'>(38)&#39;_Initium</span> <span class='ocrx_word' id='word_1_706' title='bbox 887 5244 1096 5316; x_wconf 89' lang='lat' dir='ltr'>capitis</span> <span class='ocrx_word' id='word_1_707' title='bbox 1125 5241 1370 5298; x_wconf 91' lang='lat' dir='ltr'>secundi</span> <span class='ocrx_word' id='word_1_708' title='bbox 1403 5239 1483 5297; x_wconf 82' lang='grc' dir='ltr'>Οὐ</span> <span class='ocrx_word' id='word_1_709' title='bbox 1512 5239 1613 5314; x_wconf 76' lang='grc' dir='ltr'>γὰρ</span> <span class='ocrx_word' id='word_1_710' title='bbox 1648 5235 1791 5301; x_wconf 76' lang='grc' dir='ltr'>θέλω</span> <span class='ocrx_word' id='word_1_711' title='bbox 1828 5282 1841 5295; x_wconf 95' lang='grc'>.</span> 
     </span>
    </p>
   </div>
   <div class='ocr_carea' id='block_1_86' title="bbox 407 5312 1039 5388">
    <p class='ocr_par' dir='ltr' id='par_1_86' title="bbox 407 5312 1039 5388">
     <span class='ocr_line' id='line_1_89' title="bbox 407 5312 1039 5388; baseline 0.013 -24"><span class='ocrx_word' id='word_1_712' title='bbox 407 5312 755 5388; x_wconf 48' lang='grc' dir='ltr'>σκετεξὰοεει</span> <span class='ocrx_word' id='word_1_713' title='bbox 784 5317 844 5372; x_wconf 89' lang='lat' dir='ltr'>in</span> <span class='ocrx_word' id='word_1_714' title='bbox 877 5312 1039 5388; x_wconf 69' lang='lat' dir='ltr'>Syro.</span> 
     </span>
    </p>
   </div>
   <div class='ocr_carea' id='block_1_87' title="bbox 477 5385 1324 5460">
    <p class='ocr_par' dir='ltr' id='par_1_87' title="bbox 477 5385 1324 5460">
     <span class='ocr_line' id='line_1_90' title="bbox 477 5385 1324 5460; baseline -0.001 -19"><span class='ocrx_word' id='word_1_715' title='bbox 697 5403 757 5457; x_wconf 90' lang='lat' dir='ltr'>q.</span> <span class='ocrx_word' id='word_1_716' title='bbox 789 5385 1106 5460; x_wconf 33' lang='grc' dir='ltr'>ἰτερὶνᾶμοῦᾇ</span> <span class='ocrx_word' id='word_1_717' title='bbox 1136 5385 1324 5460; x_wconf 65' lang='grc' dir='ltr'>ΒΜΠἮἶ</span> 
     </span>
    </p>
   </div>
   <div class='ocr_carea' id='block_1_88' title="bbox 478 5453 2057 5577">
    <p class='ocr_par' dir='ltr' id='par_1_88' title="bbox 478 5453 2057 5577">
     <span class='ocr_line' id='line_1_91' title="bbox 478 5453 2057 5577; baseline 0.002 -69"><span class='ocrx_word' id='word_1_718' title='bbox 478 5455 588 5577; x_wconf 51' lang='grc'>(43)</span> <span class='ocrx_word' id='word_1_719' title='bbox 619 5453 801 5527; x_wconf 65' lang='lat' dir='ltr'>Syrus</span> <span class='ocrx_word' id='word_1_720' title='bbox 833 5453 1012 5531; x_wconf 66' lang='lat' dir='ltr'>legit:</span> <span class='ocrx_word' id='word_1_721' title='bbox 1044 5458 1283 5529; x_wconf 79' lang='grc' dir='ltr'>Ἔσομαι</span> <span class='ocrx_word' id='word_1_722' title='bbox 1314 5453 1478 5530; x_wconf 83' lang='grc' dir='ltr'>λόγος</span> <span class='ocrx_word' id='word_1_723' title='bbox 1510 5457 1667 5523; x_wconf 83' lang='grc' dir='ltr'>Θεοῦ,</span> <span class='ocrx_word' id='word_1_724' title='bbox 1692 5455 1852 5527; x_wconf 90' lang='lat' dir='ltr'>quod</span> <span class='ocrx_word' id='word_1_725' title='bbox 1877 5472 2057 5511; x_wconf 89' lang='lat' dir='ltr'>sensu</span> 
     </span>
     <span class='ocr_line' id='line_1_92' title="bbox 478 5541 584 5577; baseline 0.009 -1"><span class='ocrx_word' id='word_1_726' title='bbox 478 5541 504 5576; x_wconf 87' lang='lat' dir='ltr'>r</span> <span class='ocrx_word' id='word_1_727' title='bbox 573 5567 584 5577; x_wconf 92' lang='lat'>.</span> 
     </span>
    </p>
   </div>
   <div class='ocr_carea' id='block_1_89' title="bbox 403 5539 584 5579">
    <p class='ocr_par' dir='ltr' id='par_1_89' title="bbox 403 5539 584 5579">
     <span class='ocr_line' id='line_1_93' title="bbox 403 5539 584 5579; baseline 0.022 -4"><span class='ocrx_word' id='word_1_728' title='bbox 403 5539 584 5579; x_wconf 85' lang='lat' dir='ltr'>caret.</span> 
     </span>
    </p>
   </div>
   <div class='ocr_carea' id='block_1_90' title="bbox 469 5594 2062 5673">
    <p class='ocr_par' dir='ltr' id='par_1_90' title="bbox 469 5594 2062 5673">
     <span class='ocr_line' id='line_1_94' title="bbox 469 5594 2062 5673; baseline 0.004 -21"><span class='ocrx_word' id='word_1_729' title='bbox 469 5594 585 5663; x_wconf 81' lang='grc'>(41)</span> <span class='ocrx_word' id='word_1_730' title='bbox 617 5597 795 5673; x_wconf 67' lang='lat' dir='ltr'>Syrus</span> <span class='ocrx_word' id='word_1_731' title='bbox 833 5607 894 5656; x_wconf 88' lang='lat' dir='ltr'>et</span> <span class='ocrx_word' id='word_1_732' title='bbox 940 5605 1105 5656; x_wconf 85' lang='lat' dir='ltr'>vetus</span> <span class='ocrx_word' id='word_1_733' title='bbox 1150 5599 1443 5669; x_wconf 87' lang='lat' dir='ltr'>interpres</span> <span class='ocrx_word' id='word_1_734' title='bbox 1489 5597 1732 5673; x_wconf 73' lang='lat' dir='ltr'>Latinus</span> <span class='ocrx_word' id='word_1_735' title='bbox 1781 5600 2062 5673; x_wconf 60' lang='lat' dir='ltr'>legerunt</span> 
     </span>
    </p>
   </div>
   <div class='ocr_carea' id='block_1_91' title="bbox 397 5661 2056 5741">
    <p class='ocr_par' dir='ltr' id='par_1_91' title="bbox 397 5661 2056 5741">
     <span class='ocr_line' id='line_1_95' title="bbox 397 5661 2056 5741; baseline 0.005 -21"><span class='ocrx_word' id='word_1_736' title='bbox 397 5661 597 5737; x_wconf 66' lang='grc' dir='ltr'>ἔσομαι</span> <span class='ocrx_word' id='word_1_737' title='bbox 629 5661 784 5741; x_wconf 66' lang='grc' dir='ltr'>ἧχώ,</span> <span class='ocrx_word' id='word_1_738' title='bbox 809 5673 994 5738; x_wconf 82' lang='lat' dir='ltr'>factus</span> <span class='ocrx_word' id='word_1_739' title='bbox 1033 5687 1153 5728; x_wconf 78' lang='lat' dir='ltr'>sum</span> <span class='ocrx_word' id='word_1_740' title='bbox 1194 5661 1327 5738; x_wconf 65' lang='lat' dir='ltr'>vox,</span> <span class='ocrx_word' id='word_1_741' title='bbox 1375 5673 1443 5723; x_wconf 86' lang='lat' dir='ltr'>ut</span> <span class='ocrx_word' id='word_1_742' title='bbox 1485 5669 1784 5741; x_wconf 85' lang='lat' dir='ltr'>interpres</span> <span class='ocrx_word' id='word_1_743' title='bbox 1839 5661 2056 5730; x_wconf 63' lang='lat' dir='ltr'>reddit.</span> 
     </span>
    </p>
   </div>
   <div class='ocr_carea' id='block_1_92' title="bbox 1889 5239 2057 5311">
    <p class='ocr_par' dir='ltr' id='par_1_92' title="bbox 1889 5239 2057 5311">
     <span class='ocr_line' id='line_1_96' title="bbox 1889 5239 2057 5311; baseline -0.006 -17"><span class='ocrx_word' id='word_1_744' title='bbox 1889 5283 1900 5294; x_wconf 95' lang='lat'>.</span> <span class='ocrx_word' id='word_1_745' title='bbox 1936 5239 2057 5311; x_wconf 70' lang='grc' dir='ltr'>ἀρᾶ-</span> 
     </span>
    </p>
   </div>
   <div class='ocr_carea' id='block_1_93' title="bbox 2166 4524 3828 4596">
    <p class='ocr_par' dir='ltr' id='par_1_93' title="bbox 2166 4524 3828 4596">
     <span class='ocr_line' id='line_1_97' title="bbox 2166 4524 3828 4596; baseline -0.002 -16"><span class='ocrx_word' id='word_1_746' title='bbox 2166 4525 2344 4581; x_wconf 83' lang='lat' dir='ltr'>Multo</span> <span class='ocrx_word' id='word_1_747' title='bbox 2377 4524 2751 4596; x_wconf 65' lang='lat' dir='ltr'>praeferenda</span> <span class='ocrx_word' id='word_1_748' title='bbox 2781 4533 2867 4582; x_wconf 90' lang='lat' dir='ltr'>est</span> <span class='ocrx_word' id='word_1_749' title='bbox 2899 4526 3074 4582; x_wconf 86' lang='lat' dir='ltr'>lectio</span> <span class='ocrx_word' id='word_1_750' title='bbox 3105 4529 3288 4583; x_wconf 67' lang='lat' dir='ltr'>Graeci</span> <span class='ocrx_word' id='word_1_751' title='bbox 3333 4535 3548 4584; x_wconf 83' lang='lat' dir='ltr'>textus.</span> <span class='ocrx_word' id='word_1_752' title='bbox 3607 4527 3828 4582; x_wconf 87' lang='lat' dir='ltr'>Sensus</span> 
     </span>
    </p>
   </div>
   <div class='ocr_carea' id='block_1_94' title="bbox 2168 4597 3831 4659">
    <p class='ocr_par' dir='ltr' id='par_1_94' title="bbox 2168 4597 3831 4659">
     <span class='ocr_line' id='line_1_98' title="bbox 2168 4597 3831 4659; baseline -0.002 -7"><span class='ocrx_word' id='word_1_753' title='bbox 2168 4604 2292 4652; x_wconf 88' lang='lat' dir='ltr'>est:</span> <span class='ocrx_word' id='word_1_754' title='bbox 2327 4599 2519 4651; x_wconf 88' lang='lat' dir='ltr'>Denuo</span> <span class='ocrx_word' id='word_1_755' title='bbox 2549 4597 2685 4651; x_wconf 85' lang='lat' dir='ltr'>mihi</span> <span class='ocrx_word' id='word_1_756' title='bbox 2715 4599 2819 4652; x_wconf 87' lang='lat' dir='ltr'>erit</span> <span class='ocrx_word' id='word_1_757' title='bbox 2849 4600 3179 4654; x_wconf 88' lang='lat' dir='ltr'>currendum</span> <span class='ocrx_word' id='word_1_758' title='bbox 3209 4601 3268 4654; x_wconf 86' lang='lat' dir='ltr'>in</span> <span class='ocrx_word' id='word_1_759' title='bbox 3311 4601 3412 4654; x_wconf 84' lang='lat' dir='ltr'>hoc</span> <span class='ocrx_word' id='word_1_760' title='bbox 3461 4599 3650 4655; x_wconf 88' lang='lat' dir='ltr'>studio</span> <span class='ocrx_word' id='word_1_761' title='bbox 3682 4599 3831 4659; x_wconf 69' lang='lat' dir='ltr'>vitae,</span> 
     </span>
    </p>
   </div>
   <div class='ocr_carea' id='block_1_95' title="bbox 2173 4670 3542 4743">
    <p class='ocr_par' dir='ltr' id='par_1_95' title="bbox 2173 4670 3542 4743">
     <span class='ocr_line' id='line_1_99' title="bbox 2173 4670 3542 4743; baseline 0.001 -19"><span class='ocrx_word' id='word_1_762' title='bbox 2173 4670 2721 4743; x_wconf 62' lang='lat' dir='ltr'>cujusmetampene</span> <span class='ocrx_word' id='word_1_763' title='bbox 2749 4672 2934 4738; x_wconf 85' lang='lat' dir='ltr'>attigi.</span> <span class='ocrx_word' id='word_1_764' title='bbox 2969 4671 3084 4726; x_wconf 84' lang='lat' dir='ltr'>Cfr.</span> <span class='ocrx_word' id='word_1_765' title='bbox 3119 4672 3143 4724; x_wconf 95' lang='grc' dir='ltr'><strong>Ι</strong></span> <span class='ocrx_word' id='word_1_766' title='bbox 3172 4671 3304 4726; x_wconf 88' lang='lat' dir='ltr'>Cor.</span> <span class='ocrx_word' id='word_1_767' title='bbox 3341 4689 3417 4736; x_wconf 77' lang='grc' dir='ltr'>ιχ,</span> <span class='ocrx_word' id='word_1_768' title='bbox 3450 4672 3542 4726; x_wconf 86' lang='grc'>24.</span> 
     </span>
    </p>
   </div>
   <div class='ocr_carea' id='block_1_96' title="bbox 2243 4739 2970 4809">
    <p class='ocr_par' dir='ltr' id='par_1_96' title="bbox 2243 4739 2970 4809">
     <span class='ocr_line' id='line_1_100' title="bbox 2243 4739 2970 4809; baseline 0.001 -16"><span class='ocrx_word' id='word_1_769' title='bbox 2243 4740 2357 4809; x_wconf 82' lang='grc'>(42)</span> <span class='ocrx_word' id='word_1_770' title='bbox 2390 4740 2506 4794; x_wconf 89' lang='lat' dir='ltr'>Cfr.</span> <span class='ocrx_word' id='word_1_771' title='bbox 2542 4740 2591 4792; x_wconf 89' lang='lat' dir='ltr'>ll</span> <span class='ocrx_word' id='word_1_772' title='bbox 2622 4739 2770 4795; x_wconf 90' lang='lat' dir='ltr'>Tim.</span> <span class='ocrx_word' id='word_1_773' title='bbox 2804 4757 2885 4809; x_wconf 85' lang='lat' dir='ltr'>1v,</span> <span class='ocrx_word' id='word_1_774' title='bbox 2917 4743 2970 4795; x_wconf 89' lang='lat'>6.</span> 
     </span>
    </p>
   </div>
   <div class='ocr_carea' id='block_1_97' title="bbox 2241 4807 3825 4901">
    <p class='ocr_par' dir='ltr' id='par_1_97' title="bbox 2241 4807 3825 4901">
     <span class='ocr_line' id='line_1_101' title="bbox 2241 4807 3825 4901; baseline -0.003 -38"><span class='ocrx_word' id='word_1_775' title='bbox 2241 4807 2354 4901; x_wconf 50' lang='grc'>(41))</span> <span class='ocrx_word' id='word_1_776' title='bbox 2402 4807 2880 4901; x_wconf 29' lang='grc' dir='ltr'>δγνιιενιξεὶξεθέ</span> <span class='ocrx_word' id='word_1_777' title='bbox 2913 4812 3183 4901; x_wconf 62' lang='lat' dir='ltr'>videtur:</span> <span class='ocrx_word' id='word_1_778' title='bbox 3245 4813 3327 4864; x_wconf 85' lang='grc' dir='ltr'>δτι</span> <span class='ocrx_word' id='word_1_779' title='bbox 3382 4811 3472 4864; x_wconf 84' lang='grc' dir='ltr'>τὸν</span> <span class='ocrx_word' id='word_1_780' title='bbox 3529 4807 3825 4866; x_wconf 76' lang='grc' dir='ltr'>ἐπίσκοπον</span> 
     </span>
    </p>
   </div>
   <div class='ocr_carea' id='block_1_98' title="bbox 2166 4881 3827 5027">
    <p class='ocr_par' dir='ltr' id='par_1_98' title="bbox 2166 4881 3827 5027">
     <span class='ocr_line' id='line_1_102' title="bbox 2166 4881 3132 4956; baseline 0.002 -20"><span class='ocrx_word' id='word_1_781' title='bbox 2166 4881 2499 4950; x_wconf 77' lang='grc' dir='ltr'>κατηξίωσεν</span> <span class='ocrx_word' id='word_1_782' title='bbox 2529 4883 2627 4934; x_wconf 92' lang='grc' dir='ltr'>τοῦ</span> <span class='ocrx_word' id='word_1_783' title='bbox 2660 4881 2792 4935; x_wconf 67' lang='grc' dir='ltr'>Θεοῦ</span> <span class='ocrx_word' id='word_1_784' title='bbox 2826 4881 3132 4956; x_wconf 79' lang='grc' dir='ltr'>εὑρεθῆναι.</span> 
     </span>
     <span class='ocr_line' id='line_1_103' title="bbox 2235 4951 3827 5027; baseline -0.003 -20"><span class='ocrx_word' id='word_1_785' title='bbox 2235 4954 2349 5024; x_wconf 92' lang='grc'>(44)</span> <span class='ocrx_word' id='word_1_786' title='bbox 2385 4955 2500 5027; x_wconf 76' lang='lat' dir='ltr'>Aut</span> <span class='ocrx_word' id='word_1_787' title='bbox 2527 4953 2790 5027; x_wconf 76' lang='lat' dir='ltr'>medium</span> <span class='ocrx_word' id='word_1_788' title='bbox 2823 4972 2929 5026; x_wconf 90' lang='lat' dir='ltr'>pro</span> <span class='ocrx_word' id='word_1_789' title='bbox 2954 4955 3186 5026; x_wconf 89' lang='lat' dir='ltr'>passivo</span> <span class='ocrx_word' id='word_1_790' title='bbox 3209 4954 3467 5024; x_wconf 90' lang='lat' dir='ltr'>positum</span> <span class='ocrx_word' id='word_1_791' title='bbox 3501 4961 3696 5027; x_wconf 78' lang='lat' dir='ltr'>putes,</span> <span class='ocrx_word' id='word_1_792' title='bbox 3730 4951 3827 5005; x_wconf 86' lang='lat' dir='ltr'>aut</span> 
     </span>
    </p>
   </div>
   <div class='ocr_carea' id='block_1_99' title="bbox 2165 5024 3819 5096">
    <p class='ocr_par' dir='ltr' id='par_1_99' title="bbox 2165 5024 3819 5096">
     <span class='ocr_line' id='line_1_104' title="bbox 2165 5024 3819 5096; baseline -0.002 -18"><span class='ocrx_word' id='word_1_793' title='bbox 2165 5030 2394 5080; x_wconf 88' lang='lat' dir='ltr'>vertas:</span> <span class='ocrx_word' id='word_1_794' title='bbox 2429 5024 2594 5096; x_wconf 10' lang='lat' dir='ltr'>Quod?</span> <span class='ocrx_word' id='word_1_795' title='bbox 2618 5027 2755 5080; x_wconf 89' lang='lat' dir='ltr'>Deus</span> <span class='ocrx_word' id='word_1_796' title='bbox 2781 5024 3090 5096; x_wconf 73' lang='lat' dir='ltr'>episcopum</span> <span class='ocrx_word' id='word_1_797' title='bbox 3121 5027 3297 5095; x_wconf 63' lang='lat' dir='ltr'>Syr-i2</span> <span class='ocrx_word' id='word_1_798' title='bbox 3323 5024 3567 5081; x_wconf 72' lang='lat' dir='ltr'>inveniri</span> <span class='ocrx_word' id='word_1_799' title='bbox 3624 5026 3819 5093; x_wconf 84' lang='lat' dir='ltr'>digna-</span> 
     </span>
    </p>
   </div>
   <div class='ocr_carea' id='block_1_100' title="bbox 2167 5095 3644 5161">
    <p class='ocr_par' dir='ltr' id='par_1_100' title="bbox 2167 5095 3644 5161">
     <span class='ocr_line' id='line_1_105' title="bbox 2167 5095 3644 5161; baseline -0.001 -10"><span class='ocrx_word' id='word_1_800' title='bbox 2167 5103 2251 5151; x_wconf 87' lang='lat' dir='ltr'>tus</span> <span class='ocrx_word' id='word_1_801' title='bbox 2279 5103 2376 5161; x_wconf 91' lang='lat' dir='ltr'>est,</span> <span class='ocrx_word' id='word_1_802' title='bbox 2398 5095 2466 5148; x_wconf 89' lang='lat' dir='ltr'>ab</span> <span class='ocrx_word' id='word_1_803' title='bbox 2497 5095 2719 5150; x_wconf 85' lang='lat' dir='ltr'>Oriente</span> <span class='ocrx_word' id='word_1_804' title='bbox 2741 5095 3167 5153; x_wconf 31' lang='lat' dir='ltr'>in’OCcidentem</span> <span class='ocrx_word' id='word_1_805' title='bbox 3196 5113 3316 5151; x_wconf 90' lang='lat' dir='ltr'>eum</span> <span class='ocrx_word' id='word_1_806' title='bbox 3347 5113 3644 5153; x_wconf 84' lang='lat' dir='ltr'>arcessens.</span> 
     </span>
    </p>
   </div>
   <div class='ocr_carea' id='block_1_101' title="bbox 2238 5167 3820 5240">
    <p class='ocr_par' dir='ltr' id='par_1_101' title="bbox 2238 5167 3820 5240">
     <span class='ocr_line' id='line_1_106' title="bbox 2238 5167 3820 5240; baseline -0.003 -18"><span class='ocrx_word' id='word_1_807' title='bbox 2238 5168 2352 5240; x_wconf 85' lang='grc'>(45)</span> <span class='ocrx_word' id='word_1_808' title='bbox 2384 5168 2434 5240; x_wconf 44' lang='grc' dir='ltr'>Ι,</span> <span class='ocrx_word' id='word_1_809' title='bbox 2462 5182 2515 5221; x_wconf 91' lang='lat' dir='ltr'>e.</span> <span class='ocrx_word' id='word_1_810' title='bbox 2547 5168 2692 5222; x_wconf 86' lang='lat' dir='ltr'>nulli</span> <span class='ocrx_word' id='word_1_811' title='bbox 2720 5167 3003 5224; x_wconf 79' lang='lat' dir='ltr'>invidistis</span> <span class='ocrx_word' id='word_1_812' title='bbox 3033 5170 3291 5239; x_wconf 87' lang='lat' dir='ltr'>gloriam,</span> <span class='ocrx_word' id='word_1_813' title='bbox 3320 5184 3430 5238; x_wconf 82' lang='lat' dir='ltr'>pro</span> <span class='ocrx_word' id='word_1_814' title='bbox 3460 5170 3683 5224; x_wconf 85' lang='lat' dir='ltr'>Christo</span> <span class='ocrx_word' id='word_1_815' title='bbox 3711 5177 3820 5218; x_wconf 86' lang='lat' dir='ltr'>mo-</span> 
     </span>
    </p>
   </div>
   <div class='ocr_carea' id='block_1_102' title="bbox 2165 5239 2596 5296">
    <p class='ocr_par' dir='ltr' id='par_1_102' title="bbox 2165 5239 2596 5296">
     <span class='ocr_line' id='line_1_107' title="bbox 2165 5239 2596 5296; baseline -0.016 0"><span class='ocrx_word' id='word_1_816' title='bbox 2165 5239 2372 5296; x_wconf 83' lang='lat' dir='ltr'>riendi.</span> <span class='ocrx_word' id='word_1_817' title='bbox 2406 5239 2596 5293; x_wconf 70' lang='grc' dir='ltr'>Ξκιτιι.</span> 
     </span>
    </p>
   </div>
   <div class='ocr_carea' id='block_1_103' title="bbox 2238 5304 3754 5384">
    <p class='ocr_par' dir='ltr' id='par_1_103' title="bbox 2238 5304 3754 5384">
     <span class='ocr_line' id='line_1_108' title="bbox 2238 5304 3754 5384; baseline -0.002 -18"><span class='ocrx_word' id='word_1_818' title='bbox 2238 5312 2348 5384; x_wconf 85' lang='grc'>(46)</span> <span class='ocrx_word' id='word_1_819' title='bbox 2381 5307 2525 5380; x_wconf 83' lang='grc' dir='ltr'>Ἐγὼ</span> <span class='ocrx_word' id='word_1_820' title='bbox 2548 5337 2626 5384; x_wconf 80' lang='lat'>-_—</span> <span class='ocrx_word' id='word_1_821' title='bbox 2655 5304 2970 5384; x_wconf 74' lang='grc' dir='ltr'>ἒντέλλεσΘε</span> <span class='ocrx_word' id='word_1_822' title='bbox 3001 5311 3168 5384; x_wconf 83' lang='lat' dir='ltr'>deest</span> <span class='ocrx_word' id='word_1_823' title='bbox 3201 5309 3261 5364; x_wconf 90' lang='lat' dir='ltr'>in</span> <span class='ocrx_word' id='word_1_824' title='bbox 3295 5309 3466 5384; x_wconf 81' lang='lat' dir='ltr'>Syro.</span> <span class='ocrx_word' id='word_1_825' title='bbox 3518 5381 3554 5384; x_wconf 86' lang='lat'>__</span> <span class='ocrx_word' id='word_1_826' title='bbox 3717 5372 3754 5384; x_wconf 51' lang='grc' dir='ltr'><strong>ν</strong></span> 
     </span>
    </p>
   </div>
   <div class='ocr_carea' id='block_1_104' title="bbox 2239 5373 3822 5453">
    <p class='ocr_par' dir='ltr' id='par_1_104' title="bbox 2239 5373 3822 5453">
     <span class='ocr_line' id='line_1_109' title="bbox 2239 5373 3822 5453; baseline -0.003 -15"><span class='ocrx_word' id='word_1_827' title='bbox 2239 5373 2349 5453; x_wconf 82' lang='grc'>(47)</span> <span class='ocrx_word' id='word_1_828' title='bbox 2383 5384 2424 5437; x_wconf 93' lang='lat' dir='ltr'>l.</span> <span class='ocrx_word' id='word_1_829' title='bbox 2458 5373 2512 5453; x_wconf 50' lang='grc' dir='ltr'>ἒ,</span> <span class='ocrx_word' id='word_1_830' title='bbox 2547 5381 2898 5453; x_wconf 83' lang='lat' dir='ltr'>Exemplum</span> <span class='ocrx_word' id='word_1_831' title='bbox 2931 5387 2991 5438; x_wconf 91' lang='lat' dir='ltr'>et</span> <span class='ocrx_word' id='word_1_832' title='bbox 3035 5373 3393 5449; x_wconf 77' lang='lat' dir='ltr'>adhortatio,</span> <span class='ocrx_word' id='word_1_833' title='bbox 3428 5381 3648 5453; x_wconf 77' lang='lat' dir='ltr'>quibus</span> <span class='ocrx_word' id='word_1_834' title='bbox 3680 5373 3822 5453; x_wconf 43' lang='lat' dir='ltr'>alios</span> 
     </span>
    </p>
   </div>
   <div class='ocr_carea' id='block_1_105' title="bbox 2168 5399 3822 5584">
    <p class='ocr_par' dir='ltr' id='par_1_105' title="bbox 2168 5399 3822 5584">
     <span class='ocr_line' id='line_1_110' title="bbox 2239 5399 3822 5453; baseline -0.008 -15"><span class='ocrx_word' id='word_1_835' title='bbox 2239 5399 2349 5453; x_wconf 71' lang='lat' dir='ltr'>(tu)</span> <span class='ocrx_word' id='word_1_836' title='bbox 2384 5399 2424 5437; x_wconf 86' lang='grc' dir='ltr'>ι.</span> <span class='ocrx_word' id='word_1_837' title='bbox 2460 5399 2511 5436; x_wconf 89' lang='lat' dir='ltr'>e.</span> <span class='ocrx_word' id='word_1_838' title='bbox 2547 5399 2726 5435; x_wconf 72' lang='lat' dir='ltr'>nxem</span> <span class='ocrx_word' id='word_1_839' title='bbox 2777 5399 2898 5438; x_wconf 78' lang='lat' dir='ltr'>lum</span> <span class='ocrx_word' id='word_1_840' title='bbox 2931 5399 2991 5438; x_wconf 78' lang='lat' dir='ltr'>et</span> <span class='ocrx_word' id='word_1_841' title='bbox 3035 5399 3393 5449; x_wconf 74' lang='lat' dir='ltr'>adhortatio,</span> <span class='ocrx_word' id='word_1_842' title='bbox 3428 5399 3648 5451; x_wconf 82' lang='lat' dir='ltr'>qu10us</span> <span class='ocrx_word' id='word_1_843' title='bbox 3680 5399 3822 5452; x_wconf 62' lang='grc' dir='ltr'>διιγο</span> 
     </span>
     <span class='ocr_line' id='line_1_111' title="bbox 2168 5399 3822 5524; baseline -0.011 -13"><span class='ocrx_word' id='word_1_844' title='bbox 2168 5455 2240 5512; x_wconf 90' lang='lat' dir='ltr'>ad</span> <span class='ocrx_word' id='word_1_845' title='bbox 2273 5452 2625 5522; x_wconf 81' lang='lat' dir='ltr'>martyrium</span> <span class='ocrx_word' id='word_1_846' title='bbox 2659 5399 3036 5508; x_wconf 54' lang='lat' dir='ltr'>subeundum</span> <span class='ocrx_word' id='word_1_847' title='bbox 3067 5453 3338 5524; x_wconf 83' lang='lat' dir='ltr'>animare</span> <span class='ocrx_word' id='word_1_848' title='bbox 3402 5451 3566 5507; x_wconf 91' lang='lat' dir='ltr'>soliti</span> <span class='ocrx_word' id='word_1_849' title='bbox 3616 5447 3822 5503; x_wconf 79' lang='lat' dir='ltr'>fuistis.</span> 
     </span>
     <span class='ocr_line' id='line_1_112' title="bbox 2169 5530 2358 5584; baseline -0.021 0"><span class='ocrx_word' id='word_1_850' title='bbox 2169 5530 2358 5584; x_wconf 71' lang='lat' dir='ltr'>Sin-ru.</span> 
     </span>
    </p>
   </div>
   <div class='ocr_carea' id='block_1_106' title="bbox 2210 5544 2358 5582">
    <p class='ocr_par' dir='ltr' id='par_1_106' title="bbox 2210 5544 2358 5582">
     <span class='ocr_line' id='line_1_113' title="bbox 2210 5544 2358 5582; baseline -0.014 0"><span class='ocrx_word' id='word_1_851' title='bbox 2210 5544 2358 5582; x_wconf 67' lang='lat' dir='ltr'>IITH.</span> 
     </span>
    </p>
   </div>
   <div class='ocr_carea' id='block_1_107' title="bbox 2241 5592 3822 5667">
    <p class='ocr_par' dir='ltr' id='par_1_107' title="bbox 2241 5592 3822 5667">
     <span class='ocr_line' id='line_1_114' title="bbox 2241 5592 3822 5667; baseline -0.011 -8"><span class='ocrx_word' id='word_1_852' title='bbox 2241 5600 2349 5667; x_wconf 73' lang='grc'>(48)</span> <span class='ocrx_word' id='word_1_853' title='bbox 2378 5592 2814 5667; x_wconf 59' lang='lat' dir='ltr'>Particulaxal,</span> <span class='ocrx_word' id='word_1_854' title='bbox 2848 5613 2958 5652; x_wconf 89' lang='lat' dir='ltr'>nec</span> <span class='ocrx_word' id='word_1_855' title='bbox 2990 5613 3025 5654; x_wconf 92' lang='lat' dir='ltr'>a</span> <span class='ocrx_word' id='word_1_856' title='bbox 3055 5601 3250 5653; x_wconf 89' lang='lat' dir='ltr'>vetere</span> <span class='ocrx_word' id='word_1_857' title='bbox 3271 5594 3621 5667; x_wconf 88' lang='lat' dir='ltr'>interprete,</span> <span class='ocrx_word' id='word_1_858' title='bbox 3654 5600 3759 5645; x_wconf 89' lang='lat' dir='ltr'>nec</span> <span class='ocrx_word' id='word_1_859' title='bbox 3787 5595 3822 5637; x_wconf 71' lang='grc' dir='ltr'>οι</span> 
     </span>
    </p>
   </div>
   <div class='ocr_carea' id='block_1_108' title="bbox 2168 5665 2988 5739">
    <p class='ocr_par' dir='ltr' id='par_1_108' title="bbox 2168 5665 2988 5739">
     <span class='ocr_line' id='line_1_115' title="bbox 2168 5665 2988 5739; baseline 0 -15"><span class='ocrx_word' id='word_1_860' title='bbox 2168 5665 2312 5739; x_wconf 84' lang='lat' dir='ltr'>Syro</span> <span class='ocrx_word' id='word_1_861' title='bbox 2331 5665 2565 5738; x_wconf 81' lang='lat' dir='ltr'>agnita,</span> <span class='ocrx_word' id='word_1_862' title='bbox 2594 5665 2850 5724; x_wconf 87' lang='lat' dir='ltr'>delenda</span> <span class='ocrx_word' id='word_1_863' title='bbox 2879 5673 2988 5724; x_wconf 84' lang='lat' dir='ltr'>est.</span> 
     </span>
    </p>
   </div>
  </div>
