4080 6134
341 429 452 495 69l

1277 424 1558 488 SANCTI
1602 423 1899 485 lGNATll
1946 421 2349 485 EPISTOLAE
2391 425 2789 490 αΕΝϋιΝΑι.

3640 435 3766 497 693

335 565 670 640 leopardos,
704 579 837 634 qua
868 566 960 616 est
978 559 1236 615 militum
1287 564 1519 622 turma;
1550 557 1648 628 qui
1682 557 1859 611 etiam
1892 555 1983 610 be-

2110 551 2235 608 δέκα
2269 557 2379 628 (62)
2417 555 2746 632 λεοπαρδοις
2806 558 2836 614 ὅ
2885 558 2993 614 ἐστι
3054 567 3399 634 στρατιωτῶν
3449 566 3651 640 τάγμα’
3703 561 3761 623 οἳ

339 657 556 712 neﬁcio
587 659 827 724 accepto
860 652 1093 723 pejores
1125 654 1283 703 sunt.
1318 648 1563 702 Illorum
1605 653 1800 702 autem
1835 644 1993 715 inju-

334 747 440 800 riis
474 743 661 813 magis
692 740 951 806 erudior,
988 740 1082 793 sed
1108 744 1339 808 prapter
1381 737 1482 790 hoc
1513 753 1623 789 non
1645 737 1996 806 justiﬁeatus

335 850 473 890 sum.
505 833 739 886 Utinam
763 830 925 884 fruar
944 828 1152 882 bestiis
1190 826 1333 880 mihi
1355 825 1720 898 praeparatis,
1756 840 1902 894 quas
1935 827 1992 876 et

337 928 474 996 opto
495 920 637 974 mihi
662 923 962 990 promptas
986 915 1270 980 inveniri;
1299 914 1512 985 quibus
1536 918 1594 967 et
1615 913 1904 976 blandiar,
1929 916 1994 965 ut

339 1012 455 1066 cito
488 1025 580 1063 me
612 1008 914 1070 devorent,
949 1022 1067 1059 non
1097 1011 1164 1057 ut
1184 1003 1472 1074 quosdam
1495 1003 1691 1056 veritas
1717 1019 1835 1056 non
1862 1001 1991 1054 teti-

338 1105 570 1175 gerunt.
603 1100 657 1154 Si
701 1104 900 1154 autem
941 1096 1058 1151 illas
1099 1099 1497 1166 repugnantes
1530 1093 1851 1159 noluerint,
1882 1108 1989 1164 ego

339 1208 438 1247 eas
468 1191 518 1244 vi
542 1188 862 1260 impellam.
890 1187 1133 1242 Veniam
1166 1185 1310 1239 mihi
1336 1184 1498 1248 date;
1524 1182 1665 1253 quid
1685 1183 1830 1237 mihi
1855 1199 1988 1253 pro-

337 1281 434 1345 sit,
469 1296 574 1351 ego
602 1278 755 1332 novi.
793 1276 959 1333 Nunc
1000 1275 1222 1346 incipio
1255 1273 1586 1344 discipulus
1622 1288 1774 1326 esse.
1807 1273 1990 1326 Nemo

337 1369 660 1424 visibilium
679 1371 736 1421 et
766 1364 1153 1420 invisibilium
1187 1363 1332 1418 mihi
1367 1361 1646 1425 invideat,
1697 1366 1763 1416 ut
1791 1362 1991 1414 Jesum

335 1459 634 1513 Christum
654 1470 953 1524 assequar.
989 1453 1145 1525 Ignis
1167 1458 1225 1506 et
1255 1468 1420 1517 crux,
1454 1451 1715 1506 ferarum
1740 1455 1992 1504 catervae

340 1547 752 1611 lacerationes,
786 1543 1224 1607 distractiones,
1270 1541 1700 1612 disjunctiones
1744 1538 1990 1603 ossium,

341 1635 601 1692 concisio
635 1633 1062 1695 membrorum,
1099 1631 1281 1684 totius
1311 1629 1576 1700 corporis
1608 1627 1991 1682 contusiones

341 1727 470 1781 dira
501 1723 721 1780 diaboli
756 1725 1053 1776 tormenta
1094 1720 1155 1774 in
1188 1736 1282 1772 me
1315 1718 1590 1782 veniant;
1620 1714 1994 1773 solummodo

337 1820 402 1870 ut
429 1816 630 1869 Jesum
659 1811 959 1868 Christum
1009 1824 1357 1878 consequar.

2106 646 2195 698 καὶ
2230 648 2338 716 (63)
2372 643 2810 723 εὒεργετοῦμενοι
2859 649 3080 722 χείρους
3134 650 3396 724 γίνονται,
3428 656 3516 708 Ἐν
3553 652 3611 710 δὲ
3642 662 3766 719 τοῖς

2107 731 2438 806 ἀδικήμασιν
2490 735 2665 790 αὐτῶν
2752 736 2965 811 μᾶλλον
3021 742 3446 813 μαθητεὺομαι,
3508 741 3636 799 ἀλλ’
3696 746 3761 800 οὐ

2102 825 2247 898 παρᾶ
2285 829 2444 880 τοῦτο
2508 825 2863 902 δεδικαίωμαι
2895 831 2935 884 ⁸.
2998 834 3110 902 (64)
3175 831 3442 905 Ὀναίμην
3496 839 3606 890 τῶν
3669 839 3766 907 θη·

2105 914 2236 986 ρίων
2287 921 2394 970 τῶν
2447 914 2569 988 ἐμοὶ
2631 919 3075 990 ἡτοιμασμένων,
3127 920 3214 974 καὶ
3269 923 3511 1002 εὔχομαι
3558 924 3763 999 ’ἐτοιμά

2108 1025 2200 1074 μοι
2261 1004 2560 1077 εὐρεθῆναι’
2589 1005 2621 1060 ἃ
2648 1008 2739 1060 καὶ
2767 1007 3109 1078 κολακεύσω,
3146 1013 3426 1084 συντόμως
3481 1035 3547 1088 με
3603 1036 3770 1070 κατα-

2106 1099 2314 1170 φαγεῖν,
2346 1093 2450 1170 οὐχ
2481 1093 2664 1169 ὥσπερ
2694 1101 2860 1151 τινῶν
2922 1095 3304 1172 δειλαινὸμενα
3357 1103 3467 1177 οὐχ
3520 1102 3763 1176 ἥψαντο.

2105 1180 2210 1236 Κᾶν
2243 1183 2381 1238 αὐτὰ
2413 1180 2469 1238 δὲ
2501 1180 2698 1239 ἄκοντα
2747 1185 2825 1258 μὴ
2857 1185 3088 1261 θελήσῃ,
3149 1187 3259 1263 ἐγὼ
3317 1186 3759 1265 προσϐιάσομαι.

2105 1273 2445 1347 Συγγνώμην
2483 1293 2576 1345 μοι
2628 1271 2803 1351 Exacta“
2831 1275 2887 1328 τί
2947 1297 3041 1348 μοι
3091 1278 3374 1355 συμφέρει,
3436 1279 3540 1354 ἐγὼ
3593 1283 3761 1355 γινὼ-

2102 1380 2234 1414 σκω.
2297 1364 2407 1430 (65)
2465 1365 2579 1415 Νῦν
2630 1359 2876 1440 ἄρχομαι
2936 1365 3184 1435 μαθητὴς
3242 1366 3401 1421 εἶναι.
3459 1365 3645 1437 Μηδέν
3683 1389 3752 1442 με

2103 1445 2329 1522 ζηλώσῃ
2359 1453 2464 1504 τῶν
2502 1451 2710 1525 ὁρατῶν
2746 1451 2838 1504 καὶ
2882 1451 3148 1526 ἀοράτων,
3179 1452 3271 1508 ἳνα
3305 1456 3487 1526 Ἰησοῦ
3519 1457 3760 1531 Χριστοῦ

2102 1535 2370 1611 ἐπιτύχω.
2409 1542 2521 1611 Πῦρ
2587 1540 2678 1592 καὶ
2757 1541 3006 1614 σταυρὸς,
3065 1541 3272 1616 θηρίων
3335 1565 3394 1599 τε
3447 1546 3758 1615 συστάσεις,

2103 1629 2216 1695 (66)
2265 1625 2554 1698 ἁνατομαὶ,
2609 1624 2920 1702 διαιρέσεις,
2973 1631 3306 1704 σκορπισμοὶ
3365 1633 3590 1700 ὀστέων,
3624 1657 3759 1712 συγ-

2102 1715 2249 1782 κοπή
2286 1713 2492 1786 μελῶν,
2523 1715 2770 1789 ἀλησμοὶ
2801 1716 2935 1772 ὅλου
2981 1723 3079 1774 τοῦ
3141 1721 3417 1793 σώματος,
3472 1725 3635 1778 κακαὶ
3668 1745 3761 1779 κο-

2104 1801 2289 1866 λάσεις
2318 1808 2416 1858 τοῦ
2447 1800 2712 1860 διαϐόλου
2773 1805 2856 1861 ἐπ’
2915 1807 3012 1880 ἐμὲ
3069 1808 3436 1887 ὲρχεσθωσαν,
3473 1813 3640 1886 μόνον
3670 1814 3760 1869 ἳνα

2016 1877 2065 1943 Β
2093 1892 2271 1962 Ἰησοῦ
2297 1894 2531 1967 Χριστοῦ
2557 1892 2827 1969 ἐπιτύχω.

1460 2011 1554 2065 νι.
1583 2013 1757 2065 Morte
1786 2026 1907 2066 mea
1934 2027 2118 2067 veram
2147 2013 2314 2066 vitam
2347 2028 2624 2083 assequar.

410 2133 567 2190 Nihil
595 2133 741 2188 mihi
794 2130 1095 2203 poderunt
1140 2126 1349 2183 nundi
1406 2126 1757 2197 voluptates,
1792 2142 1985 2196 neque

339 2223 521 2294 hujus
552 2221 753 2276 saeculi
783 2235 982 2290 regna.
1018 2219 1265 2271 Praestat.
1297 2215 1442 2269 mihi
1474 2215 1536 2268 in
1566 2215 1706 2269 Jesu
1754 2214 1986 2267 Christo

340 2311 512 2378 mori,
545 2327 722 2382 quam
776 2307 994 2362 finibus
1054 2311 1226 2360 terrae
1288 2303 1602 2374 imperare.
1655 2302 1801 2368 Quid
1844 2304 1991 2357 enim

330 2402 558 2472 prodest
622 2398 854 2461 homini,
916 2397 963 2451 si
1022 2397 1337 2448 universum
1395 2393 1660 2448 mundum
1719 2393 1984 2459 lucretur,

335 2491 536 2544 anima:
563 2503 686 2540 vero
707 2499 823 2540 sua?
853 2484 1248 2538 detrimentum
1270 2483 1528 2550 patiatur
1547 2479 1573 2533 ‘2
1595 2480 1763 2534 Illum
1788 2496 1988 2549 quaero

337 2579 437 2650 qui
468 2593 574 2650 pro
606 2574 778 2631 nobis
806 2579 1073 2627 mortuus
1097 2580 1175 2625 est
1206 2587 1218 2634 ;
1242 2571 1410 2624 illum
1435 2570 1586 2636 volo,
1622 2570 1722 2640 qui
1749 2574 1993 2640 propter

335 2686 444 2724 nos
474 2664 815 2722 resurrexit.
852 2663 969 2717 Hoc
1003 2661 1146 2716 mihi
1179 2660 1412 2716 lucrum
1445 2659 1771 2731 impendet.
1808 2660 1988 2731 igno-

335 2759 480 2816 scite
510 2757 656 2812 mihi
696 2754 944 2811 fratres!
1001 2754 1082 2808 Ne
1109 2768 1205 2808 me
1259 2751 1451 2805 vivere
1495 2748 1833 2822 impediatis
1871 2767 1882 2816 ;
1917 2767 1991 2806 ne

331 2847 524 2904 velitis
555 2862 650 2901 me
673 2845 853 2909 mori;
885 2859 980 2898 me
1003 2843 1105 2897 Dei
1137 2856 1269 2896 esse
1293 2840 1636 2912 cupientem
1669 2839 1890 2894 mundo
1916 2856 1990 2894 ne

330 2937 598 2994 tradetis.
639 2935 822 2991 Sinite
857 2949 948 2988 me
1008 2947 1224 3002 purum
1279 2929 1483 2984 lumen
1541 2928 1847 3000 percipere
1891 2927 1990 2982 ubi

2169 2129 2276 2196 (67)
2305 2123 2474 2184 Οὐδὲν
2525 2147 2620 2198 μοι
2680 2125 2956 2204 ὠφελήσει
3013 2129 3079 2184 τὰ
3127 2131 3326 2202 τερπνᾶ
3382 2136 3479 2187 τοῦ
3519 2135 3751 2207 κόσμου,

2102 2211 2229 2267 οὐδὲ
2261 2215 2314 2268 αἱ
2350 2215 2622 2287 βασιλεῖαι
2665 2221 2762 2270 τοῦ
2820 2218 3018 2279 αἱῶνος
3072 2220 3291 2275 τούτου.
3345 2224 3458 2295 (68)
3517 2221 3751 2279 Μᾶλλόν

2107 2321 2199 2373 μοι
2230 2301 2519 2356 ἀποθανεῖν
2573 2304 2650 2365 εἷς
2680 2307 2918 2379 Χριστὸν
2969 2309 3203 2378 Ἰησοῦν,
3234 2308 3268 2377 ἢ
3304 2308 3612 2383 βασιλεύεις
3642 2315 3750 2365 τῶν

2099 2391 2348 2464 περάτων
2384 2399 2482 2460 τῆς
2523 2399 2646 2466 γῆς.
2685 2398 2792 2464 (69)
2825 2395 2887 2448 Τί
2944 2395 3045 2470 γὰρ
3101 2395 3393 2474 ὠφελεῖται
3447 2399 3754 2474 ἄνθρωπος,

2102 2479 2190 2533 ἐὰν
2275 2477 2516 2555 κερδήσῃ
2603 2483 2694 2536 τὸν
2779 2484 2982 2555 κόσμον
3079 2483 3232 2555 ὃλον,
3305 2488 3402 2556 τήν
3463 2485 3520 2542 δὲ
3569 2493 3754 2565 ψυχὴν

2101 2567 2266 2622 αὐτοῦ
2331 2571 2686 2642 ζημιωθῇ⁰;
2751 2573 2997 2626 Ἐκεῖνον
3055 2578 3226 2642 ζητῶ,
3285 2576 3379 2630 τὸν
3440 2577 3576 2652 ὑπὲρ
3600 2580 3759 2650 ἡμῶν

2102 2657 2460 2712 ἀποθανόντα·
2511 2659 2716 2713 ἐκεῖνον
2777 2659 2949 2731 θέλω,
3004 2663 3097 2717 τὸν
3156 2660 3227 2716 δι’
3256 2666 3403 2736 ἡμᾶς
3434 2664 3759 2724 ἀναστάντα.

2101 2747 2164 2804 Ὁ
2225 2745 2282 2802 δὲ
2340 2750 2454 2820 (70)
2507 2749 2725 2811 τοκετός
2793 2771 2887 2822 μοι
2974 2751 3250 2815 ἐθὶκειται.
3310 2753 3596 2830 Σύγγνωτέ
3639 2780 3756 2831 μοι,

2103 2833 2350 2915 ἀδελφοίο
2389 2839 2466 2909 μή
2499 2836 2829 2911 ἐμκοδίσητὲ
2881 2861 2974 2913 μοι
3010 2847 3188 2911 ζῆσαι,
3224 2845 3300 2915 μή
3334 2843 3608 2915 θελήσητὲ
3647 2851 3755 2920 (71)

2107 2947 2174 2998 με
2203 2925 2514 2995 ἀποθανεῖν,
2573 2926 2664 2981 τὸν
2724 2933 2820 2982 τοῦ
2878 2933 3013 2984 Θεοῦ
3073 2926 3302 2994 θέλοντα
3360 2935 3515 3001 εἶναι,
3556 2934 3746 3008 κόσμῳ

336 3026 477 3082 illuc
507 3024 822 3092 advenero,
850 3022 1028 3077 homo
1061 3020 1164 3074 Dei
1191 3035 1310 3073 ero.
1333 3015 1651 3073 Concedite
1683 3016 1830 3071 mihi
1861 3015 1983 3070 imi-

2110 2996 2180 3087 μὴ
2244 3018 2358 3087 (72)
2418 3015 2719 3090 χαρίσησθε
2772 3019 2904 3091 (73).
2963 3017 3161 3095 ’Ἀφετέ
3230 3040 3296 3092 με
3353 2996 3584 3097 καθαρὸν

1807 3143 1972 3197 Vetus
2001 3143 2293 3211 interpres.

347 3276 458 3343 dis,
491 3273 648 3346 quod
681 3278 770 3346 est
798 3270 1070 3346 militaris
1102 3267 1282 3324 ordo:

1332 3268 1440 3346 qui_
1492 3273 1550 3321 et
1579 3265 1936 3346 _beneﬁciati
1968 3265 2291 3346 deteriores
2325 3267 2590 3346 fiunt.__ln
2623 3268 3210 3346 injustiﬁcationibus
3257 3278 3454 3328 autem
3479 3255 3753 3346 ipsorum

349 3337 536 3418 magis
568 3344 807 3418 erudior
839 3359 852 3408 ;
887 3343 979 3418 sed
1007 3357 1117 3394 non
1137 3337 1375 3418 propter
1419 3339 1897 3418 hoetjustiﬁc‘atus
1925 3354 2064 3418 sum.
2098 3337 2325 3392 Sortiar
2354 3337 2560 3418 bestiis
2591 3337 2734 3418 mihi
2769 3358 2896 3395 esse
2930 3343 3185 3418 paratis;
3218 3349 3277 3398 et
3319 3361 3421 3399 oro
3453 3337 3757 3418 promptas

346 3409 491 3472 mihi
525 3415 772 3488 inveniri
797 3431 809 3467 :
831 3412 1058 3488 quibus
1091 3409 1150 3488 et
1181 3409 1452 3464 blandiar
1481 3409 1712 3488 citome
1745 3409 2058 3488 devorate}
2092 3426 2212 3488 non
2237 3409 3058 3488 quemadmodumquosdam
3090 3415 3364 3488 timentes
3396 3409 3514 3488 non
3547 3409 3758 3488 tetige-

344 3495 505 3544 runt.
543 3487 655 3543 Sed
685 3492 763 3552 et,
798 3485 846 3538 si
863 3479 1003 3554 'ipse
1037 3483 1328 3537 volentem
1363 3498 1481 3554 non
1513 3480 1714 3544 velint,
1741 3496 1845 3554 ego
1878 3480 1992 3534 vim
2023 3479 2258 3554 faciom.
2295 3482 2538 3554 Yeniam
2571 3482 2717 3536 mihi
2749 3479 3000 3538 habete:

3035 3486 3174 3555 quid
3189 3486 3618 3559 _mihi_confert,
3650 3486 3756 3559 ego

343 3575 654 3631 cognosco.
691 3551 861 3631 Nunc
892 3551 1114 3631 incipio
1138 3552 1467 3623 discipulus
1493 3568 1660 3631 esse;
1695 3551 1845 3605 nihil
1868 3568 1968 3631 _me
1999 3551 2187 3631 zelare
2211 3551 2533 3631 visibilium
2557 3558 2615 3607 et
2647 3551 3068 3631 invi‘sibilium,
3087 3562 3149 3610 ut
3177 3557 3309 3610 Jesu
3325 3557 3557 3631 Christo
3589 3551 3760 3614 fruar

343 3627 501 3713 Ignis
533 3634 592 3685 et
621 3645 786 3710 crux,
819 3627 1272 3713 bestiarumque
1305 3639 1522 3713 co‘ngre

1564 3623 1815 3684 ationes,
1849 3622 2252 3692 dispersiones
2278 3625 2525 3687 ossium,
2559 3625 2820 3680 concisio
2853 3626 3270 3690 membrorum,
3295 3626 3638 3681 molitiones
3661 3635 3755 3683 to-

343 3639 501 3713 lgnis
533 3639 592 3685 et
621 3645 786 3694 crux,
819 3639 1272 3705 bestiarumque
1305 3639 1815 3748 congregationes,
1849 3639 2252 3703 cnspersnones
2278 3639 2525 3687 ossnum,
2559 3641 2820 3680 concrsno
2853 3639 3056 3682 memn:

343 3709 462 3757 tius
493 3700 775 3772 corporis,
803 3697 954 3754 male
978 3697 1322 3768 punitiones
1351 3694 1529 3749 diabo
1556 3712 1573 3747 ι
1603 3710 1665 3748 1n
1698 3709 1791 3748 me
1823 3699 2098 3760 veniant;
2132 3694 2325 3749 solum
2359 3701 2423 3749 ut
2449 3696 2584 3750 Jesu
2615 3696 2846 3752 Christo
2879 3698 3056 3754 fruar.

1876 3801 2104 3857 CAPUT
2133 3801 2220 3856 VI.

415 3914 572 3971 Nihil
593 3913 737 3970 mihi
763 3911 1091 3985 proderunt
1112 3908 1350 3965 termini
1373 3907 1602 3977 mundi,
1630 3924 1826 3979 neque
1857 3922 2037 3979 regna
2063 3907 2265 3963 seaculi
2287 3907 2486 3980 hujus.
2510 3910 2736 3966 Bonum
2759 3911 2904 3967 mihi
2929 3910 3076 3966 mori
3100 3912 3331 3982 propter
3349 3909 3548 3964 Jesum
3573 3909 3748 3966 Chri-

410 4034 430 4067 ⁸
457 4035 480 4088 1
510 4032 640 4088 Cor.
674 4047 747 4100 ιν,
779 4031 832 4084 4.
908 4025 932 4061 9
961 4028 1117 4082 Matt.
1153 4042 1261 4091 m,
1307 4027 1395 4080 26.

412 4159 520 4225 (62)
553 4160 704 4212 Voce
729 4149 1034 4226 λεόπαρδος
1054 4152 1433 4226 alTenderunt
1457 4150 1810 4226 pasnagius,_
1839 4151 1985 4204 Bau-

340 4222 465 4288 rius
499 4222 556 4284 et
578 4229 672 4284 alii
707 4222 1053 4282 vocabulum
1087 4223 1237 4278 illud
1269 4230 1404 4278 ante
1444 4222 1813 4278 Constantini
1848 4227 1987 4276 aita-

339 4311 456 4358 tem
491 4299 819 4353 obtinuisse
853 4302 1156 4367 negantes.
1184 4295 1296 4367 Sed
1321 4295 1446 4367 jam
1479 4296 1808 4367 Pearsonus
1832 4293 1988 4357 (Vin-

337 4374 507 4430 dicize
533 4371 873 4441 lgnatianaa,
907 4365 966 4430 ιῐ,
1003 4385 1070 4441 p._
1093 4370 1184 4432 92)
1212 4365 1370 4441 clare
1399 4365 1987 4441 aiemonstravit,ante

337 4435 705 4499 Constantini
741 4435 1019 4509 tempora
1057 4438 1169 4491 hoc
1213 4437 1578 4509 vocabulum
1623 4452 1740 4490 non
1791 4435 1986 4509 solum

339 4512 497 4585 apud
530 4511 789 4585 Latinos,
815 4505 918 4585 sed
937 4509 1111 4585 etiam
1137 4508 1292 4585 apud
1314 4507 1628 4585 Crmcosin
1651 4523 1758 4561 usu
1785 4505 1984 4585 fuisse.

338 4576 566 4640 Arctior
590 4581 1026 4652 provinciarum
1052 4576 1560 4652 Romaniimperii
1583 4594 1769 4652 nexus
1793 4576 1989 4630 etTecit
2018 4577 2064 4642 D

352 4662 418 4710 ut
441 4649 629 4709 multa
681 4650 960 4706 vocabula
993 4650 1196 4703 Latina
1227 4665 1260 4703 a
1289 4650 1504 4704 Gl‘t'BOlS
1556 4649 1982 4718 reciperentur.

341 4727 456 4782 Cfr.
495 4727 676 4791 lgnat.
711 4723 782 4776 ad
817 4721 1038 4792 Polyc,
1071 4738 1120 4792 c.
1156 4723 1206 4773 6.
1235 4721 1476 4792 Huther.
1517 4721 1672 4792 «(Die
1695 4719 1983 4792 iwichﬁtig-

339 4793 822 4874 stenABedenlgen
864 4791 1173 4874 ge'geirdie
1207 4791 1477 4874 aechteit
1533 4791 1649 4874 den
1692 4791 1980 4874 ngatian.

344 4868 531 4925 Briefe
564 4867 624 4920 in
655 4862 904 4937 llllgenii
934 4862 998 4917 τί»
1028 4863 1360 4937 Zeitschril‘t
1386 4865 1483 4937 [ur
1520 4862 1740 4937 _Histor.
1776 4862 1986 4928 Theol.,

344 4941 593 5020 t_.‘XIn,_p.
625 4933 782 5020 ιν,ρῖ
819 4938 1026 5020 54.5%,
1067 4940 1126 4988 et
1153 4933 1632 5020 ‘Diisterdieck,‘l
1668 4949 1770 5020 Ι6.,
1803 4949 1857 5020 p.
1895 4937 1982 4989 66.

340 5014 456 5068 Cfr.
481 5002 691 5080 Steph.
719 5002 863 5062 thes.
900 5002 1062 5080 l_._:Tr.
1093 5005 1190 5080 _ed.
1229 5006 1376 5080 Haec
1398 5024 1456 5080 _s.
1479 5022 1540 5080 _v.
1582 5002 1912 5080 λεόπαρδος.

411 5081 524 5153 (63)
554 5075 824 5136 Fortasse
850 5077 1066 5153 milites
1089 5076 1186 5131 isti
1213 5093 1247 5130 a
1275 5077 1627 5153 Christianis
1647 5075 1804 5130 dona
1824 5093 1988 5130 acce-

341 5148 592 5226 perunt,
612 5157 678 5206 ut
709 5149 1138 5226 mansuetiores
1168 5163 1317 5226 erga
1340 5148 1624 5226 [gnatium
1658 5153 1874 5226 essent.

412 5227 520 5294 (64)
554 5225 685 5278 Haec
717 5221 919 5277 laudat
949 5220 1248 5294 Chrysgst.
1306 5219 1365 5273 in
1413 5219 1620 5291 lgnatii
1682 5219 1983 5273 Encomio.

346 5291 516 5368 opp,
553 5300 588 5347 t.
623 5294 934 5368 ll,_‘p_.‘599,
969 5291 1061 5346 ed.
1099 5291 1200 5368 ne.

415 5360 521 5434 (65)
556 5368 658 5417 Νῦν
695 5360 939 5436 ἄρχομαι
977 5360 1226 5433 μαθητὴς
1273 5360 1404 5413 εἶναι
1436 5361 1590 5432 apud
1624 5362 1834 5432 Syrum
1870 5378 1985 5414 non

347 5437 579 5491 lenitur.

406 5453 880 5577 ῗθὲῗΐίτκνατομαῖ,
916 5499 1224 5577 διαιρέσεις.
1249 5505 1390 5577 llaec
1423 5519 1558 5557 cum
1590 5503 1744 5574 apud
1779 5504 1987 5577 Syrum

346 5575 516 5645 mque
536 5593 602 5630 ac
633 5576 786 5644 apud
820 5575 1134 5629 Eusebium
1160 5580 1226 5645 et
1244 5575 1686 5645 Hieronymum,
1708 5577 1806 5644 qui
1833 5575 1989 5628 hunc

345 5644 543 5702 locum
577 5646 915 5704 laudarunt.
950 5645 1164 5711 desint,
1199 5644 1451 5700 delenda
1483 5645 1770 5700 videntur.

425 5715 530 5785 :67)
565 5717 748 5786 Caput
777 5717 841 5786 Tl
873 5713 1042 5786 deest
1071 5715 1128 5768 in
1164 5715 1428 5786 versione
1453 5715 1707 5786 Syriaca,
1746 5722 1990 5786 excepta

354 5780 530 5842 unica
593 5780 908 5856 sententia,
941 5784 969 5836 ὁ
1002 5780 1058 5856 δί
1085 5783 1302 5856 τοκετός
1365 5804 1460 5856 μοι
1494 5780 1773 5839 ’ἐπίκειται
1785 5827 1800 5854 ,
1833 5780 1990 5856 quod

355 5861 532 5929 Syrus
564 5872 696 5913 cum
756 5854 1157 5912 celeberrimis
1215 5855 1334 5911 illis
1369 5854 1574 5913 verbis
1601 5873 1632 5914 e
1663 5874 1789 5930 cap.
1849 5854 1988 5927 NII;

2089 5803 2192 5858 per
2214 5785 2475 5858 mundum
2502 5800 2568 5858 ne
2595 5787 2858 5858 separetis
2888 5801 2990 5853 me,
3023 5802 3106 5843 sc.
3140 5802 3175 5842 ει

2101 4148 2128 4202 ὁ
2153 4146 2282 4219 ἐμὸς
2309 4146 2446 4222 ἔρως
2476 4147 2830 4223 ἐσταύρωται,
2863 4171 2914 4207 κ.
2963 4171 3013 4204 τ.
3067 4147 3119 4205 λ.
3155 4150 3480 4224 conjungit.
3544 4155 3752 4209 Exstat

2099 4228 2306 4296 autem,
2343 4227 2517 4296 caput
2551 4224 2616 4276 Vl
2643 4222 3017 4296 penetotum
3047 4224 3280 4296 Syriace
3308 4222 3751 4296 in‘fragmento

2099 4293 2388 4348 Timothei
2437 4293 2820 4348 Alexandrini
2873 4295 3165 4365 (Cureton,
3202 4295 3238 4347 ι.
3273 4310 3344 4357 c.,
3378 4310 3473 4364 pp.
3510 4293 3599 4360 4'2,
3634 4297 3748 4365 43).

2173 4366 2284 4428 (68)
2320 4365 2654 4436 Legendum
2687 4382 2814 4420 esse
2844 4363 3035 4431 καλόν,
3069 4372 3235 4418 vetus
3269 4363 3562 4435 interpres
3595 4363 3751 4422 Lati-

2097 4451 2236 4508 nus,
2266 4436 2674 4508 interpolator,
2708 4437 3104 4508 Metaphrasta
3135 4443 3192 4490 et
3222 4436 3618 4508 fragmentum
3653 4439 3750 4493 Ti-

2098 4506 2317 4560 mothei
2351 4507 2503 4577 (vide
2541 4513 2739 4577 supra)
2770 4507 3040 4562 suadent.

2169 4578 2280 4647 (69)
2315 4577 2496 4632 Verba
2548 4579 2672 4632 haec
2731 4594 2916 4632 sacras
2950 4577 3287 4647 Scriptura,
3331 4593 3440 4632 nec
3473 4577 3532 4632 in
3566 4581 3749 4634 veteri

2095 4649 2365 4702 versione
2395 4647 2620 4716 Latina,
2673 4665 2782 4704 nec
2841 4650 2899 4702 in
2951 4649 3281 4722 fragmento
3329 4649 3616 4704 Timothei
3653 4667 3748 4706 ex-

2093 4725 2270 4775 stant.

2161 4793 2268 4856 (70)
2302 4791 2417 4864 Cfr.
2454 4790 2596 4864 Phil.
2637 4807 2687 4864 ι,
2733 4793 2820 4843 21.
2843 4790 3218 4864 "Saepissime
3263 4789 3486 4864 toni-.6;
3518 4809 3624 4864 pro
3658 4793 3748 4848 lu-

2091 4877 2180 4985 :ro
2211 4862 2485 4986 spmitur.
2510 4861 2730 4933 Toupio
2756 4867 2813 4916 et
2842 4861 3125 4917 Wochero
3157 4867 3246 4916 est
3275 4861 3495 4923 τοκετός
3523 4861 3748 4934 ὀ-ραν-

2118 4949 2198 4985 us.
2265 4949 2352 4986 sc.

2094 4939 2198 4985 tus.
2233 4939 2352 4987 JAC.

2163 5007 2276 5071 (7t)
2301 5004 2400 5070 Με,
2429 5020 2548 5075 non
2583 5022 2676 5073 μοι
2709 5003 3021 5075 legendum
3049 5020 3176 5075 esse
3213 5009 3413 5075 monet
3435 5005 3746 5061 Smithius.

2163 5077 2272 5143 (72)
2306 5074 2640 5146 Legendum
2673 5073 2801 5129 esse
2834 5079 2973 5145 puto
3003 5074 3197 5145 κόσμῳ
3230 5073 3306 5143 μὴ
3340 5077 3670 5147 χαρίσησθε,
3708 5078 3748 5132 i.

2093 5161 2144 5199 e.
2179 5161 2262 5219 me
2295 5147 2386 5199 Dei
2416 5162 2523 5200 esse
2554 5147 2812 5219 volentem
2844 5147 3046 5199 mundo
3093 5147 3530 5219 tradereinolite.
3577 5147 3752 5219 Χαρὶ-

2095 5217 2402 5282 ζεσθαιϊζὶη
2433 5219 2670 5284 gratiam
2697 5217 2937 5289 alicujus
2961 5226 3035 5289 (e‘.
3071 5235 3123 5287 g.
3158 5218 3374 5287 mundi)
3409 5219 3634 5288 aliquid
3657 5217 3756 5289 fa—

2093 5304 2233 5351 cere,
2269 5289 2506 5343 tradere.
2545 5286 2872 5363 Hmclectio
2899 5286 3197 5363 χαρξσησθε
3229 5286 3563 5363 Ποικξεοιιι-ῐη
3603 5286 3755 5363 opti-

2094 5375 2256 5414 mum
2291 5375 2530 5413 sensum
2554 5358 2796 5429 praebet,
2825 5358 2936 5412 sed
2949 5358 3124 5414 etiam
3150 5375 3283 5413 cum
3300 5358 3753 5429 fragmento—Ti-

2093 5431 2316 5484 mothei
2349 5430 2586 5501 Syriaco
2646 5429 2986 5490 concordat,
3023 5431 3083 5484 in
3117 5446 3233 5502 quo
3252 5429 3516 5502 legitur:
3573 5435 3759 5489 Nolite

2094 5503 2324 5570 efﬁrere,
2359 5499 2418 5554 ut
2453 5502 2509 5555 in
2541 5503 2744 5556 mundo
2773 5503 2989 5570 degam.
3016 5499 3210 5555 Codex
3240 5499 3474 5556 Graecus
3501 5503 3753 5570 (Colber-

2095 5572 2276 5630 tinus)
2311 5572 2486 5626 habet
2518 5573 3115 5644 χαρήστ,σσ)εε;ηιυηίίο
3145 5589 3210 5625 ne
3240 5574 3554 5640 gaudeatis,
3589 5577 3752 5644 quod

2095 5644 2327 5696 arctiori
2363 5659 2495 5697 cum
2529 5643 3019 5698 antecedentibus
3050 5659 3208 5698 nexu
3236 5650 3417 5699 caret.
3445 5643 3624 5701 Vetus
3655 5647 3747 5703 in-

2096 5722 2320 5785 terpres
2354 5713 2589 5768 Latinus
2621 5713 2761 5780 legit
2791 5732 2802 5769 :
2839 5714 2935 5766 Διὰ
2963 5732 3174 5785 κοσμου
3208 5709 3270 5767 οὔ
3301 5733 3368 5784 με
3399 5714 3746 5788 χωρίζησθε,

2096 5803 2192 5846 per
2214 5785 2475 5841 mundum
2502 5800 2568 5839 ne
2595 5787 2858 5846 separetis
2888 5801 2990 5846 me.
3023 5802 3106 5843 sc.
3140 5802 3175 5842 ει
3204 5785 3343 5846 Deo.

3253 5801 3343 5841 eo.

2167 5856 2279 5928 (73)
2309 5857 2376 5914 In
2407 5855 2674 5915 versione
2708 5856 2912 5915 Latina
2941 5857 3246 5932 sequitur:
3292 5873 3468 5930 neque
3489 5874 3595 5930 per
3623 5874 3749 5917 ma-
