4080 6134
317 364 440 426 ’101

1371 341 1751 431 EPISTOLA
1792 363 1897 422 AD
1943 355 2723 420 PHILADELPHENSES.

3626 365 3745 425 702

317 497 407 551 καὶ
441 499 563 559 τοῖς
591 494 922 559 ἀποστόλοις
971 497 1042 558 ὡς
1080 492 1452 574 πρὶσϐυτερίῳ
1481 495 1832 567 Ἐκκλησίας.
1868 491 1967 553 Kal.

2090 493 2483 564 corporaliter
2513 497 2869 565 praesentem
2897 494 3221 564 Christum,
3247 500 3303 551 et
3334 495 3406 552 ad
3445 499 3746 570 apostolos

315 586 447 646 τοὺς
479 588 766 662 προφήτας
802 582 860 640 Si
889 585 1204 658 ἀγαπῶμεν,
1239 584 1327 642 διὰ
1355 590 1416 642 τὸ
1447 589 1536 643 καὶ
1568 585 1767 647 αὐτοὺς
1812 584 1888 646 εἰς
1919 583 1980 637 τὸ

317 674 663 752 Εὖαγγέλιον
699 676 1150 752 κατηγγελκέναι,
1207 677 1297 732 καὶ
1350 680 1426 740 εἷς
1631 677 1792 732 αὐτὸν
1823 673 1980 730 ἑλπί-

320 770 459 836 ζειν,
518 764 609 820 καὶ
666 764 829 820 αὐτὸν
879 764 1177 838 ἀναμένειν*
1240 765 1291 822 ἐν
1351 769 1397 840 ᾧ
1453 768 1544 823 καὶ
1599 784 1977 825 πιστευσαντες

317 853 629 924 ἰσώθησαν.
663 853 714 908 ἐν
741 853 952 924 ἔνότητι
987 855 1173 923 Ἰησοῦ
1231 861 1498 931 Χριστοῦ,
1556 852 1701 917 ὄντες
1762 855 1980 930 ἀξιαγα-

316 943 493 1012 πητοῖ
523 942 613 997 καὶ
651 942 1097 1015 ἀξιοθαύμαστοι,
1157 943 1328 1022 ἃγιοι,
1376 944 1482 1000 ὐπὸ
1516 947 1696 1014 Ἰησοῦ
1736 946 1979 1018 Χριστοῦ

319 1033 831 1106 μεμαρτυρημένοι,
856 1031 946 1086 καὶ
979 1032 1455 1106 συνηριθμημὲιοι
1476 1034 1526 1088 ἐν
1557 1038 1638 1106 τῷ
1663 1030 1980 1106 Εὐαγγελίῳ

313 1124 416 1186 τῆς
448 1127 641 1190 κοινῆς
675 1118 925 1183 ἐλπίδος.

2095 589 2376 653 tanquam
2401 582 2475 637 ad
2495 600 2759 654 praesens
2788 584 3063 639 Ecclesiaa
3085 584 3664 656 presbyterium.Sed
3687 593 3746 644 et

2091 673 2410 744 prophetas
2442 672 2775 745 diligamus,
2809 673 2950 745 quia
2979 679 3038 729 et
3077 675 3187 748 ipsi
3221 677 3598 749 Evangelium
3626 696 3742 733 an-

2092 763 2513 830 nuntiaverint,
2540 768 2597 817 et
2619 763 2679 817 in
2710 763 3010 819 Christum
3034 766 3418 836 speraverint,
3455 772 3513 820 et
3545 767 3740 839 ipsum

2091 849 2596 920 exspectaverint;
2656 866 2762 922 per
2810 867 2986 922 quem
3038 857 3097 906 et
3144 853 3452 910 credentes
3486 854 3740 911 salutem

2089 939 2392 993 consecuti
2443 943 2601 1003 sunt,
2649 940 2785 996 Jesu
2835 939 3066 995 Christo
3127 941 3320 1006 uniti;
3354 959 3487 997 cum
3539 951 3742 1000 essent

2090 1026 2300 1094 sancti,
2335 1044 2534 1082 amore
2569 1033 2626 1082 et
2653 1029 3046 1084 admiratione
3079 1029 3263 1102 digni,
3285 1046 3319 1085 a
3345 1031 3480 1086 Jesu
3503 1034 3735 1088 Christo

2088 1117 2498 1172 testimonium
2542 1117 2762 1189 adepti,
2795 1124 2852 1173 et
2881 1120 3294 1175 connumerati
3329 1121 3388 1176 in
3426 1123 3740 1195 Evangelia

2089 1221 2448 1260 communis.

1461 1320 1549 1374 VI.
1585 1320 1690 1374 Nec
1721 1324 1900 1372 tamen
1925 1311 2284 1387 {Judaismum
2314 1313 2607 1367 admittite.

385 1423 510 1479 Ἐὰν
541 1420 598 1478 δὲ
626 1443 709 1484 τις
740 1420 1081 1495 ’[ουδαϊσμὸν
1110 1423 1384 1499 ὲρμηνεύῃ
1430 1424 1578 1497 ὑμῖν,
1637 1423 1713 1496 μή
1748 1421 1970 1477 ἀκούετε

309 1509 501 1568 αὐτοῦ.
535 1514 801 1584 ’Ἄμεινον
858 1511 961 1589 γὰρ
1021 1510 1160 1566 ἐστιν
1216 1513 1360 1586 παρᾶ
1417 1510 1610 1586 ἀνδρὸς
1663 1511 1968 1585 περιτομὴν

309 1596 538 1674 ἔχοντος
595 1603 706 1671 (23)
764 1601 1188 1673 Χριστιανισμὸν
1241 1601 1483 1669 ἀκούειν,
1513 1601 1547 1670 ἢ
1582 1601 1727 1676 παρὰ
1775 1594 1974 1673 ἀκρϐύ-

312 1709 442 1742 στου
499 1685 876 1762 Ἰο·.›δαῖσμόν.
937 1689 1060 1744 Ἐὰν
1121 1687 1179 1744 δὲ
1246 1689 1548 1768 ἀμφότεροι
1604 1689 1728 1765 περὶ
1790 1689 1971 1758 Ἰησοῦ

315 1784 559 1853 Χριστοῦ
594 1781 670 1852 μὴ
707 1779 980 1849 λαλῶσιν,
1009 1781 1159 1836 οὗτοι
1190 1781 1320 1854 ἐμοὶ
1350 1784 1461 1853 (24)
1491 1779 1690 1851 στῆλαί
1719 1781 1850 1836 εἰσιν
1882 1780 1972 1834 καὶ

310 1869 478 1943 τάφοι
509 1873 734 1943 νεκρῶν,
765 1868 844 1946 ἐφ’
887 1869 969 1930 οἷς
1030 1871 1330 1946 γέγραπται
1392 1869 1554 1942 μόνον
1614 1870 1855 1943 ὀνόματα
1884 1868 1969 1923 ἀν-

311 1958 575 2032 θρώπων.
633 1964 864 2033 Φεὺγετε
921 1958 1017 2013 οὖν
1067 1960 1165 2023 τὰς
1218 1959 1574 2038 κακοτεχνίας
1602 1959 1693 2014 καὶ
1751 1957 1966 2034 ἐνέδρας

305 2046 402 2103 to;
439 2046 713 2125 ἄρχοντος
745 2052 842 2102 τοῦ
877 2049 1074 2110 αἰῶνος
1103 2048 1322 2116 τούτου,
1351 2051 1568 2121 μήποτε
1599 2043 1874 2111 Θλιϐἐντες
1895 2051 1964 2121 τῇ

305 2137 504 2212 γνώμῃ
534 2136 705 2191 αὐτοῦ
737 2135 1121 2208 ἐξασθενήσητε
1152 2137 1204 2192 ἐν
1235 2141 1304 2210 τῇ
1363 2137 1573 2212 ἀγάπῃ.
1632 2135 1812 2194 Ἀλλά
1840 2139 1967 2192 πάν-

304 2248 391 2290 τες
425 2227 515 2281 ἐπὶ
555 2229 617 2283 τὸ
646 2223 777 2282 αὐτό
829 2228 1036 2304 γίνεσθε
1096 2229 1152 2282 ἐν
1192 2228 1470 2304 ἀμερίστῳ
1517 2225 1735 2300 καρδίᾳ.
1771 2229 1966 2303 Εὐχα-

309 2321 480 2392 ριστῶ
512 2315 570 2371 δὶ
598 2319 702 2389 τῷ]
729 2321 846 2389 Θεῷ
883 2337 1010 2390 μου,
1044 2315 1127 2371 δτι
1158 2316 1532 2386 ιύσονείδητός
1566 2317 1681 2391 εἶμι
1731 2317 1782 2371 ἐν
1816 2316 1964 2389 ὑμῖν,

309 2407 400 2462 καὶ
433 2405 535 2461 οὐκ
564 2400 682 2479 ἔχει
713 2425 796 2466 τις
846 2407 1246 2480 καυχήσασθαι,
1282 2403 1402 2461 οὔτε
1461 2405 1653 2479 λάθρα,
1713 2404 1835 2461 οὔτε
1865 2427 1967 2484 φα-

308 2501 504 2570 νερῶς,
540 2493 622 2549 ὅτι
674 2498 780 2566 (25)
811 2489 1054 2568 ἐϐάρησά
1109 2516 1231 2550 τινα
1261 2493 1312 2549 ἐν
1347 2499 1532 2569 μικρῷ
1561 2497 1596 2563 ἢ
1626 2495 1679 2549 ἐν
1715 2493 1962 2571 μεγάλῳ.

311 2585 414 2642 Καὶ
446 2591 576 2638 πᾶσι
611 2581 688 2652 δὲ,
719 2583 768 2638 ἐν
802 2585 884 2643 οἷς
914 2583 1182 2656 ἐλάλησα,
1215 2581 1474 2658 εὔχομαι,
1519 2581 1610 2637 ’ίνα
1639 2585 1714 2656 μὴ
1749 2583 1824 2643 εἰς
1853 2585 1966 2654 (26)

321 2674 617 2747 μαρτ·3ριον
642 2672 774 2728 αὐτὸ
803 2675 1132 2744 κτήσωνται.

2005 1829 2052 1894 Β

2151 1419 2207 1474 Si
2226 1419 2358 1490 quis
2381 1424 2582 1474 autem
2611 1419 2772 1474 vobis
2800 1419 3173 1476 Judaismum
3206 1422 3506 1492 praadicet,
3534 1441 3606 1478 ne
3636 1440 3733 1480 au-

2080 1507 2255 1563 diatis
2303 1523 2462 1564 eum.
2516 1508 2718 1562 Melius
2769 1514 2858 1563 est
2906 1509 3086 1576 enim,
3131 1525 3166 1564 a
3218 1511 3342 1565 viro
3386 1513 3737 1568 circumciso

2081 1596 2603 1651 Christianismum
2639 1595 3054 1668 audire,quam
3088 1599 3159 1652 ab
3206 1598 3460 1656 habente
3502 1619 3742 1673 praepu-

2083 1687 2232 1742 tium
2262 1686 2635 1742 Judaisnum.
2669 1687 2726 1742 Si
2753 1693 2952 1742 autem
2975 1688 3212 1758 utrique
3235 1689 3305 1742 de
3337 1691 3472 1744 Jesu
3503 1691 3733 1747 Christo

2081 1793 2204 1832 non
2236 1776 2578 1847 loquantur,
2613 1775 2709 1830 isti
2760 1777 2906 1831 mihi
2947 1777 3240 1832 columna)
3288 1777 3646 1849 sepulcrales
3679 1786 3738 1835 et

2083 1870 2452 1921 mortuorum
2518 1871 2656 1920 sunt
2702 1871 3110 1935 monumenta,
3159 1867 3373 1938 quibus
3421 1868 3733 1924 hominum

2081 1955 2327 2010 nomina
2343 1955 2631 2010 duntaxat
2652 1955 2938 2026 inscripta
2967 1956 3331 2027 sunt.Fugite
3356 1957 3734 2027 igiturmalas

2077 2049 2235 2100 artas
2267 2049 2327 2099 et
2354 2044 2600 2098 insidias
2630 2044 2918 2115 principis
2951 2044 3149 2099 saeculi
3193 2045 3394 2115 hujus,
3427 2063 3500 2101 ne
3537 2064 3723 2118 quan-

2076 2134 2151 2190 do
2179 2133 2493 2205 prudentia
2523 2133 2652 2203 ejus
2677 2134 2942 2204 oppressi
2969 2134 3028 2187 in
3056 2134 3340 2188 charitate
3373 2133 3724 2204 langueatis.

2078 2223 2190 2279 Sed
2223 2239 2430 2278 omnes
2461 2222 2614 2276 uniti
2646 2222 2774 2277 sitis
2806 2222 3100 2276 indivulso
3132 2223 3326 2277 corde.
3365 2223 3590 2278 Gratias
3622 2241 3726 2279 au-

2078 2320 2196 2368 tem
2227 2329 2333 2384 ago
2366 2313 2483 2366 Deo
2515 2327 2670 2378 meo,
2704 2310 2862 2380 quod
2893 2311 3088 2381 quoad
3119 2327 3218 2365 vos
3249 2310 3405 2366 bona
3435 2313 3722 2384 gaudeam

2077 2402 2467 2464 conscientia,
2501 2417 2613 2455 nec
2643 2400 2830 2472 possit
2862 2400 3178 2470 quisquam
3211 2400 3472 2472 gloriari,
3514 2401 3604 2456 vel
3637 2419 3730 2458 se-

2077 2495 2236 2547 creto
2267 2491 2358 2545 vel
2398 2489 2619 2561 palam,
2651 2507 2684 2543 a
2713 2506 2807 2542 me
2852 2505 3210 2560 quemquam
3251 2495 3553 2562 gravatum
3597 2509 3724 2547 esse

2077 2586 2180 2636 aut
2208 2579 2268 2634 in
2299 2595 2497 2650 parvo,
2530 2583 2632 2632 aut
2660 2578 2721 2632 in
2752 2593 2986 2649 magno.
3044 2579 3114 2631 Et
3139 2578 3438 2647 omnibus,
3471 2581 3546 2635 ad
3579 2598 3727 2652 quos

2077 2669 2310 2724 locutus
2357 2683 2510 2734 sum,
2561 2672 2720 2738 opto,
2766 2683 2842 2721 ne
2892 2666 2952 2721 in
3011 2667 3418 2722 testimonium
3451 2668 3509 2724 id
3559 2670 3730 2726 cedat

2079 2761 2286 2814 contra
2315 2757 2495 2828 ipsos.

1102 2877 1214 2930 VII.
1248 2877 1306 2933 S.
1337 2875 1555 2946 Spiritu
1575 2875 1892 2946 impellente
1920 2893 2013 2933 vos
2033 2876 2108 2931 ad
2136 2877 2410 2930 unitatem
2438 2873 2772 2929 adhortatus
2803 2889 2942 2928 sum.

387 2971 451 3030 El
482 2973 585 3047 γὰρ
617 2971 706 3028 καὶ
746 2972 882 3028 κατὰ
935 2972 1106 3046 σάρκα
1168 2972 1234 3045 μέ
1288 2992 1430 3034 τινες
1488 2965 1762 3042 ἠθέλησαν
1819 2969 1966 3027 πλα-

309 3068 492 3131 νῆσαι,
527 3061 673 3117 ἀλλὰ
700 3063 762 3117 τὸ
824 3066 1043 3135 Πνεῦμα
1075 3061 1136 3115 οὐ
1191 3059 1487 3128 πλανᾶται,
1545 3060 1652 3116 ἀπὸ
1713 3065 1847 3117 Θεοῦ
1879 3061 1961 3117 ὅν.

2147 2975 2497 3045 Quanquam
2517 2972 2674 3027 enim
2706 2970 2982 3027 nonnulli
3005 2971 3335 3028 secundum
3367 2990 3608 3031 carnem
3634 2993 3730 3034 me

2075 3062 2348 3134 decipere
2379 3061 2970 3132 voluerunt,Spiritus
3002 3067 3202 3115 tamen
3224 3077 3343 3116 non
3376 3061 3731 3134 decipitur,a

305 3154 414 3223 (2‘7)
448 3149 613 3209 Οἶδεν
642 3153 764 3226 γὰρ,
793 3153 957 3215 πόθεν
987 3147 1234 3230 ἔρχεται,
1269 3151 1360 3205 καὶ
1391 3155 1498 3205 ποῦ
1528 3150 1746 3226 ὑπάγει,
1779 3161 1868 3206 καὶ
1899 3152 1967 3206 τὰ

2090 3156 2190 3210 )eo
2222 3158 2407 3208 ortus.
2439 3153 2604 3208 Novit
2655 3153 2816 3207 enim
2852 3152 3010 3207 unde
3051 3154 3265 3221 veniat,
3298 3160 3357 3208 et
3385 3171 3501 3225 quo
3533 3157 3725 3222 vadat,

307 3241 521 3318 κρυπτὰ
605 3239 842 3317 ἒκέγχει⁸
916 3240 1252 3314 Ἐκραύγασα
1313 3241 1508 3312 μεταξὺ
1577 3238 1674 3308 ὤν,
1726 3237 1966 3296 ἐλάλουν

2077 3249 2135 3298 et
2167 3249 2394 3298 secreta
2423 3242 2707 3313 coarguit.
2740 3241 3022 3307 Clamavi,
3051 3257 3183 3296 cum
3217 3259 3478 3313 praesens
3513 3261 3727 3313 essem,

308 3329 532 3405 μεγάλῳ
558 3333 713 3407 φωνῇ
746 3333 879 3404 (28)·
941 3333 1029 3401 Τῷ
1089 3327 1370 3401 ὲπισκόπῳ
1423 3330 1726 3405 προσέχετε
1766 3331 1852 3384 καὶ
1886 3333 1966 3398 τῷ

2090 3339 2308 3388 .ocutus
2335 3349 2465 3388 sum
2497 3348 2711 3404 magna
2744 3347 2879 3386 voce
2908 3349 2920 3386 :
2948 3331 3234 3404 Episcopo
3258 3332 3493 3389 obedite
3515 3341 3571 3388 et
3601 3352 3731 3407 pre-

302 3417 682 3496 πρεσῦυτερίῳ
713 3419 802 3474 καὶ
839 3416 1132 3480 διακόνοις.
1165 3420 1231 3475 Οἱ
1263 3416 1322 3474 δὲ
1368 3421 1482 3492 (29)
1515 3417 1963 3482 ὑποπτεύσαντάς

2076 3422 2334 3494 sbyterio
2368 3427 2426 3477 et
2457 3421 2999 3486 diaconis.Quidam
3026 3427 3224 3477 autem
3257 3423 3539 3494 suspicati
3566 3431 3725 3492 sunt,

1775 3548 1934 3602 Vetus
1969 3549 2258 3617 interpres.

308 3653 365 3704 et
394 3649 456 3703 in
487 3647 786 3704 Christum
821 3662 1082 3717 sperare,
1113 3651 1172 3700 et
1198 3645 1394 3717 ipsum
1433 3650 1777 3717 exspectare
1805 3661 1816 3698 :
1868 3645 1925 3700 in
1961 3662 2078 3716 quo
2111 3651 2168 3700 et
2198 3645 2507 3702 credentes
2538 3644 2738 3701 salvati
2774 3649 2930 3710 sunt,
2963 3644 3023 3700 in
3071 3645 3299 3699 unitate
3343 3646 3477 3700 Jesu
3511 3647 3725 3703 Christi

311 3720 664 3798 exsistantes
693 3716 868 3798 digne
898 3717 1122 3798 dilecti,
1154 3721 1213 3771 et
1241 3716 1415 3788 digne
1443 3716 1824 3772 admirabiles
1856 3717 2072 3784 sancti,
2103 3734 2137 3772 a
2165 3718 2300 3772 Jesu
2341 3717 2571 3772 Christo
2606 3717 2902 3772 testiﬁcati
2930 3721 2988 3770 et
3013 3717 3422 3771 connumerati
3454 3717 3516 3772 in
3547 3720 3727 3775 Evan-

308 3791 462 3864 gelio
496 3788 831 3845 communis
863 3789 1012 3860 spei.

1835 3878 2066 3933 CAPUT
2110 3879 2198 3933 VI.

338 4030 345 4035 -
381 3990 439 4045 Si
473 3993 672 4058 autem
701 3986 1070 4042 Judaismum
1100 3985 1526 4058 interpretetur
1554 3984 1892 4058 vobi‘s,_non
1923 3984 2178 4042 audiatis
2209 3985 2424 4058 ipsum.
2461 3985 2666 4058 Melius
2697 3989 2788 4039 est
2818 3983 3027 4058 enima
3056 3985 3178 4042 viro
3209 3986 3724 4058 circumcisionem

314 4061 594 4122 habente.
627 4057 1144 4114 Christianismum
1177 4057 1404 4129 audire,
1436 4072 1613 4129 quam
1645 4056 1718 4112 ab
1751 4056 2008 4112 habente
2056 4056 2433 4129 praeputium,
2465 4056 2855 4129 Judaismum.
2899 4056 2954 4129 Si
2987 4062 3185 4112 autem
3217 4059 3458 4128 utrique
3488 4057 3559 4114 de
3588 4059 3726 4112 Jesu

316 4133 548 4188 Christo
579 4146 698 4184 non
730 4129 1071 4199 loquantur,
1106 4129 1202 4182 isti
1237 4128 1381 4182 mihi
1416 4127 1706 4183 columnaa
1740 4133 1879 4182 sunt
1909 4133 1967 4183 et
1997 4127 2272 4199 sepulcra
2305 4133 2698 4195 mortuorum,
2731 4128 2791 4182 in
2824 4127 3038 4197 quibus
3090 4129 3308 4198 scripta
3363 4127 3503 4185 Sunt
3533 4129 3726 4184 solum

317 4204 564 4259 nomina
592 4201 923 4256 hominum.
957 4200 1160 4271 Fugite
1205 4200 1382 4270 igitur
1412 4199 1600 4254 malas
1626 4205 1804 4267 artes,
1838 4204 1896 4253 et
1925 4199 2174 4255 insidias
2206 4199 2491 4270 principis
2521 4199 2721 4254 saeculi
2757 4199 2954 4271 hujus,
2987 4216 3061 4255 ne
3115 4201 3266 4255 forte
3303 4201 3565 4255 tribulati
3595 4216 3727 4254 sen-

317 4276 502 4331 tentia
532 4273 741 4343 ipsius,
767 4269 1157 4343 inﬁrmemini
1192 4269 1586 4343 inlcharitate.
1625 4271 1735 4326 Sed
1769 4277 1825 4324 et
1851 4287 2058 4325 omnes
2090 4272 2150 4325 in
2178 4269 2434 4341 idipsum
2467 4271 2642 4343 ﬁatis,
2667 4271 2738 4343 in
2763 4269 3107 4341 impartibili
3140 4272 3336 4326 corde.
3363 4273 3587 4326 Gratias
3621 4288 3723 4343 aue

315 4354 433 4402 tem
465 4341 573 4418 ago
606 4345 722 4418 Deo
755 4359 906 4409 meo,
935 4342 1216 4418 quoniam
1248 4341 1460 4397 bonam
1488 4341 1712 4418 habens
1744 4343 2171 4418 conscientiam
2195 4359 2300 4418 ego
2335 4359 2466 4396 sum
2500 4342 2560 4396 in
2591 4342 2788 4418 vobis;
2815 4349 2874 4396 et
2903 4359 3020 4396 non
3051 4343 3227 4418 h_ab_et
3248 4342 3726 4418 aliquisgloriari

313 4413 765 4544 necLue'occulte
797 4413 991 4486 neque
1021 4414 1354 4481 manifeste,
1389 4414 1672 4494 quoniam
1702 4414 1930 4484 gravavi
1964 4414 2226 4484 aliquem
2257 4415 2318 4468 in
2346 4430 2526 4540 parvo
2558 4413 2645 4469 vel
2676 4413 2757 4485 ,in
2805 4429 3037 4484 magno.
3071 4415 3184 4470 Sed
3214 4420 3273 4469 et
3319 4413 3622 4482 omnibus,
3657 4415 3720 4469 in

313 4489 408 4544 aui
455 4506 524 4543 us
555 4487 784 4543 locutus
815 4503 968 4544 sum.
1007 4502 1133 4544 oro.
1167 4490 1230 4540 ut
1263 4502 1383 4541 non
1416 4501 1476 4540 1n
1509 4485 1919 4540 testimonium
1952 4486 2146 4544 ipsum
2180 4485 2338 4544 possi
2388 4491 2544 4540 eant.

309 4507 408 4562 qui

455 4506 524 4543 us
555 4487 784 4543 locutus
815 4485 968 4553 sum,
1007 4502 1133 4555 oro,
1167 4490 1230 4540 ut
1263 4502 1383 4541 non
1416 4485 1476 4540 in
1509 4485 1919 4540 testimonium
1952 4486 2146 4558 ipsum
2180 4485 2338 4556 possi

2388 4491 2544 4540 eant.

1820 4595 2050 4649 CAPUT
2096 4593 2207 4650 Vll.

377 4704 434 4759 Si
467 4704 628 4759 enim
659 4708 716 4757 et
749 4701 1075 4758 secundum
1107 4716 1347 4757 carnem
1381 4716 1472 4754 me
1505 4700 1747 4771 quidam
1781 4700 2093 4756 voluerunt
2129 4701 2410 4756 seducere
2438 4719 2450 4767 ;
2486 4687 2588 4755 sed
2621 4700 2864 4772 spiritus
2895 4717 3015 4756 non
3055 4701 3380 4765 seducitur,
3413 4718 3448 4757 a
3476 4702 3591 4756 Deo
3625 4718 3726 4757 ex-

308 4777 546 4831 sistens.
577 4774 745 4830 Novit
776 4773 936 4828 enim
968 4772 1123 4828 unde
1155 4772 1334 4839 venit,
1368 4777 1426 4826 et
1455 4789 1570 4842 quo
1603 4772 1780 4838 vadit,
1817 4779 1874 4827 et
1905 4773 2136 4828 occulta
2167 4773 2484 4843 redarguit.
2519 4772 2770 4827 Clamavi
2804 4772 2864 4826 in
2897 4772 3254 4826 intermedio
3286 4772 3595 4832 exsistens,
3635 4773 3724 4825 lo-

310 4851 480 4902 cutus
511 4862 641 4900 sum
675 4860 886 4915 magna
914 4861 1073 4912 voce,
1105 4843 1230 4914 [Dei
1258 4843 1452 4915 vocez]
1483 4843 1770 4915 Episcopo
1801 4844 2114 4907 attendite,
2146 4850 2202 4898 et
2233 4844 2622 4916 presbyterio,
2651 4849 2710 4897 et
2729 4843 3015 4898 diaconis.
3041 4843 3288 4907 Quidam
3311 4850 3508 4899 autem
3532 4843 3725 4913 suspi-

300 5020 513 5095 scripto
535 5017 834 5095 Evangelia
854 5012 1445 5095 asseaccipiendum.
1475 5014 1808 5095 Lessin‘guis
1833 5015 1958 5085 (Op.
1994 5026 2038 5089 ῃ
2068 5015 2260 5095 primo
2285 5013 2868 5095 nomen_Xpumavé:,
2899 5014 2986 5095 ita!
3011 5013 3082 5067 ab
3115 5014 3358 5095 lgna‘tjo,
3389 5013 3721 5095 Antiochia:

305 5085 814 5148 edeachmannn
848 5092 887 5140 t.
924 5087 1017 5150 ΧΙ,
1047 5103 1114 5156 p-_
1140 5085 1381 5156 567)_ita
1412 5085 1792 5156 scribendum
1831 5102 1960 5139 esse

347 5167 512 5216 utat:
567 5156 903 5232 Προσφυγὼν
962 5153 1381 5232 11E_éttt6261tq)
1438 5155 1512 5232 ᾡς
1570 5155 1738 5232 σαρκὶ.
1778 5157 1960 5232 Ἰῃσοῦ

347 5178 512 5216 “tat:
567 5178 903 5232 υροσφυγων
962 5178 1041 5223 τῳ
1098 5178 1381 5231 επισκοπῳ
1438 5178 1512 5216 ως
1570 5178 1727 5229 σαρκι
1779 5178 1960 5222 ἰησου

300 5178 548 5304 iterato?»
594 5229 685 5304 καῖ
716 5234 843 5304 τοῖς
877 5221 1265 5304 πρεσϐυτ-εροις
1286 5299 1297 5304 _
1324 5223 1652 5304 Ἱιξκκλησίας
1680 5225 1787 5304 urbe
1818 5225 1962 5304 31.no-

303 5297 546 5374 στόλοις.
576 5301 686 5358 Alii
713 5297 1057 5374 Εὐαγγὲλιον
1080 5299 1163 5374 _de
1186 5299 1422 5370 scriptis
1448 5298 1799 5374 Evangeliis,
1824 5297 1961 5374 find-

302 5374 490 5429 στολοι
516 5373 587 5428 de
612 5370 853 5444 scriptis
867 5370 1275 5444 apostolorum
1286 5411 1297 5432 .
1320 5370 1960 5444 npomﬁ‘tut_deisCl_‘ipliS

303 5441 864 5520 prophetarum'seu
885 5441 956 5496 de
1071 5443 1128 5495 T.
1157 5441 1480 5520 accipiunt.
1514 5441 1959 5520 Male_Eichlor-

300 5512 434 5575 nius
457 5518 528 5572 de
559 5515 865 5587 prophetis
882 5515 1010 5568 novi
1031 5513 1284 5568 foeceris
1310 5529 1414 5568 seu
1433 5512 1776 5568 doctoribus
1798 5513 1960 5568 Chri-

308 5589 516 5646 stianis
549 5587 826 5641 somniat.

371 5661 487 5730 (22)
524 5660 645 5713 Vet.
680 5657 786 5712 int.
825 5655 966 5730 legit
996 5653 1251 5730 Χριστὸν.

369 5725 483 5802 (23)
516 5725 938 5802 Χριστιανισμδν
975 5769 991 5785 .
1081 5725 1309 5798 Quare,
1373 5742 1449 5782 an
1506 5730 1573 5781 ut
1626 5725 1958 5783 Antiochia

2069 5371 2183 5426 Cfr.

2070 5082 2368 5211 iapiscopo,
2430 5082 2686 5158 primum
2749 5091 3032 5156 usurpata
3080 5082 3188 5137 v03:
3247 5082 3725 5154 Χριστιανιμσόςῖ

2117 5174 2344 5211 EARSON.

2117 5174 2344 5213 EARSON.

2143 5231 2255 5298 (24)
2289 5224 2524 5294 Σήτλαι,
2559 5226 2832 5282 columnae
2851 5225 3212 5295 sepulcrales.

2160 5303 2250 5368 25)
2276 5304 2293 5355 l
2327 5317 2378 5355 e.
2410 5301 2620 5354 nemini
2654 5299 2862 5367 jugum
2901 5298 3175 5351 Judaismi
3204 5299 3480 5368 imponere
3507 5299 3718 5354 studui.

2219 5388 2452 5443 quoque
2483 5373 2531 5443 ll
2563 5370 2691 5443 Co_r_.
2726 5385 2826 5431 xu,
2855 5370 2940 5425 13.

2138 5439 2254 5510 (2ὃὶ
2283 5439 2396 5499 Cfr.
2430 5442 2500 5496 ad
2533 5439 2734 5507 Trall.,
2767 5457 2815 5494 c.
2854 5443 2938 5494 12.

2138 5512 2251 5590 (2?)
2283 5515 2396 5590 Cfr.
2429 5515 2599 5590 loan.
2637 5513 2805 5590 _u_x_._8.
2965 5581 2992 5590 _
3042 5579 3052 5590 .

2139 5581 2250 5650 (28'?
2286 5589 2409 5640 Vet.
2444 5586 2548 5640 int.
2582 5583 2766 5649 addit,
2800 5599 2924 5637 voce
2958 5581 3051 5634 Dei

2140 5659 2247 5726 (29)
2280 5656 2660 5728 Participium
2694 5672 2797 5726 pro
2829 5652 3005 5709 modo
3038 5652 3226 5707 ﬁnito.
3262 5656 3364 5709 Ms.
3399 5651 3709 5716 πτὲσαναες.
