4080 6134
352 318 470 380 703

1295 311 1587 373 SANCTI
1631 311 1927 374 lGNATll
1973 312 2385 373 EPISTULAZ
2428 311 2828 374 GENUINE.

3668 309 3792 370 ’704

356 472 473 522 me,
522 459 586 509 ut
625 451 942 523 prmscium
994 448 1332 505 schismatis
1402 447 1818 518 quorumdam,
1878 448 2001 503 haec

2129 447 2206 518 αέ,
2239 447 2313 508 ὡς
2345 443 2638 520 προειδότα
2667 447 2759 501 τὸν
2802 445 3069 520 μερισμόν
3125 464 3312 514 τινων,
3370 441 3556 517 λέγειν
3586 446 3784 500 ταῦτα.

352 545 591 599 dixisse.
628 542 814 596 Testis
847 545 1043 595 autem
1079 537 1221 592 mihi
1270 538 1316 590 is
1352 543 1460 598 est.
1496 555 1600 608 pro
1632 555 1748 607 quo
1782 536 2010 592 vinctus

351 649 503 697 sum,
553 630 710 702 quod
756 647 791 685 a
838 645 1015 683 carne
1058 628 1317 681 humana
1343 625 1402 680 id
1437 643 1554 680 non
1605 626 2000 698 cognoverim.

350 721 464 779 Sed
514 721 762 792 Spiritus
813 717 1204 782 annuntiavit,
1239 717 1483 772 dicens:
1543 716 1678 770 Sine
1720 717 1998 788 episcopo

350 810 501 868 nihil
524 810 722 874 facite,
748 825 988 864 carnem
1013 813 1262 862 vestram
1289 811 1352 860 ut
1383 807 1479 860 Dei
1502 806 1786 877 templum
1813 813 2003 861 custo-

349 901 490 965 dite,
538 900 825 954 unionem
874 901 1092 962 amate,
1125 895 1372 950 dissidia
1419 895 1621 967 fugite,
1675 895 2002 950 imitatores

350 996 470 1045 este
500 990 635 1043 Jesu
663 988 898 1056 Christi,
933 987 1085 1040 sicut
1121 991 1178 1040 et
1211 985 1334 1057 ipse
1367 985 1555 1039 Patris
1588 984 1700 1038 sui.

2111 914 2244 947 πατε
2278 938 2293 959 ,

2113 987 2277 1051 Ιησοῦ
2312 988 2566 1057 Χριστοῦ,
2601 983 2675 1043 ὡς
2707 981 2796 1036 καὶ
2831 982 2994 1041 αὐτὸς
3026 985 3122 1034 τοῦ
3166 980 3374 1053 Ηατρὸς
3408 979 3607 1036 αὐτοῦ.

2122 535 2364 607 Μάρτυς,
2398 531 2455 588 δέ
2485 555 2601 608 μοι,
2634 533 2686 588 ἐν
2719 533 2765 605 ᾧ
2809 531 3052 604 δέδεμαι,
3085 529 3168 586 ὅτι
3199 531 3303 587 ἀπὸ
3334 532 3535 606 σαρκὸς
3563 530 3791 601 ἀνθρω-

2109 626 2274 696 πίνης
2306 626 2408 679 οὐκ
2437 620 2628 700 ἔγνων.
2657 625 2727 678 Τὸ
2780 622 2835 679 δὲ
2865 628 3077 695 πνεῦμα
3108 623 3423 697 ἐκήρυσσεν,
3461 626 3579 695 (30)
3613 619 3777 697 λέγον

2107 712 2254 769 τάδε·
2292 715 2478 790 Χωρῖς
2509 719 2606 768 τοῦ
2639 713 2936 769 ἐπισκοπου
2992 710 3160 785 μηδὲν
3210 717 3438 780 ποιεῖτε,
3463 713 3569 780 τήν
3601 711 3778 784 σάρκα

2112 804 2262 876 ὑμῶν
2297 803 2371 866 ὠς
2422 808 2530 877 (31)
2586 805 2705 859 ναὸν
2763 803 2898 859 Θεοῦ
2954 808 3191 875 τηρεῖτε,
3250 802 3348 868 τήν
3404 794 3608 856 ἕνωσιν
3641 801 3778 874 ἀγα-

2377 893 2506 956 τοὺς
2563 893 2860 966 μερισμοὺς
2923 891 3145 968 φεύγετε
3182 935 3195 957 ,
3260 889 3500 962 μιμηταὶ
3569 890 3787 962 γίνεσθε

1205 1084 1327 1137 VIII
1382 1082 1606 1137 Studete
1635 1084 1865 1138 unitati.
1895 1083 2140 1139 Christus
2173 1084 2286 1138 loco
2332 1083 2779 1138 documentorum
2807 1088 2904 1136 est.

418 1189 532 1258 Ego
566 1185 787 1254 itaque,
822 1183 980 1254 quod
1033 1199 1230 1236 meum
1264 1186 1408 1245 erat,
1442 1181 1578 1244 feci,
1614 1186 1679 1235 ut
1721 1182 1899 1236 homo
1931 1181 2005 1236 ad

348 1276 637 1332 unionem
669 1272 1022 1328 destinatus.
1061 1271 1164 1326 Ubi
1197 1276 1397 1325 autem
1431 1269 1639 1323 divisio
1675 1276 1764 1324 est
1793 1276 1849 1324 et
1895 1271 2002 1337 ira,

347 1367 424 1422 ibi
461 1368 614 1421 Deus
646 1380 765 1418 non
789 1362 1034 1418 habitat.
1063 1361 1349 1416 Omnibus
1375 1361 1553 1433 igitur
1575 1361 2002 1431 paenitentibus

345 1454 596 1510 remittit
638 1454 813 1517 Deus,
857 1451 908 1505 si
941 1467 1003 1505 se
1036 1454 1380 1504 convertant
1419 1449 1492 1504 ad
1542 1449 1824 1504 unionem
1869 1467 2004 1505 cum

348 1547 467 1602 Deo
501 1549 557 1598 et
578 1542 653 1598 ad
678 1541 1159 1596 communionem
1183 1555 1318 1593 cum
1346 1539 1643 1610 episcopo.
1671 1539 1857 1594 Credo
1881 1556 2006 1610 gra-

347 1634 444 1688 tias
474 1635 607 1688 Jesu
631 1629 866 1695 Christi,
893 1627 992 1699 qui
1027 1627 1211 1682 solvet
1231 1644 1264 1681 a
1285 1627 1448 1681 vobis
1481 1644 1654 1683 omne
1678 1627 2000 1683 vinculum.

2189 1179 2334 1253 Ἐγὼ
2368 1181 2462 1250 μὲν
2493 1177 2583 1232 οὖν
2624 1179 2686 1232 τὸ
2739 1175 2874 1232 ἴδιον
2934 1175 3177 1246 ἐποίουν,
3233 1177 3310 1239 ὡς
3368 1175 3670 1253 ἄνθρωπος
3703 1180 3780 1242 εἰς

2117 1262 2305 1321 ἕνωσιν
2335 1267 2783 1337 κατηρτισμένος.
2816 1271 2894 1323 υῦ
2917 1263 2972 1320 δὲ
2997 1265 3262 1339 μερισμός
3296 1265 3439 1319 ἐστιν
3473 1265 3569 1320 καῖ
3604 1267 3772 1344 ὀργὴ,

2116 1361 2245 1419 Θεὸς
2279 1355 2338 1411 οὐ
2368 1361 2630 1412 κατοικεῖ.
2669 1361 2833 1410 Πᾶσιν
2889 1356 2978 1409 οὖν
3033 1359 3382 1427 μετανοοῦσιν
3414 1355 3566 1429 ἀφίει
3602 1359 3632 1410 6
3667 1359 3772 1411 Κύ-

2119 1466 2256 1515 ριος,
2289 1444 2376 1500 ἐὰν
2405 1447 2805 1519 μετανοήσωσιν
2837 1445 2912 1508 εἷς
2938 1445 3166 1514 ἑνότητα
3209 1448 3344 1499 Θεοῦ
3373 1445 3465 1498 καὶ
3499 1442 3780 1520 συνέδριον

2115 1540 2212 1590 τοῦ
2242 1535 2562 1591 ἐπισκόπου.
2600 1534 2842 1588 Πιστεύω
2901 1538 3015 1606 (32)
3066 1539 3135 1607 τῇ
3171 1534 3358 1608 χάριτι
3409 1534 3600 1603 Ἰησοῦ
3645 1539 3772 1606 Χρι-

2113 1629 2268 1691 στοῦ,
2301 1626 2363 1686 ὃς
2393 1622 2544 1678 λύσει
2577 1625 2666 1700 ἀφ’
2710 1625 2861 1696 ὑμῶν
2919 1625 3087 1678 πάντα
3138 1621 3335 1696 δεσμόν
3391 1627 3531 1696 (33).
3594 1627 3775 1698 Παρα-

347 1722 601 1778 Obsecro
633 1725 831 1775 autem
849 1735 972 1783 vos,
1005 1723 1070 1771 ut
1099 1716 1250 1770 nihil
1281 1715 1649 1791 contentiose
1689 1717 2001 1788 agatis,see

2129 1714 2268 1769 ιαλῶ
2323 1709 2379 1768 δὲ
2466 1713 2624 1786 ὑμᾶς,
2696 1710 2862 1786 μηδὲν
2917 1715 3032 1766 κατ’
3083 1712 3309 1788 ἐριθείαν
3381 1712 3645 1784 πράσσειν
3710 1716 3774 1782 ιο,

337 1810 512 1880 juxta
542 1808 758 1862 Christi
808 1807 1160 1861 doctrinam.
1206 1805 1350 1858 Cum
1400 1803 1670 1859 audirem
1713 1806 2004 1876 quosdam

346 1898 649 1952 dicentes:
680 1896 800 1950 Nisi
832 1895 1114 1949 invenero
1137 1895 1196 1948 in
1220 1894 1484 1963 antiquis
1504 1894 2007 1963 vaticiniis,Evan-

353 1986 507 2060 gelio
534 2002 652 2039 non
678 1984 874 2050 credo,
902 1989 958 2036 et
983 1981 1217 2038 dicente
1242 1998 1331 2036 me
1352 1983 1496 2052 ipsis
1527 1998 1540 2035 :
1581 1983 1876 2053 Scriptum
1896 1990 2003 2052 est,

353 2073 794 2145 responderunt
819 2072 962 2126 mihi
991 2087 1001 2124 :
1040 2071 1157 2125 Hoc
1190 2069 1716 2125 demonstrandum
1742 2077 1849 2127 est.
1869 2073 2004 2127 Mihi

351 2182 487 2220 vero
509 2165 633 2219 loco
654 2162 1026 2234 antiquitatis
1046 2165 1135 2216 est
1151 2163 1320 2216 Jesus
1339 2161 1629 2227 Christus,
1663 2163 2008 2234 incorrupta

351 2261 409 2309 et
438 2255 682 2325 antiqua
711 2252 987 2323 dogmata
1015 2251 1164 2305 mihi
1217 2255 1357 2304 sunt
1385 2267 1528 2304 crux
1573 2251 1724 2320 ejus,
1750 2257 1808 2305 et
1846 2269 2007 2306 mors

352 2351 410 2401 et
441 2343 796 2399 resurrectio
829 2342 980 2413 ejus,
1015 2346 1072 2394 et
1120 2339 1267 2394 ﬁdes
1300 2357 1428 2410 quae
1461 2357 1568 2411 per
1596 2341 1827 2412 ipsum:
1875 2342 2006 2412 qui-

352 2435 465 2489 bus
489 2432 806 2505 justificari
839 2431 967 2486 volo
999 2446 1104 2502 per
1132 2446 1337 2502 preces
1367 2435 1611 2485 vestras.

2115 1803 2263 1859 ἄλλὰ
2292 1805 2427 1859 κατὰ
2459 1804 2882 1879 χριστομαθίαν.
2919 1803 3068 1859 Ἐπεὶ
3107 1804 3318 1872 ἣκουσά
3370 1824 3535 1858 τινων
3584 1803 3777 1880 λεγόν-

2114 1917 2247 1963 των,
2271 1893 2355 1949 ὅτι
2389 1895 2508 1948 Ἐὰν
2560 1895 2636 1967 μή
2695 1893 2746 1948 ἐν
2778 1899 2895 1954 τοῖς
2929 1895 3038 1965 (34)
3090 1893 3349 1968 ἀρχαίοις
3407 1891 3577 1966 εὕρω,
3612 1893 3664 1947 ἐν
3697 1897 3776 1964 τῷ

2116 1984 2441 2061 Εὖαγγελίῳ
2472 1984 2533 2039 οὐ
2564 1985 2822 2038 πιστεύω·
2855 1984 2944 2037 καὶ
2979 1983 3234 2057 λέγοντός
3283 2003 3389 2055 μου
3420 1983 3638 2052 αὐτοῖς,
3669 1984 3776 2053 ὃτι,

2117 2075 2474 2149 Γέγραπται,
2532 2073 2902 2148 ἁπεκρίθησάν
2954 2093 3084 2147 μοι,
3146 2070 3229 2127 ὅτι
3290 2077 3406 2143 (35)
3456 2074 3770 2144 Πρόκειται.

2120 2165 2280 2238 Ἑμοί
2313 2161 2369 2220 δὲ
2398 2168 2505 2237 (36)
2532 2164 2736 2240 ἀρχαῖά
2787 2163 2926 2218 ἐστιν
2989 2164 3198 2232 Ἰησοῦς
3259 2165 3532 2238 Χριστὸς,
3563 2164 3632 2218 τὰ
3664 2166 3773 2236 (37)

2119 2252 2306 2308 ἄθικτα
2363 2253 2568 2328 ἀρχαία
2600 2254 2628 2308 6
2658 2253 2886 2326 σταυρὸς
2943 2251 3106 2307 αὐτοῦ
3137 2252 3227 2306 καὶ
3269 2254 3297 2307 6
3329 2253 3563 2314 θάνατος
3613 2253 3702 2306 καὶ
3733 2254 3764 2320 ἡ

2119 2343 2398 2405 ἀνάστασις
2459 2343 2625 2398 αὐτοῦ
2675 2343 2764 2397 καὶ
2825 2346 2858 2412 ἡ
2904 2345 3016 2415 (38)
3071 2342 3314 2410 πίστιςή
3349 2339 3420 2396 δι’
3490 2343 3684 2397 αὐτοῦ·
3719 2341 3768 2396 ἐν

2120 2433 2199 2495 οἶς
2227 2430 2371 2486 θέλω
2403 2431 2454 2487 ἐν
2491 2435 2560 2506 τῇ
2592 2435 2877 2507 προσευχῇ
2921 2432 3071 2505 ὑμῶν
3101 2428 3479 2500 δικαιωθῆναι.

1384 2521 1482 2576 ΙΧ.
1515 2523 1730 2576 Bonum
1758 2529 1838 2577 est
1873 2524 1936 2578 V.
1967 2525 2050 2591 T.,
2083 2525 2276 2580 melius
2304 2541 2503 2580 novum
2530 2525 2728 2594 foedus,

429 2613 572 2669 Boni
597 2612 835 2684 quidem
861 2618 998 2666 sunt
1015 2609 1372 2677 sacerdotes,
1407 2609 1784 2680 praestantior
1805 2618 2005 2668 autem

353 2711 443 2760 est
462 2718 728 2758 summus
746 2699 1130 2772 pontifex,cui
1150 2697 1375 2754 credita
1391 2704 1530 2753 sunt
1547 2700 1759 2755 Sancta
1777 2706 2008 2756 sancto-

2188 2614 2300 2685 (39)
2331 2609 2510 2669 Καλοὶ
2540 2611 2630 2666 καὶ
2662 2612 2714 2666 οἱ
2771 2611 2959 2686 ἱερεῖς,
2993 2613 3100 2684 (4-0)
3127 2614 3375 2684 κρεῖσσον
3426 2607 3485 2664 δὲ
3519 2613 3546 2666 6
3575 2611 3762 2685 ἀρχιε-

2120 2703 2260 2776 ρεὺς,
2294 2702 2322 2756 6
2352 2701 2778 2773 πεπιστευμένος
2817 2701 2884 2756 τὰ
2912 2705 3078 2774 Ἅγια
3123 2703 3231 2754 τῶν
3262 2698 3452 2773 ἁγίων,
3488 2701 3551 2760 ’ὀς
3604 2701 3762 2773 μόνος

351 2809 507 2859 rum,
541 2791 634 2846 cui
670 2789 778 2845 soli
816 2793 1043 2843 secreta
1064 2788 1160 2843 Dei
1180 2786 1549 2843 sunttradita
1581 2805 1594 2855 ;
1631 2788 1732 2860 qui
1762 2789 1886 2861 ipse
1915 2794 2004 2844 est

2129 2791 2464 2846 πεπίστευται
2496 2790 2563 2844 τὰ
2592 2788 2802 2865 κρυπτᾶ
2825 2792 2921 2843 τοῦ
2952 2793 3104 2843 Θεοῦ·
3157 2788 3323 2851 αὐτὸς
3353 2783 3426 2842 ὤν
3492 2791 3605 2862 (41)
3637 2789 3763 2864 θύρα

1820 2891 1978 2946 Vetus
2007 2893 2296 2962 interpres.

352 2992 466 3048 cati
497 2995 634 3046 sunt
665 3005 780 3054 me,
814 2994 879 3043 ut
900 2988 1313 3060 prmscientem
1345 2987 1694 3043 divisionem
1728 2989 2146 3059 quorumdam,
2181 2991 2378 3046 dicere
2409 2992 2555 3047 hac.
2589 2991 2775 3047 Testis
2817 2996 3015 3046 autem
3045 2990 3214 3059 mihi,
3274 2991 3333 3044 in
3388 3007 3506 3061 quo
3537 2990 3749 3061 vinctus

355 3081 508 3131 sum,
543 3062 682 3133 quia
712 3077 746 3116 a
775 3057 952 3116 carne
983 3061 1244 3115 humana
1274 3076 1393 3115 non
1425 3061 1691 3135 cognovi.
1727 3057 1980 3135 Spiritus
2039 3071 2234 3118 autem
2288 3063 2644 3135 praedicavit,
2681 3062 2888 3135 dicens
2921 3062 3083 3135 haec:
3122 3057 3259 3135 Sine
3288 3057 3578 3135 episcopo
3607 3057 3744 3113 nihil

354 3132 622 3196 faciatis;
655 3150 896 3207 carnem
929 3137 1206 3207 vestram,
1237 3137 1304 3186 ut
1333 3132 1620 3207 templum
1654 3133 1779 3207 Dei,
1839 3139 2103 3201 servate;
2158 3132 2450 3191 unitatem
2504 3134 2769 3207 diligite;
2829 3133 3149 3188 divisiones
3178 3132 3363 3205 fugite
3392 3151 3404 3201 ;
3439 3132 3746 3188 imitatores

355 3211 539 3262 estote
570 3207 707 3261 Jesu
737 3205 972 3271 Christi,
1007 3209 1075 3259 ut
1102 3208 1159 3258 et
1188 3203 1315 3274 ipse
1348 3204 1535 3258 Patris
1567 3202 1774 3275 ipsius.

1849 3294 2077 3350 CAPUT
2121 3295 2265 3352 VIII.

419 3388 535 3458 Ego
569 3383 1016 3462 quidemigitur
1046 3382 1312 3462 prorium
1342 3381 1752 3462 faciebamyut
1779 3383 2105 3462 A_1_iomo__in_
2134 3385 2429 3462 unitatem
2462 3383 2779 3462 perfectus.
2813 3382 2921 3462 Ubi
2954 3388 3151 3462 autem
3186 3382 3397 3462 divisio
3427 3387 3529 3462 est,
3567 3385 3624 3435 et
3653 3379 3757 3461 ira,

348 3451 502 3513 Deus
534 3451 652 3511 non
688 3451 932 3509 habitat.
977 3451 1265 3526 Omnibus
1299 3453 1931 3526 igiturgpcenitentibus
1963 3454 2211 3510 dimittit
2260 3457 2414 3512 Deus
2437 3451 2530 3522 ;'si
2575 3456 2899 3526 pmniteant
2929 3459 2996 3509 ut
3023 3455 3312 3510 unitatem
3340 3455 3462 3522 Dei,
3483 3460 3537 3508 et
3568 3451 3756 3526 conci-

351 3530 497 3584 lium
532 3527 814 3598 episcopi.
848 3524 1031 3598 Credo
1064 3525 1264 3598 gratim
1286 3520 1419 3579 Jesu
1449 3520 1685 3598 Christi,
1720 3527 1819 3595 qui
1853 3527 2048 3598 solvet
2070 3544 2104 3581 a
2140 3528 2304 3582 vobis
2334 3520 2508 3583 omne
2568 3520 2889 3582 vinculum.
2926 3528 3220 3596 Deprecor
3249 3520 3570 3598 autem'vos
3603 3520 3750 3598 nihil

354 3595 680 3655 secundum
705 3595 1146 3670 contentionem
1178 3597 1391 3670 facere,
1426 3596 1527 3670 sed
1560 3598 1886 3670 secundum
1919 3597 2132 3652 Christi
2169 3600 2566 3670 disciplinam.
2591 3599 2738 3664 Quia
2769 3598 2961 3670 audivi
2980 3595 3265 3667 quosdam
3287 3597 3571 3670 dicentes:
3598 3595 3756 3670 Quo-

352 3674 512 3728 niam
547 3671 593 3725 si
631 3688 748 3726 non
781 3671 842 3724 in
874 3668 1167 3724 veteribus
1195 3668 1450 3736 invenio,
1491 3668 1548 3721 in
1591 3669 1901 3739 Evangelio
1935 3686 2054 3724 non
2085 3671 2260 3725 credo
2290 3666 2395 3725 :_et
2423 3671 2654 3724 dicente
2687 3686 2780 3723 me
2807 3669 2971 3740 ipsis,
3000 3666 3281 3740 quoniam
3315 3666 3745 3740 scriptumest:

351 3743 792 3814 responderunt
817 3741 981 3814 mihi,
1010 3740 1293 3810 quoniam
1327 3731 1620 3810 przejacet.
1657 3731 1794 3814 Mihi
1841 3747 2039 3814 autem
2098 3742 2459 3814 principium
2508 3747 2597 3796 est
2647 3731 3156 3814 lesus’Chrislus;
3206 3731 3748 3814 inapproximabilia

353 3807 842 3893 principia,cnrux
867 3807 1057 3893 ipsius
1080 3817 1139 3866 et
1169 3807 1349 3876 mors,
1384 3807 1828 3867 et‘resurrectio
1861 3812 2069 3883 ipsius,
2098 3807 2160 3868 et
2183 3807 2328 3868 ﬁdes
2361 3831 2492 3884 quae
2523 3829 2629 3884 per
2655 3812 2848 3882 ipsum
2878 3827 2890 3865 :
2914 3811 2978 3865 in
3001 3811 3218 3882 quibus
3247 3807 3369 3864 volo
3397 3807 3457 3864 in
3485 3807 3744 3862 oratione

352 3885 546 3941 vestra
563 3885 902 3956 justiﬁcari.

1875 3971 2105 4030 CAPUT
2136 3973 2227 4028 IX.

417 4065 560 4120 Boni
592 4070 649 4119 et
672 4062 1026 4126 sacerdotes,
1063 4062 1277 4116 melius
1307 4066 1505 4115 autem
1537 4061 1814 4132 princeps
1847 4061 2250 4124 sacerdotum,
2283 4061 2383 4131 qui
2414 4060 2640 4116 credita
2672 4065 2810 4114 sunt
2861 4061 3074 4132 sancta
3129 4062 3488 4132 sanctorum,
3520 4053 3612 4132 cui
3641 4049 3751 4132 soli

346 4138 571 4191 credita
603 4141 742 4191 sunt
763 4133 994 4189 occulta
1016 4123 1122 4188 Dei
1156 4151 1170 4197 ;
1202 4132 1303 4202 qui
1332 4132 1458 4203 ipse
1490 4123 1784 4200 estjanua
1813 4132 2027 4202 Patris,
2049 4149 2157 4204 per
2186 4123 2362 4204 quam
2397 4132 2823 4204 ingrediuntur,
2857 4129 3153 4185 Abraham
3186 4135 3245 4184 et
3292 4131 3453 4204 Isaac
3473 4133 3536 4204 e_t_
3555 4123 3752 4204 Jacpb,

349 4213 407 4262 et
436 4208 758 4280 prophetae,
793 4211 849 4259 et
881 4195 1244 4277 apostoli,'et
1274 4195 1510 4258 Ecclesa
1594 4195 1806 4258 Omnia
1853 4204 1977 4259 haec
2013 4195 2098 4260 'i-n
2127 4195 2416 4260 unitatem
2449 4195 2609 4260 fidei.
2644 4202 3015 4274 Prmcipuum
3065 4205 3263 4257 autem
3316 4199 3541 4272 aliquid
3583 4195 3729 4252 habe

424 4323 470 4357 ¹⁰
498 4323 652 4378 Phil.
688 4338 746 4389 ιι,
781 4323 832 4376 3.

421 4464 532 4535 (30)
568 4465 696 4530 Ms.,
730 4461 924 4535 λέγων.

421 4539 530 4604 (31)
563 4536 643 4590 Cf.
679 4537 698 4590 Ι
734 4534 860 4589 Cor.
907 4549 989 4600 ιιι,
1025 4534 1089 4585 16
1114 4549 1127 4596 ;
1154 4549 1227 4595 vn,
1266 4537 1349 4588 19.

419 4609 532 4675 (32)
566 4607 656 4662 Sc.
691 4604 846 4676 quod
879 4621 976 4658 vos
1008 4604 1240 4676 attinet.

421 4672 531 4746 (33)
563 4672 1144 4748 Interpolatoraddit
1175 4672 1409 4734 ἀδικίας.
1447 4677 1572 4733 Jac,

420 4752 531 4816 (34)
564 4751 627 4802 ln
661 4746 840 4818 priori
875 4746 1136 4801 editione
1166 4763 1299 4801 mea
1339 4765 1478 4802 cum
1515 4749 1738 4812 Vossio,
1790 4749 2001 4804 Rothio

267 4836 272 4842 '
348 4822 711 4889 (Anfanged.
750 4822 877 4872 Chr.
915 4818 1134 4892 Kirche,
1168 4835 1223 4888 p.
1259 4821 1465 4887 339)et
1497 4820 1740 4874 Arndtio
1764 4820 1847 4892 (in
1880 4820 2002 4892 Ull—

351 4894 553 4947 manni
585 4892 812 4948 Studien
845 4907 900 4943 ιι.
937 4890 1108 4950 Κνίε..
1146 4892 1382 4962 1839,71,
1419 4909 1472 4960 ρ.
1525 4892 1646 4959 182)
1667 4890 2002 4962 interpola-

351 4972 538 5018 torem
574 4970 810 5019 secutus
857 4962 1172 5033 lectionem
1209 4961 1431 5015 codicis
1491 4979 1600 5016 ms.
1654 4961 1908 5033 ἀρχαίοις
1940 4963 2002 5016 in

350 5035 594 5095 διικείοις
618 5035 876 5103 (archivis
910 5058 969 5077 ==
1004 5032 1360 5101 documentis)
1401 5034 1641 5088 mutavi.
1678 5032 1841 5087 Nunc
1868 5051 2002 5088 vero

349 5126 410 5161 re
427 5108 633 5162 melius
657 5121 944 5176 perpensa
965 5103 1282 5158 lectionem
1301 5105 1727 5174 codicis,quam
1745 5105 2005 5159 Credner

348 5182 538 5246 (Beit-r.
588 5181 628 5242 l,
678 5182 784 5243 15),
832 5177 1142 5246 Niemeyer
1182 5177 1734 5246 Oppositionsschrift
1782 5178 1824 5230 l.
1868 5181 1917 5231 2.
1944 5194 2000 5246 p.

347 5253 461 5318 21),
499 5248 878 5305 Diisterdieck
915 5248 1010 5317 (De
1038 5247 1461 5318 [gnatianarum
1492 5247 1652 5316 epist.
1688 5248 2002 5310 aut/tentia,

349 5317 484 5380 etc...
521 5340 574 5392 p.
610 5325 676 5374 56
710 5322 858 5384 not.)
891 5325 948 5372 et
976 5317 1342 5392 Jacobsonus
1369 5319 2003 5392 defendunt,gquaa_que

348 5409 381 5446 a
412 5389 590 5446 veteri
645 5393 967 5461 interprete
1001 5389 1206 5461 Latino
1248 5390 1446 5460 agnita
1476 5395 1604 5461 est,
1628 5389 2002 5444 retinendam

351 5470 510 5534 puto.
549 5459 815 5534 lgnatius'
839 5466 1046 5514 contra
1085 5459 1460 5534 Judaizantes
1492 5460 1864 5534 verbaifacit,
1900 5461 2001 5534 qui

351 5531 914 5586 Christi'adventum
949 5537 1005 5584 et
1036 5531 1376 5600 passionem
1411 5532 1470 5584 in
1502 5533 1772 5586 veteribus
1805 5532 2002 5586 vatici-

348 5602 460 5657 niis
491 5601 565 5674 (ἰν
597 5607 712 5662 τοῖς
747 5600 1024 5674 ἀρχαίοις)
1076 5601 1536 5671 praenuntiatum
1577 5603 1895 5675 negabant.

2183 4467 2294 4535 (55)
2326 4466 2370 4520 l.
2405 4481 2458 4520 e.
2493 4465 2594 4518 hoc
2624 4466 2804 4538 ipsum
2858 4464 3199 4538 proponitur
3254 4458 3757 4538 demonstrandum.

2109 4532 2319 4592 Anxur.
2347 4538 2500 4590 Bene
2525 4532 2824 4590 Ruchatus
2849 4551 2861 4587 :
2888 4535 3024 4588 C’est
3044 4533 3158 4587 reid
3180 4532 3281 4602 qui
3296 4537 3372 4586 est
3401 4548 3469 4586 en
3491 4532 3754 4602 question.

2110 4607 2220 4662 Alii
2255 4607 2569 4675 legendum
2602 4612 2832 4676 putant.
2864 4602 2926 4656 οὐ
2951 4602 3252 4674 πρόκειται,
3288 4619 3398 4657 ηοη
3431 4603 3625 4676 liquet.

2183 4678 2295 4756 (36)
2317 4674 2420 4733 Ms.
2459 4674 2635 4756 habet
2667 4675 2882 4756 ᾀρχεῐα.
2904 4677 3191 4756 Quivero
3232 4690 3411 4756 supra
3431 4674 3756 4756 lectionem

2113 4743 2475 4822 codic'isgms.
2519 4743 2777 4822 ἀρχαίοις
2836 4748 3068 4802 retinet.
3099 4746 3194 4800 hic
3225 4751 3284 4800 et
3304 4743 3487 4817 paulo
3519 4743 3758 4800 inferius

2111 4819 2312 4892 ἀρχαῖς
2344 4821 2500 4892 legat
2532 4819 2784 4892 oportet.

2184 4889 2291 4960 (37)
2323 4889 2427 4947 Ms:
2458 4889 2662 4958 ἅθηκτα
2694 4889 2909 4962 ἀρχεῖα.

2184 4966 2292 5033 (38)
2325 4966 2366 5018 Ι.
2402 4981 2452 5018 e.
2486 4964 2742 5018 doctrina
2771 4961 3108 5016 Christiana.

2184 5031 2297 5103 (39,
2327 5033 2393 5106 Oi
2428 5032 2586 5106 ῗερείς
2612 5061 2672 5080 =
2698 5033 3002 5106 sacerdotes
3033 5031 3260 5084 Judaici
3282 5036 3518 5106 —_vetus
3549 5042 3761 5106 a’cono-

2115 5099 2286 5179 mia;
2325 5099 2610 5179 ἀρχιερεὺς
2635 5131 2696 5151 ε-
2726 5105 2973 5160 Christus
2999 5120 3069 5179 2;
3089 5117 3286 5179 novum
3329 5100 3550 5179 [aequm
3583 5099 3762 5179 aliter

2117 5167 2324 5244 Rothe,
2358 5167 2518 5246 'A'nﬂ,
2567 5195 2621 5247 p.
2679 5179 2778 5229 731
2818 5190 2932 5247 sq.,
2966 5173 3065 5241 qui
3097 5172 3262 5247 ’ίερεῖς
3311 5167 3384 5247 de
3415 5167 3762 5247 Christianis

2114 5242 2386 5303 Ecclesia:
2421 5242 2940 5316 Philadelphensis
2992 5244 3227 5316 accipit,
3264 5248 3322 5298 et
3351 5243 3435 5297 ita
3481 5242 3762 5316 explicat:

2115 5341 2143 5367 «
2177 5322 2387 5375 Preces
2418 5319 2660 5390 quidem
2683 5310 2891 5372 vestrm
2916 5310 3155 5390 prome
3187 5315 3358 5368 bona
3389 5310 3763 5384 sunt,_multo

2112 5406 2246 5444 vero
2279 5385 2554 5446 meliores
2588 5404 2793 5461 preces
2825 5385 3064 5461 Cpristi.

2183 5464 2292 5531 (401
2328 5456 2722 5532 lnterpolator
2745 5456 3030 5532 κρείσσων..

2184 5523 2296 5605 (41)
2329 5535 2444 5588 Cfr.
2490 5523 2671 5605 :Joan.
2721 5523 2865 5599 1,7,
2897 5531 2930 5582 9
2960 5526 3060 5582 ubi
3111 5525 3380 5582 Christus
3425 5543 3487 5583 se
3520 5528 3645 5600 ipse
3665 5523 3766 5594 ja-

2112 5602 2286 5658 nuam'
2309 5602 2550 5659 vocavit.
