4080 6134
368 359 490 420 709
1577 351 1964 414 EPISTULA
2009 351 2114 411 AD
2161 350 2636 411 SMYRNEOS.
3668 355 3788 412 710

370 495 580 566 θῶμεν.
615 489 717 547 Καὶ
747 488 970 561 ἀληθῶς
1001 483 1212 555 ἔπαθεν,
1263 487 1336 548 ὡς
1390 485 1482 540 καὶ
1529 483 1756 556 ἀληθῶς
1783 483 2020 554 ἀνέστη·
2059 487 2087 554 Α

2166 485 2395 540 .alutem
2425 489 3023 556 consequeremur.Et
3051 502 3255 542 revera
3283 503 3493 558 passus
3525 492 3704 555 est,ut
3733 491 3792 541 et

373 603 458 638 σεν
518 583 631 654 (6'2)
692 579 902 649 ἑαυτὸν,
961 577 1091 652 οὐχ’
1147 575 1330 648 ὥσπερ
1389 571 1606 629 ἄπιστοί
1657 594 1794 636 τινες
1828 571 2028 647 λέγου-

2166 591 2342 631 ’θνθι-ει
2372 576 2632 646 seipsum
2663 576 3070 644 resuscitavit;
3103 593 3245 643 non,
3275 582 3342 632 ut
3379 578 3622 647 quidam
3652 576 3786 632 infi-

372 693 475 737 σιν,
517 672 630 744 (63)
687 669 749 723 τὸ
807 665 986 723 δοκεῖν
1045 665 1207 722 αὐτὸν
1262 662 1610 732 πεπονθέναι,
1644 662 1799 717 αὐτοὶ
1828 663 1890 717 τὸ
1917 664 2029 735 (64)

2166 663 2304 720 leles
2335 664 2560 731 dicunt,
2585 664 2914 722 secundum
2940 666 3350 737 apparentiam
3383 681 3517 722 eum
3545 682 3787 737 passum

370 759 549 816 δοκεῖν
606 760 778 822 ’ὀντες
837 759 929 814 καὶ
987 758 1165 821 κιθὼς
1221 760 1512 836 φρονοῦσιν
1563 756 1651 810 καὶ
1687 748 2026 827 συμϐήσεται

365 851 576 918 αὐτοῖς,
608 847 759 904 οὖσιν
790 847 1104 922 ἀσωμάτοις
1135 846 1226 900 καὶ
1258 843 1626 919 ὃαιμονικοῖς.

2141 770 2292 821 esse,
2325 754 2439 826 ipsi
2485 753 2817 810 secundum
2859 755 3269 826 apparentiam
3300 756 3696 824 exsistentes;
3729 761 3789 809 et

2139 843 2645 914 quemadmodum
2667 844 2924 915 sapiunt,
2945 845 3030 899 sic
3050 849 3110 898 et
3129 844 3434 917 continget
3453 844 3789 916 eis,quippe

2139 934 2238 1004 qui
2271 934 2628 1005 phantastici
2661 934 2781 989 sint
2801 940 2862 989 et
2884 933 3180 990 diabolici.

1308 1066 1400 1120 IIl.
1437 1064 1683 1121 Christus
1721 1071 1772 1119 et
1795 1069 1921 1134 post
1952 1063 2404 1116 resurrectionem
2435 1063 2492 1115 in
2533 1078 2696 1116 carne
2724 1063 2858 1128 fuit.

444 1200 552 1270 (65)
586 1195 731 1270 Ἐγὼ
787 1194 892 1270 γὰρ
950 1194 1042 1248 καὶ
1103 1191 1239 1266 μετά
1295 1193 1395 1261 τὴν
1455 1190 1738 1245 ἀνάστασιν
1787 1187 1839 1242 ἐν
1875 1186 2031 1262 σαρκὶ

2217 1190 2331 1260 μὶεο
2361 1188 2521 1243 enim
2552 1189 2692 1259 scio,
2744 1194 2804 1244 et
2845 1195 2979 1261 post
3026 1191 3529 1246 resurrectionem
3562 1207 3696 1246 eum
3729 1192 3790 1248 in

366 1286 532 1343 αὐτὸν
589 1282 714 1340 οἶδα
763 1285 856 1339 καὶ
920 1282 1159 1338 πιστεύω
1213 1302 1360 1340 οντα.
1419 1282 1521 1339 Καὶ
1572 1279 1662 1336 ὅτε
1720 1281 1856 1356 πρὸς
1907 1279 2034 1340 τοὺς

2166 1292 2319 1332 :arne
2349 1276 2557 1345 fuisse,
2589 1283 2648 1332 et
2673 1277 2847 1333 credo
2879 1295 3014 1334 eum
3046 1278 3238 1334 adhuc
3269 1277 3329 1334 in
3362 1295 3539 1334 carne
3567 1281 3794 1335 esse.Et

370 1375 498 1451 περὶ
561 1374 760 1448 Πέτρον
810 1373 996 1442 ἦλθεν,
1056 1365 1157 1449 ἔφη
1216 1371 1422 1433 αὐτοῖς·
1485 1365 1710 1440 Λάϐετε,
1769 1369 2036 1446 ψηλαφή-

2166 1365 2380 1436 [uando
2433 1365 2508 1421 ad
2538 1367 2776 1421 Petrum
2807 1371 2865 1421 et
2893 1368 3084 1422 socios
3114 1368 3244 1438 ejus
3274 1368 3453 1435 venit,
3487 1368 3571 1423 eis
3604 1368 3751 1423 dixit
3777 1401 3790 1439 ε

372 1466 498 1521 σατέ
559 1484 648 1538 με,
714 1462 806 1518 καὶ
868 1459 1036 1530 Ἱδετε,
1099 1460 1185 1516 δτι
1243 1460 1347 1515 οὐκ
1403 1458 1517 1532 εἰμὶ
1570 1457 1855 1532 δαιμόνιον
1887 1457 2034 1513 ἀσώ-

2166 1455 2899 1528 ιΑρρι-θὶιεηάὶιθ,ρδ.ὶρίιιθ
2922 1461 3102 1526 me,et
3125 1456 3335 1523 videte,
3357 1457 3515 1528 quod
3536 1475 3656 1513 non
3680 1457 3793 1512 sim

381 1575 552 1629 ματον
580 1555 716 1625 (66).
751 1551 853 1608 Καὶ
903 1549 1059 1614 εὐθὺς
1092 1550 1257 1605 αὐτοῦ
1286 1551 1548 1623 ἣψαντον,
1583 1549 1668 1604 καὶ
1701 1548 2035 1618 ἐπίστευσαν,

2166 1543 2506 1599 laemonium
2526 1545 3032 1616 incorporale.»Et
3047 1545 3357 1600 confestim
3380 1547 3575 1618 ipsum
3594 1547 3797 1618 tetige-

374 1642 736 1720 κρατηθέντες
793 1645 862 1714 τῇ
923 1639 1078 1714 σαρκὶ
1137 1638 1304 1694 αὐτοῦ
1358 1639 1448 1692 καὶ
1495 1639 1574 1709 τῷ
1622 1637 1906 1712 πνεύματι.
1941 1639 2038 1691 Διά

2166 1638 2289 1688 'unt
2320 1639 2378 1688 et
2407 1634 2809 1702 crediderunt,
2833 1635 3082 1689 convicti
3114 1651 3289 1690 carne
3318 1635 3445 1708 ejus
3473 1641 3530 1690 et
3559 1637 3792 1708 spiritu.

375 1738 542 1788 τοῦτο
573 1731 664 1786 καὶ
717 1730 946 1784 θανάτου
996 1730 1426 1806 κατεφρόνησαν,
1463 1727 1768 1802 ηὑρέθησαν
1813 1725 1869 1782 δὶ
1902 1728 2036 1804 ὑπὲρ

2166 1725 2394 1794 ?ropter
2423 1723 2534 1777 hoc
2567 1723 2744 1778 etiam
2770 1730 3012 1778 mortem
3044 1728 3617 1794 contempserunt,et
3645 1741 3797 1779 mor-

374 1822 625 1887 θάνατον.
661 1822 776 1894 (67)
835 1817 985 1876 Μετὰ
1015 1815 1074 1872 δὲ
1127 1818 1228 1886 τὴν
1299 1817 1586 1872 ἀνάστασιν
1617 1818 1908 1894 συνέφαγεν
1940 1816 2036 1872 αὖ·
2071 1829 2087 1892 ]

2166 1810 2221 1864 .is
2251 1816 2389 1865 sunt
2419 1813 2640 1867 inventi
2669 1814 2940 1868 victores.
2989 1814 3129 1867 Post
3157 1814 3656 1868 resurrectionem
3687 1829 3794 1867 au-

371 1917 490 1973 τοῖς
520 1911 612 1965 καὶ
671 1909 915 1964 συνέπιεν
977 1907 1050 1969 ὡς
1111 1907 1390 1978 σαρκικὸς,
1428 1905 1621 1982 καίπερ
1654 1909 2034 1979 πνευματικῶς

2171 1915 2265 1954 em
2299 1917 2433 1956 cum
2466 1901 2586 1956 illis
2618 1901 2875 1956 comedit
2905 1907 2964 1956 et
2987 1900 3155 1967 bibit,
3182 1907 3247 1956 ut
3278 1901 3554 1969 carnalis,
3587 1917 3796 1972 quam-

374 1998 666 2074 ἡνωμένος
690 2003 768 2072 τῷ
801 1998 999 2072 Πατρι.

2166 1988 2230 2043 ris
2260 1990 2651 2059 spiritualiter
2678 1991 2881 2046 unitus
2913 1996 3070 2046 esset
3096 1991 3278 2046 Patri.

774 2137 866 2191 ιν.
902 2134 1092 2190 Cavete
1119 2135 1266 2190 vobis
1295 2135 1364 2189 ab
1396 2133 1664 2189 haereticis
1694 2136 1828 2191 istis.
1862 2136 1981 2191 Nisi
2011 2132 2263 2192 Christus
2302 2143 2424 2182 vere
2466 2142 2662 2197 passus
2713 2133 2868 2194 esset,
2899 2142 2998 2181 nec
3029 2143 3127 2196 ego
3152 2134 3398 2197 paterer.

439 2262 625 2317 Ταῦτα
657 2255 714 2313 δὲ
744 2262 994 2331 παραινῶ
1052 2257 1204 2330 ὑμῖν,
1246 2255 1546 2331 ἀγαπητοὶ,
1609 2253 1788 2327 εἰδὼς,
1823 2257 1908 2312 ὃτι
1942 2255 2031 2312 καὶ

371 2351 530 2424 ὑμεῖς
591 2348 774 2410 οὕτως
830 2345 1004 2422 ἔχετε.
1071 2345 1448 2425 ΙΙροφυλάσσω
1509 2342 1566 2399 δὲ
1617 2346 1756 2418 ὑμᾶς
1790 2346 1895 2400 ἀπὸ
1925 2350 2036 2401 τῶν

372 2438 580 2515 θηρίων
635 2440 744 2492 τῶν
799 2435 1307 2513 ἀνθρωπομόρφων,
1339 2430 1432 2496 οὕς
1485 2433 1547 2488 οὗ
1584 2432 1748 2507 μόνον
1781 2431 1866 2489 δεῖ
1895 2434 2036 2506 ὑμᾶς

374 2530 452 2602 μὴ
484 2523 909 2602 παραδέχεσθαι,
960 2521 1086 2579 ἀλλ’
1138 2522 1185 2577 εἲ
1235 2520 1460 2577 δυνατόν
1505 2520 1640 2591 ἐστι,
1677 2519 1818 2594 μηδὲ
1845 2543 2035 2577 συναν-

372 2622 490 2688 τᾷν,
554 2615 720 2689 μόνον
781 2611 838 2668 δὲ
893 2612 1292 2687 προσεύχεσθαι
1351 2611 1485 2685 ὓπερ
1542 2611 1746 2678 αὐτῶν,
1793 2610 1880 2665 ἐάν
1919 2633 2037 2674 πως

383 2706 812 2777 μετανοήσωσιν,
861 2701 993 2776 ὅπερ
1043 2697 1332 2758 δύσκολον.
1394 2701 1605 2756 Τούτου
1637 2697 1694 2754 δὲ
1725 2698 1844 2774 ἔχει
1884 2698 2039 2770 ἐξου-

388 2793 501 2847 σίαν
545 2796 753 2864 Ἰησοῦς
804 2791 1045 2865 Χριστὸς
1073 2790 1135 2845 τὸ
1167 2788 1430 2860 ἀληθινὸν
1477 2791 1640 2862 ἡμῶν
1674 2793 1794 2863 ζῇν.
1823 2792 1942 2862 (68)
1974 2789 2036 2845 Εἰ

387 2882 488 2956 γὰρ
538 2881 600 2936 τὸ
653 2879 828 2936 δοκεῖν
880 2882 990 2953 (69)
1033 2882 1203 2935 ταῦτα
1255 2877 1508 2952 ἐπράχθη
1566 2877 1671 2932 ὑπὸ
1701 2881 1797 2932 τοῦ
1828 2878 2038 2952 Κυρίου

386 2973 568 3043 ἡμῶν,
599 2971 752 3046 κάγὼ
781 2973 862 3041 τῷ
893 2965 1070 3023 δοκεῖν
1105 2965 1347 3041 δέδεμαι.
1407 2966 1470 3021 Τί
1534 2962 1591 3020 δὲ
1635 2967 1724 3022 καὶ
1759 2971 1874 3034 (70)
1905 2965 2038 3022 ἐαυ-

381 3059 472 3115 τὸν
503 3054 724 3114 ἔκδοτον
757 3055 969 3114 δὲδωκα
1020 3061 1100 3129 τῷ
1155 3057 1390 3127 θανάτῳ,
1423 3056 1560 3130 πρὸς
1585 3059 1717 3127 πῦρ,
1759 3056 1898 3132 πρὸς
1934 3057 2040 3130 μά-

2222 2253 2303 2308 De
2331 2251 2421 2307 his
2450 2257 2649 2307 autem
2681 2250 2970 2306 admoneo
3002 2269 3124 2320 vos,
3156 2253 3508 2324 charissimi,
3535 2252 3800 2323 quamvis

2151 2359 2251 2398 vos
2281 2341 2438 2397 idem
2470 2341 2692 2396 sentire
2724 2342 2928 2396 sciam.
2965 2341 3074 2396 Sed
3106 2343 3433 2413 praemunio
3465 2358 3563 2397 vos
3594 2348 3801 2398 contra

2148 2433 2326 2498 feras,
2360 2431 2654 2485 humanas
2703 2429 2898 2500 specie
2955 2429 3216 2498 indutas,
3277 2447 3423 2502 quos
3455 2449 3573 2487 non
3605 2431 3799 2486 solum

2149 2523 2381 2592 oportet
2410 2536 2508 2574 vos
2541 2535 2660 2572 non
2691 2519 2976 2589 recipere,
3007 2519 3130 2586 sed,
3163 2519 3208 2573 si
3243 2520 3522 2591 possibile
3555 2525 3665 2586 est,
3695 2536 3804 2574 ne-

2149 2629 2264 2683 que
2295 2612 2527 2666 obviam
2551 2611 2634 2666 eis
2659 2611 2808 2677 fieri,
2829 2611 3020 2666 solum
3043 2628 3177 2667 vero
3206 2629 3312 2684 pro
3345 2613 3428 2668 eis
3459 2629 3802 2674 orare.num

2148 2701 2412 2772 aliquam
2442 2700 2851 2771 paenitentiam
2881 2705 3076 2770 agant,
3105 2701 3264 2772 quod
3294 2701 3615 2758 admodum
3647 2701 3801 2757 difﬁ-

2149 2790 2262 2845 cile
2289 2789 2593 2861 est.Hujus
2615 2793 2813 2844 autem
2844 2794 3200 2861 potestatem
3231 2790 3410 2846 habet
3437 2791 3603 2846 Jesus
3633 2791 3802 2846 Chri-

2150 2882 2298 2948 stus,
2331 2877 2432 2948 qui
2465 2893 2601 2932 vera
2632 2883 2720 2932 est
2742 2878 2858 2933 vita
2887 2883 3110 2933 nostra.
3130 2879 3186 2933 Si
3210 2885 3407 2935 autem
3428 2879 3578 2934 illud
3598 2879 3671 2934 ad
3702 2896 3801 2950 ap-

2149 2967 2484 3040 parentiam
2513 2971 2744 3022 tantum
2779 2983 2812 3022 a
2843 2967 3091 3022 Domino
3118 2974 3321 3024 nostro
3353 2974 3658 3040 peractum
3691 2973 3800 3038 est,

2151 3062 2209 3112 et
2231 3073 2335 3130 ego
2366 3056 2440 3111 ad
2490 3057 2900 3128 apparentiam
2958 3061 3186 3114 tantum
3245 3058 3474 3113 vinctus
3505 3075 3657 3114 sum.
3685 3062 3803 3116 Cur

381 3167 604 3224 χαιραν,
663 3148 798 3222 πρὸς
858 3146 1060 3222 θηρίας
1119 3142 1278 3201 Ἀλλ’
1334 3143 1496 3220 ἐγγὺς
1551 3145 1833 3219 μαχαίρας
1878 3143 2087 3221 ἐγγὺς(

2166 3163 2283 3202 rero
2315 3151 2371 3200 et
2402 3145 2694 3217 meipsum
2729 3146 2942 3201 tradidi
2989 3146 3187 3216 morti,
3221 3147 3296 3202 ad
3328 3147 3542 3220 ignem,
3576 3147 3650 3202 ad
3675 3147 3798 3219 gla-

384 3241 542 3307 Θεοῦ,
605 3235 802 3311 μεταξὺ
859 3235 1064 3309 θηρίων
1143 3235 1336 3308 μεταξὺ
1408 3237 1562 3289 Θεοῦ’
1627 3234 1788 3306 μόνον
1848 3233 1900 3288 ἐν
1956 3240 2036 3308 τῷ

384 3327 616 3401 ἀνόματι
646 3327 830 3396 Ἰησοῦ
861 3327 1120 3400 Χριστοῦ.
1171 3325 1285 3396 (71)
1327 3323 1417 3384 Εἰς
1461 3323 1524 3378 τὸ
1557 3327 1858 3394 συμπαθεῖν
1893 3323 2039 3396 αὖτῷ

2149 3236 2334 3307 dium,
2360 3236 2435 3292 ad
2460 3236 2680 3291 bestias
2699 3237 2726 3291 εἰ
2755 3238 2989 3304 Verum,
3015 3237 3115 3307 qui
3134 3254 3314 3309 prope
3336 3237 3800 3310 gladium,prope

2151 3327 2335 3382 Deum
2358 3331 2465 3393 est,
2487 3325 2589 3398 qui
2613 3342 2747 3382 cum
2770 3326 2997 3394 bestiis,
3021 3343 3156 3382 cum
3181 3328 3297 3383 Deo
3321 3333 3444 3396 est;
3477 3326 3799 3383 dummodo

1853 3449 2020 3505 Vetus
2049 3451 2338 3520 interpres.

387 3569 653 3641 seipsum
677 3583 689 3621 :
721 3582 866 3641 non,
897 3563 1397 3636 quemadmodum
1422 3563 1692 3641 infideles
1713 3563 1958 3641 quidam
1980 3564 2206 3633 dicunt,
2232 3565 2559 3641 secundum
2587 3565 2769 3641 videri
2793 3569 2986 3641 ipsum
3014 3585 3253 3640 passum
3277 3585 3424 3638 esse,
3452 3570 3564 3641 ipsi
3587 3586 3798 3625 secun-

385 3635 529 3696 dum
560 3639 742 3694 videri
779 3635 1124 3708 existentes,
1155 3641 1215 3692 et
1244 3635 1750 3707 quemadmodum
1785 3636 2044 3707 sapiunt,
2079 3643 2138 3692 et
2165 3637 2395 3694 accidet
2423 3639 2589 3709 ipsis,
2624 3635 3048 3694 exsisténtibus
3089 3635 3456 3712 incorporeis
3476 3635 3546 3697 'et
3575 3641 3799 3696 daemo-

390 3713 600 3768 niacis.

1920 3809 2155 3864 CAPUT
2193 3811 2288 3866 III.

463 3913 579 3982 Ego
611 3909 862 3982 enimet
892 3911 1026 3982 post
1055 3905 1554 3982 resurrectionem
1584 3904 1644 3959 in
1675 3921 1852 3982 carne
1909 3922 2081 3976 psum
2111 3907 2257 3982 vidi,
2285 3913 2344 3982 et
2373 3907 2550 3963 credo
2584 3910 2988 3982 exsistentem.
3022 3912 3091 3964 Et
3119 3927 3256 3965 cum
3285 3911 3359 3966 ad
3383 3927 3483 3966 eos
3516 3912 3616 3981 qui
3649 3911 3807 3968 circa

393 3977 636 4038 Petrum
662 3980 853 4053 venit,
875 3977 960 4034 ait
988 3977 1168 4053 ipsis;
1201 3977 1630 4047 Apprehendite,
1650 3977 1914 4053 __p_alpate
1967 3995 2071 4045 me,
2119 3985 2173 4053 et
2201 3980 2402 4053 pidete,
2434 3981 2698 4050 quoniam
2744 3998 2853 4036 non
2881 3999 3003 4036 sum
3033 3983 3367 4038 daemonium
3397 3977 3804 4053 incorporeum.

396 4055 467 4108 Et
495 4052 810 4109 confestim
832 4047 1036 4126 ipsum
1071 4049 1408 4126 tetigerunt,
1443 4053 1501 4103 et
1529 4047 1931 4126 crediderunt,
1965 4049 2225 4126 convicti
2249 4067 2422 4106 carne
2442 4047 2659 4122 ipsius
2689 4059 2745 4108 et
2774 4055 3004 4124 spiritu.
3042 4055 3288 4126 Propter
3318 4054 3430 4109 hoc
3460 4059 3518 4108 et
3549 4047 3804 4110 mortem

398 4120 924 4196 contempserunt;
959 4120 1180 4176 inventi
1211 4126 1412 4196 autem
1457 4125 2134 4196 sunttsupenmoritem.
2193 4122 2328 4176 Post
2386 4120 2885 4180 resurrectionem
2937 4130 3134 4181 autem
3158 4120 3426 4180 'comedit
3456 4142 3589 4180 cum
3632 4127 3716 4180 eis
3751 4131 3808 4180 et

399 4196 568 4262 bibit,
603 4190 668 4251 ut
696 4193 953 4250 carnalis
983 4209 995 4258 ;
1030 4192 1298 4264 quamvis
1329 4190 1714 4262 spiritualiter
1741 4190 1947 4245 unitus
1979 4193 2159 4247 Patri.

1937 4289 2168 4344 CAPUT
2188 4291 2277 4343 IV.

467 4392 601 4446 Haec
630 4394 829 4445 autem
862 4387 1189 4443 monel'acio
1221 4386 1404 4452 vobis,
1438 4385 1661 4459 dilecti,
1697 4386 1892 4440 sciens
1923 4387 2193 4459 quoniam
2225 4393 2282 4442 et
2314 4405 2412 4443 vos
2445 4389 2527 4444 sic
2560 4391 2814 4446 habetis.
2840 4394 3176 4449 Prenmunio
3208 4401 3406 4452 autem
3427 4413 3528 4451 vos
3550 4414 3584 4451 a
3605 4395 3812 4451 bestiis

398 4461 1000 4534 anthropomorphis:
1036 4475 1183 4530 quos
1213 4475 1333 4512 non
1367 4457 1559 4512 solum
1591 4463 1824 4528 oportet
1854 4457 1955 4513 vos
1985 4475 2104 4512 non
2124 4459 2407 4585 recigere,
2441 4461 2546 4515 sed
2578 4463 2624 4515 si
2657 4463 2941 4534 possibile
2973 4481 3168 4536 neque
3200 4467 3284 4523 eis
3315 4468 3587 4523 obviare:
3618 4469 3813 4524 solum

398 4540 599 4585 autem
631 4549 800 4585 orare
831 4549 937 4585 pro
971 4531 1136 4585 insis.
1171 4531 1219 4584 si
1248 4545 1362 4585 auo
1397 4529 1573 4584 modo
1621 4529 1987 4585 nceniteant:
2039 4531 2199 4585 auod
2287 4533 2507 4585 ifﬁcile.
2562 4534 2748 4585 Huius
2802 4541 2999 4585 autem
3059 4538 3237 4585 habet
3268 4545 3618 4585 nntestatnm
3649 4541 3813 4585 Ιρςιις

398 4529 800 4611 autem-orare
829 4529 937 4603 pro
971 4529 1136 4603 ipsis,
1171 4531 1219 4584 si
1248 4545 1362 4611 quo
1397 4529 1573 4611 modo
1621 4529 1987 4611 poeniteant;
2031 4531 2199 4611 quod

2287 4533 2507 4621 ifiici‘le.
2562 4533 2748 4606 Hujus
2784 4541 3019 4621 lautem‘
3059 4533 3237 4621 lia-bet
3267 4545 3620 4621 potestatem
3649 4541 3816 4595 Jesus

397 4606 687 4672 Christus,
721 4600 921 4684 verum
955 4600 1236 4684 nostrum
1257 4601 1466 4684 vivere.
1494 4601 1558 4684 .S‘i
1589 4605 1789 4684 autem
1825 4600 2155 4684 secundum
2192 4603 2377 4684 videri
2428 4605 2577 4684 haec
2600 4600 2842 4684 operata
2889 4612 3032 4684 sunt
3057 4625 3091 4662 a
3122 4600 3370 4666 Domino
3403 4617 3642 4665 nostro:
3678 4627 3815 4684 ergo

403 4683 462 4758 et
491 4693 596 4758 ego
627 4671 954 4758 secundum
984 4672 1367 4758 videri_ligor.
1401 4671 1550 4736 Quid
1581 4676 1780 4758 autem
1812 4671 2681 4758 etmeipsumntraditum.dedi
2731 4679 2932 4758 morti,
2963 4679 3036 4734 ad
3071 4681 3290 4758 ignem,
3323 4681 3714 4758 adgladium,
3745 4671 3820 4758 ad

402 4743 674 4804 bestias?
704 4747 815 4802 Sed
842 4762 1022 4818 pr0pe
1053 4743 1339 4817 gladium,
1380 4759 1563 4814 prape
1593 4743 1818 4800 Deum:
1871 4743 2038 4798 inter
2074 4745 2337 4800 medium
2392 4747 2738 4816 bestiarum,
2796 4743 2952 4804 inter
2999 4743 3289 4807 medium'
3324 4743 3459 4807 Dei:
3501 4743 3711 4807 Solum
3754 4754 3816 4808 in

479 4933 590 5005 (62)
621 4930 736 4986 Cfr.
770 4928 924 4986 infra
956 4945 1006 4983 c.
1041 4929 1094 4996 7,
1127 4925 1156 4980 ὁ
1187 4925 1373 4999 Πατὴρ
1395 4925 1636 4999 ἢγειρεν,
1671 4931 1728 4979 et
1758 4924 1830 4981 ad
1855 4926 2056 4998 Trall.,
2094 4929 2140 4993 D
2171 4944 2299 4982 esse
2331 4929 2720 5006 con_tendit_S.
2755 4932 3146 5004 Hieronymus
3176 4934 3237 4988 in
3267 4934 3541 5006 Catalogo
3573 4936 3824 5006 scripto-

415 5022 466 5061 c.
487 5006 598 5146 ((6.3)
631 5072 743 5146 Cir.
777 5070 851 5127 ad
881 5069 1084 5146 ’[ιείιὶι.⁹
1119 5086 1168 5126 c.
1207 5071 1290 5124 10.

483 5139 594 5217 (64)
623 5143 927 5215 Ejusmodi
957 5140 1385 5217 paronomasiaa
1418 5139 1634 5217 saepius
1658 5139 1841 5217 apud
1892 5142 2063 5217 Igna—

409 5209 558 5273 tium
577 5209 890 5284 leguntur,
923 5209 977 5270 εἷ
999 5230 1060 5286 g._
1083 5213 1144 5266 in
1169 5209 1554 5286 inscriptione
1569 5209 1839 5286 epistolae
1862 5209 1943 5267 ad
1961 5215 2060 5270 Po-

409 5280 739 5360 lycarpu'm,
775 5287 834 5360 in
867 5280 958 5360 ep.
993 5280 1264 5360 ad_Ron_1.
1291 5280 1428 5360 αξξ,
1462 5281 1536 5336 ad
1567 5280 1768 5360 Tra_ll.,
1797 5299 1847 5338 c.
1881 5287 1934 5360 ti.

484 5354 594 5432 (65)
627 5354 1033 5432 Hmclaudant
1063 5355 1310 5432 Eusebi
1346 5354 1752 5432 li._e.,l_m_,__36_,
1794 5355 2064 5432 e_t_:l‘l_1e_o-

1120 5443 1178 5497 p.
1213 5429 1334 5480 127.
1369 5424 1484 5480 Cfr.
1513 5424 1574 5478 C.
1599 5424 1683 5478 W.
1709 5424 1800 5497 Fr.
1827 5427 2063 5484 Walch:

415 5429 626 5498 doret.,
658 5430 805 5484 Dial.
840 5429 909 5494 ΙΙ,
940 5429 974 5482 1.
1013 5445 1089 5490 c.,

2169 5016 2302 5078 rum
2333 5003 2891 5078 ecclesiasticorum.
2922 5003 3253 5078 Pearsonus
3285 5003 3619 5076 suspicatur
3650 5003 3821 5078 lgna-

2171 5071 2317 5126 tium
2351 5089 2420 5127 ea
2455 5090 2522 5128 ex
2550 5073 2867 5129 traditione
2925 5076 3072 5130 orali
3131 5093 3258 5130 esse
3314 5071 3816 5132 mﬁtuatumefr.

2171 5143 2450 5199 Creduer.
2476 5147 2727 5214 Beitrage
2757 5147 2800 5210 Ι,
2834 5163 2890 5215 ρ.
2923 5148 3048 5216 407,
3081 5149 3204 5201 408.

2244 5218 2356 5281 (67)
2389 5217 2473 5272 Cf.
2509 5219 2635 5270 Act.
2670 5233 2725 5281 x,
2759 5216 2847 5270 41.

2269 5288 2354 5364 66)
2390 5289 2520 5364 [iam
2549 5287 3153 5364 laudat_Theodoret.,
3189 5292 3332 5346 Dial.
3367 5291 3410 5360 Ι,
3452 5290 3491 5344 1.
3533 5308 3608 5363 c.,
3641 5309 3697 5364 p.
3731 5294 3818 5348 50.

2268 5359 2356 5427 69)
2389 5360 2477 5414 Sc.
2510 5357 2571 5410 τὸ
2602 5358 2813 5413 παθεῖν.

2247 5427 2360 5505 (70)
2383 5431 2430 5505 (Ι.
2465 5447 2522 5500 q.
2557 5427 2816 5501 ἐμαύτόν,
2865 5436 2932 5485 ut
2981 5446 3156 5503 smpe.
3211 5433 3294 5490 Cf.
3347 5432 3422 5488 ad
3452 5435 3652 5502 Trall.,
3685 5452 3738 5492 c.
3773 5437 3826 5505 3,

415 5526 442 5553 «
478 5496 627 5558 Num
655 5501 915 5626 ignauus
945 5496 1244 5554 Christum
1277 5502 1410 5569 post
1454 5496 1957 5583 resurrectionem
2005 5501 2068 5555 in
2177 5496 2300 5556 not.
2334 5496 2424 5555 84.

417 5590 594 5626 carne
624 5589 676 5626 v1
724 5577 855 5626 erit.
887 5573 1272 5626 Proaramma
1300 5568 1504 5626 nasch.
1537 5589 1566 5616 »
1594 5567 1874 5626 Gotting”
1908 5574 2066 5626 1772.
2251 5573 2364 5626 (71)
2393 5574 2424 5626 C

417 5590 594 5630 carne
624 5572 676 5627 vi

724 5571 855 5652 erit.
887 5567 1504 5652 Prograinma'pasch.
1537 5567 1874 5652 »‘Gotting.,
1908 5574 2066 5652 1772.

484 5646 591 5716 (66)
623 5646 708 5700 Ex
753 5637 1061 5714 Evangelia
1109 5637 1520 5697 Nazaréeorum
1575 5637 1702 5693 haec
1757 5637 2071 5715 desumpta

2251 5573 2364 5644 (71)
2393 5574 2478 5628 Cf.
2513 5573 2678 5628 Rom.
2717 5589 2826 5643 vm,
2865 5576 2946 5629 17.
