4080 6134
407 320 524 380 711

1407 309 1686 370 SANCTI
1733 311 2032 374 lGNATll
2077 314 2475 376 EPISTOLE
2519 312 2915 376 GENUINJE.

3707 319 3840 377 712

412 455 489 510 sit
519 455 579 509 in
611 450 852 507 nomine
884 450 1019 505 Jesu
1050 447 1283 502 Christi.
1323 447 1393 501 Ut
1440 447 1619 502 simul
1649 463 1782 502 cum
1815 447 1919 504 illo
1948 467 2044 522 pa-

2170 450 2338 505 πάντα
2367 450 2651 523 ὑπομένω,
2681 449 2848 506 αὐτοῦ
2905 471 2972 526 με
3030 448 3456 526 ἐνδυναμοῦντος
3481 455 3581 508 τοῦ
3612 452 3849 508 τελείου

406 546 539 608 tiar,
575 543 776 598 omnia
806 539 1092 605 sustineo,
1124 538 1251 610 ipso
1284 536 1604 597 roborant.
1648 554 1764 606 me,
1799 540 1899 610 qui
1931 556 2062 611 per-

398 634 590 688 fectus
621 633 798 688 homo
827 629 1025 686 iactus
1059 633 1170 683 est.

2175 540 2463 613 ἀνθρώπου
2489 539 2804 614 γενομένου.

1609 728 1667 780 V.
1698 728 2014 783 Periculum
2045 733 2248 786 erroris
2279 733 2626 789 Docetarum.

471 832 616 884 Eum
651 828 814 883 stulti
841 827 1081 898 quidam
1104 825 1422 898 abnegant,
1452 825 1648 896 potius
1669 832 1865 881 autem
1887 827 1960 882 ab
1985 843 2051 882 eo

401 919 791 990 abnegantur,
816 915 1048 987 patroni
1080 915 1292 969 mortis
1313 915 1522 985 magis,
1554 930 1731 984 quam
1755 915 2048 980 veritatis;

403 1009 618 1079 quibus
643 1023 752 1061 nec
783 1005 1107 1077 prophetiae
1145 1019 1516 1074 persuasere,
1550 1020 1660 1058 nec
1690 1004 1903 1075 Moysis
1935 1004 2052 1074 lex,

399 1099 503 1154 sed
534 1116 644 1153 nec
699 1096 1077 1169 Evangelium
1120 1096 1181 1148 in
1235 1095 1392 1148 hunc
1424 1110 1612 1164 usque
1645 1094 1823 1160 diem,
1857 1111 2049 1165 neque

397 1195 615 1243 nostra:
638 1186 1008 1259 singulorum
1027 1185 1509 1257 passiones.Nam
1531 1189 1586 1238 et
1608 1183 1678 1238 de
1697 1183 1868 1238 nobis
1893 1183 2050 1243 idem

395 1278 680 1334 sentiunt.
707 1277 858 1342 Quid
889 1277 1049 1332 enim
1081 1275 1227 1330 mihi
1260 1273 1520 1345 prodest,
1555 1274 1601 1328 si
1636 1274 1770 1344 quis
1801 1290 1895 1328 me
1928 1273 2051 1329 lau-

396 1369 512 1423 det.
548 1368 864 1422 Dominum
894 1372 1090 1421 autem
1113 1381 1314 1419 meum
1339 1363 1732 1434 blasphemet,
1756 1380 1892 1418 eum
1921 1380 2046 1418 car-

395 1476 534 1514 nem
566 1457 957 1529 assumpsisse
989 1472 1210 1527 negans
1231 1457 1258 1510 ‘?
1287 1455 1394 1519 Qui
1419 1471 1551 1508 vero
1580 1453 1639 1508 id
1662 1471 1782 1508 non
1810 1455 2047 1525 profite-

396 1554 510 1613 tur,
546 1549 594 1602 is
627 1563 869 1618 prorsus
915 1561 1050 1600 eum
1098 1545 1346 1615 negavit,
1400 1544 1524 1614 ipse
1573 1543 1750 1598 funus
1781 1550 2046 1614 portans.

395 1639 647 1692 Nomina
678 1653 811 1690 vero
833 1652 1062 1702 eorum,
1095 1651 1228 1689 cum
1253 1633 1372 1687 sint
1401 1633 1690 1697 infidelia,
1716 1650 1835 1687 non
1859 1634 2048 1687 visum

2234 830 2334 886 ’Ὁν
2363 851 2501 892 τινες
2535 831 2849 906 ἀγνοοῦντες
2883 829 3190 903 ἀρνοῦνται,
3226 827 3444 904 μᾶλλον
3478 827 3534 885 δὲ
3575 833 3690 903 (72)
3719 831 3838 906 ἡρ-

2162 919 2402 988 νήθησαν
2461 920 2548 973 ὑπ’
2613 918 2798 986 αὐτοῦ,
2859 920 3009 982 ὅντες
3071 922 3365 995 συνήγοροι
3424 924 3522 975 τοῦ
3586 919 3835 984 θανάτου

2167 1006 2378 1080 μᾶλλον
2411 1008 2446 1078 ἢ
2477 1015 2578 1078 τῆς
2607 1007 2887 1079 ἀληθείας·
2942 1010 3035 1072 οὕς
3094 1009 3191 1064 οὐκ
3248 1003 3460 1064 ἔπεισαν
3493 1011 3549 1064 αἱ
3599 1031 3835 1086 προφηο

2159 1103 2322 1167 τεῖσιι,
2357 1097 2475 1153 οὐδ’
2534 1102 2562 1154 ὁ
2622 1101 2788 1172 νόμος
2847 1099 3146 1171 Μωυσέως,
3205 1100 3334 1157 ἀλλ’
3365 1099 3492 1157 οὐδὲ
3525 1104 3697 1179 μέχρι
3728 1106 3829 1156 νῦν

2158 1187 2220 1242 τὸ
2251 1189 2364 1260 (73)
2404 1185 2760 1263 Εὖαγγὲλιον,
2821 1187 2948 1245 οὐδὲ
3004 1193 3068 1245 τὰ
3125 1192 3369 1266 ἡμέτερα
3415 1196 3524 1246 τῶν
3578 1193 3699 1247 κατ’
3729 1189 3834 1245 ἅν-

2161 1273 2262 1351 δρα
2308 1279 2627 1352 παθήματα.
2689 1283 2802 1352 (74)
2864 1281 2958 1336 Καὶ
3021 1280 3126 1356 γὰρ
3181 1281 3305 1354 περὶ
3363 1283 3524 1352 ἡμῶν
3573 1281 3638 1337 τὸ
3688 1281 3832 1338 αὐτὸ

2160 1371 2467 1442 φρονοῦσιν.
2503 1374 2610 1440 (75)
2641 1370 2707 1426 Τί
2750 1370 2853 1442 γάρ
2891 1391 2956 1442 με
2985 1369 3189 1448 ὠφελεῖ
3217 1392 3325 1435 τις,
3370 1372 3416 1426 εἰ
3462 1369 3560 1444 ἐμὲ
3591 1370 3831 1440 ἐπαινεῖ,

2157 1458 2249 1512 τὸν
2305 1455 2363 1512 δὲ
2421 1459 2617 1533 Κύριον
2681 1481 2786 1534 μου
2843 1461 3184 1538 βλασφημεῖ,
3241 1464 3354 1534 (76)
3409 1463 3484 1534 μὴ
3519 1460 3832 1535 ὁμολογῶν

2160 1547 2319 1603 αὐτὸν
2349 1550 2734 1626 σαρκοφόρονς
2793 1551 2852 1607 Ὀ
2922 1547 2979 1604 δὲ
3026 1554 3185 1605 τοῦτο
3247 1551 3324 1623 μή
3385 1549 3556 1626 λέγων
3590 1549 3830 1612 τελείως

2159 1636 2318 1691 αὑτὸν
2371 1637 2707 1712 ἀπήρνηται.
2769 1637 2842 1693 ὢν
2909 1639 3259 1714 νεκροφόρος.
3319 1641 3403 1696 Τὰ
3461 1637 3516 1695 δὲ
3575 1639 3830 1713 ὀνόματα

395 1727 538 1780 mihi
570 1730 655 1780 est
686 1725 961 1780 scribere.
999 1725 1067 1776 Et
1096 1723 1251 1778 absit
1277 1738 1309 1775 a
1330 1739 1444 1786 me,
1470 1727 1536 1775 ut
1558 1738 1764 1775 eorum
1799 1723 2044 1776 mentio-

2165 1725 2352 1794 ῑύτῶν,
2387 1725 2516 1780 ὄντα
2578 1726 2798 1797 ἄπιστα,
2859 1729 2958 1784 οὐκ
3016 1727 3162 1799 ἔδοξὲ
3197 1750 3291 1801 μοι
3324 1727 3608 1804 ἐγγράψαι,
3644 1728 3826 1785 ’Λλλὰ

390 1832 528 1870 nem
550 1815 784 1880 faciam,
805 1813 991 1868 donec
1009 1816 1381 1866 revertantur
1410 1810 1483 1864 ad
1518 1811 1855 1881 passionem
1878 1811 2042 1864 Chri-

392 1907 486 1972 sti,
521 1922 652 1975 qua;
683 1909 770 1959 est
800 1909 1003 1958 nostra
1035 1901 1411 1956 resurrectio.

2159 1812 2298 1888 μηδὲ
2329 1815 2546 1889 γένοιτό
2585 1839 2681 1889 μοι
2727 1818 2902 1872 αὐτῶν
2959 1818 3346 1892 μνημονεύειν,
3377 1820 3576 1892 μέχρις
3609 1816 3674 1872 οὗ
3707 1823 3824 1892 (77)

2158 1905 2567 1975 μετανοήσουσιν
2630 1905 2705 1966 εἰς
2761 1906 2824 1959 τὸ
2883 1904 3078 1974 πάθος,
3155 1907 3184 1960 δ
3261 1905 3402 1960 ἐστιν
3462 1908 3625 1978 ἡμῶν
3686 1907 3822 1960 ἀνά-

2157 2011 2362 2051 στασις.

394 2098 488 2153 Vl.
523 2099 629 2162 Qui
658 2113 766 2152 non
796 2097 970 2151 credit
1002 2095 1060 2150 in
1089 2095 1411 2163 sanguinem
1444 2093 1668 2160 Christi,
1716 2092 2091 2161 judicabitur,
2137 2093 2236 2216 «ἔιεί
2291 2093 2518 2162 angelus
2565 2101 2718 2150 esset.
2778 2095 3069 2151 Hae-reﬁcis
3114 2097 3232 2150 istis
3261 2097 3427 2151 etiam
3456 2099 3687 2152 virtutes
3715 2097 3818 2152 de-

2030 2180 2130 2216 sun
2167 2204 2178 2216 .

2030 2180 2178 2219 sunt.

465 2269 648 2323 Nemo
681 2272 856 2322 erret.
885 2269 956 2320 Et
976 2266 1023 2320 si
1057 2264 1348 2330 caelestes,
1377 2270 1434 2318 et
1462 2263 1650 2334 gloria
1681 2262 2048 2334 angelorum,

395 2366 452 2412 et
483 2358 781 2429 principes
812 2356 1071 2410 visibiles
1110 2361 1167 2410 et
1200 2354 1528 2410 invisibiles
1561 2371 1679 2408 non
1711 2353 1959 2408 credant
1988 2353 2049 2406 in

394 2445 743 2517 sanguinem
767 2445 1000 2513 Christi,
1029 2450 1084 2498 et
1117 2444 1227 2515 ipsi
1256 2442 1704 2513 judicabuntur.
1731 2443 1835 2506 Qui
1855 2457 2050 2512 capere

390 2540 586 2606 potest,
620 2534 1030 2604 capiat.Locus
1061 2533 1362 2587 neminem
1389 2533 1633 2596 ell'erat;
1667 2536 1855 2586 totum
1887 2531 2046 2586 enim

397 2632 485 2680 est
512 2625 656 2680 fides
687 2629 746 2679 et
773 2624 1272 2694 charitas,quibus
1298 2623 1444 2677 nihil
1472 2623 1868 2694 praestantius.
1893 2621 2044 2676 Con-

397 2715 651 2770 siderate
674 2731 807 2770 vero
832 2731 952 2781 eos,
979 2714 1077 2784 qui
1102 2714 1170 2767 de
1190 2713 1377 2784 gratia
1396 2713 1532 2766 Iesu
1555 2712 1794 2776 Christi,
1819 2727 1948 2781 quae
1972 2711 2046 2766 ad

393 2823 498 2861 nos
525 2806 705 2874 venit,
738 2805 997 2860 alienam
1041 2805 1385 2875 opinionem
1433 2809 1693 2870 tuentur,
1744 2803 2043 2873 quomodo

395 2896 673 2950 contrarii
702 2896 821 2950 sint
842 2894 1054 2948 divinas
1078 2893 1520 2948 voluntati.Non
1544 2893 1802 2948 charitas
1825 2893 1910 2947 eis
1941 2909 2045 2947 cu-

392 3003 472 3040 ra)
505 2991 613 3050 est,
637 3003 757 3040 non
788 2984 980 3050 vidua,
1015 3001 1134 3038 non
1159 2983 1405 3054 pupilla,
1432 3000 1550 3037 non
1574 2999 2038 3054 oppressus,non

392 3076 619 3130 vinctus
650 3075 738 3130 vel
772 3074 1024 3137 solutus,
1058 3089 1175 3128 non
1209 3073 1478 3127 esuriens
1511 3071 1594 3126 vel
1631 3072 1856 3125 sitiens.

2238 2257 2446 2329 Μηδεὶς
2498 2261 2806 2319 πλανάσθω.
2867 2265 2980 2337 (78)
3042 2262 3143 2320 Καὶ
3200 2264 3267 2318 τὰ
3314 2262 3624 2336 ἐπουράνια,
3661 2265 3752 2320 καὶ
3784 2268 3820 2335 ἡ

2159 2347 2284 2421 δόξα
2314 2355 2420 2405 τῶν
2455 2351 2726 2426 ἀγγέλων,
2758 2353 2848 2407 καὶ
2899 2355 2950 2407 οἱ
3000 2349 3264 2429 ἄρχοντες
3297 2354 3484 2428 ὁραταί
3513 2375 3572 2409 τε
3600 2356 3692 2409 καὶ
3725 2355 3825 2410 ἆό-

2159 2460 2334 2512 ρατοι,
2366 2439 2457 2494 ἒᾶν
2491 2442 2566 2513 μή
2599 2442 2960 2496 πιστεύσωσιν
2995 2442 3072 2505 εἰς
3113 2444 3176 2497 τὸ
3225 2446 3363 2516 αἷμα
3403 2447 3644 2517 Χριστοῦ
3677 2448 3819 2516 (79),

2155 2527 2424 2590 κάκείνοις
2453 2529 2631 2603 κρίσις
2663 2530 2828 2589 ἐστίν.
2871 2532 2931 2588 Ὁ
2981 2535 3180 2607 χωρῶν
3235 2532 3486 2607 χωρείτω
3512 2534 3578 2589 1³.
3635 2534 3819 2594 Τόπος

2159 2614 2359 2689 μοδὲνα
2419 2619 2710 2696 1ουσιοῦτωο
2759 2620 2820 2674 τὸ
2869 2621 2972 2696 γὰρ
3019 2621 3147 2676 ὅλον
3199 2620 3309 2676 ἐστί
3341 2621 3523 2684 πίστίς
3553 2621 3641 2677 καὶ
3673 2623 3816 2698 ἀγά-

2154 2729 2254 2776 πη,
2307 2711 2413 2772 (80)
2465 2709 2540 2762 ὧν
2591 2705 2744 2762 οὐδὲν
2794 2711 3165 2784 προκέκριται.
3221 2713 3566 2783 Καταμάθετε
3597 2709 3655 2767 δὲ
3682 2714 3818 2777 τοὺς

2155 2794 2598 2869 ἑτεροδοξοῦντας
2633 2797 2710 2860 εἷς
2761 2799 2858 2867 τήν
2910 2801 3075 2874 χῆριν
3121 2802 3308 2869 Ἰησοῦ
3340 2802 3577 2875 Χριστοῦ
3603 2804 3703 2870 τὴν
3736 2802 3812 2864 εἷς

2152 2886 2302 2956 ἡμᾶς
2361 2885 2641 2957 ἐλθοῦσαν,
2704 2891 2820 2948 πῶς
2870 2887 3100 2942 ἐναντίοι
3156 2888 3288 2943 εἰσὶν
3344 2893 3412 2964 τῇ
3471 2891 3666 2966 γνώμῃ
3716 2895 3811 2946 τοῦ

2153 2976 2308 3030 Θεοῦ.
2342 2973 2469 3040 Περῖ
2517 2973 2735 3050 ἀγάπης
2787 2975 2850 3029 οὐ
2907 2975 3060 3048 μέλει
3113 2976 3320 3047 αὐτοῖς,
3355 2978 3418 3033 οὐ
3452 2980 3577 3054 περὶ
3610 2982 3807 3060 χήρας,

2155 3064 2216 3118 οὐ
2247 3065 2366 3138 περὶ
2403 3065 2665 3140 ὀρφανοῦ,
2699 3063 2760 3120 οὒ
2792 3067 2914 3140 περὶ
2965 3063 3321 3141 θλιϐομένου,
3377 3068 3438 3124 οὐ
3485 3071 3609 3144 περὶ
3665 3067 3816 3124 δεδε-

2170 3152 2332 3226 μένου
2448 3153 2774 3227 λελυμένου,
2826 3156 2890 3210 οὐ
2938 3156 3062 3231 περὶ
3113 3162 3418 3219 πεινῶντος
3457 3161 3492 3229 ἢ
3520 3156 3812 3233 διψῶντος.

1867 3283 2031 3336 Vetus
2060 3281 2352 3350 interpres.

393 3390 638 3446 nomine
667 3391 805 3444 Jesu
835 3389 1074 3452 Christi,
1109 3387 1180 3444 ad
1213 3387 1469 3458 compati
1503 3385 1636 3457 ipsi,
1671 3383 1874 3439 omnia
1906 3381 2247 3439 sustinebo:
2275 3382 2400 3453 ipso
2425 3399 2518 3437 me
2543 3383 2920 3453 fortiﬁcante,
2954 3385 3054 3456 qui
3085 3386 3382 3457 perfectus
3415 3389 3592 3445 homo
3622 3390 3816 3447 factus

1925 3525 2156 3583 CAPUT
2212 3527 2274 3582 V.

461 3634 646 3697 Quem
677 3631 919 3703 quidam
953 3633 1292 3702 ignorantes
1313 3629 1639 3703 abnegant,
1669 3627 1855 3699 magis
1900 3633 2099 3681 autem
2151 3624 2426 3703 abnegati
2475 3631 2611 3703 sunt
2660 3626 2732 3682 ab
2775 3628 2938 3703 ipso;
2969 3629 3804 3703 exsistentes_concionatores

397 3706 605 3760 mortis
639 3698 849 3776 magis,
882 3698 1060 3774 quam
1094 3702 1395 3757 veritatis:
1426 3717 1572 3770 quos
1604 3717 1722 3754 non
1764 3698 2191 3776 persuaserunt
2239 3698 2587 3776 prophetiae,
2621 3698 2820 3776 neque
2847 3699 2944 3776 lex_
2972 3702 3186 3776 Moysis
3207 3701 3355 3776 ;_s_ed_
3382 3716 3574 3776 neque
3603 3717 3802 3776 usque

385 3794 545 3832 nunc
576 3769 977 3847 Evangelium,
1011 3791 1207 3847 neque
1239 3769 1459 3847 nostrae
1492 3788 1693 3847 eorum
1729 3771 1828 3847 qui
1862 3769 2189 3847 secundum
2214 3769 2402 3847 virum
2425 3769 2752 3847 passiones.
2782 3772 3012 3847 Etenim
3043 3769 3115 3827 de
3146 3772 3314 3827 nobis
3344 3769 3496 3847 idem
3531 3769 3790 3847 sapiu—nt.

386 3848 533 3913 Quid
566 3840 917 3919 enimjuvat
951 3863 1044 3901 me
1075 3840 1232 3919 quis,
1263 3846 1309 3898 si
1347 3861 1437 3898 me
1498 3842 1698 3919 laudat
1721 3840 1762 3919 ,ί
1785 3841 2101 3919 Dominum
2159 3846 2358 3919 autem
2422 3857 2618 3919 meum
2671 3840 3061 3919 blasphemat,
3098 3861 3216 3919 non
3253 3844 3535 3919 confitens
3567 3840 3784 3917 ipsum,

384 3911 794 3974 ciarnil‘erumv?
823 3919 930 3984 Qui
961 3911 1161 3974 autem
1208 3918 1320 3970 hoc
1361 3931 1479 3970 non
1519 3915 1681 3980 dicit,
1723 3913 1917 3984 ipsum
1968 3911 2606 3984 perfectewabnegavit,
2660 3911 2950 3969 exsistens
2996 3916 3285 3972 mortifer.
3320 3916 3562 3972 Nomina
3592 3911 3792 3974 autem

383 3991 673 4062 ipsorum,
706 3983 1054 4045 exsistentia
1085 3988 1372 4062 inﬁdelia,
1407 4003 1524 4039 non
1557 3983 1762 4040 visum”
1777 3990 1864 4038 est
1888 3983 2035 4038 mihi
2080 3983 2406 4062 inscribere
2431 3983 2458 4050 ξ
2493 3984 2597 4039 sed
2640 4000 2833 4055 neque
2866 3987 2970 4041 ﬂat
2996 3987 3144 4041 mihi
3177 3988 3442 4058 ipsorum
3473 3989 3796 4060 recordari,

382 4056 691 4134 usquequo
723 4063 1051 4134 poeniteant
1079 4063 1140 4116 in
1173 4059 1532 4132 passionem,
1567 4074 1696 4127 qua)
1729 4063 1818 4110 est
1848 4061 2052 4110 nostra
2080 4056 2458 4110 resurrectio.

1909 4155 2139 4210 CAPUT
2181 4155 2268 4210 VI.

451 4259 656 4313 Nullus
689 4265 862 4313 erret.
898 4261 964 4312 Et
997 4257 1454 4328 superem-testia,
1493 4262 1550 4310 et
1578 4255 1766 4328 gloria
1791 4254 2141 4326 angelorum
2165 4259 2222 4328 et
2247 4253 2547 4328 principes
2576 4255 2835 4328 visibiles
2858 4263 2916 4311 et
2938 4257 3284 4322 invisibiles,
3311 4259 3357 4313 si
3393 4276 3510 4314 non
3545 4259 3791 4315 credant

383 4332 732 4400 sanguinem
764 4331 977 4384 Christi
1007 4348 1018 4394 ;
1045 4326 1102 4382 et
1125 4330 1241 4383 illis
1260 4328 1554 4399 judicium
1579 4326 1692 4382 est.
1726 4328 2025 4400 Quicupit,
2052 4327 2257 4395 capiat.
2283 4326 2574 4400 Qualitate
2605 4327 2801 4382 nullus
2832 4328 3090 4384 inﬂetur.
3114 4331 3321 4384 Totum
3347 4331 3508 4385 enim
3531 4339 3620 4385 est
3645 4331 3788 4386 ﬁdes

386 4406 443 4452 et
474 4396 766 4472 ciiaritas:
802 4401 1014 4470 quibus
1047 4401 1192 4472 nihil
1226 4396 1604 4472 praepositum
1657 4405 1760 4472 est.
1816 4396 2196 4451 Considerate
2229 4404 2438 4472 autem
2469 4397 2652 4472 aliter
2681 4399 2992 4472 opinantes
3026 4401 3085 4455 in
3117 4403 3364 4472 gratiam
3388 4403 3524 4457 Jesu
3555 4403 3790 4468 Christi,

388 4487 517 4543 eam
546 4487 675 4541 qum
709 4467 912 4543 inprios
943 4471 1133 4543 venit;
1167 4467 1422 4543 qualiter
1469 4470 1748 4543 contrarii
1799 4473 1962 4543 sunt_
1986 4467 2459 4543 senteiitize_Dei.
2495 4470 2574 4524 De
2606 4467 2890 4543 charitate
2924 4489 3042 4526 non
3075 4467 3163 4526 est
3193 4489 3335 4528 cura
3366 4474 3534 4543 ipsis,
3571 4491 3690 4529 non
3721 4467 3790 4528 de

386 4538 582 4609 vidua,
618 4560 734 4598 non
765 4542 836 4598 de
870 4542 1155 4614 orphano,
1185 4538 1308 4596 non
1341 4542 1410 4595 de
1446 4541 1746 4610 tribulato,
1777 4557 1899 4595 non
1931 4539 2002 4596 de
2033 4539 2212 4611 ligato
2242 4538 2332 4592 vel
2365 4539 2576 4606 soluto,
2610 4558 2729 4597 non
2764 4542 2835 4597 de
2869 4543 3167 4599 esuriente
3200 4545 3289 4599 vel
3322 4538 3582 4601 sitiente.

392 3470 501 3518 est.

461 4666 506 4704 ⁸³
537 4669 736 4723 Matth.
773 4685 885 4737 XIX,
923 4672 1005 4723 l2.

455 4814 570 4903 (72)
607 4816 736 4869 Haec
769 4815 1202 4903 epa‘n‘ortliosis,
1228 4821 1293 4872 ut
1323 4817 1384 4903 in
1416 4833 1506 4887 ep.
1530 4815 1604 4903 ad
1629 4815 1822 4886 Polyc.
1849 4816 2027 4870 inscr.

2165 4809 2620 4903 sepocglgna‘t’ius
2661 4815 2969 4903 0509,6905.
2994 4818 3042 4872 is
3094 4819 3192 4889 qui
3226 4821 3796 4903 negatincarnatiof

384 4882 664 4956 ὲπίσκόπῳ
699 4919 760 4927 -
796 4882 1008 4957 μᾶλλον
1043 4882 1492 4958 ἐπεσκοπημὲνῷ.
1530 4890 1728 4942 ΡΕΑῐις.

455 4961 568 5039 (Ἶζξ)
601 4961 727 5039 Non
778 4958 1068 5039 scriptum
1094 4957 1518 5039 “Evangeliuin,
1545 4959 1663 5039 sed
1704 4957 2037 5039 evangelica

385 5031 726 5155 praisdicatio
760 5030 830 5084 de
863 5029 977 5084 vita
1007 5036 1065 5085 et
1089 5029 1257 5085 factis
1283 5031 1518 5085 Christi.
1545 5029 1874 5102 Niemeyer,
1899 5029 1938 5084 l.
1959 5046 2034 5096 c.,

390 5121 451 5155 ι).
533 5145 545 5155 .

390 5121 567 5245 1ἢῆ)
599 5175 640 5226 Ι.
663 5191 712 5228 e.
741 5197 767 5223 (ι
794 5173 893 5243 qui
927 5173 1403 5228 incarnationem
1426 5173 1640 5227 Christi
1667 5173 2034 5245 impugnant,

381 5243 470 5299 ilti
502 5245 805 5300 universos
830 5245 1102 5326 homines
1128 5251 1415 5326 evertunt.
1441 5261 1659 5326 eorum"
1679 5243 2036 5326 redemptio-

383 5333 521 5370 nem
567 5334 672 5387 per
716 5324 965 5371 mortem
1009 5317 1231 5387 Christi
1283 5325 1583 5387 neganles.
1622 5317 1769 5370 Seu:
1813 5315 1911 5386 qui
1945 5315 2039 5370 di-

385 5393 528 5440 cunt
558 5385 862 5443 Christum
895 5386 1029 5440 κατᾶ
1057 5385 1576 5458 16_30‘/.a7.vtiintum
1613 5405 1740 5441 esse
1775 5385 2034 5458 passum,

389 5457 427 5509 ii
460 5474 568 5512 nos
601 5477 835 5529 quoque
867 5458 1000 5510 κατὰ
1029 5458 1091 5511 τὸ
1125 5455 1302 5512 δοκεῖν
1337 5462 1398 5531 (i.
1433 5477 1480 5513 e.
1517 5460 1576 5514 in
1603 5455 1842 5530 vanum)
1864 5457 1983 5530 pati
2009 5479 2035 5507 ιδ

395 5531 757 5584 contendant
786 5546 1027 5584 necesse
1062 5536 1168 5584 est.

460 5600 572 5671 (75)
604 5602 738 5671 Huic
767 5601 970 5655 laudat
1003 5601 1376 5667 Theodoret.,
1417 5602 1563 5658 Dial.
1603 5604 1645 5666 I,
1681 5601 1700 5654 Ι
1754 5618 1829 5668 c.,
1857 5617 1914 5671 p.
1948 5601 2036 5653 50.

459 5669 568 5741 (76)
599 5670 684 5729 Cf.
725 5672 750 5724 Ι
771 5671 940 5726 Joan.
975 5687 1051 5738 1v,
1082 5674 1136 5742 2,
1169 5672 1220 5727 3.
1275 5671 1544 5728 Christus
1603 5672 1820 5727 dicitur
1845 5669 2043 5742 ᾱαρκο.

2141 4884 2279 4969 nem
2311 4884 2527 4938 Christi
2571 4884 2934 4969 νεξιροφὸροςη
2957 4889 2994 4942 i.
3053 4884 3128 4944 εδ
3162 4915 3181 4938 ι
3221 4884 3335 4962 qui
3369 4893 3570 4948 vivens
3599 4898 3798 4966 portat

2145 4955 2322 5031 funus
2345 4972 2539 5031 suum,
2572 4978 2598 5003 ιι
2630 4955 2674 5009 i.
2703 4955 2887 5031 eliqui
2920 4959 3046 5031 ipse
3078 4955 3345 5018 mortitus
3379 4970 3489 5018 est.

2217 5030 2326 5096 (77)
2387 5029 2642 5083 Sensus:
2713 5049 2733 5076 ι
2767 5029 2965 5086 Donec
3022 5033 3286 5098 credant,
3333 5036 3632 5091 Christum
3665 5053 3798 5092 vere

2147 5115 2387 5179 passum
2422 5106 2479 5179 et
2510 5105 2814 5179 mortuum
2833 5118 2983 5172 esse,
3007 5105 3066 5159 in
3092 5122 3207 5176 qua
3224 5113 3415 5162 morte
3441 5113 3498 5162 et
3525 5109 3803 5179 passione

2147 5169 2306 5224 salus
2338 5177 2542 5226 nostra
2573 5173 2867 5227 consistit.
2906 5197 2925 5221 ι

2220 5243 2331 5316 (78f:
2363 5242 2446 5316 ςι.
2481 5241 2648 5316 Ga_i.l,
2683 5244 2748 5308 8;
2783 5245 2993 5316 Ephes.
3029 5264 3068 5315 ι,
3102 5249 3191 5302 21.

2183 5314 3170 5405 ,1Ῠὲδ)-Ἒί,ῐτξοξ.¹1εἱιξξ,ᾼιέκδηάνὶιξῑιε
3215 5320 3665 5405 (ίιιγςειεωθιξιιῖι
3695 5323 3804 5405 Sx-

2149 5383 2305 5466 Eiaco
2337 5383 2500 5466 apud
2524 5385 2907 5466 Curetpnum,
2943 5405 2998 5459 p.
3033 5391 3142 5466 42),
3196 5383 3347 5466 post_
3370 5383 3604 5466 Χριστοῦ
3637 5383 3803 5466 legit,

2149 5452 2524 5580 ἕσξῖτὲεὲςεοῦ·
2579 5456 2639 5511 in
2690 5452 3020 5530 fragmento
3071 5452 3258 5517 altero
3309 5463 3372 5534 (l.
3407 5452 3545 5537 c.,p
3601 5452 3809 5538 48)ξ’δς

2178 5544 2260 5579 στι
2293 5544 2442 5586 υεος.

2219 5599 2332 5670 (80)
2357 5598 2441 5654 Cf.
2475 5597 2547 5654 ad
2578 5600 2790 5675 Magn.,
2825 5617 2876 5658 c.
2916 5606 2966 5657 1.
