4080 6134
312 321 428 386 713

1504 325 1892 391 EPISTOLA
1934 327 2037 389 AD
2082 326 2553 392 SMYRNEOS.

3609 327 3732 393 7H

522 457 642 514 VII.
685 457 946 516 Haeretici
975 459 1072 515 isti
1095 458 1372 516 abstinent
1401 459 1471 516 ab
1490 460 1842 530 eucharistia,
1875 477 2099 518 carnem
2127 461 2331 519 Christi
2351 479 2470 518 eam
2499 477 2607 519 esse
2636 467 2919 533 negantes.
2955 461 3290 519 Recedamus
3321 463 3389 518 ab
3419 463 3512 520 iis.

382 566 496 637 (81)
527 564 896 639 Εὖχαριστίας
922 563 1012 619 καὶ
1060 571 1375 641 προσευχῆς
1429 565 1749 641 ἀπέχονται,
1783 564 1871 621 δια
1899 567 1962 622 τὸ

2150 569 2234 624 Ab
2260 571 2616 626 excharistia
2637 575 2694 625 et
2715 571 2977 626 oratione
2997 571 3319 636 obstinent,
3345 587 3411 626 eo
3433 573 3586 642 quod
3609 590 3732 631 non

313 655 390 727 μὴ
424 652 747 729 ὁμολογεῖν,
805 655 906 722 τήν
951 652 1300 730 εὐχαριστίαν
1351 656 1520 729 σάρκα
1549 656 1688 710 εἶναι
1718 660 1814 711 τοῦ
1846 664 1965 711 Σω-

305 749 479 818 τῆρος
508 745 671 814 ἡμῶν
703 745 885 812 Ἰησοῦ
916 745 1172 817 Χριστοῦ,
1233 744 1333 812 τὴν
1362 744 1495 817 ὑπὲρ
1543 748 1652 798 τῶν
1679 745 1960 820 ἁμαρτιῶν

308 835 472 906 ἡμῶν
532 833 830 902 παθοῦσαν,
891 835 1002 905 (83)
1059 829 1126 901 ἤν
1179 836 1248 906 τῇ
1311 828 1651 912 χρηστότητι
1703 835 1730 888 ὁ
1781 835 1964 908 Πατὴρ

307 923 549 995 ἤγειρεν.
584 921 650 977 Οἱ
683 918 774 975 οῦν
813 919 1191 996 ἀντιλέγοντες
1247 925 1315 994 τῇ
1375 921 1551 996 δωρεᾷ
1582 922 1676 977 τοῦ
1710 917 1843 978 Θέοῦ
1875 944 1966 977 συ-

310 1015 601 1081 ζητοῦντες
704 1012 1157 1080 ἀποθνήσκουσιν.
1257 1010 1550 1087 Συνέιρέρεν
1642 1009 1699 1067 δὲ
1784 1010 1966 1074 αὺτοῖς

305 1102 422 1172 (83)
457 1100 690 1172 ἀγαπᾷν,
749 1098 838 1153 ’ἱνα
894 1097 984 1153 καί
1035 1099 1354 1156 ἀναστῶσιν.
1418 1100 1627 1175 Πρέπον
1682 1099 1774 1154 οῦν
1824 1099 1964 1156 ἐστιν

306 1188 602 1263 ἀπέχεσθαι
660 1193 766 1242 τῶν
826 1186 1111 1258 τοιούτων,
1171 1189 1261 1242 καὶ
1327 1191 1465 1260 μήτε
1521 1190 1641 1244 κατ’
1673 1187 1809 1244 ἷ’δίαν
1843 1189 1965 1264 περὶ

305 1276 485 1331 αὐτῶν
527 1274 738 1342 λαλεῖν,
793 1278 934 1350 μήτε
993 1280 1172 1350 κοινῇ·
1206 1278 1499 1352 προσέχειν
1529 1275 1586 1332 δὲ
1614 1284 1730 1340 τοῖς
1758 1280 1968 1356 προφήο

304 1386 446 1437 ταις,
478 1363 763 1438 ἐξαιρέτως
794 1362 850 1418 δὲ
882 1368 961 1436 τῷ
1011 1365 1124 1439 (84)
1180 1365 1517 1442 Εὖαγγελίῳ,
1550 1364 1600 1420 ἐν
1633 1367 1679 1439 ᾦ
1704 1366 1766 1422 τὸ
1798 1368 1966 1428 πάθος

307 1457 448 1528 ἡμῖν
480 1451 814 1524 δεδήλωται,
840 1453 930 1508 καὶ
979 1456 1014 1523 ἡ
1076 1455 1362 1517 ἀνάστασις
1412 1456 1524 1529 (85)
1582 1453 1958 1514 τετελείωται.

303 1542 441 1606 Τοὺς
475 1541 534 1598 δὶ
568 1544 868 1618 μερισμοὺς
901 1541 1143 1621 φεύγετε,
1179 1543 1253 1605 ὡς
1283 1542 1462 1620 ἀρχὴν
1495 1550 1701 1600 κακῶν.

2072 659 2488 727 confiteantur,
2521 661 2946 715 eucharistiam
2970 676 3208 715 carnem
3243 677 3372 715 esse
3410 661 3728 719 Salvatoris

2073 748 2261 802 nostri
2287 749 2422 803 Jesu
2453 749 2690 815 Christi,
2726 766 2858 818 quas
2890 766 2994 820 pro
3027 749 3285 820 peccatis
3317 750 3538 805 nostris
3556 768 3730 822 passa

2074 843 2182 905 est,
2218 854 2514 907 quamque
2548 839 2723 892 Pater
2753 837 3119 909 benignitate
3153 855 3257 893 sua
3290 839 3732 905 suscitavit.Qui

2075 941 2210 997 ergo
2243 925 2656 981 contradicunt
2699 927 2838 981 huic
2869 927 3024 980 dono
3058 926 3180 990 Dei,
3213 926 3569 982 altercantes
3600 945 3734 983 mo-

2073 1014 2326 1068 riuntur.
2362 1015 2515 1069 Utile
2535 1021 2730 1070 autem
2759 1021 2916 1070 esset
2934 1015 3055 1069 illis
3082 1015 3347 1087 diligere,
3368 1021 3433 1070 ut
3453 1026 3511 1070 et
3530 1034 3730 1072 resur-

2072 1110 2296 1176 gerent.
2333 1106 2511 1160 Decet
2543 1106 2740 1176 itaque
2772 1105 3070 1160 abstinere
3102 1123 3137 1160 a
3169 1105 3405 1173 talibus,
3441 1113 3499 1161 et
3527 1124 3638 1162 nec
3668 1108 3730 1161 in

2072 1195 2320 1265 privato,
2352 1211 2461 1250 nec
2500 1196 2562 1249 in
2610 1195 2913 1250 communi
2968 1194 3265 1264 colloquio
3297 1195 3368 1250 de
3401 1196 3519 1251 illis
3551 1196 3732 1252 verba

2071 1284 2294 1352 facere;
2319 1284 2624 1340 attendere
2643 1290 2840 1339 autem
2863 1284 3191 1354 prophetis,
3210 1285 3506 1356 praecipue
3527 1291 3728 1340 autem

2072 1374 2405 1446 Evangelio,
2429 1374 2491 1428 in
2517 1390 2634 1444 quo
2664 1374 2860 1444 passio
2887 1372 3061 1427 nobis
3090 1376 3348 1438 ostensa,
3384 1379 3442 1427 et
3465 1391 3732 1430 resurre-

2074 1461 2154 1516 tio
2188 1461 2445 1533 perfecte
2479 1461 2885 1517 demonstrata
2915 1466 3020 1516 est.
3056 1461 3384 1518 Divisiones
3415 1469 3614 1519 autem
3643 1463 3734 1520 fu-

2073 1550 2213 1622 gite,
2241 1557 2307 1606 ut
2336 1550 2695 1622 principium
2724 1550 3050 1605 malorum.

1458 1661 1597 1719 VIII;
1641 1662 1793 1718 Nihil
1819 1664 1940 1719 sine
1981 1667 2232 1738 episcopo
2253 1673 2580 1738 peragatur.

379 1767 583 1829 Πάντες
655 1771 736 1838 τῷ
818 1765 1103 1837 ἒπισκόπῳ
1185 1764 1558 1837 ἀκολουθεῖτε,
1617 1768 1693 1829 ὡς
1750 1771 1962 1836 Ἰησοῦς

304 1859 548 1933 Χριστὸς
610 1859 692 1928 τῷ
750 1854 938 1930 Πατρί’
997 1855 1088 1909 καὶ
1146 1859 1224 1927 τῷ
1278 1851 1671 1930 πρεσϐυτερίῳ,
1731 1855 1806 1917 ὡς
1846 1859 1962 1916 τοῖς

2144 1774 2362 1828 Omnes
2393 1773 2668 1843 episcopo
2699 1770 3129 1842 obtemperate,
3161 1777 3227 1826 ut
3253 1772 3422 1827 Jesus
3460 1773 3726 1829 Christus

2073 1862 2231 1916 Patri
2257 1878 2270 1928 ;
2308 1867 2366 1915 et
2386 1859 2757 1932 presbyterio
2780 1865 2843 1914 ut
2865 1860 3184 1931 apostolis;
3212 1860 3496 1916 diaconos
3527 1867 3728 1917 autem

302 1945 664 2008 ἀποστόλοιςο
712 1943 842 2005 τοὺς
901 1940 960 1998 δὲ
1015 1939 1298 2006 διακὸνους
1359 1943 1694 2020 ἐντρέπεσθε,
1725 1944 1800 2006 ὡς
1833 1947 1968 1999 Θεοῦ

2081 1951 2466 2005 revereamini
2503 1955 2570 2004 ut
2596 1950 2700 2004 Dei
2732 1948 3101 2004 mandatum.
3135 1949 3465 2020 Separatim
3496 1950 3569 2005 ab
3603 1952 3732 2024 epi-

304 2042 417 2114 (86)
451 2034 706 2106 ἐντολήν.
757 2038 869 2107 (87)
928 2032 1139 2105 Μηδεὶς
1194 2036 1370 2110 χωρὶς
1427 2039 1529 2090 τοῦ
1581 2035 1881 2091 ἐπισκόπου
1912 2055 1964 2089 τι

304 2126 596 2203 πρασσέτω
624 2131 732 2180 τῶν
766 2125 1074 2195 ἀνηκόντων
1104 2125 1180 2186 εἷς
1225 2127 1326 2194 τήν
1357 2125 1710 2194 Ἐκκλησίαν.
1745 2125 1961 2194 Ἐκείνη

307 2211 509 2292 βεϐαία
541 2213 859 2290 εὐχαριστία
887 2213 1145 2290 ἡγείσθω,
1197 2216 1231 2282 ἡ
1285 2213 1388 2268 ὑπὸ
1417 2215 1508 2268 τὸν
1542 2213 1835 2270 ἐπίσκοπον
1867 2213 1966 2268 οὗ-

308 2328 394 2376 σα,
426 2306 462 2375 ἢ
493 2306 540 2378 ᾧ
568 2303 626 2358 ἃν
662 2303 824 2364 αὐτὸς
857 2301 1139 2377 ἐπιτρέψῃ.
1168 2304 1281 2376 (88)
1313 2304 1490 2360 ’Όπου
1521 2300 1580 2357 ἃν
1614 2307 1751 2382 φανῇ
1785 2304 1813 2358 ὁ
1845 2303 1964 2358 ἐπί-

304 2415 536 2460 σκοπος,
572 2393 683 2448 ἐκεῖ
710 2393 771 2446 τὸ
803 2391 1015 2460 πλῆθος
1064 2388 1222 2446 ἔστωο
1267 2391 1446 2466 ὥσπερ
1501 2390 1637 2446 ὅπου
1671 2392 1728 2444 ἂν
1757 2394 1795 2459 ἧ
1826 2395 1962 2462 Χρι-

303 2485 429 2545 στὸς
483 2479 694 2552 Ἰησοῦς
756 2480 866 2535 ἐκεῖ
923 2482 958 2549 ἡ
1014 2477 1285 2548 καθολική
1347 2479 1816 2549 Ἐκκλησία,οὐκ
1845 2478 1960 2548 ἐξόν

300 2574 444 2629 ἐστιν
474 2571 653 2649 χωρὶς
682 2575 782 2625 τοῦ
822 2565 1119 2624 ἐπισκόπου
1153 2569 1278 2626 οὕτε
1335 2569 1637 2643 βαπτίζειν,
1672 2565 1795 2623 οὕτε
1823 2568 1962 2642 ἀγά-

299 2683 406 2733 πην
442 2666 640 2716 ποιεῖν·
681 2656 807 2714 ἀλλ’
865 2661 894 2714 δ
947 2660 1006 2713 ἂν
1053 2658 1256 2720 ἐκεῖνος
1316 2655 1625 2732 δοκιμάσῃ,
1682 2661 1843 2712 τοῦτο
1872 2656 1962 2710 καὶ

303 2756 383 2822 τῷ
415 2755 533 2820 Θεῷ
561 2751 868 2822 εὐάρεστον,
925 2746 1018 2803 ἵνα
1079 2747 1318 2825 ἀσφαλες
1372 2747 1408 2821 ᾖ
1463 2746 1552 2802 καὶ
1587 2741 1804 2822 βέϐαιον
1833 2751 1958 2817 πᾶν,

311 2837 338 2890 δ
369 2835 679 2912 πράσσεται.

2073 2057 2251 2110 scopo
2282 2056 2458 2094 nemo
2481 2037 2808 2109 quidquam
2831 2037 3009 2093 faciat
3027 2055 3256 2107 eorum,
3276 2057 3409 2110 quas
3431 2040 3506 2096 ad
3528 2041 3731 2096 Eccle—

2072 2130 2221 2184 siam
2243 2127 2748 2200 spectant.Valida
2768 2127 3126 2182 eucharistia
3146 2127 3434 2183 habeatur
3451 2129 3576 2194 illa,
3595 2147 3726 2200 quas

2071 2218 2179 2273 sub
2210 2218 2489 2289 episcopo
2522 2217 2844 2288 peragitur,
2895 2215 3003 2270 sub
3059 2231 3149 2283 eo,
3197 2217 3292 2270 cui
3324 2217 3451 2287 ipse
3482 2234 3731 2274 conces—

2072 2307 2234 2362 serit.
2271 2307 2379 2362 Ubi
2411 2304 2812 2375 comparuerit
2844 2304 3180 2375 episcopus,
3204 2303 3284 2358 ibi
3317 2310 3376 2359 et
3405 2307 3724 2362 multitudo

2071 2396 2186 2460 sit;
2219 2393 2741 2465 quemadmodum,
2773 2392 2875 2448 ubi
2916 2391 3096 2446 fuerit
3122 2391 3389 2450 Christus
3417 2396 3607 2464 Jesus,
3639 2396 3722 2452 ibi

2071 2485 2364 2541 catholica
2392 2490 2484 2538 est
2511 2481 2794 2538 Ecclesia.
2829 2484 2953 2536 Non
2984 2481 3125 2536 licet
3152 2483 3280 2539 sine
3313 2485 3589 2558 episcopo
3617 2504 3723 2542 ne-

2070 2591 2184 2644 que
2215 2573 2531 2644 baptizare,
2562 2587 2757 2640 neque
2787 2586 3010 2642 agapen
3034 2572 3334 2628 celebrare
3358 2590 3371 2638 ;
3395 2575 3500 2629 sed
3533 2576 3725 2646 quod-

2069 2679 2304 2732 cunque
2336 2660 2434 2716 ille
2467 2660 2824 2732 probaverit,
2857 2661 2970 2715 hoc
3018 2665 3077 2715 et
3119 2661 3236 2716 Deo
3269 2666 3358 2717 est
3389 2662 3723 2735 beneplaci-

2068 2757 2292 2818 tum,ut
2312 2753 2552 2807 ﬁrmum
2569 2755 2628 2805 et
2643 2750 2903 2805 validum
2923 2750 3000 2804 sit
3017 2751 3382 2822 omne,quod
3399 2755 3720 2826 peragitur.

1199 2953 1300 3009 IX.
1333 2955 1610 3008 Honorate
1638 2955 1972 3023 episcopum.
2010 2950 2095 3006 Me
2129 2948 2190 3001 in
2243 2942 2494 3000 omnibus
2524 2941 2830 2997 recreastis.

383 3049 630 3126 Εὕλογόν
664 3051 806 3106 ἐστιν
865 3054 977 3124 (89)
1038 3051 1261 3121 λοιπὸν,
1318 3049 1607 3121 ἀνανῆψαι,
1639 3048 1750 3117 καὶ,
1784 3049 1858 3110 ὡς
1883 3043 1964 3102 (ἑτι

305 3140 496 3215 καιρὸν
526 3135 751 3218 ἔχομεν,
783 3138 862 3200 εἷς
893 3139 1024 3194 Θεὸν
1081 3141 1381 3211 μετανοεῖν.
1432 3135 1632 3197 Καλῶς
1663 3131 1802 3210 ἕχει,
1834 3135 1963 3191 Θεὸν

304 3229 396 3285 καὶ
428 3227 722 3283 ἐπίσκοπον
751 3225 970 3283 εἰδέναι.
1026 3228 1088 3284 Ὀ
1150 3231 1328 3300 τιμῶν
1358 3225 1654 3281 ἐπίσκοπον
1689 3225 1795 3280 ὑπὸ
1823 3227 1961 3280 Θεοῦ

299 3319 618 3392 τετίμηταιο
675 3318 704 3372 ὁ
757 3315 932 3391 λάθρα
990 3314 1288 3372 ἐπισκόπου
1317 3336 1371 3370 τι
1400 3315 1654 3390 πράσσων
1711 3319 1791 3387 τῷ
1839 3311 1960 3368 δια-

2147 3041 2381 3098 Bationi
2413 3043 2694 3095 caeterum
2716 3038 3011 3106 convenit,
3031 3039 3248 3095 iterum
3281 3039 3548 3096 sobrium
3572 3043 3720 3112 fieri,

2076 3138 2135 3188 et
2153 3131 2295 3186 dum
2317 3129 2512 3184 adhuc
2535 3133 2768 3199 tempus
2791 3127 3181 3189 habemus.ad
3205 3135 3390 3185 Deum
3411 3147 3518 3202 per
3537 3133 3724 3203 poeni-

2073 3221 2322 3277 tentiam
2352 3217 2568 3273 redire.
2590 3217 2815 3272 Bonum
2840 3221 2929 3272 est
2954 3217 3139 3272 Deum
3162 3222 3220 3272 et
3241 3219 3582 3290 episcopum
3605 3221 3721 3276 ho-

2069 3326 2305 3368 norare.
2339 3309 2447 3375 Qui
2478 3309 2731 3363 honorat
2761 3307 3130 3379 episcopum,
3167 3323 3200 3362 a
3251 3312 3363 3364 Deo
3395 3309 3720 3367 honoratus

1772 3424 1935 3478 Vetus
1962 3422 2256 3491 interpres.

1826 3528 2056 3586 CAPUT
2098 3525 2215 3581 VII.

373 3649 460 3706 Ab
495 3648 860 3705 eucharistia
891 3651 949 3703 et
977 3648 1242 3703 oratione
1265 3646 1552 3703 recedunt
1572 3663 1585 3713 ;
1605 3649 1848 3717 propter
1867 3660 1987 3717 non
2013 3640 2283 3717 conﬁteri
2290 3638 2738 3717 eucharistiam
2756 3654 2996 3717 carne_m
3030 3655 3168 3717 esse
3181 3639 3504 3717 _Salvatoris
3531 3639 3719 3717 nostri

291 3725 438 3779 Jesu
470 3721 686 3775 Christi
725 3737 828 3790 pro
860 3719 1119 3790 peccatis
1150 3720 1372 3774 nostris
1403 3710 1661 3790 passam,
1695 3710 1873 3790 quam
1904 3715 2268 3786 benignitate
2290 3714 2466 3790 Pater
2488 3710 2882 3790 resuscitavit.
2916 3711 3409 3790 contradicentes
3424 3727 3558 3783 ergo
3581 3712 3721 3790 huic

296 3794 464 3849 dono
497 3792 621 3860 Dei,
655 3781 1096 3862 perscrutantes
1155 3781 1516 3846 moriuntur.
1567 3781 1892 3863 Conferens
1937 3781 2136 3863 autem
2187 3788 2344 3840 esset
2392 3781 2536 3852 ipsis
2584 3781 2966 3863 diligere,__ut
3009 3787 3336 3863 resurgant.
3373 3781 3721 3863 Decensest

295 3864 588 3921 recedere
609 3851 673 3918 ’δ’
689 3863 924 3927 talibus,
959 3868 1015 3916 et
1046 3878 1243 3932 neque
1276 3878 1544 3916 seorsum
1568 3861 1649 3932 de
1682 3860 1826 3932 ipsis
1879 3858 2064 3928 loqui,
2114 3871 2309 3932 neque
2364 3851 2790 3932 communiter:
2815 3851 3357 3932 attendere_autem
3391 3853 3717 3932 prophetis,

350 3936 608 4006 rasoipue
641 3950 776 4006 vero
809 3924 1164 4006 Evangelio;
1180 3933 1240 3987 in
1272 3949 1388 4004 quo
1419 3931 1616 4003 passio
1650 3924 1821 3986 nobis
1852 3924 2091 3985 osténsa
2112 3924 2302 3995 est,'et
2320 3924 2675 3979 resurrectio
2702 3924 2964 3995 perfecta
2995 3931 3102 3980 est.
3137 3924 3492 3980 Partitiones
3521 3930 3721 3981 autem

330 4005 516 4079 ugite,
547 4011 611 4062 ut
644 4005 1006 4077 principium
1035 4005 1352 4060 malorum.

1809 4091 2040 4147 CAPUT
2088 4089 2227 4144 VIII.

383 4187 602 4241 Omnes
635 4185 978 4266 episcopum
1012 4183 1356 4266 sequimini,
1380 4187 1470 4266 ‘ut
1495 4183 1666 4266 Iesus
1710 4181 1979 4266 Christus
2037 4181 2311 4259 Patrem;
2355 4180 2432 4266 ‘et
2480 4172 2936 4266 presbyterium,
2969 4181 3034 4230 ut
3061 4175 3396 4245 apostolos;
3439 4176 3722 4266 diaconos

298 4265 510 4314 autem
543 4246 956 4320 reve-ream'ini,
992 4261 1054 4310 ut
1084 4246 1186 4309 Dei
1221 4246 1583 4310 mandatum.
1621 4252 1827 4308 Nullus
1858 4253 1986 4306 sine
2018 4250 2296 4321 episcopo
2318 4246 2545 4316 aliquid
2571 4251 2849 4321 operetur
2871 4262 3096 4321 eorum,
3121 4265 3252 4321 quas
3283 4248 3641 4303 conveniunt
3661 4249 3723 4321 in

299 4327 657 4384 Ecclesiam.
694 4328 798 4382 Illa
831 4316 1004 4382 firma
1033 4325 1545 4398 gratiarum‘actio
1575 4330 1906 4398 reputatur.
1941 4316 2073 4392 quai
2128 4316 2255 4398 sub.
2285 4319 2412 4398 ipso
2471 4322 2582 4382 est,
2614 4316 2711 4398 fel
2744 4333 2920 4398 quam
2952 4316 3156 4398 utique
3187 4319 3314 4398 ipse
3343 4320 3720 4398 concesserit.

297 4401 414 4457 Ubi
449 4401 653 4470 utique
679 4405 927 4468 apparet
952 4388 1285 4470 episcopus,
1316 4395 1440 4450 illic
1471 4388 1788 4470 multitudo
1849 4388 1975 4455 sit;
2004 4389 2508 4470 quemadmodum
2567 4388 2770 4456 utique
2826 4388 2924 4442 ubi
2962 4393 3055 4470 est
3084 4388 3352 4470 Christus
3377 4389 3722 4470 Iesus,__illic

297 4459 601 4528 catholica
632 4459 910 4524 Ecclesia.
942 4459 1067 4523 Non
1099 4459 1326 4523 licitum
1350 4473 1440 4522 est
1460 4468 1584 4522 sine
1607 4466 1882 4536 episcOpo
1906 4459 2448 4536 nequebaptizare,
2471 4475 2664 4528 neque
2685 4474 2930 4529 agapem
2956 4459 3183 4536 facere;
3209 4461 3313 4516 sed
3343 4463 3501 4534 quod
3522 4462 3726 4535 utique

299 4543 412 4599 ille
447 4541 800 4614 probaverit,
837 4541 949 4596 hoc
981 4545 1071 4595 est
1099 4545 1158 4594 et
1187 4540 1306 4594 Deo
1336 4530 1777 4610 beneplacitum
1803 4530 1827 4604 ;’
1850 4541 1914 4591 ut
1943 4530 2155 4591 stabile
2190 4530 2267 4588 sit
2297 4537 2354 4586 et
2384 4532 2624 4587 ﬁrmum
2655 4546 2829 4584 omne
2863 4530 3021 4601 quod
3050 4532 3260 4604 agitur.

1871 4641 2080 4695 IAPUT
2110 4640 2202 4695 IX.

1849 4643 2080 4697 CAPUT
2110 4643 2202 4695 IX.

390 4734 764 4792 Rationabile
795 4738 888 4789 est
916 4732 989 4788 de
1021 4738 1234 4788 cmtero
1265 4732 1540 4805 evigilare
1566 4748 1580 4797 ;
1613 4735 1673 4787 et
1701 4746 1836 4785 cum
1868 4730 2060 4786 adhuc
2089 4734 2324 4798 tempus
2350 4724 2663 4796 habemus,
2694 4725 2755 4780 in
2783 4726 2969 4780 Deum
3001 4727 3308 4798 poenitere.
3346 4730 3499 4785 Bene
3529 4729 3727 4797 habet,

393 4876 947 4950 (8l)7Theod_oretus
980 4875 1140 4950 ἔρξαι.
1199 4891 1284 4950 1_u_,
1317 4874 1356 4930 l.
1416 4891 1501 4950 c.,‘
1527 4871 1837 4950 pag._23l),
1872 4872 1972 4943 qui
2005 4875 2048 4939 D

317 4942 1136 5028 hunc_'lo_cumnlaudat,_legit
1159 4964 1175 5028 ε
1201 4942 1566 5028 Εὐχαριστίας
1598 4942 1687 5028 ita?
1729 4942 1972 5028 fregi-390'

322 5020 424 5095 ρας
439 5015 958 5095 οὗκηαποδξχονται.
976 5015 1137 5095 Ha'nc
1160 5015 1477 5095 lectionem
1503 5022 1703 5095 tuetur
1729 5015 1974 5095 Luftius,

319 5085 601 5162 Liturgik.
636 5098 678 5146 t.
718 5085 854 5161 l','p.
905 5094 988 5144 77.
1043 5091 1203 5144 Hanc
1249 5089 1574 5162 sectionem
1606 5085 1974 5162 (ερχαριστίας

318 5149 571 5238 ἤγειρεν).
588 5149 1174 5238 lacobsbnus‘capiti
1192 5160 1568 5238 alitecedenti
1600 5149 1846 5214 addidit.

397 5232 510 5303 (82)
541 5235 625 5289 Cf.
659 5249 840 5304 supra
860 5249 910 5286 c.
945 5235 998 5295 2.
1025 5239 1082 5288 et
1104 5232 1179 5288 ad
1208 5233 1379 5304 Trall.
1411 5249 1460 5286 c.
1495 5233 1549 5304 97.

2146 4870 2262 4938 (88)
2291 4869 2334 4924 Ι.
2372 4884 2423 4922 e.
2458 4866 2554 4922 ubi
2581 4869 2863 4937 episcopus
2893 4875 2990 4934 est,
3023 4869 3101 4924 ibi
3131 4876 3207 4926 est
3229 4870 3468 4926 Ecclesia
3512 4887 3729 4926 concre-

2087 4949 2180 5007 ta;
2213 4948 2264 4996 et
2294 4940 2388 4994 ubi
2422 4939 2688 5010 Christus,
2721 4940 2800 4992 ibi
2839 4942 3081 4994 Ecclesia
3110 4943 3453 4996 universalis.
3488 4941 3730 5010 Mohler,

2083 5013 2350 5082 Einh_eit.r,
2378 5028 2436 5082 p.
2461 5010 2591 5082 292.
2618 5009 2806 5082 Aliter
2835 5011 3042 5074 Bothe,
3071 5014 3230 5079 Anf.,
3262 5029 3316 5082 p.
3351 5014 3457 5068 472
3487 5030 3602 5082 3].,
3635 5009 3730 5067 cui

2085 5080 2352 5148 καθολικῆ
2381 5080 2447 5120 ὲ-
2468 5081 2699 5136 visibilis
2721 5081 2983 5149 Ecclesia,
3003 5083 3223 5152 quique
3243 5080 3438 5139 locum
3462 5080 3730 5140 nostrum

2086 5157 2168 5211 ita
2198 5156 2623 5223 interpretatur
2651 5169 2662 5205 :
2696 5153 2836 5216 Quia
2865 5169 2986 5207 cum
3011 5153 3221 5208 Christo
3242 5157 3541 5209 necessarie
3569 5155 3733 5209 simul

2080 5230 2267 5298 posita
2297 5231 2371 5280 est
2403 5223 2641 5278 Ecclesia
2686 5223 2951 5298 visibilis:
2994 5224 3214 5298 ide_0_et
3261 5228 3318 5298 in
3367 5228 3556 5298 quovis
3595 5227 3728 5289 loco,

395 5295 510 5376 (83)
542 5307 584 5359 Ι.
619 5295 917 5378 (λάξᾴπην
949 5306 1239 5378 celebrare.
1276 5303 1468 5378 Aliter
1516 5301 1821 5368 Smithius,
1858 5316 1980 5355 cum
2080 5295 2185 5354 ubi
2215 5300 2501 5368 episcopus
2524 5297 2984 5378 _apparet.‘etiam
3012 5295 3300 5376 ﬁdeles'ad
3331 5295 3597 5352 visibilem
3630 5313 3734 5352 οω-

323 5375 510 5433 amore
539 5375 799 5447 amplecti
829 5376 927 5431 hoc
954 5376 1155 5431 donum
1187 5375 1304 5430 Dei.

399 5451 510 5516 (84ι
545 5451 626 5501 Ct‘.
662 5463 844 5518 supra
871 5463 920 5503 c.
955 5448 1011 5513 5,
1041 5453 1165 5503 not.
1199 5449 1287 5502 79.

405 5520 518 5591 (85)
548 5515 931 5591 Tercle—ligni.
965 5520 1010 5574 Ι.
1043 5535 1095 5574 e.
1126 5521 1376 5588 perfecta
1403 5521 1657 5588 apparet.

402 5588 518 5664 (86)
548 5588 973 5664 Cf._ad_Tr_all.,
1000 5605 1058 5664 _c.
1082 5591 1179 5664 713.

405 5660 520 5736 [8'7"]
554 5660 698 5717 Vide
730 5660 939 5731 Bothe,
968 5661 1132 5731 Anf.,
1164 5677 1220 5732 p.
1257 5661 1378 5713 469.

659 5781 927 5840 Paeon.
975 5776 1086 5839 Gn.
1134 5779 1205 5839 V.

2091 5378 2207 5426 tum
2237 5366 2560 5437 congregati
2590 5366 2922 5439 essedebent
2943 5383 2956 5420 :
2981 5383 3109 5420 nam
3130 5367 3412 5439 episcopus
3440 5385 3738 5439 repraesen-

2091 5448 2174 5497 tat
2205 5442 2500 5513 Christum.
2526 5437 2744 5513 w—-_A_lii
2768 5437 3024 5513 denique
3051 5439 3173 5513 yiro
3205 5438 3377 5513 docto
3403 5437 3739 5513 (Baumgar_-

2091 5511 2488 5578 ten-Crusius,
2519 5509 2712 5565 Lehrb.
2746 5511 2800 5565 ά.
2835 5510 2898 5562 D.
2948 5510 3011 5565 G.
3062 5510 3130 5574 II,
3168 5512 3324 5577 i255)
3355 5509 3446 5568 est
3467 5509 3738 5579 καθολική

2093 5585 2290 5657 potius
2317 5597 2678 5657 vera,_quat_n
2708 5581 3033 5657 unipersalis
3069 5581 3348 5657 Ecclesia.

2168 5653 2277 5727 (89)
2315 5651 2539 5708 Λοιπόνῖ
2574 5652 2655 5708 Cf.
2691 5651 2762 5707 ad
2793 5652 3028 5723 Ephes,
3061 5669 3111 5709 c.
3147 5654 3230 5708 11,

3428 5771 3506 5832 23
