4080 6134
297 353 411 416 ’117

1414 347 1800 410 EPISTOLA
1843 345 1941 408 AD
1986 343 2563 410 POLYCARPUM.

3581 349 3700 410 ’118

299 487 382 543 ὃτι
413 484 638 556 λιμένος
668 481 776 553 ἤδη
817 483 1105 558 ἐτύγχανεν
1150 487 1220 559 τῇ
1270 485 1552 557 προσευχῇ
1609 481 1779 556 ὑμῶν.
1834 479 1936 538 Τέ-

2087 480 2408 551 uilitatem,
2433 497 2610 553 quam
2633 480 2805 553 juxta
2827 481 2926 536 Dei
2945 481 3311 538 voluntatem
3331 487 3469 538 sunt
3490 500 3702 540 conse-

299 575 438 631 λειοι
469 569 638 637 ὄντες,
675 571 856 627 τέλεια
895 573 986 626 καὶ
1041 577 1306 650 φρονεῖτε,
1359 573 1472 646 (99)
1527 568 1785 625 Θὲλουσιν
1837 571 1940 644 γὰρ

304 665 426 736 ὑμῖν
461 663 781 739 εὐπρνὶσσειν
813 662 942 726 Θεὸς
965 661 1189 736 ’ὲτοιμος
1222 661 1298 725 εἷς
1329 663 1392 716 τὸ
1421 666 1746 740 παρασχεῖν.

2055 573 2193 638 cuti,
2231 575 2286 625 et
2317 572 2473 642 quod
2502 571 2765 626 Ecclesia
2795 571 2900 626 illa
2930 589 3036 642 per
3065 572 3395 626 orationem
3450 579 3702 629 vestram

2054 661 2376 732 portujam
2401 661 2478 715 sit
2499 661 2864 732 potita.Cum
2891 663 3137 732 perfecti
3169 662 3318 729 sitis,
3354 663 3533 718 etiam
3565 681 3704 734 per-

2055 750 2210 805 fecta
2230 752 2988 823 excogitetis.Cupientibus
3002 768 3161 806 enim
3178 753 3341 808 vobis
3364 753 3514 809 bene
3529 769 3704 826 agere

2057 841 2212 896 Deus
2242 841 2316 896 ad
2343 841 2717 913 largiendum
2747 846 2990 913 paratus
3024 845 3131 896 est.

1720 952 1840 1008 XII.
1873 954 2268 1014 Salutationes.

373 1061 705 1129 Ἀσπάζεται
777 1059 917 1132 ὑμᾶς
955 1060 989 1126 ἠ
1041 1057 1225 1133 ἀγάπη
1286 1060 1396 1110 τῶν
1448 1055 1700 1136 ἀδελφῶν
1747 1061 1856 1112 τῶν
1905 1057 1958 1113 ἒν

301 1149 546 1226 Τρωάδι,
580 1148 696 1204 ὅθεν
734 1148 824 1203 καὶ
874 1148 1068 1226 γράφω
1118 1147 1248 1220 ὑμῖν
1301 1144 1390 1201 διὰ
1439 1150 1519 1220 (1)
1569 1146 1838 1220 Βούῤῥου,
1898 1148 1954 1201 δν

305 1239 662 1298 ἀπεστείλατε
695 1240 808 1313 μετ’
841 1237 977 1311 ἐμοῦ
1037 1237 1148 1310 ἅμα
1197 1237 1485 1314 Ἐφεσίοίς,
1533 1242 1649 1298 τοῖς
1697 1233 1959 1316 ἀδελφοῖς

307 1333 486 1404 ὑμῶν,
518 1331 578 1394 ὃς
609 1328 744 1384 κατὰ
772 1328 946 1383 πάντα
981 1347 1047 1399 με
1095 1326 1407 1381 ἀνέπαυσεν.
1465 1325 1562 1380 Καὶ
1591 1321 1787 1404 ὄφελον
1826 1326 1960 1380 πάν-

305 1440 394 1481 τες
423 1419 585 1474 αὐτὸν
627 1417 952 1490 ἐμιμοῦντο,
994 1414 1124 1469 ὄντα
1171 1413 1534 1488 ὲξεμπλάριον
1585 1418 1718 1470 Θεοῦ
1768 1412 1958 1468 διακο-

305 1509 448 1570 νίας.
504 1506 802 1581 Αμείψεται
867 1503 1026 1558 αὐτὸν
1058 1506 1092 1572 ἡ
1124 1503 1286 1579 χάρις
1343 1503 1478 1557 κατὰ
1525 1503 1715 1556 πάντα.
1760 1503 1961 1558 Ἀσπά-

309 1605 480 1671 {opai
526 1597 618 1650 τὸν
677 1595 921 1665 ἀξιόθεον
979 1593 1291 1659 ἐπίσκοπον,
1349 1591 1439 1646 καὶ
1495 1593 1957 1666 θεοπρεπέστατον

305 1682 728 1762 πρεσϐυτέριον.
775 1684 906 1746 τοὺς
962 1679 1293 1744 συνδούλους
1358 1703 1462 1754 μου
1512 1679 1818 1742 διακόνους,
1869 1681 1959 1735 καὶ

2139 1064 2366 1120 Salutat
2393 1082 2496 1119 vos
2527 1064 2783 1120 Charitas
2813 1064 3083 1132 fratrum,
3128 1066 3228 1136 qui
3278 1066 3502 1121 Troade
3549 1070 3710 1136 sunt,

2067 1153 2224 1209 unde
2258 1159 2315 1208 et
2343 1154 2538 1209 scribo
2569 1154 2733 1208 vobis
2763 1171 2870 1225 per
2898 1155 3212 1222 Burrhum,
3247 1171 3424 1226 quem
3475 1172 3709 1211 mecum

2068 1242 2314 1297 misistis
2342 1259 2463 1297 una
2493 1259 2628 1298 cum
2660 1230 2950 1314 Ephesiis,
3003 1244 3279 1298 fratribus
3327 1245 3558 1313 vestris,
3610 1244 3712 1315 qui

2069 1333 2230 1386 omni
2244 1331 2418 1386 modo
2442 1348 2536 1386 me
2555 1332 3062 1402 recreavit.Atque
3076 1333 3303 1386 utinam
3318 1349 3527 1388 omnes
3541 1334 3712 1389 illum

2070 1421 2398 1486 imitentur,
2430 1437 2564 1475 cum
2596 1420 2672 1473 sit
2702 1420 3005 1490 exemplar
3025 1419 3207 1474 divini
3234 1421 3578 1476 ministerii!
3609 1424 3715 1477 Re-

2069 1516 2420 1564 muneretur
2447 1509 2640 1579 ipsum
2671 1510 2857 1579 gratia
2885 1525 2993 1579 per
3023 1510 3243 1564 omnia.
3276 1511 3474 1564 Saluto
3494 1511 3718 1582 episco-

2071 1612 2212 1668 pum
2245 1598 2361 1650 Deo
2394 1596 2657 1667 dignum,
2693 1599 2750 1649 et
2779 1597 2894 1650 Deo
2926 1595 3378 1651 dilectissimum
3411 1598 3714 1669 presbyte-

2072 1686 2247 1749 rium,
2282 1702 2596 1740 conservos
2629 1701 2792 1739 meos
2822 1684 3125 1755 diaconos,
3159 1687 3624 1760 singillatimque
3649 1705 3716 1743 ac

305 1777 434 1836 τοὺς
467 1797 564 1830 κατ
610 1771 778 1848 ἄνδρα
807 1773 895 1828 καὶ
935 1777 1090 1846 κοινῇ
1157 1769 1379 1836 πάντας,
1411 1769 1466 1825 ἐν
1501 1771 1728 1843 ὀνόματι
1781 1771 1961 1840 Ἰησοῦ

2095 1792 2133 1828 n
2164 1775 2510 1828 universum
2543 1790 2772 1838 omnes,
2814 1775 2874 1828 in
2901 1775 3145 1829 nomine
3162 1777 3296 1830 Jesu
3320 1777 3555 1844 Christi,
3577 1783 3634 1831 et
3655 1778 3717 1831 in

307 1869 573 1942 Χριστοῦ,
606 1864 695 1917 καὶ
727 1865 794 1935 τῇ
844 1861 1000 1935 σαρκὶ
1047 1860 1214 1915 αὺτοῦ
1260 1860 1349 1914 καὶ
1405 1864 1484 1931 τῷ
1543 1857 1752 1932 α’ίματι,
1804 1859 1958 1913 πάθει

306 1977 372 2012 τε
402 1957 492 2009 καὶ
526 1953 828 2020 ἀναστάσει,
861 1952 1091 2025 σαρκικῇ
1133 1969 1192 2004 τε
1239 1949 1329 2005 καὶ
1369 1952 1728 2021 πνευματικῇ,
1777 1951 1850 2019 (2)
1905 1947 1957 2003 ἐν

311 2046 572 2117 ὀνόματι,
604 2041 656 2096 ἐν
700 2041 914 2110 ὲνότητι
945 2043 1080 2094 Θεοῦ
1109 2039 1197 2093 καὶ
1236 2039 1411 2113 ὑμῶν.
1434 2037 1602 2112 Χάρις
1627 2030 1960 2111 ὑμῖν,ἒ’λεος,

310 2135 527 2211 εἰρήνη,
561 2133 815 2205 ὑπομονὴ
849 2128 938 2185 διὰ
966 2130 1184 2191 παντός.

2071 1879 2248 1917 carne
2279 1863 2408 1932 ejus
2438 1868 2497 1916 et
2521 1863 2829 1934 sanguine,
2864 1864 3137 1933 passione
3179 1869 3238 1918 et
3283 1866 3718 1920 resurrectione

2071 1952 2360 2023 corporali
2389 1951 2564 2006 simul
2599 1957 2656 2005 et
2685 1952 3000 2022 spirituali,
3032 1953 3094 2007 in
3128 1955 3390 2020 nomine,
3416 1955 3477 2009 in
3498 1955 3718 2012 unione

2072 2041 2170 2096 Dei
2196 2040 2523 2098 vobiscum.
2555 2042 2752 2096 Gratia
2769 2041 2952 2109 vobis,
2985 2043 3416 2111 misericordia,
3451 2060 3588 2114 pax,
3611 2061 3720 2116 pa-

2073 2130 2283 2185 tientia
2312 2130 2389 2184 sit
2419 2145 2674 2200 semper.
2725 2190 2727 2192 ,

1734 2239 1879 2294 ΧΙΠ.
1913 2239 2301 2294 Salutationes.

383 2341 735 2412 Ἀσπάζομαι
762 2335 890 2399 τοὺς
920 2334 1104 2397 οἷῖιους
1133 2339 1241 2390 τῶν
1267 2332 1515 2413 ἀδελφῶν
1558 2355 1664 2408 μου
1726 2335 1818 2388 σὺν
1865 2355 1960 2408 γυ-

310 2432 448 2502 ναιξὶ
480 2431 569 2484 καὶ
603 2427 830 2493 τέκνοις,
862 2425 950 2480 καὶ
999 2425 1096 2485 τὰς
1155 2423 1474 2498 παρθένους,
1521 2424 1616 2485 τὰς
1662 2423 1958 2498 λεγομένας

314 2525 392 2594 (3)
425 2522 628 2596 χήρας.
660 2514 938 2590 Ἑρξωσθέ
973 2535 1066 2587 μοι
1090 2513 1140 2568 ἐν
1169 2512 1390 2587 δυνάμει
1411 2512 1961 2585 Ηνεύματος.Ἀσπᾶ-

313 2617 458 2682 ζεται
498 2611 638 2680 ὑμᾶς
668 2610 743 2678 (4)
777 2604 986 2668 Φίλων,
1027 2603 1119 2658 σὺν
1177 2601 1298 2672 ἐμοὶ
1352 2597 1448 2658 ὤν.
1502 2603 1837 2674 Ἀσπάζομαι
1866 2602 1957 2657 τὸν

315 2703 465 2755 οἶκον
493 2693 752 2758 Ταουΐας,
784 2695 850 2764 ἢν
885 2692 1127 2771 εὔχομαι
1156 2688 1410 2763 ἐδρᾶσθαι
1459 2691 1637 2745 πίστει
1687 2691 1776 2744 καὶ
1827 2691 1960 2764 ἀγά-

317 2810 395 2864 πῃ
427 2790 654 2860 σαρκικῇ
682 2805 741 2839 τε
780 2783 870 2838 καὶ
917 2785 1282 2855 πνευματικῇ.
1337 2780 1677 2851 Ἀσπάζομαι
1725 2779 1957 2851 "Aliam,

318 2878 380 2931 τὸ
419 2873 652 2942 ποθητόν
687 2894 790 2945 μου
830 2867 1025 2943 ὄνομα,
1058 2870 1148 2923 καὶ
1181 2868 1389 2943 Δάφυον
1551 2871 1644 2923 τὸν
1699 2867 1963 2943 ἀσύγκρι-

2146 2333 2345 2388 Saluto
2371 2333 2626 2388 familias
2648 2333 2896 2389 fratrum
2919 2349 3187 2388 meorum
3208 2351 3344 2390 cum
3363 2336 3648 2391 uxoribus
3660 2340 3719 2391 et

2072 2421 2299 2487 liberis,
2333 2427 2390 2475 et
2419 2423 2693 2492 virgines,
2727 2427 2962 2476 vocatas
2993 2422 3219 2476 viduas.
3253 2424 3454 2478 Fortes
3495 2424 3623 2480 sitis
3654 2426 3717 2481 in

2076 2512 2285 2565 virtute
2318 2511 2585 2580 Spiritus.
2619 2509 2842 2565 Salutat
2867 2527 2966 2564 vos
2995 2510 3179 2577 Philo,
3214 2512 3312 2581 qui
3365 2529 3598 2567 mecum
3632 2518 3720 2568 est

2074 2599 2274 2654 Saluto
2305 2599 2540 2652 Taviam
2573 2604 2631 2652 et
2662 2598 2902 2653 domum
2937 2599 3086 2669 ejus,
3120 2616 3297 2669 quam
3322 2605 3457 2671 opto
3493 2601 3717 2656 ﬁrmari

2074 2687 2191 2742 fide
2222 2692 2280 2740 et
2310 2685 2594 2741 charitate
2626 2685 2916 2756 corporali
2958 2691 3017 2740 et
3047 2687 3358 2757 spirituali.
3394 2687 3590 2743 Saluto
3621 2689 3719 2742 Al-

2075 2792 2204 2844 cen,
2233 2775 2626 2830 desiderabile
2649 2776 2795 2830 mihi
2818 2793 3057 2843 nomen,
3082 2781 3139 2830 et
3164 2777 3477 2848 Daphnum
3501 2777 3722 2833 incom-

2073 2864 2426 2936 parabilem,
2460 2870 2518 2919 et
2553 2867 2906 2934 Euteenum,
2967 2882 3294 2936 omnesque
3344 2867 3719 2924 nominatim.

315 2986 428 3033 τον,
469 2962 559 3017 καὶ
595 2958 849 3019 Εὕτεχνον
896 2959 986 3014 καὶ
1035 2959 1239 3019 πάντας
1278 2959 1393 3012 κατ’
1435 2953 1632 3030 ὄνομα.
1687 2955 1962 3032 Ἐῥρωσθε

2087 2954 2278 3010 Valete
2309 2954 2369 3009 in
2390 2955 2577 3026 gratia
2608 2954 2734 3009 Dei.

314 3055 366 3111 ἐν
397 3055 585 3135 χάριτι
618 3056 773 3108 Θεοῦ.

1775 3147 1936 3205 Vetus
1965 3151 2255 3223 interpres.

315 3280 449 3335 quaa
482 3259 810 3335 secundum
843 3260 1044 3324 Dcum,
1077 3255 1220 3335 ipsis
1246 3255 1460 3335 factam
1481 3256 2024 3335 tranquillitatem;
2055 3265 2116 3335 et
2146 3261 2428 3335 quoniam
2460 3264 2632 3335 portu
2656 3260 2794 3335 jam_
2817 3260 3003 3330 potita
3040 3264 3146 3328 est,
3197 3261 3463 3335 oratione
3502 3267 3719 3335 vestra.

312 3327 568 3389 Pert‘ecti
592 3331 966 3393 exsistentes,
997 3329 1256 3400 perfecta
1282 3333 1336 3381 et
1369 3327 1577 3399 sapite.
1610 3327 1952 3384 Volentibus
1974 3331 2134 3386 enim
2161 3327 2323 3386 vobis
2347 3327 2735 3398 benefacere,
2763 3327 2916 3386 Deus
2945 3327 3185 3402 paratus
3216 3337 3306 3387 est
3335 3332 3408 3388 ad
3441 3332 3722 3390 tribuere.

1828 3440 2057 3494 CAPUT
2095 3441 2218 3496 XII.

381 3549 610 3604 Salutat
641 3546 1027 3618 vosgch’aritas
1056 3543 1329 3618 fratrum,
1363 3543 1462 3612 qui
1496 3544 1557 3618 in
1590 3543 1846 3618 Troade:
1870 3545 2027 3602 unde
2057 3552 2115 3601 et
2136 3546 2328 3602 scribo
2346 3547 2509 3602 vobis
2539 3564 2644 3618 per
2670 3547 2986 3616 Burrhum,
3009 3564 3186 3618 quem
3209 3548 3454 3606 misistis
3484 3566 3720 3605 mecum

304 3621 492 3676 simul
529 3617 799 3689 Ephesiis
833 3617 1111 3670 fratribus
1141 3615 1348 3689 vestris
1375 3631 1386 3679 ;
1420 3615 2110 3689 quisecundumomnia
2137 3636 2229 3672 me
2264 3615 2570 3688 quiescere
2600 3619 2757 3674 fecit.
2793 3621 2861 3672 Et
2882 3615 3104 3673 utinam
3134 3637 3342 3675 omnes
3365 3622 3561 3689 ipsum
3595 3622 3724 3674 imi—

301 3699 532 3757 tentur,
569 3686 950 3745 exsistentem
984 3687 1413 3762 exemplarium
1448 3686 1547 3740 Dei
1584 3687 1918 3762 ministerii.
1950 3686 2310 3744 Remuneret
2340 3691 2532 3760 ipsum
2563 3690 2752 3762 gratia
2783 3691 3110 3745 secundum
3135 3692 3358 3746 omnia.
3387 3686 3585 3746 Saluto
3607 3694 3723 3746 Deo

303 3765 560 3836 dignum
593 3762 958 3836 episcopum,
994 3767 1050 3812 et
1082 3760 1195 3836 Deo
1230 3757 2912 3836 decenspresbyterium._etconservos'meos'diaconos;
2956 3769 3015 3816 et
3057 3763 3401 3836 singillatim
3462 3769 3520 3817 et
3569 3780 3725 3836 comf

301 3829 577 3891 miniter
608 3829 838 3899 omnes,
873 3832 943 3904 in
963 3830 1204 3904 nomine
1233 3830 1367 3882 Jesu
1398 3829 1634 3904 Christi.
1661 3836 1717 3904 et
1739 3846 1913 3904 carne
1939 3831 2228 3904 ipsius,7et
2252 3833 2558 3903 sanguine,
2583 3838 2641 3886 et
2659 3834 3020 3904 passione.et
3043 3829 3478 3888 resurrectione
3500 3834 3722 3890 carnali

304 3915 365 3962 et
405 3905 721 3978 spirituali,
755 3904 816 3957 in
847 3902 1070 3956 unitate
1107 3900 1206 3955 Dei
1239 3907 1298 3954 et
1328 3901 1522 3954 vestri.
1558 3900 1753 3955 Gratia
1782 3900 1976 3966 vobis,
2002 3907 2061 3956 et
2093 3900 2521 3971 misericordia,
2555 3909 2613 3958 et
2647 3900 2778 3974 pax,
2814 3910 2872 3958 et
2901 3905 3258 3960 sustinentia
3288 3922 3543 3976 semper.

1819 4009 2049 4065 CAPUT
2085 4009 2228 4065 XIII.

378 4112 587 4166 Saluto
619 4110 824 4165 domos
854 4109 1104 4163 fratrum
1137 4120 1427 4166 meorum,
1460 4120 1594 4158 cum
1627 4105 1910 4177 uxoribus
1941 4109 1998 4159 et
2027 4105 2206 4170 ﬁliis;
2243 4111 2300 4160 et
2348 4105 2603 4177 virgines
2656 4113 2891 4162 vocatas
2943 4108 3168 4165 viduas.
3219 4108 3417 4162 Valete
3467 4108 3613 4163 mihi
3664 4110 3725 4163 in

299 4186 528 4240 virtute
560 4182 766 4236 Patris.
800 4181 1027 4235 Salutat
1057 4195 1154 4231 vos
1189 4176 1418 4248 Philoni.
1444 4191 1676 4248 mecum
1711 4176 2021 4248 exsistens.
2052 4177 2249 4232 Saluto
2284 4176 2526 4232 domum
2557 4178 2808 4244 Thaviaa,
2842 4195 3019 4248 quam
3079 4197 3180 4234 oro
3236 4180 3460 4234 ﬁrmari
3510 4179 3623 4235 ﬁde
3669 4186 3727 4235 et

297 4255 597 4314 charitate
631 4252 855 4307 carnali
889 4257 946 4304 et
975 4248 1290 4323 spirituali.
1322 4247 1520 4302 Saluto
1547 4247 1760 4323 Alken.
1785 4247 2353 4323 des_ideratum_mi_hi
2382 4266 2601 4303 nomen
2629 4265 2642 4313 ;
2673 4256 2730 4305 et
2756 4247 3067 4320 Daphnum
3091 4250 3642 4323 incomparabilem,
3669 4256 3728 4307 et

300 4331 662 4393 Eutecnum,
697 4329 753 4378 et
784 4318 1352 4377 omnes—secundum
1385 4334 1620 4372 nomen.
1651 4318 1850 4373 Valete
1884 4319 1941 4373 in
1973 4323 2160 4391 gratia
2196 4319 2322 4374 Dei.

596 4580 754 4672 AD
815 4573 1676 4672 POLYCABPUM.

307 4746 595 4819 Ignatius,
651 4742 748 4819 qui
801 4744 850 4792 et
913 4735 1294 4819 Theophanis,
1344 4735 1666 4819 Polycurpo,
1721 4737 1974 4816 episcOpo

386 4816 646 4874 Ecclesiae
676 4814 1106 4880 Smyrnaeorum,
1141 4812 1238 4877 qui
1274 4812 1391 4876 ipse
1428 4812 1615 4876 potius
1661 4812 1974 4877 episcopum

394 4959 510 5031 (99)
544 4955 938 5032 Hunc_locum
971 4951 1124 5032 male
1154 4949 1728 5032 Semipelagianismi
1768 4969 1976 5032 suspe-

318 5022 687 5100 ctum'putat
719 5022 1417 5097 Baumgartem-Crusius,
1451 5022 1643 5076 Lehrb.
1691 5023 1745 5076 d.
1780 5022 1972 5093 Dogm.

321 5107 414 5165 θ..
447 5105 518 5168 ΙΙ,
555 5101 710 5155 1407.

393 5163 471 5244 (1)
501 5163 584 5227 Cf.
617 5169 958 5244 ad‘Ephesq
990 5170 1060 5230 2;
1094 5165 1176 5244 ad
1198 5163 1450 5244 Phil_ad.,
1485 5167 1650 5244 c._tl.

393 5235 473 5314 (2)
505 5245 594 5296 Ἐν
624 5235 854 5314 ὀνᾲμῖιτι
889 5255 1010 5314 non
1044 5243 1134 5292 est
1160 5237 1224 5314 in
1254 5242 1365 5290 vet.
1401 5235 1692 5303 versione,
1749 5241 1806 5292 et
1849 5237 1979 5309 pla-

317 5308 407 5373 ne
433 5308 829 5370 omittendum
862 5311 1097 5365 videtur
1150 5308 1318 5363 GALL.

394 5389 472 5454 (3)
503 5386 586 5441 Cf.
623 5384 826 5448 Bothe,
865 5383 1028 5450 Anf.,
1062 5397 1120 5451 p.
1154 5381 1279 5433 253.
1315 5377 1692 5454 Diaconissse.
1743 5381 1851 5454 etsi
1883 5397 1979 5454 es-

319 5449 460 5515 sent
487 5459 748 5522 virgines,
780 5449 961 5525 χῆραι
981 5449 1180 5525 tamen
1204 5449 1676 5525 appellabantur,
1701 5452 1840 5525 quia
1862 5453 1978 5525 pri-

321 5531 442 5586 mis
465 5528 738 5584 Ecclesiae
761 5522 1128 5595 temporibus
1149 5523 1326 5577 viduae
1353 5522 1427 5577 ad
1449 5537 1666 5576 munus
1683 5523 1950 5579 diaconis
1966 5555 1982 5564 -

328 5617 532 5656 sarum
565 5599 699 5670 eligi
735 5596 1026 5651 solebant.

409 5674 481 5742 (4)
513 5671 596 5728 Cf.
626 5685 804 5741 supra
836 5685 884 5722 c.
929 5670 1008 5720 l0.

2002 4579 2050 4641 θ
2165 4599 2489 4696 ΠΡΟΣ
2573 4599 3446 4699 ΠΟΑΥΚΑΡΠΟΝ
3526 4582 3626 4690 (θ).

2079 4752 2362 4827 Ἰγνάτιος,
2418 4751 2456 4827 ⁸ὁ
2514 4750 2602 4827 διαὶ
2659 4747 2952 4827 Θεδφόρο-ς.
3016 4751 3360 4827 Πολυξιᾷρπῳ
3445 4752 3679 4827 ἐπισκόπ

2151 4827 2225 4894 (7)
2288 4820 2612 4891 Ἐκκλησίας
2665 4820 3013 4896 Σμύρναίων,
3094 4820 3443 4896 μᾶλλὀν’(8)
3501 4820 3730 4882 ἐπεσκοέ

2156 4959 2231 5029 (5)
2263 4960 2350 5014 Ita
2405 4975 2516 5033 ms.
2579 4957 2867 5014 Smithius
2924 4959 3168 5031 conjicit
3210 4959 3590 5033 Ἀσύγκριτον.
3641 4961 3724 5017 Cf.

2083 5034 2250 5087 Rom.
2283 5046 2399 5094 xv1,
2437 5032 2522 5084 14.

2157 5104 2232 5173 (6)
2264 5101 2650 5174 Authentiam
2681 5099 2859 5174 hujus
2890 5100 3155 5172 epistolae
3175 5109 3388 5174 contra
3441 5104 3729 5174 speciales

2084 5171 2512 5229 nonnullorum
2545 5171 2911 5244 objectiones
2930 5171 3284 5245 nuperrime
3325 5171 3735 5248 propugnave-

3574 5253 3734 5306 runt.

2158 5354 2236 5418 (7)
2265 5349 2925 5424 Vocabulor’ExxA-qciac
2960 5350 3110 5407 nihil
3147 5353 3470 5424 respondet
3491 5354 3551 5409 in
3578 5361 3741 5412 utro-

2087 5441 2201 5496 que
2233 5424 2435 5479 codice
2464 5423 2722 5494 Syriaco.

2159 5497 2234 5565 (8)
2269 5496 2429 5550 Hanc
2458 5493 2940 5566 paronomasiam
2974 5495 3311 5552 Vairlenius
3341 5498 3424 5553 ita
3453 5498 3740 5556 reddidit:

2087 5566 2414 5638 Inspectori,
2447 5568 2557 5622 imo
2586 5568 2685 5636 qui
2709 5568 2982 5637 impactus
3013 5574 3089 5622 est
3120 5584 3155 5622 a
3184 5569 3310 5624 Deo.
3335 5571 3636 5628 Jacossou.
