4080 6134
317 328 435 391 719

1263 329 1544 391 SANCTI
1591 329 1896 393 IGNATll
1940 328 2347 394 EPISTOLIE
2387 330 2780 393 GENUINIE.

3605 331 3728 392 ’720
3753 347 3773 400 ,³

387 462 545 534 habet
580 463 743 516 Deum
768 462 995 534 Patrem
1023 469 1075 517 et
1130 461 1416 516 Dominum
1459 463 1641 517 Iesum
1691 460 1939 518 Christum

2156 461 2384 532 πημὲνῳ
2457 459 2562 515 ὑπὸ
2627 463 2762 515 Θεοῦ
2806 459 3038 534 ΔΠοιτρὸς
3106 458 3196 514 καὶ
3291 459 3489 534 Κυρίου
3549 461 3767 533 Ἰησοῦς

379 532 690 604 plurimam
717 531 970 588 salutem.

2153 531 2415 607 Xptnoﬁ,
2455 534 2687 587 πλεῖστα
2716 531 2954 609 χαίρεινέ

1679 652 1722 704 I.
1755 653 1899 706 Laus
1933 657 1986 707 et
2021 650 2368 707 adhortatio.

381 767 546 821 Piam
579 772 842 822 montem
873 772 1058 836 tuam,
1091 766 1253 823 velut
1284 783 1463 838 supra
1492 772 1722 839 petram
1755 768 1961 822 immo-

306 856 489 910 bilem
521 856 847 922 fundatam,
881 857 1296 928 comprobans,
1333 859 1581 912 summis
1617 858 1798 912 eveho
1830 857 1960 912 lau-

309 946 504 1012 dibus,
537 946 693 1015 quod
725 945 936 1017 dignus
970 948 1081 1000 sim
1112 947 1349 1001 habitus
1386 953 1590 1001 sancta
1633 952 1733 1002 tua
1785 947 1956 1015 facie,

309 1053 425 1110 qua
455 1036 682 1090 utinam
715 1053 949 1106 semper
978 1037 1091 1091 frui
1122 1037 1342 1107 possim
1377 1037 1438 1091 in
1463 1037 1595 1091 Deo.
1623 1037 1876 1092 Obsecro
1901 1042 1956 1092 te

307 1141 413 1196 per
441 1125 712 1196 gratiam,
744 1142 860 1194 qua
909 1125 1153 1179 indutus
1205 1141 1291 1189 es,
1341 1130 1408 1180 ut
1452 1141 1667 1198 augeas
1715 1143 1956 1181 cursum

307 1221 497 1280 tuum,
530 1229 858 1283 omnesque
889 1212 1244 1278 adhorteris,
1275 1218 1341 1267 ut
1365 1213 1956 1270 salventur.Defende

306 1303 504 1358 locum
536 1307 706 1357 tuum
761 1303 821 1356 in
870 1303 1030 1356 omni
1077 1319 1220 1358 cura
1261 1302 1484 1357 carnali
1537 1309 1595 1356 et
1637 1303 1956 1373 spirituali.

306 1391 559 1446 Unitatis
591 1407 792 1446 curam
819 1391 1115 1462 habe,qua
1131 1391 1280 1445 nihil
1307 1391 1543 1448 melius.
1579 1393 1797 1448 Omnes
1819 1410 1957 1464 per-

305 1481 412 1546 fer,
443 1485 508 1535 ut
538 1486 598 1535 et
629 1485 682 1534 te
711 1480 932 1551 perfert
953 1479 1258 1535 Dominus.
1285 1481 1504 1536 Omnes
1535 1481 1723 1536 tolera
1746 1482 1804 1536 in
1826 1483 1952 1536 cha-

304 1571 502 1637 ritate,
537 1568 691 1624 sicut
721 1576 780 1622 et
802 1568 967 1623 facis.
1001 1567 1284 1623 Precibus
1315 1584 1456 1623 vaca
1483 1569 1808 1640 perpetuis.
1841 1569 1956 1622 Po-

305 1658 460 1714 stula
490 1657 844 1729 sapientiam
894 1657 1206 1728 majorem,
1260 1673 1438 1727 quam
1490 1657 1692 1712 habes.
1747 1656 1953 1728 Vigila,

304 1750 637 1805 insomnem
675 1747 948 1819 spiritum
980 1747 1312 1819 possidens.
1342 1746 1955 1818 Singulisloquere,ut

303 1844 472 1910 potes
498 1839 616 1892 Deo
647 1837 1356 1908 adjuvante.Cunctorum
1379 1837 1792 1907 tegrotationes
1814 1852 1939 1906 por-

2075 1832 2248 1903 μένος.
2304 1837 2432 1894 Τοῖς
2491 1835 2610 1889 κατ’
2664 1831 2832 1907 ἄνδρα
2887 1837 3021 1890 κατὰ
3081 1840 3193 1910 (20)

303 1933 384 1995 ta,
417 1928 568 1982 sicut
597 1926 894 1997 perfectus
952 1925 1193 1980 athleta.
1237 1923 1342 1978 Ubi
1393 1923 1526 1995 plus
1581 1923 1823 1989 laboris,
1873 1923 1954 1978 ibi

305 2031 586 2088 maguum
617 2015 870 2070 lucrum.

2144 768 2222 837 (9)
2255 762 2697 841 Ἀποδεγόμενός
2728 786 2823 820 σου
2853 766 2952 832 τήν
2993 764 3044 820 ἐν
3101 770 3218 838 Θεῷ
3265 767 3519 840 γνώμην,
3569 764 3736 842 ἡδρα-

2075 854 2279 927 σμένην
2340 855 2415 914 ὡς
2483 853 2567 909 ἐπὶ
2626 854 2821 928 πέτραν
2881 853 3132 925 ἀκίνηον,
3195 854 3538 929 ὑπερδοξάζω
3597 860 3728 928 (10),

2067 944 2421 1013 καταξιωθεὶς
2478 945 2576 998 τοῦ
2628 947 2742 1015 (11)
2800 943 3098 1016 προσώπου
3157 964 3253 998 σου
3309 949 3406 998 τοῦ
3461 946 3724 1017 ἀμώμου,

2069 1034 2131 1087 οὗ
2165 1037 2277 1106 (12)
2310 1032 2544 1105 ὀναίμην
2578 1031 2629 1087 ἐν
2665 1038 2803 1105 Θεῷ.
2837 1032 3148 1107 Παρακαλῶ
3181 1054 3237 1088 σε
3267 1033 3318 1088 ἐν
3354 1036 3541 1109 χάριτι
3585 1039 3722 1109 (13),

2066 1122 2236 1196 ﬁuit}
2271 1120 2569 1190 ἐνδεδυσαι,
2601 1127 2714 1194 (15)
2753 1125 3067 1196 προσθεῖναι
3099 1127 3178 1194 τῷ
3221 1121 3411 1197 δρόμῳ
3460 1145 3578 1193 σου,
3629 1126 3721 1180 καὶ

2065 1213 2264 1272 πάντας
2297 1213 2651 1286 παρακαλεῖν,
2681 1212 2771 1265 ἳνα
2824 1212 3124 1280 σώζωνται.
3181 1217 3291 1285 (16)
3340 1210 3574 1268 Ἐκδίκει
3623 1235 3720 1268 σου

2063 1304 2155 1355 τὸν
2188 1301 2357 1355 κόπον
2387 1300 2439 1355 ἐν
2472 1303 2615 1374 πάσῃ
2679 1300 2966 1373 ἐπιμελείᾳ
3024 1305 3255 1376 σαρκικῇ
3304 1323 3362 1356 τε
3419 1303 3509 1356 καὶ
3560 1324 3720 1363 πνευ,

2068 1393 2292 1462 ματικῇ.
2337 1392 2451 1458 Τῆς
2511 1389 2753 1452 ὲνώσεως
2791 1391 3059 1465 φρόντιζε,
3121 1391 3189 1460 ἧς
3247 1389 3406 1446 οὐδὲν
3469 1391 3718 1464 ἄμεινον.

2065 1479 2275 1540 Πάντας
2321 1477 2575 1553 βάσταζε,
2631 1478 2706 1543 ὡς
2763 1481 2850 1533 καὶ
2918 1480 2975 1534 σὲ
3006 1481 3033 1534 ὁ
3070 1479 3286 1554 Κύριος.
3339 1483 3558 1536 Πάντων
3603 1482 3721 1537 ἀνέ-

2065 1587 2173 1645 χου
2206 1567 2259 1622 ἐν
2290 1567 2499 1644 ἀγάπῃ,
2534 1565 2718 1641 ὥσπερ
2773 1567 2863 1622 καί
2921 1574 3119 1630 ποιεῖς.
3183 1575 3522 1644 Προσευχαῖς
3584 1573 3720 1645 σχό-

2068 1655 2198 1724 λαζε
2227 1663 2341 1726 (17)
2390 1653 2789 1719 ἀδιαλείπτοις.
2839 1659 2952 1730 (18)
3003 1659 3172 1715 Δίτοῦ
3233 1658 3441 1714 σύνεσιν
3496 1659 3725 1716 πλείονα

2061 1745 2128 1813 ἧς
2159 1739 2326 1818 ἔχεις.
2371 1745 2663 1821 Γρηγόρει,
2724 1747 3029 1820 ἀκοίμητον
3086 1749 3195 1816 (19)
3249 1752 3460 1820 πνεῦμα
3525 1769 3721 1820 κεκτη-

3273 1837 3530 1913 βοήθειαν
3585 1843 3721 1894 Θεοῦ

2067 1922 2248 1978 λάλειο
2289 1923 2511 1979 Πάντων
2541 1925 2635 1985 τὰς
2666 1927 2854 1987 νόσους
2899 1926 3148 2000 βάσταζε,
3181 1929 3254 1989 ὡς
3283 1927 3493 1990 τέλειος
3535 1930 3720 2001 ,ἀθλη-

2063 2013 2184 2080 τής.
2217 2013 2392 2068 Ὅπου
2423 2011 2630 2068 πλείων
2662 2013 2856 2082 κόπος,
2888 2013 3032 2069 πολὺ
3062 2013 3274 2088 κέρδος.

1525 2119 1596 2173 ΙΙ.
1629 2120 1985 2175 Continuatio
2018 2121 2487 2176 adhortationum.

373 2239 570 2294 Bonos
597 2235 921 2307 discipulos
953 2235 1000 2289 si
1034 2233 1343 2303 amaveris,
1393 2234 1623 2290 nullam
1663 2235 1799 2291 inde
1830 2252 1952 2291 me-

302 2329 452 2383 reris
481 2326 732 2399 gratiam
759 2341 772 2392 ;
806 2324 1005 2397 potius
1035 2324 1481 2395 pestilentiores
1512 2325 1576 2380 in
1607 2331 1954 2382 mansuetu-

2131 2233 2348 2299 Καλοὺς
2389 2235 2635 2308 μαθητὰς
2683 2238 2797 2308 (21)
2854 2235 2940 2289 ἐὰν
3002 2234 3188 2312 φιλῇς,
3249 2236 3412 2312 χάρις
3470 2259 3555 2292 σοι
3613 2239 3711 2294 οὐκ

2057 2318 2222 2378 ἔστιν·
2287 2322 2498 2397 μᾶλλον
2561 2323 2690 2386 τοὺς
2747 2326 2861 2397 (22)
2901 2321 3261 2399 λοιμοτέρους
3329 2324 3380 2379 ἐν
3437 2327 3708 2402 πραότητι

1766 2433 1918 2488 Vetus
1947 2431 2238 2503 interpres.

297 2541 566 2610 Ignatius,
600 2539 697 2610 qui
727 2544 780 2593 et
815 2535 1187 2608 Theophorus,
1217 2537 1524 2608 Polycarpo
1552 2540 1800 2610 episcopo
1830 2539 2081 2595 Ecclesiae
2117 2541 2565 2610 Smyrna'orum,
2599 2539 2774 2607 magis
2830 2545 3012 2592 autem
3065 2537 3292 2594 visitata
3323 2556 3357 2594 a
3387 2541 3496 2594 Deo
3543 2541 3710 2596 Patre

1319 2618 1370 2664 et
1399 2609 1636 2665 Domino
1663 2612 1790 2666 Jesu
1823 2611 2058 2680 Christo,
2083 2612 2393 2682 plurimum
2422 2609 2684 2679 gaudere.

1849 2728 2077 2783 CAPUT
2114 2729 2157 2782 Ι.

367 2818 693 2899 Acceptans
725 2820 886 2899 tuam
918 2815 980 2899 in
1012 2816 1130 2869 Deo
1162 2815 1542 2899 sententiam,
1577 2817 1871 2899 ﬁrmatam
1893 2814 3302 2899 ut‘supraxpetran‘iimmobilem,supergloriflco,
3329 2816 3706 2899 digniﬁcatus

299 2894 400 2944 tua
430 2886 575 2943 facie
607 2888 1004 2954 immaculata,
1040 2903 1157 2959 qua
1181 2887 1344 2941 fruar
1373 2887 1434 2941 in
1467 2889 1606 2942 Deo.
1640 2889 1934 2958 Deprecor
1965 2893 2020 2942 te
2048 2886 2108 2942 in
2141 2886 2242 2943 Dei
2274 2888 2461 2959 gratia
2487 2903 2603 2957 qua
2625 2886 2866 2941 indutus
2899 2886 2983 2949 es,
3016 2903 3316 2958 apponere
3348 2886 3548 2943 cursui
3582 2895 3704 2958 tuo,

298 2967 358 3014 et
386 2976 592 3014 omnes
625 2959 926 3029 deprecari
960 2965 1026 3012 ut
1058 2958 1377 3012 salventur.
1405 2959 1673 3014 Justillca
1701 2959 1894 3013 locum
1927 2966 2094 3013 tuum
2127 2959 2188 3013 in
2222 2958 2384 3012 omni
2407 2975 2550 3013 cura
2571 2959 2796 3030 carnali
2819 2965 2877 3012 et
2901 2959 3517 3028 spirituali.Unionem
3541 2977 3704 3030 cura,

299 3048 414 3101 qua
443 3031 594 3084 nihil
627 3031 858 3084 melius.
895 3031 1112 3085 Omnes
1145 3035 1420 3100 supporta
1451 3045 1462 3093 ;
1495 3036 1560 3084 ut
1589 3036 1646 3083 et
1675 3035 1732 3084 te
1763 3031 2067 3085 Dominus.
2110 3031 2328 3085 Omnes
2361 3030 2586 3084 sustine
2618 3030 2678 3082 in
2719 3029 3044 3094 charitate;
3091 3030 3602 3101 quemadmodum
3649 3029 3707 3088 et

293 3100 840 3157 facis.Orationibus
857 3117 995 3155 vaca
1016 3101 1515 3172 indesinentibus.
1546 3103 1683 3155 Pete
1705 3101 2444 3172 intellectumampliorem
2468 3117 2536 3155 eo
2551 3117 2727 3172 quem
2746 3100 3290 3170 habes.Vigila,non
3307 3102 3702 3158 dormientem

295 3173 934 3246 spiritumpossidens.
964 3171 1227 3246 Singulis
1253 3171 1580 3246 secundum
1611 3172 2105 3246 consuetudinem
2138 3171 2241 3226 Dei
2275 3171 2538 3242 loquere.
2574 3171 2853 3228 Omnium
2885 3173 3263 3244 egritudines
3291 3181 3553 3244 porta,ut
3575 3191 3705 3246 per-

293 3241 484 3300 fectus
517 3241 764 3299 athleta.
799 3243 904 3298 Ubi
936 3241 1129 3313 majdr
1154 3241 1342 3310 labor,
1377 3243 1625 3298 multum
1657 3242 1909 3298 lucrum.

1827 3342 2054 3397 CAPUT
2093 3343 2162 3396 Il.

366 3451 555 3504 Bonos
582 3444 903 3516 discipulos
934 3444 983 3499 si
1015 3443 1246 3515 diligas,
1279 3445 1466 3517 gratia
1495 3446 1602 3500 tibi
1634 3463 1754 3502 non
1786 3452 1910 3501 est:
1945 3447 2132 3520 magis
2162 3447 2489 3502 deteriores
2511 3447 2574 3502 in
2599 3447 3057 3503 mansuetudine
3091 3447 3336 3519 subjice.
3368 3449 3493 3502 Non
3525 3465 3701 3504 omne

294 3578 434 3629 runt
464 3572 759 3626 Hutherus
783 3570 863 3639 (in
891 3567 1111 3638 Illgenii
1139 3569 1512 3642 Zeitschr.[ur
1531 3569 1723 3642 histor.
1752 3571 1939 3638 theoI.,
1979 3577 2024 3641 α
2055 3569 2378 3642 Θεοῦηιιοᾴ
2398 3587 2470 3642 ne
2494 3572 2650 3642 apud
2672 3571 3152 3642 interpolatorem
3175 3571 3696 3642 quidemlegimus.

295 3652 336 3699 t.
371 3645 462 3706 XI,
497 3661 554 3713 p.
588 3646 656 3696 62
687 3643 841 3712 sqq.)
889 3648 948 3694 et
973 3639 1382 3713 Diisterdieck,
1416 3641 1490 3692 De
1520 3641 1942 3713 lgnatianarum

297 3712 652 3786 epistolarum
683 3714 992 3775 authenlia,
1027 3717 1251 3786 etc.,_p_.
1286 3712 1355 3786 42
1385 3727 1549 3780 seqq.
1588 3712 1750 3786 Multi
1785 3715 1942 3786 enim

297 3781 754 3848 contendebant,
788 3801 881 3836 Vix
915 3799 1043 3836 esse
1075 3781 1418 3854 verisimile,
1470 3783 1628 3851 quod
1681 3785 1942 3854 lgnatius

297 3860 434 3912 duas
464 3856 745 3926 epistolas
802 3854 875 3908 ad
933 3854 1265 3926 Smyrnaeos
1321 3853 1572 3926 miserit,
1633 3853 1812 3926 unam
1869 3855 1941 3909 ad

299 3923 630 3998 Smyrnaeos
661 3926 722 3980 in
763 3939 1098 3998 commune,
1135 3923 1408 3998 alteram
1466 3924 1540 3977 ad
1598 3925 1939 3998 episcopum

298 3994 560 4069 Sm'yrnaa
587 3997 934 4069 separatim.
962 3994 1070 4069 Sed
1102 3994 1265 4069 clare
1288 3995 1348 4048 id
1384 4000 1587 4069 narrat
1632 3994 1938 4069 Eusebius,

297 4065 440 4124 Hist.
482 4065 745 4134 coetu—ni,
775 4070 863 4122 36.
897 4065 1174 4136 Epistolaa
1197 4065 1270 4138 ad
1303 4066 1693 4138 Polycarpum
1722 4067 1940 4138 duplex

297 4146 485 4196 exstat
516 4139 702 4194 versio
727 4139 987 4209 Syriaca,
1022 4153 1123 4191 seu
1150 4137 1343 4207 potius
1366 4137 1482 4209 duo
1507 4137 1740 4193 codices
1762 4137 1937 4193 unius

296 4212 683 4282 ejusdemque
717 4208 1033 4282 versionis,
1058 4225 1307 4282 quorum
1331 4208 1482 4282 alter
1512 4209 1727 4263 saaculo
1751 4216 1934 4282 sexto,

293 4279 444 4334 alter
464 4279 664 4335 octavo
692 4287 964 4334 exaratus
986 4279 1234 4331 videtur.
1257 4279 1646 4333 Vetustiorem
1670 4280 1936 4336 codicem

293 4353 447 4422 typis
466 4350 914 4422 exscribendum
939 4351 1163 4422 curavit
1191 4350 1540 4416 Curetonus,
1571 4351 1609 4404 l.
1643 4367 1714 4408 ο..
1733 4351 1938 4422 junio-

290 4420 373 4476 ris
404 4421 623 4475 codicis
655 4421 941 4474 lectiones
972 4420 1282 4491 variantes,
1317 4437 1448 4489 qua:
1474 4420 1848 4491 paucissimas
1881 4430 1938 4477 et

289 4492 513 4547 nullius
546 4492 832 4565 ponderis
860 4497 1015 4565 sunt.
1049 4489 1798 4565 addensrUterqueicodex
1823 4497 1934 4565 pri-

288 4580 448 4618 mam
479 4560 708 4618 tantnm
743 4560 1010 4632 epistola)
1040 4567 1267 4632 partem
1299 4560 1506 4632 (usque
1536 4564 1610 4618 ad
1635 4560 1936 4622 linem—ca-

329 4635 426 4688 itis
485 4633 652 4701 sexti)
703 4631 988 4687 continet.
1049 4631 1091 4682 E
1138 4631 1430 4700 capitibus
1477 4640 1675 4687 autem
1723 4640 1753 4687 7
1800 4643 1859 4690 et
1900 4640 1931 4688 8

329 4652 426 4688 ius
485 4652 652 4701 sexu;
703 4652 988 4687 οοηιιηει.
1049 4652 1091 4682 ιτ,
1138 4652 1430 4700 capitibus
1477 4652 1675 4687 autem
1725 4652 1751 4687 '1
1800 4652 1859 4690 et
1900 4652 1930 4688 δ

285 4652 464 4776 gyrus
482 4705 626 4758 duas
645 4709 873 4776 tantum
907 4701 1229 4776 sententias
1259 4709 1529 4776 mutatus
1561 4709 1670 4768 est,
1713 4722 1930 4776 easque

284 4773 414 4830 cum
450 4777 565 4830 fine
589 4775 797 4846 capitis
821 4774 966 4847 sexti
993 4773 1318 4847 conjunrit.
1347 4774 1635 4847 Caeterum
1661 4773 1851 4847 Syrus
1869 4779 1930 4833 in

280 4849 562 4902 vertenda
593 4843 699 4900 hac
731 4845 982 4916 epistola
1012 4843 1318 4914 exemplar
1347 4845 1612 4900 Graecum
1663 4843 1813 4918 pene
1855 4849 1930 4904 ad

278 4919 522 4974 verbum
556 4923 795 4972 secutus
821 4920 930 4972 est.

373 4994 424 5057 9)
459 4984 835 5064 ’ᾼποδέχομαι
863 5058 873 5064 _
895 5006 966 5064 ζ
1017 4986 1213 5064 Ρνίζδοι
1267 4987 1580 5064 (ξοητΡνθρρν
1612 4997 1923 5064 ..ᾳρσερίυῖη

276 5055 464 5114 habeo.
497 5055 772 5116 ΡΕΑλέόΝ.
805 5058 914 5124 Τήν
944 5055 994 5110 ἐν
1027 5055 1143 5126 Θεῷ
1190 5055 1437 5128 γνώμην.
1485 5058 1693 5113 Similii
1744 5055 1920 5117 modo

271 5132 530 5201 Ignatius
572 5133 632 5186 in
668 5131 917 5201 epistola
947 5129 1021 5186 ad
1050 5131 1241 5197 Rom.,
1292 5144 1344 5184 c.
1396 5131 1450 5194 7,
1509 5131 1750 5187 scribit:
1803 5133 1916 5200 Τήν

274 5201 359 5274 εἷς,
381 5202 508 5254 Θεόν
543 5221 646 5273 μου)
685 5201 910 5274 γνώμην
924 5244 936 5256 .

342 5271 453 5342 (10)
485 5269 573 5326 Sd.
609 5269 762 5338 Θεόν,
798 5272 955 5343 quod
987 5271 1166 5342 Syrus
1196 5269 1352 5340 legit.

340 5344 595 5416 (11)Τοῦ
628 5343 923 5409 προσώπου
955 5361 1071 5395 σου.
1106 5344 1418 5414 Nunquam
1446 5343 1629 5416 igitur
1668 5351 1802 5400 ante
1835 5347 1916 5400 vi-

268 5409 437 5486 derat
465 5415 874 5486 P_olycarpum.
900 5417 1108 5486 Putas.

335 5482 445 5559 (12)
475 5482 808 5559 Οῑςζλιεζιὶοι.
842 5485 916 5540 ad
949 5485 1185 5555 Ephes,
1215 5500 1267 5540 ο.
1315 5488 1384 5540 2;
1418 5485 1494 5542 ad
1542 5488 1758 5559 Magn.,
1795 5506 1844 5544 ο.
1880 5493 1912 5543 2

263 5554 323 5603 et
342 5552 460 5622 1727;
494 5553 566 5622 ad
599 5552 789 5622 Rem,
822 5572 872 5610 c.
905 5559 958 5608 5.

331 5620 440 5690 (l3)
500 5620 786 5680 Smithius
841 5630 1047 5680 contra
1104 5623 1518 5681 auctoritatem
1568 5645 1678 5684 ms.
1744 5630 1908 5688 addit

2123 3639 2592 3713 (armatum.
2645 3639 2914 3698 Imitatur
2956 3645 3010 3695 S.
3071 3639 3346 3713 Paulum._
3401 3639 3507 3709 qui
3557 3658 3694 3697 voce

2051 3710 2222 3766 ivSéui
2251 3721 2308 3769 et
2338 3710 2597 3783 ἐνδύομαι
2649 3716 2758 3768 hoc
2819 3729 2998 3767 sensu
3059 3728 3214 3782 saape
3268 3711 3473 3773 utitur,
3533 3727 3583 3766 e.
3634 3729 3688 3783 g.

2051 3787 2262 3856 Ephes.
2294 3803 2365 3851 νι,
2404 3789 2505 3850 14ς
2540 3785 2678 3839 Cod.
2714 3786 2916 3856 1_I1,l2.
2956 3785 3154 3856 Baiias.

2119 3860 2234 3938 (15)
2267 3858 2595 3942 Προπρεῖναε
2616 3858 2693 3922 τῷ
2724 3851 2934 3942 βρόμος.
2966 3853 3192 3942 Similia2
3216 3851 3690 3942 inﬁlsc‘rjptura

2048 3925 2296 3997 legimus
2316 3923 2337 3980 ἐ
2375 3923 2630 3997 ῘΑΙληροῦν
2686 3923 2777 3977 τὸν
2817 3923 3040 3997 δρόμον.
3081 3928 3218 3997 ,Λοιτ
3269 3939 3391 3990 xm,
3440 3925 3546 3989 25;
3604 3943 3690 3977 τε-

2050 3993 2230 4050 λεῖοὖν
2263 3997 2352 4049 τὸν
2387 3993 2618 4069 δρόμον.)
2647 4000 2773 4050 Act.
2807 3993 2902 4062 xi,
2926 3993 3037 4059 7‘24;
3073 3996 3122 4048 ll
3151 3995 3309 4069 Tim_._
3331 4011 3402 4060 Iv,
3425 3997 3477 4047 7.

2119 4072 2225 4132 (16)
2261 4069 2301 4122 l.
2337 4084 2388 4123 e.
2421 4066 2652 4135 defende
2669 4071 3039 4138 episcopatum
3071 4066 3432 4138 tuum._Hanc
3453 4072 3691 4122 senten-

2047 4140 2189 4195 tiam
2224 4139 2425 4211 Syrus,
2459 4140 2656 4194 minus
2683 4136 2813 4193 eam
2845 4136 3209 4209 intelligens,
3243 4136 3325 4190 ita
3356 4139 3563 4191 vertit:
3595 4139 3695 4194 Eas

2043 4227 2128 4266 res
2157 4213 2422 4282 requires,
2454 4228 2574 4281 quae
2605 4213 2932 4266 conveniunt
2963 4226 3083 4264 cum
3123 4211 3276 4263 omni
3322 4225 3456 4262 cura
3501 4225 3696 4280 corpo-

2043 4285 2121 4338 ris
2152 4291 2200 4337 et
2233 4285 2457 4337 ani-mae.

2116 4355 2227 4423 (17)
2262 4350 2662 4411 Ἀδιαλεὲπτοις
2695 4352 2850 4423 apud
2883 4352 3091 4422 Syrum
3124 4367 3242 4405 non
3277 4355 3481 4404 exstat.

2114 4427 2227 4496 (18)
2262 4426 2352 4478 Nil
2386 4425 2565 4496 habet
2594 4425 2686 4478 hic
2721 4423 3264 4496 locns_rusticitatis
3295 4437 3400 4475 seu
3418 4437 3696 4494 arrogan-

2045 4498 2161 4559 tiaa,
2210 4493 2286 4550 'ut
2343 4495 2598 4550 Dallaaus
2656 4493 3072 4549 contendebat.
3131 4495 3410 4548 Fraterno
3457 4493 3688 4548 tantum

2042 4583 2241 4622 amore
2262 4565 2472 4621 ductus
2492 4566 2697 4620 beatus
2709 4565 2991 4635 lgnatius,
3013 4565 3398 4634 Polycarpum
3423 4580 3594 4618 suum
3614 4567 3690 4620 ad

2040 4638 2363 4692 Ecclesiam
2414 4637 2675 4690 studiose
2720 4635 3031 4690 fovendam
3076 4652 3144 4690 ac
3193 4650 3398 4705 preces
3449 4635 3686 4690 assidue

2039 4707 2374 4762 fundendus
2407 4708 2676 4762 hortatus
2707 4714 2815 4762 est.
2852 4709 3280 4761 Duusrenmecx.

2109 4783 2219 4847 (19)
2247 4779 2419 4847 Apud
2451 4781 2880 4848 Damascenum
2912 4779 3013 4848 qui
3063 4779 3218 4833 hunc
3263 4777 3458 4832 locum
3515 4778 3681 4843 citat,

2037 4844 2588 4933 legitugd‘noipa‘tov-
2619 4844 2795 4933 ὄμμα,
2823 4844 2988 4933 qudd
3037 4849 3193 4933 idem
3253 4854 3373 4914 est;
3408 4848 3686 4933 intflligil.

1957 4937 2006 5000 ι)
2038 4918 2199 5000 enim
2231 4918 2522 5000 inueni}:
2565 4918 2774 5000 ψυχῆς.
2823 4918 3022 4977 linus.
3076 4921 3256 4990 Syrus
3305 4937 3439 4975 cum
3482 4918 3682 4976 (ἕπωοο

2037 4999 2196 5048 textu
2229 5000 2429 5048 nostro
2471 4993 2612 5065 legit
2641 4995 2869 5062 πνεῦμα.

2100 5069 2208 5134 (20)
2241 5061 2638 5134 [interpolator
2663 5061 2842 5120 habet
2870 5063 3186 5133 ὁμοῆθειαν,
3223 5061 3463 5134 Latinus
3496 5063 3683 5134 inter-

2073 5153 2165 5206 res
2216 5133 2684 5206 consuetudinem.
2747 5136 2925 5206 Syrus
2993 5135 3204 5205 legisse
3259 5133 3490 5188 videtur
3543 5133 3679 5186 κοιτᾶ

2063 5203 2392 5291 ἑλημαιεεὲι
2425 5205 2659 5291 βουλήν,
2693 5203 2863 5261 vertit
2917 5203 3116 5261 enim:
3164 5206 3512 5261 Concordans
3555 5221 3677 5260 cum

2027 5279 2310 5333 voluntate
2340 5279 2456 5334 Dei.

2100 5351 2210 5419 (21)
2243 5355 2380 5404 Post
2421 5348 2664 5419 μαθητάς
2713 5347 3151 5420 Syrus‘legisse
3196 5346 3425 5420 videtur
3485 5345 3677 5418 μόνον,

2025 5418 2335 5492 quodnon
2368 5418 2766 5492 interpolator
2787 5418 3027 5492 quidem
3059 5419 3346 5492 agnoscit.

2095 5495 2206 5561 (22)
2241 5488 2609 5563 Adjectivum
2641 5488 2839 5560 λοιμός
2873 5490 3090 5563 saepius
3113 5489 3326 5562 legitur
3350 5488 3508 5560 apud
3533 5488 3675 5546 LXX

2022 5560 2402 5634 Interpretés,
2437 5569 2495 5618 et
2525 5563 2682 5636 apud
2712 5563 2767 5618 S.
2802 5560 3076 5630 Barnab.,
3108 5578 3158 5617 ο.
3177 5560 3280 5616 ⁷10.
