4080 6134
357 334 462 397 ’121
1521 337 1908 401 EPISTULA
1951 340 2051 401 AD
2093 336 2627 400 POLYCARPUM
2641 383 2655 397 .
3662 339 3776 399 722

360 463 647 524 ὑπότασσε.
693 467 767 523 Οὐ
799 473 902 524 πᾶν
947 474 1164 544 τραῦμα
1210 478 1276 540 τῆ
1310 469 1446 544 αὐτῇ
1479 469 1815 544 ἐμπλάστρῳ
1847 471 1996 542 039a-

2123 469 2260 527 dine
2293 470 2538 542 subjice.
2573 472 2698 526 Non
2729 485 2906 524 omne
2937 469 3150 525 vulnus
3210 469 3418 525 eodem
3453 469 3774 541 emplastro

355 553 597 612 παύεται.
657 557 795 618 Τοὺς
855 560 965 628 (23)
1042 559 1426 632 παροξυσμοὺς
1485 554 1793 634 ὲμόροχαῖς
1849 563 1996 612 παῖ’)ε.

2123 566 2384 616 curatur.
2427 561 2687 631 Impetus
2745 561 2986 616 febriles
3047 561 3563 632 superfusionibus
3611 561 3771 616 seda.

337 643 784 718 ’(24)Φρόνιμος
843 646 1000 720 γίνου
1058 649 1133 711 ὡς
1187 650 1310 727 ὃφις
1370 648 1422 704 ἐν
1479 649 1698 718 ἅπασιν,
1755 647 1845 702 καὶ
1885 646 1996 702 ἆκέ-

2123 649 2385 705 Prudens
2409 655 2555 713 esto,
2580 651 2731 704 sicut
2755 666 3023 721 serpens,
3050 650 3111 704 in
3135 650 3502 714 omnibus,et
3518 649 3773 720 simplex

360 752 509 806 ραιος
567 737 680 805 (25)
739 734 870 790 ὦσεί
923 739 1234 813 περιστερά.
1279 739 1376 793 Διᾶ
1429 743 1592 794 τοῦτο
1648 738 1903 810 σαρκικὸς
1962 740 1996 792 ε⁴

2125 745 2190 794 ut
2219 739 2514 794 columba.
2548 737 2772 794 Idcirco
2795 738 3122 810 corporalis
3140 755 3202 793 es
3229 744 3288 793 et
3317 737 3665 810 spiritualis,
3685 745 3770 807 ut,

357 825 446 879 καὶ
473 828 866 898 πνευματικὸς,
921 826 1012 884 ’ίνα
1061 831 1126 886 τὰ
1187 830 1486 908 φαινόμενά
1539 851 1635 884 σου
1694 829 1769 892 εἰς
1800 829 1990 902 πρόσω

2125 846 2256 899 quae
2282 845 2482 884 coram
2502 834 2559 883 te
2583 835 2889 899 apparent,
2909 828 3138 898 placide
3164 833 3377 882 tractes
3401 845 3415 893 ;
3451 827 3774 884 invisibilia

356 933 457 968 πον
516 913 844 990 κολακεύῃςο
904 917 972 970 τὰ
1029 915 1086 972 δὲ
1145 922 1258 992 (26)
1313 919 1518 993 ἀόρατα
1574 915 1732 989 αἴτει,
1785 916 1878 972 ’ίνα
1927 939 1989 973 σο

2123 923 2320 973 autem
2343 924 2510 989 petas
2532 923 2598 973 ut
2615 917 3069 973 manifestentur
3092 917 3297 983 tibi,ne
3322 917 3427 970 tibi
3445 917 3770 986 quidquam

357 1002 668 1080 φανερωθῇ,
709 1003 862 1067 ὅπως
921 1004 1152 1080 μηδενὸς
1207 1005 1390 1083 λείπῃ,
1447 1009 1536 1063 καὶ
1591 1009 1792 1069 παντὸς
1849 1005 1996 1082 χαρί.

2123 1006 2276 1062 desit
2301 1013 2359 1061 et
2389 1007 2551 1061 omni
2576 1007 2730 1062 dono
2761 1007 3041 1062 abundes.
3071 1007 3326 1078 Tempus
3349 1006 3570 1077 expetit
3601 1013 3678 1070 te,
3707 1009 3772 1060 ut

354 1112 558 1165 σματος
592 1095 941 1169 περισσεύῃς.
993 1099 1050 1149 Ὁ
1101 1098 1290 1172 καιρὸς
1342 1097 1561 1152 ἀπαιτεῖ
1591 1117 1668 1164 σε,
1698 1097 1772 1157 ὡς
1817 1090 2010 1170 κυϐερ-

350 1188 508 1250 νῆται
540 1185 653 1255 (27)
683 1182 939 1256 ἀνέμους,
979 1185 1070 1239 καὶ
1130 1186 1202 1247 ὡς
1254 1187 1655 1261 χειμαζόμενος
1688 1184 1902 1257 λιμένα,
1935 1184 2010 1246 εἰς

348 1269 411 1324 τὸ
444 1274 577 1324 Θεοῦ
607 1268 913 1349 ἐπιτυχεῖν.
946 1274 1103 1349 Ni;qu
1151 1273 1228 1335 ὠς
1285 1277 1418 1329 Θεοῦ
1472 1273 1739 1344 ἆθλητής’
1775 1274 1837 1328 τὸ
1871 1274 2010 1347 θὲμα

333 1358 621 1435 θάφθαρσία
663 1359 751 1415 καὶ
787 1362 898 1428 ζωή
953 1362 1202 1426 αἶ’ώνιος,
1262 1363 1384 1438 περὶ
1415 1363 1483 1432 ἦς
1515 1363 1603 1418 καὶ
1641 1363 1702 1416 σὺ
1735 1361 2006 1420 πέπεισαι.

349 1449 500 1504 Κατᾶ
557 1449 734 1503 πάντα
792 1470 888 1504 σου
945 1454 1058 1524 (28)
1114 1451 1410 1526 ἀντίψυχον
1461 1450 1569 1529 ἐγὼ
1616 1451 1805 1506 καὶτὰ
1836 1447 2009 1525 δεσμά

352 1557 480 1612 μου,
516 1538 549 1592 ἃ
581 1537 890 1612 ἠγάπησας.

2119 1095 2479 1168 gubernator
2507 1103 2732 1163 ventos,
2768 1100 2824 1151 et
2855 1101 2918 1151 ut
2951 1100 3298 1166 tempestate
3323 1097 3583 1166 jactatus
3633 1111 3773 1165 por-

2121 1190 2268 1252 tum,
2300 1191 2365 1239 ut
2395 1202 2529 1240 cum
2563 1185 2680 1240 tuis
2711 1185 2895 1239 Deum
2930 1185 3286 1256 assequaris.
3321 1184 3410 1239 Sis
3445 1184 3677 1238 sobrius
3708 1188 3774 1237 ut

2119 1273 2222 1327 Dei
2244 1274 2501 1339 athleta;
2526 1274 2836 1345 praemium
2857 1274 3227 1344 propositum
3245 1278 3335 1327 est
3355 1272 3772 1327 immortalitas

2120 1367 2178 1418 et
2207 1363 2325 1418 vita
2354 1369 2596 1430 aeterna,
2630 1363 2701 1417 de
2733 1379 2850 1434 qua
2906 1367 2964 1416 et
3013 1361 3118 1416 tibi
3171 1379 3518 1433 persuasum
3559 1366 3668 1416 est.
3705 1364 3770 1416 In

2119 1452 2396 1507 omnibus
2428 1452 2687 1507 vicissim
2745 1451 3031 1506 recreeris
3089 1467 3182 1506 me
3225 1456 3284 1506 et
3323 1451 3568 1507 vinculis
3600 1450 3768 1519 meis,

2120 1558 2249 1612 quae
2279 1541 2561 1597 dilexisti.

1798 1657 1897 1712 III.
1941 1655 2317 1712 Continuatio.

421 1771 535 1840 (29)
575 1769 643 1825 Οἱ
691 1767 976 1830 δοκοῦντες
1028 1769 1308 1842 ἆξόπιστοι
1370 1771 1500 1825 εἷμαι
1556 1771 1643 1825 καὶ
1679 1771 1793 1844 (30)
1825 1770 1996 1842 ἑτερο-

2187 1771 2296 1835 Qui
2322 1770 2596 1826 videntur
2624 1771 2739 1826 flde
2771 1772 2932 1844 digni
2965 1789 3114 1842 esse,
3151 1779 3209 1829 et
3237 1774 3434 1829 aliena
3462 1773 3766 1837 docent,te

335 1854 826 1927 “διδασκαλοῦντες,
915 1859 990 1932 μή
1078 1879 1137 1914 σε
1217 1858 1768 1929 καταπλησσὲτωσαν.
1831 1859 2002 1927 Στῆθι

345 1947 564 2020 ἑδραῖος
621 1946 694 2008 ὡς
753 1950 866 2020 (31)
922 1946 1113 2020 ἄκμων
1169 1948 1527 2021 τυπτόμενος.
1570 1945 1828 2022 Μεγάλου
1858 1945 2001 2001 ἐστὶν

343 2033 592 2106 ἀθλητοῦ
648 2037 710 2091 τὸ
770 2033 1016 2110 δέρεσθαι
1071 2039 1162 2092 καὶ
1220 2042 1392 2108 νικᾷν.
1455 2035 1708 2094 Μάλιστα
1740 2034 1796 2091 δὲ
1825 2034 2000 2090 ἕνεκεν

343 2130 480 2179 Θεοῦ
511 2126 687 2180 πάντα
735 2125 1024 2200 ὑπομένειν
1071 2129 1218 2200 ἡμᾶς
1271 2124 1372 2196 δεῖ,
1408 2124 1501 2180 ⁴¹ίνα
1537 2127 1627 2180 καὶ
1658 2126 1819 2186 αὐτὸς
1852 2127 2000 2197 ἡμᾶς

343 2214 642 2287 ὑμομείνῃ.
715 2219 832 2288 (32)
873 2215 1046 2271 Πλέον
1108 2214 1404 2276 σπουδαῖος
1463 2215 1617 2290 γίνου
1649 2215 1712 2269 οὗ
1753 2217 1824 2270 εἷ.
1860 2216 1999 2275 Τοὺς

338 2303 566 2378 καιροὺς
630 2306 1022 2378 καταμάνθανε.
1076 2305 1185 2362 Τὸν
1238 2307 1352 2380 (33)
1403 2304 1536 2375 ὑπὲρ
1585 2304 1772 2377 καιρὸν
1831 2323 1999 2378 προσ-

343 2390 498 2463 δόχα,
526 2394 619 2448 τὸν
653 2391 918 2468 ἄχρονον,
959 2395 1050 2449 τὸν
1093 2395 1344 2468 ἀόρατον,
1374 2395 1466 2449 τὸν
1497 2392 1567 2448 δι’
1598 2395 1747 2464 ἡμᾶς
1779 2393 1998 2466 ὁρατὸν,

340 2481 432 2536 τὸν
458 2481 848 2556 ἀψηλάφητον,
903 2483 996 2538 τὸν
1049 2483 1256 2552 ἀπαθῆ,
1302 2483 1393 2538 τὸν
1456 2481 1524 2538 δι’
1555 2484 1704 2554 ἡμᾶς
1733 2482 1997 2551 παθητὸν,

330 2571 436 2640 ,τὸν
467 2571 606 2627 κατὰ
633 2571 807 2628 πάντα
834 2573 1042 2643 τρόπον
1072 2569 1140 2627 δι’
1172 2575 1321 2646 ἡμᾶς
1361 2572 1746 2646 ὑπομείναντα.

2114 1876 2234 1913 non
2265 1860 2776 1930 perterrefaciant.
2813 1861 2911 1916 Sta
2943 1862 3150 1918 ﬁrmus
3181 1869 3247 1918 ut
3276 1863 3602 1932 incus,quaa
3634 1877 3765 1932 per-

2112 1949 2351 2002 cutitur.
2388 1949 2575 2022 Magni
2609 1949 2846 2004 athletas
2870 1956 2959 2005 est
2980 1951 3125 2007 caadi
3153 1958 3211 2007 et
3239 1952 3491 2006 vincere.
3517 1951 3768 2006 Maxime

2110 2054 2246 2092 vero
2286 2043 2530 2108 propter
2555 2039 2740 2092 Deum
2782 2040 2982 2094 omnia
3026 2040 3320 2096 sustinere
3371 2057 3480 2094 nos
3511 2043 3763 2109 Oportet,

2111 2132 2177 2181 ut
2205 2133 2264 2182 et
2295 2128 2418 2198 ipse
2451 2143 2559 2181 nos
2591 2129 2903 2184 sustineat.
2937 2129 3268 2184 Studiosior
3306 2130 3435 2195 ﬁas,
3468 2145 3644 2198 quam
3677 2145 3760 2181 es.

2109 2217 2399 2287 Tempora
2443 2216 2763 2286 perpende.
2812 2219 2982 2281 Eum,
3031 2217 3130 2288 qui
3178 2217 3333 2271 ultra
3377 2223 3610 2288 tempus
3655 2221 3764 2284 est,

2111 2310 2406 2376 exspecta,
2440 2304 2919 2376 intemporalem,
2971 2305 3350 2372 invisibilem,
3383 2309 3626 2375 propter
3655 2319 3763 2358 nos

2108 2393 2422 2461 visibilem,
2448 2393 2916 2463 impalpabilem,
2945 2393 3360 2463 impatibilem,
3385 2399 3627 2464 propter
3655 2408 3762 2446 nos

2109 2482 2442 2553 patibilem,
2475 2481 2577 2551 qui
2599 2482 2763 2536 omni
2812 2481 2990 2537 modo
3046 2487 3289 2554 propter
3316 2499 3426 2538 nos
3457 2481 3757 2538 sustinuit.

1789 2689 1880 2746 IV.
1924 2686 2300 2746 Continuatio.

423 2808 599 2878 Χῆραι
656 2807 730 2880 μή
788 2804 1220 2880 ἄμελείσθωσαν.
1280 2806 1389 2876 (34)
1446 2804 1592 2860 Μετᾶ
1648 2802 1739 2857 τὸν
1797 2802 1993 2878 Κύριον

346 2892 416 2948 σὺ
472 2892 644 2949 αὐτῶν
703 2897 1032 2972 φροντιστής
1091 2892 1202 2952 ἔσο.
1267 2889 1452 2963 Μηδὲν
1485 2893 1607 2946 ἄνευ
1639 2892 1868 2968 γνώμης
1898 2911 1994 2945 σου

337 2981 587 3057 γινέσθω,
623 2981 766 3057 μηδὲ
797 2985 858 3038 σὺ
891 2981 1014 3038 ἄνευ
1055 2987 1188 3039 Θεοῦ
1238 2983 1256 3056 [
1288 2983 1401 3054 (35)
1455 2981 1701 3056 γνώμης]
1733 3000 1786 3034 τι
1819 2984 1995 3055 πρᾶσ-

332 3091 410 3125 σε·
447 3071 580 3147 ὅπερ
638 3069 762 3128 οὐδὲ
818 3073 1098 3147 πράσσεις,
1155 3075 1270 3144 (36)
1323 3069 1608 3131 εὐσταθῆς.
1641 3072 1753 3141 (37)
1787 3067 1992 3124 Ιίυκνό-

327 3180 486 3234 τερον
549 3161 858 3237 συναγωγαὶ
943 3161 1293 3238 γινέσθωσαν.

1381 3160 1466 3230 Ἐξ
1537 3157 1804 3230 ὀνόματος
1863 3143 2064 3211 πάν-Ο

2177 2802 2380 2859 Viduas
2413 2820 2486 2859 ne
2513 2805 2902 2877 negligantur.
2935 2807 3074 2860 Post
3104 2805 3421 2861 Dominum
3453 2811 3516 2861 tu
3548 2823 3752 2864 earum

2105 2897 2346 2948 curator
2376 2893 2476 2948 sis.
2510 2893 2668 2948 Nihil
2700 2894 2828 2948 sine
2858 2898 2958 2948 tua
2986 2893 3286 2949 voluntate
3319 2895 3440 2961 ﬁat,
3464 2912 3657 2967 neque
3689 2903 3756 2952 tu

2104 2982 2427 3054 quidquam
2452 2983 2579 3037 sine
2604 2984 2704 3038 Dei
2729 2983 3027 3038 voluntate
3055 2999 3193 3056 agas
3218 2999 3230 3049 ;
3265 2985 3422 3054 quod
3444 3002 3554 3041 nec
3584 2986 3750 3056 facis,

2103 3088 2238 3126 cum
2270 3071 2350 3126 sis
2381 3078 2680 3128 constans.
2701 3072 2979 3126 Crebrius
3009 3078 3338 3127 conventus
3369 3074 3753 3130 ﬁant.Nomi-

2101 3162 2292 3215 natim
2323 3178 2529 3217 omnes
2574 3178 2793 3233 quaere.
2850 3162 3052 3216 Servos
3101 3167 3159 3215 et
3220 3161 3467 3218 ancillas
3499 3181 3572 3219 ne
3605 3183 3752 3220 con-

1803 3265 1967 3320 Velus
2005 3268 2294 3336 interpres.

326 3374 551 3431 vulnus
582 3376 792 3431 eodem
826 3375 1149 3447 emplastro
1178 3379 1439 3429 curatur.
1472 3371 1967 3447 Exacerbationes
2000 3371 2071 3447 ing
2091 3371 2303 3447 pluviis
2335 3372 2554 3443 quieta.
2581 3373 2973 3447 PrudensﬁJs.
2999 3381 3060 3429 ut
3080 3391 3316 3445 seipens,
3342 3375 3401 3430 in
3434 3376 3744 3431 omnibus:

330 3454 389 3501 et
417 3449 674 3516 simplex,
708 3455 768 3502 ut
795 3444 1064 3502 coluinba.
1098 3449 1346 3517 Propter
1375 3447 1485 3499 hoc
1517 3444 1774 3498 carnalis
1805 3461 1868 3498 es
1901 3450 1957 3498 et
1987 3444 2356 3517 spiritualis,
2382 3451 2447 3498 ut
2495 3446 2808 3500 manifesta
2839 3446 2899 3499 in
2932 3453 3093 3501 tuam
3125 3444 3337 3501 faciem
3379 3447 3742 3502 blandiaris:

330 3515 663 3574 invisibilia
692 3525 887 3574 autem
920 3524 1106 3590 petas,
1134 3515 1335 3572 ut'tibi
1369 3517 1861 3590 manifestentur;
1892 3521 1960 3569 ut
1988 3515 2155 3590 nullo
2187 3516 2452 3584 delicias,
2486 3521 2543 3569 et
2573 3517 3140 3590 omn_i_charismate
3172 3518 3460 3590 abundes.
3494 3522 3746 3589 Tempus

336 3592 568 3661 expetit
599 3598 675 3654 te,
708 3597 775 3646 ut
801 3587 1224 3671 gubernatores
1256 3594 1492 3669 ventos;
1527 3594 1584 3642 et
1613 3592 1679 3641 ut
1701 3587 1800 3657 qui
1835 3587 1895 3640 in
1925 3587 2189 3657 procella
2219 3593 2329 3655 est,
2355 3593 2599 3713 [portum
2647 3588 2720 3642 ad
2750 3588 2867 3642 Deo
2900 3588 3270 3670 potiendum.
3304 3589 3509 3670 Vigila,
3542 3587 3745 3671 ut.1)ei

336 3662 568 3713 athleta
593 3678 605 3713 :
639 3662 858 3713 thema.
892 3667 1256 3713 mcorruntto
1284 3665 1342 3713 et
1370 3666 1486 3713 Vita
1515 3665 1736 3713 mterna
1761 3675 1776 3713 :
1808 3656 1880 3713 de
1911 3675 2028 3713 qua
2059 3664 2117 3713 et
2145 3663 2209 3713 tu
2237 3675 2348 3713 con
2373 3675 2497 3713 lSllS
2527 3675 2610 3713 es.
2645 3659 2980 3713 Secundum
3007 3676 3229 3713 omnia.
3259 3665 3343 3713 tui
3373 3661 3745 3713 refrigerium

2373 3675 2392 3714 1

335 3656 605 3717 athleta:
639 3656 858 3728 thema,
892 3660 1256 3732 incorruptio
1284 3665 1355 3732 et;
1370 3659 1486 3732 vita
1515 3656 1776 3725 interna;
1808 3656 1880 3714 de
1911 3656 2028 3728 qua
2059 3664 2117 3713 et
2145 3663 2209 3714 tu
2237 3675 2348 3714 con

334 3749 470 3806 ego,
505 3739 562 3788 et
593 3733 826 3789 vincula
858 3749 990 3788 mea
1020 3730 1150 3803 quae
1181 3730 1462 3786 dilexisti.

2398 3675 2497 3713 sus
2527 3675 2610 3714 es.
2645 3659 2980 3716 Secundum
3007 3660 3229 3727 omnia,
3259 3661 3343 3714 tui
3373 3659 3746 3732 refrigerium

1863 3817 2096 3872 CAPUT
2133 3818 2227 3872 IlI.

409 3911 520 3975 Qui
550 3911 824 3966 videntur
857 3909 970 3966 fide
1002 3909 1164 3976 digni
1195 3912 1433 3980 esseet
1479 3906 1666 3962 altera
1712 3905 1950 3980 docent,
1995 3922 2116 3960 non
2164 3911 2220 3960 te
2271 3906 2687 3980 stupiefaciant.
2741 3907 2838 3962 Sta
2880 3907 3108 3980 ﬁrmus,
3143 3913 3208 3961 ut
3238 3907 3408 3963 incus
3439 3925 3740 3980 percussa.

325 3983 528 4055 Magni
559 3989 649 4038 est
674 3983 912 4055 athleta)
941 3980 1196 4055 discerpi
1229 3979 1538 4055 etvincere
1565 3996 1578 4034 :
1611 3979 1866 4033 maxime
1897 3983 2095 4055 autem
2126 3984 2369 4048 propter
2399 3979 2583 4055 D_e_um
2608 3981 2810 4034 omnia
2840 3979 3130 4055 sustinere
3162 3995 3270 4033 nos
3291 3987 3560 4050 Oportet;
3597 3987 3658 4035 ut
3689 3988 3748 4036 et

324 4049 465 4126 ipse
497 4071 606 4109 nos
637 4052 1120 4126 sustineat._Pl_us
1140 4049 1452 4106 studiosus
1487 4051 1614 4114 llas,
1648 4064 1934 4126 quarries.
1967 4049 2253 4126 Tempora
2281 4049 2628 4126 considera:
2654 4051 2913 4126 eumqui
2942 4067 3120 4120 supra
3151 4049 3406 4121 tempus,
3439 4059 3736 4126 exspecta,

323 4119 524 4183 intem
572 4126 795 4181 oralem
820 4143 833 4191 ;
859 4123 1238 4188 invisibilem,
1268 4127 1509 4193 propter
1529 4137 1637 4176 nos
1659 4119 1950 4176 visibilem
1974 4138 1989 4186 ;
2017 4120 2487 4191 impalpabilem,
2510 4119 2958 4191 impassibilem,
2982 4119 3223 4192 propter
3247 4119 3356 4176 nos
3376 4119 3742 4192 passibilem,

327 4144 672 4253 secunc’lum
705 4213 945 4253 omnem
978 4194 1221 4251 modum
1255 4200 1494 4253 promer
1521 4209 1631 4248 nos
1658 4193 2072 4248 sustinentem.

327 4213 525 4256 secun

571 4214 672 4253 um
705 4213 945 4253 omnem
978 4194 1221 4251 modum
1250 4200 1494 4266 prapter
1521 4209 1631 4248 nos
1658 4193 2072 4248 sustinentem.

1855 4297 2086 4353 CAPUT
2123 4299 2213 4354 IV.

410 4392 614 4448 Vidua
643 4409 766 4448 non
797 4390 1189 4464 negligantur.
1215 4389 1353 4442 Post
1375 4387 1691 4443 Dominum
1715 4392 1780 4443 ut
1799 4388 2061 4460 ipsarum
2085 4391 2322 4442 curator
2345 4391 2487 4442 esto.
2514 4386 2671 4442 Nihil
2698 4387 2825 4442 sine
2847 4388 3144 4442 sententia
3175 4392 3274 4442 tua
3295 4387 3433 4456 ﬁat;
3467 4403 3660 4459 neque
3683 4392 3746 4445 tu

411 4539 521 4611 (23)
554 4538 686 4611 Haec
719 4537 872 4592 male
905 4535 1078 4611 vertit
1110 4534 1287 4611 Syrus
1314 4549 1326 4587 :
1354 4533 1420 4588 1d
1448 4534 1598 4611 quod
1643 4539 1886 4611 acutum
1911 4539 1988 4588 est
2021 4534 2065 4598 D

331 4617 391 4666 et
419 4603 586 4677 secat,
643 4610 868 4664 lenitate
925 4603 1288 4676 mitigtﬂPro
1342 4603 1725 4677 παροξυσμούς
1777 4604 1986 4676 legisse

330 4681 574 4736 videtur
597 4680 942 4750 παραξοσμα.

412 4755 520 4823 (24)
552 4752 666 4807 Cfr.
702 4751 902 4807 Matth.
934 4767 989 4809 π.
1026 4750 1110 4803 16.

415 4817 520 4891 (25)
554 4825 730 4895 Syrus
763 4825 914 4877 hanc
946 4820 1305 4876 sententiam
1337 4817 1603 4889 pluribus
1649 4817 1842 4874 verbis
1883 4833 1984 4872 ex-

337 4896 543 4970 plicat.

413 4969 525 5038 (26)
556 4967 598 5022 l.
634 4983 678 5021 e.
719 4981 924 5022 arcana
980 4966 1121 5038 eitia_
1159 4961 1559 5038 quorumdam._
1599 4961 1740 5038 Jun;
1765 4963 1990 5016 Arcana

340 5032 604 5109 mysteria
639 5040 762 5105 Dei,
794 5043 916 5109 aut.
948 5051 1069 5105 quae
1100 5035 1158 5088 in
1185 5036 1376 5102 futuro
1407 5035 1672 5088 evenient.
1709 5032 1896 5086 errn.

414 5112 532 5180 (2‘7)
563 5111 742 5182 Syrus
771 5108 964 5172 vertit,
996 5122 1211 5182 nauem.

413 5173 527 5251 (28)
556 5173 672 5236 Cl‘r.
705 5183 891 5252 lgnat.
944 5178 1023 5252 ad
1083 5178 1341 5252 Symrn.,
1402 5191 1452 5230 c.
1475 5248 1486 5252 _
1510 5177 1614 5241 40;
1647 5173 1719 5229 ad
1750 5174 1988 5252 Ephes.,

343 5243 518 5307 ο.’21ξ
579 5243 764 5323 Syrus
809 5250 1003 5315 vertit,
1063 5243 1167 5303 siin
1223 5249 1338 5302 loco
1388 5248 1589 5302 animae
1641 5252 1752 5302 tuae
1782 5243 1850 5286 ἕ-
1879 5243 1991 5297 ἀντὶ

386 5344 549 5382 υγτις.

344 5325 734 5467 qi“(x'zjglf'Syrus
765 5392 976 5467 legisse
1006 5391 1267 5467 videtur:
1319 5389 1387 5446 Οἱ
1437 5384 1720 5447 δοκοῦντές
1749 5406 1803 5441 τι
1832 5386 1990 5441 εἶναι.

419 5462 530 5537 (30)
561 5462 677 5521 (ΠΤ.
707 5467 729 5518 I
756 5465 904 5520 Tin‘.
933 5479 972 5537 l_,
1061 5481 1075 5530 ;
1110 5478 1181 5528 v1,

445 5530 535 5610 31)
565 5539 765 5609 Syrus,
792 5533 1146 5610 vocabulum
1179 5532 1384 5610 -ιξκμων
1434 5530 1586 5610 male
1632 5530 1992 5610 intelligens,

353 5603 628 5666 exhibet?
659 5613 750 5663 sta
779 5607 990 5663 firmus
1017 5610 1084 5660 ut
1113 5605 1342 5670 athleta,
1371 5603 1473 5677 qui
1501 5603 1850 5676 percutitur.

2317 4526 2486 4612 [ξ-λέον
2521 4525 2814 4612 σποοᾷαῖος
2845 4551 2896 4587 κ.
2929 4527 3069 4612 1.}.
3105 4533 3236 4587 Hinc
3256 4549 3443 4612 usque
3466 4533 3541 4612 ad
3564 4535 3744 4612 ﬁnem

2097 4603 2309 4673 capitis
2334 4603 2577 4674 Syriacei
2605 4603 2864 4656 citantur
2911 4619 2944 4658 a
2999 4603 3229 4666 Severo,
3264 4603 3598 4674 patriarcha
3627 4609 3746 4660 An—

2097 4675 2395 4740 tiocheno,
2430 4673 2586 4743 apud
2611 4675 2996 4739 Curetonum,
3029 4674 3067 4728 l.
3104 4692 3179 4744 c.,
3211 4673 3279 4744 pf
3297 4677 3386 4730 28.

2171 4744 2282 4815 (33'
2309 4747 2394 4799 Ita
2424 4744 2604 4798 codex
2648 4761 2736 4798 ms
2809 4745 2992 4799 divise
3042 4743 3173 4797 ὑπὲ)
3212 4743 3428 4813 ὶιχιρόν.
3462 4747 3597 4800 libri
3635 4748 3742 4801 im-

2097 4817 2284 4887 pressi
2317 4816 2642 4884 composite
2673 4815 3019 4887 ὐπὲρκαιρον,
3054 4815 3170 4870 alio
3201 4833 3442 4887 prorsus
3468 4834 3646 4871 sensu
3677 4847 3744 4859 ~—

2096 4887 2262 4942 nimis
2293 4893 2558 4941 maturus.
2592 4887 2692 4941 JAc

2191 4958 2280 5029 34)
2313 4959 2491 5029 Syrus
2524 4958 2720 5023 habet,
2740 4964 2970 5028 propter
2998 4957 3332 5011 Dominum.

2194 5027 2292 5102 3Ξὶ)Δ
2317 5027 2478 5083 Adde
2511 5030 2704 5102 γνώμη
2717 5027 2761 5096 ς,
2781 5029 2938 5102 quod
2962 5029 3140 5102 habet
3170 5027 3742 5102 interpolatonquod

2099 5101 2242 5165 legit
2272 5100 2469 5170 Syrus.
2492 5099 2768 5170 quodque
2800 5099 2861 5153 in
2893 5099 3173 5153 citatione
3199 5099 3512 5170 hujusloci
3537 5099 3616 5151 (in
3644 5101 3743 5154 ho-

2100 5117 2242 5165 legit
2272 5117 2306 5155 δ
2353 5117 2469 5156 rus.
2492 5117 2768 5170 quouque
2800 5117 2861 5153 in
2893 5117 3173 5153 οιιοιιιοηθ
3199 5117 3373 5167 ηυλυε
3401 5117 3512 5152 ιοοι
3537 5117 3616 5151 un
3644 5117 3738 5154 no-

2100 5171 2266 5226 milia
2295 5117 2368 5225 (ἴε
2413 5172 2588 5225 unico
2635 5172 2942 5239 utriusque
2981 5171 3336 5224 Testamenti
3383 5168 3738 5241 legislalore,

2100 5242 2268 5312 vulgo
2301 5243 2356 5295 ς.
2389 5243 2803 5312 Chrysostomo
2836 5241 3077 5312 tributa)
3108 5241 3419 5311 reperitur.

2173 5307 2282 5382 (36)
2313 5307 2680 5385 Syrns'cum
2737 5307 3389 5384 interpolatore'legit:
3443 5310 3578 5385 ’ὅπερ
3622 5307 3744 5365 οὐδὲ

2103 5381 2377 5457 πράσσετς.
2415 5381 2694 5457 Εὐστάθει.

2174 5458 2284 5526 (37)
2318 5455 2672 5527 Ηυκνότερον.
2722 5453 3176 5527 Ροθνεοῐιιιεᾲὰθ
3223 5455 3504 5511 confertis
3534 5461 3592 5510 et
3624 5455 3747 5526 ple-

2103 5525 2217 5592 nis,
2250 5543 2386 5599 non,
2418 5527 2490 5582 de
2533 5525 2758 5582 crebris
2785 5525 3192 5599 conventibus
3235 5527 3491 5599 exponit.
3526 5530 3602 5582 At
3625 5525 3742 5584 ’cfr.

2103 5603 2288 5671 Ignat.
2321 5598 2395 5654 ad
2425 5599 2661 5670 Ephes.,
2692 5614 2744 5654 ο.
2771 5598 2857 5653 13.
2879 5597 2997 5652 Jac.
