4080 6134
315 343 434 403 723

1277 342 1562 406 SANCTI
1607 341 1903 404 IGNATII
1948 332 2358 400 EPISTOLE
2404 333 2808 399 GENUIN/E.

3613 342 3732 403 724

313 485 548 536 temnas
571 497 583 544 ;
611 476 714 532 sed
741 493 850 531 nec
882 475 992 547 ipsi
1025 476 1600 548 superbiant,verum
1625 476 1696 532 ad
1719 475 1962 548 gloriam
1995 480 2022 542 Α

2097 490 2169 528 τας
2204 474 2316 537 (38)
2353 470 2522 537 ζήτει.
2575 471 2687 539 (39)
2738 467 2977 530 Δο·3λους
3037 471 3127 523 καὶ
3180 469 3379 531 δούλας
3423 473 3497 542 μὴ
3531 472 3731 545 ὓπερη·

313 570 415 625 Dei
449 569 582 640 plus
617 567 892 630 serviant,
953 572 1018 620 ut
1075 567 1366 638 potiorem
1418 568 1755 622 libertatem
1788 582 1820 618 a
1852 565 1967 617 Deo

313 660 776 726 consequantur.
813 655 937 708 Non
969 653 1309 710 desiderent
1347 653 1766 710 communibus
1797 668 1969 707 sum-

309 745 509 817 ptibus
544 760 574 798 e
602 742 881 797 servitute
914 742 1151 812 redimi,
1178 760 1251 798 ne
1274 745 1425 799 servi
1459 743 1838 798 inveniantur
1869 755 1972 794 cu-

310 834 602 907 piditatis.

2079 560 2252 633 ιράνει·
2286 556 2431 611 ἀλλὰ
2465 555 2605 628 μηδὲ
2639 557 2792 612 αὐτοὶ
2841 558 3275 636 φυσιούσθωσαν,
3306 560 3430 616 ἀλλ’
3465 561 3540 622 εἷς
3571 560 3727 631 δόξαν

2080 652 2214 702 Θεοῦ
2243 644 2410 700 πλὲον
2459 642 2887 714 δουλευέτωσαν,
2937 644 3027 701 ’ἱνα
3082 648 3386 719 κρείττονος
3421 649 3730 726 ἐλευθερίας

2080 736 2186 791 ἀπὸ
2243 738 2376 790 Θεοῦ
2431 733 2697 808 τύχωσιν.
2755 736 2848 803 Mi;
2911 733 3180 806 ἐράτωσαν
3235 737 3342 792 ἀπὸ
3397 743 3495 794 τοῦ
3540 745 3728 795 κοινοῦ

2082 825 2519 900 ἐλευθεροῦσθαι,
2545 822 2637 878 ’ἕνα
2673 824 2750 896 μὴ
2781 822 2973 878 δοῦλοι
3004 825 3292 898 εὑρεθῶσιν
3318 829 3636 902 ἔπιθ’)μίας.

1215 943 1274 994 V.
1309 941 1454 1005 Quid
1484 941 1758 1012 conjuges,
1787 937 2020 1006 czlibes,
2049 950 2271 1006 sponsos
2296 939 2513 988 moneat
2541 936 2842 1006 episc0pus.

385 1049 562 1104 Malas
593 1053 749 1103 artes
804 1047 974 1119 fuge;
1035 1048 1222 1119 magis
1277 1053 1475 1103 autem
1515 1047 1588 1102 de
1619 1046 1738 1100 illis
1771 1061 1970 1100 coram

311 1137 531 1209 populo
563 1135 827 1205 loquere.
882 1135 1192 1190 Sororibus
1240 1136 1389 1191 meis
1433 1135 1633 1203 dicito,
1666 1141 1733 1189 ut
1764 1132 1968 1188 Domi-

311 1242 456 1282 num
487 1230 708 1291 ament,
744 1230 802 1278 et
831 1224 1061 1280 maritis
1091 1230 1387 1280 contentas
1410 1224 1527 1278 sint
1550 1241 1726 1279 carne
1757 1240 1823 1278 ac
1856 1223 1970 1293 spi-

310 1317 449 1370 ritu.
487 1313 774 1368 Similiter
807 1319 865 1368 et
893 1313 1175 1367 fratribus
1211 1313 1355 1367 meis
1386 1313 1603 1367 manda
1635 1313 1695 1366 in
1723 1313 1968 1366 nomine

311 1403 449 1458 Jesu
480 1402 720 1470 Christi,
752 1407 818 1455 ut
848 1401 1098 1473 diligant
1119 1403 1402 1473 conjuges
1430 1419 1565 1456 suas
1596 1402 1747 1456 sicut
1781 1399 1970 1454 Domi-

311 1507 426 1546 nus
457 1490 781 1545 Ecclesiam
808 1488 934 1545 “.Si
961 1490 1092 1560 quis
1114 1495 1309 1560 potest
1328 1490 1388 1543 in
1409 1489 1678 1544 castitate
1703 1504 1964 1556 manere,

312 1580 384 1636 ad
419 1580 707 1634 honorem
741 1579 894 1649 ejus,
918 1579 1017 1649 qui
1042 1579 1329 1632 Dominus
1356 1584 1446 1632 est
1466 1577 1750 1636 carnis.in
1779 1577 1968 1631 humi-

312 1669 482 1724 litate
514 1674 772 1723 maneat.
807 1668 862 1720 Si
897 1666 1201 1737 glorietur,
1234 1668 1447 1738 periit;
1495 1673 1554 1720 et
1599 1667 1647 1720 si
1680 1683 1742 1721 se
1775 1665 1966 1735 majo-

313 1775 442 1814 rem
475 1757 752 1828 episcopo
770 1761 1030 1822 censeat,
1051 1755 1478 1810 interiit.Decet
1502 1772 1658 1819 vero,
1679 1760 1743 1808 ut
1764 1753 1962 1824 sponsi

319 1854 378 1902 et
395 1863 627 1917 sponsaa
651 1845 722 1900 de
755 1845 1051 1899 sententia
1073 1845 1334 1916 episcopi
1357 1839 1484 1916 conj
1496 1844 1696 1915 ugium
1727 1843 1967 1909 faciant,

321 1941 388 1992 ut
414 1935 637 2006 nuptiaa
671 1934 999 1989 secundum
1020 1934 1333 1989 Dominum
1359 1934 1621 1997 sint,non
1642 1932 1969 1987 secundum

323 2023 728 2095 cupiditatem.
762 2023 972 2079 Omnia
1000 2023 1075 2078 ad
1105 2023 1392 2077 honorem
1422 2022 1524 2076 Dei
1555 2023 1721 2077 fiant.

1999 1804 2046 1868 B

2149 1043 2263 1113 (40)
2295 1039 2403 1102 Τὰς
2431 1041 2787 1115 κακοτεχνίας
2817 1045 2998 1118 φεῦγε·
3031 1040 3242 1114 μᾶλλον
3279 1039 3335 1097 δὲ
3364 1045 3487 1118 περί
3517 1043 3728 1100 τούτων

2079 1128 2446 1202 (41)ὁμιλίαν
2506 1134 2685 1184 ποιοῦ.
2742 1132 2877 1192 Ταῖς
2934 1128 3194 1207 ἀδελφαῖς
3255 1154 3359 1205 μου
3402 1131 3726 1207 apocletis-.1,

2079 1220 2290 1293 ἀγαπᾷν
2321 1219 2410 1273 τὸν
2445 1219 2668 1292 Κύριον,
2699 1218 2788 1272 κεῖ
2819 1224 2934 1280 τοῖς
2975 1215 3230 1293 συμϐίοις
3263 1221 3533 1294 ἀρκεῖσθαι
3569 1224 3725 1296 σαρκὶ

2077 1307 2166 1363 καὶ
2197 1308 2484 1379 πνεύματι.
2518 1308 2757 1379 Ὁμοίως
2787 1309 2874 1362 καὶ
2925 1315 3041 1369 τοῖς
3091 1308 3346 1388 ἀδελφοῖς
3381 1331 3485 1381 μου
3519 1314 3730 1388 παράγ-

2075 1396 2240 1472 γελλε
2289 1396 2337 1450 ἐν
2392 1397 2618 1468 ὀνόματι
2672 1399 2850 1466 Ἰησοῦ
2900 1399 3157 1472 Χριστοῦ,
3214 1400 3425 1476 ἀγαπᾷν
3469 1402 3564 1462 τὰς
3597 1424 3730 1474 συμ-

2077 1483 2228 1547 ϐίους
2287 1485 2360 1545 ὡς
2393 1486 2420 1539 ὁ
2459 1486 2651 1560 Κύριος
2705 1489 2802 1557 τήν
2855 1486 3202 1557 Ἐκκλησίαν.
3264 1487 3338 1545 Εἴ
3388 1510 3471 1552 τις
3513 1486 3726 1545 δύναται

2076 1574 2128 1630 ἐν
2160 1576 2347 1650 ἁγνείᾳ
2383 1575 2552 1648 μένειν
2588 1575 2663 1637 εἰς
2695 1578 2863 1650 τιμήν
2919 1581 3017 1632 τοῦ
3075 1580 3182 1652 (42)
3241 1578 3444 1652 Κυρίου
3473 1587 3573 1650 τῆς
3606 1601 3730 1656 σαρ-

2072 1666 2189 1733 κὸς,
2224 1665 2275 1720 ὲν
2339 1665 2647 1739 ἆκαυχησίᾳ
2709 1664 2931 1737 μενέτω.
2994 1666 3114 1722 Ἐὰν
3173 1670 3731 1742 καυχήσηται,ἀπώ-

2079 1753 2224 1809 λετο’
2258 1753 2348 1808 καὶ
2408 1751 2495 1808 ἐὰν
2527 1757 2746 1828 γνωσθῇ
2803 1753 2970 1808 πλέον
3025 1759 3121 1810 τοῦ
3177 1753 3496 1823 ἐςισκὸπου,
3530 1755 3723 1834 ἔφθαρ-

2077 1865 2188 1898 ται.
2217 1847 2326 1915 (43)
2363 1845 2558 1917 ΙΙρέπει
2618 1840 2674 1896 δὲ
2727 1849 2844 1906 τοῖς
2900 1847 3139 1918 γαμοῦσι
3177 1845 3263 1899 καὶ
3296 1851 3416 1908 ταῖς
3448 1849 3728 1923 γαμουμέ-

2081 1950 2217 1991 ναις,
2255 1930 2386 2000 μετά
2443 1930 2667 2002 γνώμης
2719 1934 2816 1984 τοῦ
2872 1929 3170 1984 ἐπισκόπου
3211 1932 3309 1999 τήν
3339 1927 3528 1987 ἕνωσιν
3557 1941 3726 1989 ποιεῖ.

2089 2031 2233 2086 σθαι,
2258 2016 2347 2071 ἵνα
2399 2019 2428 2071 ὁ
2479 2018 2653 2092 γάμος
2711 2017 2747 2092 ᾖ
2799 2019 2933 2072 κατὰ
2983 2021 3130 2090 Θεὸν,
3163 2021 3251 2072 καὶ
3286 2023 3362 2092 μή
3396 2028 3510 2077 κατ’
3542 2022 3731 2079 ἐπιθυ-

2091 2109 2240 2180 μίαν.
2274 2110 2386 2180 (44)
2423 2106 2599 2162 ΙΙάντα
2630 2107 2705 2169 εἷς
2734 2109 2902 2179 τιμὴν
2937 2111 3070 2162 Θεοῦ
3101 2107 3354 2182 γινέσθω.

1571 2219 1660 2272 VI.
1703 2218 1899 2285 Ofﬁcia
1946 2220 2128 2287 gregis
2161 2217 2484 2274 Christiani.

389 2329 678 2400 Episcopo
712 2325 1022 2392 attendite,
1081 2330 1147 2380 ut
1203 2331 1260 2378 et
1302 2325 1454 2378 Deus
1485 2323 1648 2378 vobis
1680 2324 1970 2382 attendat.

327 2418 562 2473 Utinam
593 2432 698 2487 ego
729 2415 990 2469 vicissim
1023 2429 1293 2469 recreare
1323 2414 1543 2484 possim
1574 2430 1694 2478 eos,
1719 2414 1820 2484 qui
1850 2413 1982 2468 sub-

323 2509 431 2564 diti
465 2513 603 2563 sunt
625 2508 920 2579 episcopo,
942 2506 1324 2578 presbyteris,
1348 2506 1614 2562 diaconis
1635 2524 1648 2573 ;
1673 2513 1730 2560 et
1751 2507 1980 2561 utinam

324 2598 473 2653 mihi
518 2598 821 2668 contingat
863 2613 997 2650 cum
1055 2596 1174 2650 illis
1215 2601 1444 2667 partem
1494 2595 1710 2650 habere
1744 2597 1804 2650 in
1836 2596 1978 2653 Deo.

324 2685 694 2741 Collahorate
725 2685 888 2740 vobis
911 2690 1116 2739 mutuo
1144 2702 1156 2751 ;
1190 2701 1308 2739 una
1329 2690 1569 2749 certate,
1594 2701 1713 2739 una
1737 2685 1978 2750 currite,

323 2774 755 2846 compatimini,
791 2790 907 2829 una
940 2773 1215 2840 dormitc,
1250 2790 1370 2828 una
1413 2773 1729 2845 exsurgite,
1761 2779 1827 2827 ut
1877 2773 1981 2827 Dei

319 2862 858 2926 administratores,
907 2861 1237 2916 familiares
1297 2866 1353 2915 et
1409 2861 1688 2916 ministri.
1745 2861 1979 2915 Placete

2161 2323 2274 2394 (45)
2333 2325 2424 2392 Τῷ
2479 2319 2760 2393 ἐπισκόπῳ
2815 2322 3135 2400 προσέχετε,
3213 2319 3300 2376 ’ἵνα
3371 2323 3460 2377 καὶ
3520 2324 3548 2378 ὁ
3605 2326 3738 2388 Θεὸς

2091 2411 2239 2482 ὑμῖν.
2273 2412 2382 2482 (46)
2413 2409 2735 2484 Ἀντῖψυχον
2763 2409 2866 2484 ἐγὼ
2890 2415 2997 2464 τῶν
3024 2411 3478 2484 ὑποτασσομένων
3507 2417 3586 2484 τῷ
3618 2412 3737 2467 ἐπι-

2089 2498 2296 2571 σκόπῳ,
2329 2493 2740 2574 πρεσϐυτέροις,
2799 2495 3091 2560 διακόνοις
3124 2502 3211 2554 καὶ
3276 2504 3388 2572 μετ’
3431 2501 3608 2556 αὐτῶν
3644 2523 3738 2573 μοι

2086 2591 2150 2643 τὸ
2179 2587 2338 2663 μέρος
2376 2588 2586 2662 γένοιτο
2617 2593 2769 2662 σχεῖν
2804 2585 2852 2641 ἐν
2895 2593 3032 2660 Θεῷ.
3070 2594 3408 2665 Συγκοπιᾶτε
3438 2587 3738 2660 ἀλλήλοις.

2091 2676 2426 2742 συναθλεῖτε,
2504 2676 2840 2752 συντρὲχετε.
2909 2677 3278 2752 συμπάσχετε,
3349 2681 3739 2752 συγκοιμᾶσθε,

2089 2765 2478 2841 συνεγείρεσθε,
2535 2764 2610 2825 ὡς
2669 2767 2802 2818 Θεοῦ
2861 2764 3147 2838 οἰκονόμοι
3204 2767 3294 2821 καὶ
3351 2765 3616 2842 πάρεδροι
3644 2767 3736 2822 καὶ

2090 2854 2376 2929 ὗπηρέται.
2406 2857 2518 2923 (47)
2551 2851 2832 2929 Ἀρέσκετε
2887 2852 2933 2926 ᾧ
2992 2855 3360 2929 στρατεύεσθε,
3402 2856 3496 2934 ἀφ’
3553 2855 3614 2910 οὗ
3645 2856 3734 2910 καὶ

322 2951 430 3017 illi,
465 2950 560 3006 cui
595 2950 885 3016 militatis,
922 2966 953 3004 a
991 2966 1106 3019 quo
1161 2955 1218 3003 et
1249 2949 1546 3018 stipendia
1575 2949 1760 3004 fertis.
1797 2951 1979 3003 Nemo
2015 2978 2022 3025 4

2097 2944 2152 2998 τὰ
2215 2946 2328 3017 [48]
2385 2942 2594 3017 ὀψώνια
2652 2945 2962 3016 κομίζεσθε.
3025 2945 3205 3014 Μήτις
3268 2945 3420 3017 ὐμῶν
3469 2942 3734 3020 δεσέρτωρ

321 3045 582 3094 vestrum
608 3038 877 3094 desertor
904 3038 1257 3094 inveniatur.
1285 3037 1618 3107 Baptismus
1640 3042 1832 3091 vester
1853 3053 1977 3092 ma-

2092 3033 2303 3107 εὐρεθῇ.
2337 3033 2406 3086 Τὸ
2439 3033 2724 3106 βάπτισμα
2780 3033 2933 3107 ὐμῶν
2997 3034 3198 3108 μενέτω
3251 3039 3319 3091 49
3377 3035 3450 3096 ὡς
3499 3033 3667 3108 ὅπλα,
3696 3038 3732 3105 ἡ

1790 3137 1956 3189 Vetus
1979 3137 2268 3203 interpres.

331 3227 456 3281 sine
483 3226 600 3280 Deo
631 3225 772 3296 quid
803 3240 1048 3296 operare
1075 3240 1087 3276 :
1122 3221 1496 3296 quodautem
1522 3223 1815 3296 operaris,
1849 3222 2105 3296 sitbene
2137 3221 2367 3296 stabile.
2393 3221 2626 3296 Saepius
2657 3225 3141 3296 congregationes
3174 3225 3354 3279 fiant:
3388 3243 3459 3280 ex
3491 3226 3734 3280 nomine

333 3314 542 3352 omnes
569 3292 794 3367 quaare.
828 3292 1034 3350 Servos
1055 3299 1117 3367 et
1135 3292 1383 3367 ancillas
1403 3310 1478 3348 ne
1503 3292 1816 3367 despicias,
1840 3293 1943 3367 sed
1967 3310 2160 3362 neque
2183 3293 2295 3363 ipsi
2318 3292 2604 3367 inflentur
2625 3310 2637 3357 ;
2660 3294 2762 3367 sed
2783 3292 2853 3367 in
2883 3292 3130 3365 gloriam
3162 3297 3263 3350 Dei
3300 3297 3426 3367 plus
3457 3298 3734 3359 serviant,

327 3375 392 3423 ut
420 3363 654 3422 meliori
685 3368 957 3421 libertate
983 3382 1018 3419 a
1048 3366 1164 3420 Deo
1198 3365 1520 3436 potiantur.
1554 3363 1676 3420 Non
1729 3365 2072 3419 desiderent
2109 3381 2143 3418 a
2190 3363 2492 3418 communi
2525 3363 2696 3418 liberi
2730 3365 2857 3419 ﬁeri
2879 3363 2993 3432 {ut
3021 3383 3140 3422 non
3176 3363 3325 3421 servi
3359 3370 3738 3424 inveniantur

331 3439 844 3510 concupiscentiae.

1868 3524 2094 3579 CAPUT
2136 3525 2195 3576 V.

405 3617 583 3673 Malas
615 3621 771 3672 artes
812 3615 979 3688 fuge:
1016 3614 1208 3688 magis
1232 3619 1430 3688 autem
1452 3613 1658 3688 dehis
1687 3613 2155 3688 homiliamﬂfac.
2190 3613 2430 3688 Sorores
2480 3629 2642 3688 meas
2673 3613 2994 3688 alloquere,
3029 3614 3272 3688 diligere
3305 3615 3642 3688 Dominum.
3677 3622 3736 3671 et

336 3689 475 3743 viris
507 3689 778 3744 sufﬁcere
812 3685 988 3742 carne
1020 3693 1078 3742 et
1122 3685 1356 3757 Spiritu.
1407 3686 1694 3740 Similiter
1737 3693 1796 3740 et
1838 3685 2118 3739 fratribus
2169 3685 2316 3738 meis
2365 3685 2653 3757 annuntia
2682 3685 2741 3739 in
2774 3686 3014 3740 nomine
3044 3685 3178 3740 Jesu
3217 3687 3452 3746 Christi,
3489 3687 3730 3756 diligere

337 3778 573 3838 uxores,
602 3766 670 3814 ut
698 3760 984 3838 Dominus
1016 3756 1356 3838 Ecclesiam.
1389 3758 1444 3838 S_i
1477 3758 1609 3838 quis
1640 3757 1923 3838 potest-in
1956 3757 2224 3838 castitate
2247 3771 2530 3838 _manere,
2584 3756 2644 3838 in
2693 3757 2975 3838 honorem
3024 3758 3220 3812 carnis
3261 3758 3513 3821 Domini,
3640 3758 3728 3811 in-

334 3825 685 3903 gloriatione
717 3831 948 3885 Domini
981 3835 1239 3886 maneat.
1277 3830 1330 3882 Si
1363 3825 1675 3903 glorietur,
1703 3828 1971 3903 perditur
1993 3844 2022 3903 :_
2041 3833 2100 3882 et
2129 3827 2182 3903 si
2207 3825 2388 3880 videri
2421 3827 2557 3903 velit
2585 3828 2718 3898 plus
2749 3829 3044 3903 episcopo,
3077 3837 3389 3903 corruptus
3421 3836 3528 3883 est.
3555 3830 3732 3883 Decet

345 3897 546 3958 autem
579 3902 862 3957 ducentes
893 3908 950 3956 et
981 3903 1208 3967 ductas,
1241 3897 1389 3955 cum'
1424 3897 1721 3954 sententia
1765 3899 2026 3970 episcopi
2083 3898 2367 3953 unionem
2414 3897 2647 3966 facere;
2692 3905 2758 3954 ut
2785 3897 2881 3954 isit
2923 3897 3486 3965 secundum'Deum,
3523 3906 3581 3954 et
3611 3915 3732 3954 non

337 3974 665 4029 secundum
694 3973 1251 4043 concupiscentiam.
1285 3971 1496 4027 Omnia
1520 3971 1581 4026 in
1614 3971 1898 4025 honorem
1932 3971 2030 4024 Dei
2064 3970 2228 4024 fiant.

1849 4061 2078 4114 CAPUT
2128 4060 2216 4115 Vl.

401 4153 689 4224 Episcopo
711 4151 1089 4217 attendite,ut
1113 4156 1170 4204 et
1190 4151 1341 4224 Deus
1362 4150 1547 4224 vobis.
1571 4149 1875 4224 linanimis
1899 4165 2002 4224 ego
2023 4165 2157 4224 cum
2181 4148 2464 4220 subjectis
2486 4149 2784 4220 episcopo,
2803 4149 3165 4224 presbyteris
3194 4150 3460 4224 diaconis
3487 4168 3498 4205 :
3525 4157 3735 4224 etcum

329 4221 475 4295 ipsis
509 4221 654 4278 milii
686 4239 822 4293 pars
857 4224 958 4276 fiat
987 4238 1199 4295 capere
1225 4222 1286 4275 in
1322 4222 1455 4276 Deo.
1489 4221 1860 4276 Collaborate
1889 4226 1962 4274 ad
1986 4221 2258 4295 invicem,
2283 4227 2640 4295 concertate,
2667 4223 3019 4295 concurrite,
3049 4222 3736 4295 compatimini,condor-

332 4292 496 4358 mite,
530 4292 884 4364 consurgite,
918 4300 983 4346 ut
1014 4292 1113 4346 Dei
1144 4293 1606 4364 dispensatores.
1643 4300 1700 4347 et
1725 4309 2055 4348 assessores
2078 4298 2136 4345 et
2163 4292 2440 4348 ministri.
2464 4293 2698 4347 Placete
2725 4294 2816 4346 cui
2843 4294 3109 4347 militatis
3131 4311 3143 4356 ;
3168 4311 3201 4346 a
3225 4311 3338 4363 quo
3365 4301 3422 4348 et
3445 4294 3739 4364 stipendia

332 4365 519 4420 fertis.
553 4363 764 4419 Nullus
788 4370 1048 4418 vestrum
1076 4363 1298 4418 otiosus
1325 4364 1991 4436 inveniatur.Baptisma
2016 4372 2274 4418 vestrum
2301 4371 2538 4419 maneat
2569 4370 2633 4419 ut
2663 4372 2916 4431 scutum,
2952 4365 3100 4420 fides
3147 4371 3213 4419 ut
3261 4365 3448 4436 galea,
3481 4363 3736 4420 charitas

407 4479 453 4514 ¹⁸
481 4481 694 4551 Ephes.
726 4497 780 4546 v,
801 4482 890 4532 25.

408 4603 521 4675 (38)
567 4604 608 4658 Ι.
657 4618 708 4657 e.
771 4602 1075 4679 universos
1133 4603 1488 4660 nominatim
1522 4606 1595 4661 ad
1627 4623 1978 4679 congressus
2010 4609 2063 4674 D
2164 4607 2276 4676 (43)
2311 4606 2589 4679 Yideatur
2619 4604 2910 4679 Neander,
2932 4606 2971 4662 l.
2995 4623 3070 4675 c.,
3095 4624 3150 4679 p.
3181 4609 3306 4663 321.

333 4673 528 4731 saeros
557 4689 831 4728 convoca.
862 4673 982 4726 Jac.

403 4745 517 4820 (39)
549 4745 664 4820 Dfr.
720 4743 1021 4820 Nean_der,_
1045 4766 1073 4794 «
1109 4745 1589 4820 Kirchengesch.,
1624 4771 1652 4798 ››
1684 4749 1728 4816 Ι,
1761 4766 1818 4820 p.
1852 4751 1976 4803 300.

402 4815 514 4888 (40)
550 4818 588 4870 l.
625 4833 676 4871 e.
714 4838 741 4865 ‹‹
775 4815 958 4870 malas
989 4815 1310 4877 doctrinas.
1344 4815 1621 4875 haereses.
1657 4841 1684 4868 »

407 4892 516 4959 (41)
552 4889 592 4962 l.
629 4903 689 4962 e._
707 4909 733 4935 ‹‹
758 4888 1104 4962 frequenter
1124 4889 1421 4943 orationes
1445 4907 1642 4945 coram
1669 4891 1886 4962 populo
1909 4890 1980 4944 de

334 4957 428 5016 his
454 4959 626 5032 malis
657 4958 941 5032 doctrinis
972 4957 1323 5032 habeantur.
1359 4962 1477 5032 niln
1506 4957 1801 5032 prioribus
1831 4963 1982 5016 meis

336 5031 698 5104 editionibus
743 5047 878 5085 cum
927 5030 1352 5104 interpolatore
1395 5030 1546 5104 legi:
1597 5031 1850 5103 Ὀμιλίαν
1902 5033 1977 5104 μὴ

331 5102 516 5160 ποιοῦ.
551 5105 695 5157 Cum
726 5119 860 5156 vero
907 5101 1195 5171 particula
1239 5101 1504 5174 negativa
1535 5101 1981 5159 non'solum'in

339 5175 538 5230 codice
572 5174 832 5228 Mediceo
855 5177 1069 5242 (textus
1092 5173 1319 5238 Graeci).
1343 5174 1446 5228 sed
1475 5175 1648 5229 etiam
1676 5175 1734 5228 in
1766 5176 1980 5238 veteri-

338 5245 449 5300 bus
479 5245 846 5318 versionibus
877 5245 1080 5318 Latina
1110 5250 1168 5297 et
1209 5244 1447 5318 Syriaca
1477 5262 1596 5299 non
1629 5246 1979 5318 reperiatur,

339 5331 500 5370 nunc
531 5332 660 5370 eam
692 5315 1078 5369 omittendam
1113 5316 1330 5383 putavi.

411 5388 522 5452 (42)
555 5387 596 5441 Ι.
632 5402 681 5440 e.
718 5410 743 5434 ‹‹
780 5385 928 5455 ejus,
953 5387 1051 5456 qui
1085 5402 1332 5455 corpora
1354 5394 1555 5442 nostra
1584 5389 1980 5453 resuscitat,et

339 5457 510 5526 cujus
541 5456 806 5510 membra
831 5474 1078 5526 corpora
1101 5463 1301 5512 nostra
1323 5465 1479 5514 sunt.
1507 5483 1530 5506 υ
1555 5461 1668 5513 Cfr.
1695 5462 1716 5512 Ι
1740 5460 1869 5515 Cor.
1904 5477 1976 5524 Vl,

343 5525 427 5582 14.
461 5527 545 5576 15.
579 5527 697 5579 JAC.
722 5528 830 5580 Alii
858 5525 1132 5591 reddunt,
1169 5549 1195 5574 ‹‹
1224 5529 1296 5581 ad
1328 5529 1614 5584 honorem
1647 5532 1840 5584 carnis
1877 5533 1980 5584 Do-

335 5595 652 5668 minicwgp
687 5599 826 5668 Pari,
851 5599 1023 5650 modo
1075 5598 1252 5668 etiam
1282 5600 1460 5668 Syrus
1496 5601 1685 5666 vertit,
1720 5617 1786 5656 ac
1818 5602 1867 5654 si
1901 5603 1978 5656 le-

333 5665 548 5742 gisset:
582 5663 675 5724 Εἷς
705 5665 870 5737 τιμὴν
901 5672 1002 5735 τῆς
1033 5666 1228 5740 σαρκὸς
1254 5663 1351 5722 τοῦ
1380 5669 1608 5743 Κυρίου.

2164 4679 2274 4744 (44)
2304 4677 2419 4733 Cfr.
2455 4679 2476 4730 l
2507 4680 2635 4732 Cor.
2671 4694 2726 4740 χ,
2763 4678 2854 4732 3i.

2160 4751 2270 4818 (45)
2301 4749 2447 4813 Quia
2474 4747 2743 4823 epistola,
2779 4749 2853 4803 ad
2875 4749 3225 4823 episcopum
3260 4752 3526 4823 Smyrna)
3556 4753 3734 4808 desti-

2092 4825 2347 4896 nata,__ex
2381 4837 2543 4896 more
2575 4820 2823 4896 antiquo
2873 4820 3122 4896 legenda
3165 4823 3341 4877 etiam
3366 4820 3503 4879 erat
3533 4826 3736 4896 Smyr-

2093 4891 2400 4958 nensibus,
2447 4890 2580 4965 ideo
2637 4890 3048 4965 sanctissimus
3096 4900 3321 4965 martyr
3369 4890 3739 4950 intermiscet

2090 4969 2385 5032 praecepta
2413 4962 2484 5016 ad
2519 4963 2826 5033 populum.
2861 4965 2988 5018 Cor.

2163 5035 2274 5101 (46)
2303 5034 2419 5089 Cfr.
2463 5049 2661 5105 supra,
2721 5051 2772 5088 c.
2826 5037 2904 5099 2;
2965 5034 3036 5088 ad
3095 5035 3352 5106 Smyrn..
3411 5053 3461 5092 c.
3522 5040 3620 5104 {0;
3664 5037 3740 5093 ad

2091 5105 2328 5158 Enhes..
2363 5122 2412 5158 c.
2446 5108 2535 5158 2|.

2137 5110 2328 5176 phes.,
2363 5122 2412 5159 c.
2446 5110 2535 5158 2|.

2164 5178 2272 5243 (47)
2298 5177 2483 5249 Syrus
2514 5175 2724 5230 habet:
2758 5176 2972 5230 Placete
3003 5179 3053 5231 ei
3089 5184 3141 5232 et
3171 5178 3408 5234 militate
3430 5197 3534 5249 pro
3565 5197 3644 5238 eo.
3678 5188 3742 5235 ut

2089 5247 2368 5321 stipendia
2397 5249 2464 5302 ab
2495 5265 2556 5302 eo
2585 5249 2896 5321 accipiatis.
2932 5250 3160 5321 Legisse
3209 5247 3446 5305 videtur
3480 5268 3612 5306 cum
3648 5252 3744 5306 in-

2091 5319 2451 5388 terpolatore
2472 5318 2778 5388 κυμίσεσθε.

2163 5392 2274 5461 (48)
2307 5391 2566 5458 lgnatius
2597 5389 3001 5460 compluribus
3032 5392 3216 5445 utitur
3246 5393 3543 5447 vocabulis
3593 5395 3743 5450 Lati-

2089 5462 2201 5527 nis,
2225 5478 2307 5536 ex_
2326 5478 2386 5515 re
2408 5462 3030 5536 _mi_|itari_iiesuinptis.
3064 5480 3097 5516 a
3115 5465 3342 5536 tiraacis
3367 5482 3603 5536 quoque
3627 5483 3739 5522 usu

2088 5533 2362 5602 receptis.
2399 5531 2629 5604 ὀψώνια,
2665 5529 2954 5602 ὃεσὲρτωρ,
2996 5529 3270 5604 δεπόσιτα,
3305 5529 3561 5591 Binis-irrit.

2160 5605 2272 5673 (49)
2305 5605 2540 5658 Mevi-cui.
2577 5605 2695 5680 Hoc
2723 5604 3028 5680 __vocabulo
3057 5607 3266 5680 __utitur
3289 5608 3569 5680 Ignatius,
3593 5610 3736 5680 quia

2089 5673 2419 5730 desertores
2450 5691 2617 5730 arma
2639 5673 3020 5747 abjiciebant.
3053 5676 3251 5736 PEARS.
