4080 6134
357 345 470 402 735

1459 352 1847 416 EPISTOLA
1889 352 1990 412 AD
2034 351 2600 416 POLYCARPUM.

3649 359 3766 418 726

355 475 535 537 πίστις
560 477 644 566 ,ὡς
676 480 1092 556 περικεφαλαὶα,
1149 484 1184 551 ἡ
1240 483 1422 558 ἀγάπη
1481 486 1556 548 ὠς
1613 483 1826 562 δόρυ,ἡ
1863 487 1977 542 ὁπο-

2111 496 2252 545 neat
2278 491 2437 547 velut
2466 492 2806 559 arma,tldes
2836 499 2902 548 ut
2931 494 3117 566 galea,
3165 494 3421 550 cbaritas
3472 499 3541 549 ut
3572 494 3763 564 hasta,

359 569 498 635 μονὴ
542 564 618 625 ὡς
648 567 947 624 πανοπλία.
982 571 1060 626 Τὰ
1091 568 1346 628 δεπόσιτα
1381 575 1534 647 ὑμῶν
1565 577 1632 629 τὰ
1661 571 1794 652 ἔργα
1824 575 2000 648 ὑμῶν,

352 653 537 709 ἳνατά
565 654 803 711 ἄκκεπτα
863 659 1014 732 ὑμῶν
1076 659 1198 728 ἄξια
1254 663 1574 734 κομίσησθε.
1618 667 2002 738 Μακροθυμή-

353 762 478 797 σατε
535 743 628 798 οὗν
699 751 812 818 μετ’
874 746 1140 818 ἀλλήλων
1199 749 1251 805 ἐν
1304 752 1599 828 πραότητι,
1665 753 1738 808 ὡς
1799 754 1828 808 ὁ
1869 753 1998 814 Θεὸς

351 833 512 906 [(50)
549 835 688 907 μεθ’]
724 835 876 908 ὑμῶν
907 840 1050 910 (51).
1085 839 1346 914 Ὀναίμην
1400 841 1554 914 ὑμῶν
1583 839 1674 896 διὰ
1701 842 1923 905 παντός.

2113 580 2399 650 patientia
2424 588 2489 635 ut
2521 587 2640 637 tota
2696 588 2997 638 armatura
3072 584 3347 655 Deposita
3403 589 3596 638 vestra
3646 585 3766 638 sint

2113 685 2293 740 opera
2314 679 2526 737 vestra,
2561 677 2626 725 ut
2654 678 2896 743 accepta
2951 679 3142 727 vestra
3208 672 3382 743 digne
3422 672 3760 743 report-etis.

2113 757 2504 830 Longanimes
2534 761 2713 832 igitur
2743 767 2931 817 estote
2952 763 3104 817 alter
3123 763 3195 818 ad
3227 763 3480 817 alterum
3516 763 3578 816 in
3603 777 3764 816 man-

2112 849 2447 917 suetudine,
2471 855 2538 905 ut
2567 856 2627 906 et
2646 852 2800 906 Deus
2827 868 2964 923 erga
2983 869 3102 907 vos.
3140 852 3375 908 Utinam
3403 853 3567 907 fruar
3595 850 3758 905 vobis

2108 943 2418 1009 perpetuo.

1153 1039 1268 1092 VII.
1301 1041 1506 1095 Mittite
1527 1042 1768 1111 legatum
1795 1043 1868 1098 ad
1896 1043 2263 1100 Antiochenos
2291 1048 2357 1102 ob
2381 1063 2573 1118 pacem
2601 1050 2936 1106 restitutam.

423 1147 536 1218 (52)
567 1142 790 1214 Ἐπειδή
822 1148 856 1216 ἡ
892 1147 1192 1220 Ἐκκλησία
1218 1154 1252 1221 ἡ
1286 1151 1337 1206 ἐν
1367 1157 1679 1230 Ἀντιοχείᾳ
1737 1163 1838 1225 τῆς
1900 1163 2005 1211 Συ-

351 1232 472 1309 ρίας
506 1233 793 1309 εἰρηνεύει,
828 1236 902 1299 ὡς
932 1234 1184 1310 ἐδηλώθη
1234 1262 1349 1314 μοι,
1410 1240 1498 1296 διὰ
1551 1245 1653 1312 τὴν
1685 1247 2003 1320 προσευχῆν

355 1323 536 1395 ὑμῶν,
596 1323 748 1400 κάγὼ
803 1325 1160 1398 εὐθυμότερος
1245 1328 1510 1403 ἐγενόμην
1578 1331 1628 1388 ἐν
1709 1333 2008 1409 ἀμεριμνίᾳ

345 1417 505 1477 Θεοῦ,
538 1411 626 1466 ἐάν
655 1433 757 1488 περ
793 1411 882 1469 διὰ
911 1421 1007 1469 τοῦ
1039 1424 1226 1481 παθεῖν
1288 1425 1420 1474 Θεοῦ
1477 1419 1745 1496 ἐπιτύχω,
1806 1422 1883 1484 εἷς
1941 1427 2003 1478 τὸ

344 1499 632 1574 εὑρεθῆναί
666 1523 731 1573 με
760 1501 811 1556 ἐν
869 1507 936 1577 τῇ
993 1508 1102 1578 (53)
1159 1508 1436 1563 ἀναστάσει
1494 1511 1644 1584 ὑμῶν
1680 1516 1793 1584 (54)
1827 1524 2002 1584 μαθη-

338 1591 464 1658 τήν.
536 1592 650 1664 (55)
748 1593 967 1667 Πρέπει,
1055 1594 1382 1672 Πολῦκαρπε
1448 1602 1999 1674 θεομακαριστότατε,

343 1674 686 1751 συμϐούλιον
719 1681 930 1756 ἀγαγεῖν
988 1684 1470 1759 θεοπρεπέστᾶτον,
1527 1689 1617 1742 καὶ
1671 1697 1997 1767 χειροτονῆ-

2187 1162 2331 1226 Quia
2361 1179 2498 1218 vero
2531 1164 2812 1232 Ecclesia,
2842 1183 2972 1236 quae
3003 1170 3091 1221 est
3118 1166 3444 1221 Antiochiae
3483 1165 3543 1220 in
3565 1165 3752 1236 Syria,

2115 1255 2180 1304 ut
2211 1251 2353 1305 mihi
2387 1252 2637 1307 relatum
2672 1260 2778 1315 est,
2810 1271 2951 1324 pace
2982 1254 3200 1308 fruitur
3253 1271 3358 1325 per
3412 1272 3617 1326 preces
3659 1272 3758 1310 ve-

2114 1344 2264 1394 stras
2290 1362 2303 1405 ;
2336 1345 2394 1394 et.
2424 1359 2528 1411 ego
2556 1359 2714 1397 nunc
2755 1343 3164 1413 tranquilliore
3194 1344 3390 1397 animo
3420 1361 3550 1398 sum
3582 1345 3640 1397 in
3665 1362 3756 1398 se-

2113 1429 2361 1484 curitate
2394 1431 2496 1485 Dei
2532 1449 2544 1496 ;
2579 1431 2624 1485 si
2658 1432 2834 1486 modo
2867 1449 2973 1502 per
3000 1432 3336 1503 passionem
3369 1433 3551 1487 Deum
3596 1449 3758 1486 asse-

2113 1533 2280 1587 quar,
2312 1525 2377 1572 ut
2407 1518 2466 1574 in
2499 1521 2932 1574 resurrectione
2975 1520 3298 1592 discipulus
3356 1528 3547 1575 vester
3603 1523 3756 1575 inve-

2111 1607 2262 1660 niar.
2299 1608 2490 1671 Decet,
2529 1608 2869 1678 Polycarpe,
2920 1609 2981 1662 in
3013 1611 3130 1663 Deo
3164 1609 3522 1671 beatissime,
3557 1609 3754 1663 conci-

2109 1694 2254 1748 lium
2275 1711 2482 1766 cogere
2515 1697 2631 1750 Deo
2649 1696 3223 1759 decentissimum,et
3240 1698 3454 1767 eligere
3471 1697 3753 1767 aliquem,

339 1769 431 1822 σαί
462 1791 611 1835 τινα,
645 1769 703 1823 ὅν
734 1771 1014 1847 ἀγαπητὸν
1052 1773 1173 1828 λίαν
1232 1769 1387 1850 ἔχετε
1435 1777 1526 1830 καὶ
1557 1775 1777 1845 ἄοκνον,
1810 1780 1868 1839 ’ὸς
1901 1776 1977 1832 δυ‹

342 1859 463 1880 νηΙμκ
520 1879 523 1880 ,
624 1870 645 1880 Α
695 1857 765 1880 '5,
1082 1861 1102 1880 λ
1149 1869 1170 1879 ν
1207 1865 1231 1880 Α
1447 1870 1472 1880 η-
1781 1869 1799 1880 ι.
1835 1872 1862 1880 ,ι

2109 1800 2286 1854 quem
2317 1785 2483 1838 valde
2515 1785 2761 1839 charum
2793 1785 3060 1840 habeatis
3091 1791 3149 1839 et
3175 1786 3619 1856 impigrum,qui
3647 1803 3752 1855 po-

339 1859 564 1927 νήσεται
621 1857 920 1934 θεόδρομος
1009 1861 1312 1918 καλεῖσθαι·
1378 1870 1571 1921 τοῦτον
1639 1869 1988 1940 καταξιῶσαι,

332 1943 428 2001 ἵνα
460 1949 745 2021 πορευθεὶς
779 1949 854 2012 εἷς
913 1951 1112 2024 Συρίαν
1171 1949 1367 2028 δοξάσῃ
1425 1955 1579 2027 ὑμῶν
1633 1958 1732 2026 τήν
1798 1955 1987 2012 ἄοκνον

328 2036 546 2112 ἀγάπην
579 2037 657 2099 εἷς
693 2035 850 2109 δόξαν
907 2043 1166 2113 Χριστοῦ.
1231 2045 1548 2116 Χριστιανὸς
1604 2045 1795 2100 ἑαυτοῦ
1836 2046 1985 2117 ἐξουο

337 2124 458 2179 σίαν
493 2126 592 2180 οὐκ
622 2122 760 2202 ἔχει,
793 2126 940 2182 ἀλλὰ
979 2133 1094 2201 Θεῷ
1133 2129 1415 2200 σχολάζει.
1473 2134 1650 2188 Τοῦτο
1707 2136 1770 2188 τὸ
1827 2133 1986 2210 ἔργον

331 2218 472 2268 Θεοῦ
503 2213 646 2269 ἐστιν
685 2217 775 2270 καὶ
837 2217 1012 2290 ὑμῶν,
1073 2220 1196 2274 ὅταν
1253 2222 1366 2294 (56)
1429 2221 1574 2294 αὖτῷ
1632 2223 1981 2298 ἀπαρτίσητε.

325 2304 578 2360 Πιστεύω
610 2306 715 2382 γὰρ
771 2309 878 2381 (57)
939 2312 1006 2382 τῇ
1063 2311 1274 2388 χάριτι,
1337 2311 1419 2366 ὅτι
1467 2307 1682 2386 ἕτοιμοί
1735 2313 1852 2369 ἐστε
1908 2315 1983 2376 εἷς

323 2393 570 2450 εὐποιίαν
604 2401 719 2468 Θεῴ
747 2397 1076 2468 ἀνήκουσαν.
1119 2397 1295 2462 Εἰδὼς
1355 2400 1450 2456 οὖν
1494 2403 1648 2476 ὑμῶν
1698 2403 1762 2457 τὸ
1792 2404 1983 2459 σύντο-

319 2505 414 2538 νον
440 2491 542 2554 τῆς
575 2483 859 2556 ἀληθείας,
893 2485 964 2542 δι’
994 2487 1194 2565 ὀλίγων
1238 2491 1379 2562 ὑμᾶς
1410 2490 1752 2566 γραμμάτων
1802 2513 1978 2568 παρε-

317 2572 542 2632 κᾶλεσα.

2101 1873 2241 1926 terit
2269 1873 2504 1928 divinus
2530 1891 2737 1928 cursor
2755 1873 3040 1945 appellari
3067 1891 3080 1939 ;
3114 1874 3402 1944 illumque
3435 1891 3502 1928 eo
3518 1874 3747 1945 dignari

2100 1961 2347 2028 honore,
2379 1967 2445 2016 ut
2474 1962 2534 2016 in
2567 1963 2797 2033 Syriam
2854 1963 3152 2034 profectus
3184 1965 3493 2034 impigram
3552 1964 3748 2018 chari-

2097 2056 2276 2105 tatem
2308 2057 2559 2106 vestram
2589 2052 2660 2106 ad
2685 2052 2786 2105 Dei
2817 2052 3065 2123 gloriam
3089 2052 3745 2107 celebret.Cbristianus

2097 2140 2185 2193 sui
2228 2145 2581 2211 potestatem
2615 2157 2735 2195 non
2767 2140 2963 2204 habet,
2998 2141 3100 2195 sed
3132 2143 3246 2195 Deo
3275 2146 3455 2194 vacat.
3508 2141 3625 2194 Hoc
3656 2147 3743 2195 est

2095 2245 2243 2299 opus
2276 2230 2374 2283 Dei
2407 2234 2466 2283 et
2494 2236 2776 2296 vestrum,
2809 2229 3045 2299 quando
3070 2229 3127 2282 id
3161 2229 3219 2282 in
3263 2229 3422 2282 illius
3452 2229 3739 2284 honorem

2093 2318 2481 2388 perfeceritis.
2517 2318 2758 2373 Confido
2791 2319 2948 2372 enim
2977 2318 3198 2388 gratiae,
3221 2334 3320 2371 vos
3354 2323 3588 2387 paratos
3610 2334 3738 2373 esse

2091 2407 2164 2461 ad
2195 2423 2342 2477 opus
2375 2407 2483 2461 hoc
2503 2406 2747 2472 bonum,
2779 2405 2853 2460 ad
2884 2407 3066 2460 Deum
3099 2406 3423 2476 pertinens.
3454 2408 3598 2460 Cum
3629 2407 3739 2462 ila-

2091 2511 2204 2564 que
2230 2495 2444 2550 scirem
2474 2496 2791 2550 vehemens
2811 2499 3068 2548 vestrum
3103 2510 3238 2566 erga
3276 2496 3581 2550 veritatem
3615 2502 3739 2550 stu-

2089 2583 2275 2650 dium,
2304 2582 2467 2636 brevi
2505 2583 2756 2654 epistola
2793 2599 2891 2636 vos
2922 2583 3267 2638 adhortatus
3299 2601 3449 2640 sum.

821 2694 958 2748 VIII.
990 2696 1058 2750 Et
1088 2695 1213 2750 alia.v
1242 2695 1496 2751 Ecclesiae
1535 2697 1734 2767 legatos
1757 2697 1843 2751 vet
1872 2696 2130 2766 epistolas
2161 2697 2511 2752 Antiochiam
2560 2700 2807 2754 mittant.
2840 2697 3230 2754 Salutationes.

401 2798 512 2869 (58)
543 2799 682 2853 Ἐπεὶ
721 2801 833 2873 (59)
865 2800 1062 2863 πάσαις
1093 2805 1210 2864 ταῖς
1243 2799 1598 2871 Ἐκκλησίαις
1633 2802 1735 2856 οὐκ
1765 2798 1972 2872 ἠδυνή-

2155 2806 2300 2860 Cum
2328 2804 2604 2859 omnibus
2635 2804 2913 2860 Ecclesiis
2943 2803 3200 2859 scribere
3258 2820 3378 2858 non
3436 2803 3732 2876 potuerim

1751 2916 1912 2970 Vetus
1943 2914 2234 2986 interpres.

315 3023 383 3094 ut
413 3018 1020 3094 lancea,gsustinentia
1049 3027 1114 3076 ut
1143 3022 1335 3076 omnis
1360 3028 1679 3078 armatura.
1710 3022 1986 3094 Deposita
2014 3029 2228 3084 vestra,
2253 3039 2433 3094 opera
2452 3028 2645 3076 vestra
2673 3039 2686 3088 ;
2713 3029 2779 3076 ut
2801 3027 3044 3092 accepta
3072 3021 3469 3094 vestra,digna
3493 3021 3718 3079 feratis.

318 3091 757 3164 Longanimiter
785 3093 931 3148 ferte
960 3094 1139 3165 igitur
1166 3110 1268 3148 vos
1299 3094 1371 3149 ad
1405 3095 1658 3149 invicem
1689 3094 1750 3148 in
1780 3091 2257 3160 mansuetudine,
2292 3091 2358 3148 ut
2386 3095 2538 3149 Deus
2565 3110 2682 3149 vos.
2714 3095 2896 3148 Fruar
2925 3091 3086 3148 vobis
3116 3091 3370 3165 semper.

1807 3202 2038 3256 CAPUT
2065 3203 2179 3257 Vll.

377 3296 809 3370 QuiaEcclesia
843 3316 974 3369 quas
1006 3299 1065 3353 in
1098 3298 1408 3353 Antiochia
1441 3299 1642 3370 Syriae,
1675 3315 1881 3370 pacem
1912 3299 2111 3362 habet,
2154 3305 2217 3354 ut
2247 3304 2551 3354 ostensum
2585 3303 2677 3353 est
2705 3297 2870 3361 mihi,
2914 3315 3020 3370 per
3049 3299 3378 3354 orationem
3421 3303 3716 3363 vestram;

307 3376 363 3424 et
395 3386 502 3451 ego
531 3369 724 3452 latior
753 3371 1099 3452 factus‘sum
1132 3371 1190 3452 in
1221 3369 1619 3452 sollicitudine
1653 3369 1754 3452 Dei
1792 3387 1810 3452 ε⁸
1839 3371 2174 3452 siquidem,
2205 3387 2313 3452 per
2344 3372 2461 3442 pati
2494 3371 2612 3425 Deo
2644 3371 2856 3452 potiar,
2881 3369 2940 3424 in
2963 3371 3214 3452 inveniri
3237 3387 3327 3452 me
3359 3372 3418 3425 in
3449 3370 3716 3452 oratione

303 3442 483 3496 vestri
519 3441 895 3523 discipulum.
927 3444 1120 3523 Decet,
1152 3443 1471 3523 Polycarpe
1502 3442 2020 3523 Deo—beatissime,
2050 3440 2370 3522 concilium
2402 3457 2757 3523 congregare
2790 3441 3454 3523 Deo-decentissimum,
3479 3447 3542 3523 et
3558 3440 3715 3523 ordi-

301 3529 452 3568 nare
485 3511 951 3582 aliquem,quem
984 3514 1267 3568 dilectum
1300 3511 1466 3568 valde
1501 3513 1730 3568 habetis
1762 3520 1819 3566 et
1851 3513 2188 3584 impigrum,
2213 3514 2312 3582 qui
2346 3511 2563 3584 poterit
2595 3511 2931 3567 Dei-cursor
2957 3514 3145 3568 vocari
3185 3520 3280 3568 :et
3311 3516 3466 3568 hunc
3489 3511 3716 3583 digniti-

305 3585 431 3639 cari
463 3591 530 3637 ut
551 3584 769 3639 vadens
801 3585 860 3638 in
891 3585 1448 3653 Syriam.gloriﬁcet
1478 3593 1729 3639 vestram
1763 3583 2074 3654 impigram
2108 3583 2456 3639 charitatem
2486 3586 2545 3638 in
2578 3584 2826 3655 gloriam
2861 3585 2981 3640 Dei.
3018 3585 3385 3639 Christianus
3419 3586 3504 3638 sui
3531 3583 3716 3655 ipsius

302 3661 666 3726 potestatem
700 3673 817 3710 non
859 3656 1054 3722 habet,
1091 3657 1192 3710 sed
1227 3657 1343 3710 Deo
1376 3663 1560 3710 vacat.
1598 3657 1713 3710 Hoc
1745 3673 1892 3726 opus
1923 3657 2024 3710 Dei
2056 3663 2146 3710 est
2177 3661 2233 3709 et
2263 3657 2460 3717 vestri,
2495 3654 2776 3726 quoniam
2837 3656 2952 3726 ipsi
3011 3656 3255 3726 perfecti
3317 3657 3477 3710 estis.
3539 3654 3724 3709 Credo

305 3728 470 3782 enim
495 3728 720 3798 gratiae,
754 3728 1032 3796 quoniam
1065 3728 1250 3797 parati
1281 3728 1424 3781 estis
1446 3727 1519 3781 ad
1551 3727 2007 3782 beneficentiam
2026 3728 2144 3782 Deo
2177 3727 2506 3784 decentem.
2528 3727 2732 3782 Sciens
2762 3734 3021 3781 vestrum
3049 3726 3473 3797 compendium
3508 3726 3726 3780 verita-

304 3801 406 3867 tis,
443 3814 550 3870 per
581 3815 796 3870 paucas
838 3815 938 3853 vos
972 3799 1197 3853 litteras
1229 3799 1566 3854 consolatus
1598 3814 1750 3853 sum.

1808 3899 2031 3953 CAPUT
2088 3898 2230 3953 VIII.

1808 3899 1847 3952 C
1897 3899 1938 3952 P
2088 3899 2230 3953 VIII.

374 3988 531 4054 Quia
558 3987 739 4060 igitur
767 3988 1045 4043 omnibus
1075 3987 1354 4043 Ecclesiis
1386 4004 1506 4042 non
1537 3987 1699 4059 potui
1731 3899 2258 4059 scrigergfpropter
2287 3990 2531 4057 repente
2564 3985 2838 4058 navigare
2871 4003 2964 4041 me
3003 4003 3038 4041 a
3065 3985 3287 4042 Troade
3310 3986 3371 4041 in
3395 3986 3734 4057 Neapolim,

376 4159 492 4229 (50)
527 4158 859 4223 Legendum
897 4157 1015 4229 μεθ’
1047 4156 1216 4229 ὑμῶν,
1265 4164 1332 4214 ut
1389 4159 1544 4230 apud
1576 4159 1959 4230 interpolato-
1997 4122 2251 4227 Caddit,
2289 4155 2405 4208 loco
2445 4158 2570 4219 mei,
2593 4157 2742 4230 stout
2773 4159 3038 4230 praecepi
3087 4157 3208 4224 tibi,
3261 4157 3320 4210 in
3355 4157 3551 4211 Graaco
3588 4176 3722 4230 non

303 4247 438 4288 rem
495 4231 650 4302 apud
686 4231 895 4302 Syrum
928 4236 987 4284 et
1017 4231 1124 4284 ina
1144 4231 1506 4302 Fragmentis
1525 4231 1964 4286 Damascenicis

304 4301 822 4374 Rupefucaldinis.
861 4323 888 4350 ››

378 4371 499 4446 (ΞΗ)
532 4373 866 4448 Cfr._lguat.
893 4371 966 4428 ad
992 4373 1234 4448 Ephes,
1267 4391 1316 4427 c.
1353 4377 1384 4426 2
1420 4391 1433 4439 ;
1473 4374 1545 4428 ad
1582 4377 1792 4448 Magn,
1853 4391 1903 4428 c.
1933 4377 1966 4426 2

305 4444 470 4501 et'l2
504 4461 517 4509 ;
554 4444 626 4498 ad
659 4445 849 4504 Rom.,
885 4461 916 4498 c
971 4447 1020 4498 5.

377 4518 492 4600 (5?)
525 4517 565 4569 E
597 4516 790 4600 capite
819 4515 1070 4600 septimo
1104 4515 1279 4600 Syrus
1311 4515 1405 4600 nil.
1425 4516 1538 4570 nisi
1559 4517 1807 4600 ,1111ξὲ8111
1826 4533 1964 4600 sep:

306 4583 558 4642 tentiam
595 4583 945 4653 εΧριστια-ὢς
979 4583 1170 4638 ἑαυτοῦ
1229 4583 1468 4652 ἐξουσίαν
1516 4585 1615 4640 οὐκ
1644 4584 1786 4654 ἔχει,
1820 4585 1966 4640 ἀλλὰ

305 4663 425 4729 Θεῷ
458 4657 742 4725 σχολάζει,
772 4663 1211 4730 mutuatusest.
1269 4660 1346 4712 De
1405 4659 1612 4730 legatis
1665 4659 1737 4713 ad
1772 4660 1967 4714 Antio-

305 4732 531 4786 chenos
555 4729 861 4784 mittendis
894 4730 999 4784 efr.
1029 4729 1102 4784 ad
1133 4730 1389 4800 Smyrn.,
1413 4729 1553 4785 c.’it
1581 4731 1690 4797 ;ad
1707 4731 1960 4795 Philad.,

303 4819 353 4857 c.
393 4805 480 4855 10.

375 4875 488 4944 (5-3)
524 4873 644 4926 Vet.
680 4873 786 4926 int.
820 4875 879 4926 in
910 4875 1178 4928 oratione.
1214 4871 1541 4927 Cotelerius
1598 4872 1732 4928 ideo
1780 4873 1962 4944 conji-

307 4942 390 4998 cit
416 4942 710 5010 ἀναιτῆσει.

379 5017 493 5088 (54)
529 5017 616 5088 Ινίᾶ
648 5015 787 5088 legit
815 5022 981 5069 vetus
1016 5015 1311 5088 interpres
1345 5017 1443 5088 Ms.
1479 5015 1633 5070 male
1686 5015 1960 5088 παθητήν,

379 5086 490 5212 (ἓξ)
514 5087 657 5212 3ωο
687 5087 869 5141 refert
895 5088 950 5140 S.
1010 5087 1372 5156 Polycarpus
1429 5087 1490 5140 in
1549 5103 1639 5158 ep.
1673 5086 1747 5141 ad
1779 5087 1960 5156 Phil.,

467 5200 478 5212 .
560 5175 714 5212 mas.

307 5174 355 5214 c.
393 5160 478 5212 13.
514 5160 714 5213 ΡεΑιιε.

379 5233 489 5291 156)
531 5233 614 5284 Ita
643 5245 778 5290 ms.,
805 5245 923 5282 non
954 5225 1107 5294 αὐτό,
1139 5229 1225 5282 uti
1261 5228 1456 5299 inrlib.
1491 5229 1665 5299 impr.
1693 5229 1812 5299 Jac.

381 5304 488 5365 157)
515 5302 859 5370 Transpone
891 5300 1086 5362 verba,
1112 5299 1195 5352 δτι
1224 5303 1295 5371 τῇ
1328 5298 1539 5371 χάριτι,
1572 5297 1630 5354 l1.
1658 5315 1708 5354 e.
1743 5297 1832 5353 διὰ
1858 5305 1959 5368 τῆς

309 5370 562 5446 χάριτος.
591 5372 780 5425 SMITH.

380 5446 490 5513 (58)
522 5443 700 5514 Syrus
741 5448 806 5496 ut
834 5457 864 5495 e
887 5442 1078 5512 capite
1111 5442 1596 5499 antecedenti.ita
1615 5443 1792 5498 etiam
1813 5459 1954 5498 eca-

311 5514 430 5583 pite
471 5523 672 5569 octavo
703 5515 940 5568 unicam
975 5520 1202 5567 tantum
1248 5515 1604 5583 sententiam
1637 5514 1697 5569 in
1729 5516 1952 5570 versio-

307 5581 444 5656 nem
471 5602 638 5641 suam
662 5583 963 5656 transtulit
986 5600 998 5636 :
1026 5583 1359 5656 '_;\:mi(opa_u
1389 5583 1480 5637 τὸν
1519 5581 1793 5656 μέλλοντα
1822 5603 1952 5638 κατ-

308 5655 583 5727 αξιοῦσθαι
636 5659 734 5710 τοῦ
786 5653 861 5715 εἰς
913 5653 1112 5730 Συρίαν
1170 5653 1692 5730 πορεύεσθαι.Ὠιιω
1773 5657 1954 5732 Syrus

2074 4232 2326 4292 exstant,
2363 4243 2556 4296 neque
2590 4227 2650 4281 in
2682 4227 2882 4282 codice
2917 4227 3192 4285 Mediceo,
3221 4244 3414 4298 neque
3447 4229 3602 4299 apud
3632 4232 3720 4284 in-

2073 4298 2516 4368 terpolatorem.
2553 4299 2730 4368 Syrus
2764 4299 2888 4352 hinc
2921 4315 2950 4352 e
2990 4299 3112 4353 suis
3143 4299 3438 4354 addidisse
3473 4298 3718 4356 videtur.

2072 4371 2364 4425 Praeterea
2377 4370 2704 4423 Curetonus
2719 4371 2942 4440 absque
2959 4371 3098 4425 ullis
3111 4371 3477 4435 argumentis
3497 4374 3718 4440 omnia,

2071 4442 2294 4514 quaegin
2327 4441 2594 4514 versione
2625 4441 2864 4511 Syriaca
2913 4459 3031 4514 non
3082 4441 3378 4514 leguntur,
3413 4459 3446 4497 a
3478 4444 3717 4498 falsario

2071 4511 2329 4582 quodam
2361 4513 2755 4583 posteriorum
2788 4511 3371 4568 saeculorum'addita
3389 4516 3716 4570 contendit.

2071 4583 2181 4657 Sed
2215 4583 2340 4657 haec
2371 4584 2564 4654 capita
2595 4587 2624 4636 7
2657 4590 2716 4657 et
2769 4583 2803 4635 8
2859 4583 3003 4639 adeo
3063 4586 3223 4638 omni
3283 4588 3720 4657 oppugnatione

2067 4655 2504 4717 haereticorum,
2541 4655 2824 4724 omnique
2858 4657 3121 4709 muneris
3153 4655 3508 4726 episcopalis
3551 4675 3713 4712 com-

2066 4726 2448 4780 mendatione
2479 4733 2701 4789 carent,
2741 4733 2806 4780 ut
2835 4743 3030 4786 causa.
3065 4728 3223 4797 quod
3281 4728 3555 4782 falsarios
3590 4730 3716 4783 hzec

2066 4797 2368 4867 adjecerit,
2404 4797 2592 4868 detegi
2622 4813 2742 4850 non
2776 4798 2978 4867 possit.
3016 4799 3265 4853 Maxima
3297 4815 3470 4868 porro
3494 4801 3715 4866 injuria

2065 4869 2395 4922 Curetonus
2420 4868 2700 4932 affirmat,
2734 4869 2911 4922 verba
2949 4870 3224 4936 genuina,
3258 4885 3389 4937 qum
3423 4869 3602 4939 Syrus
3628 4871 3714 4924 le-

2065 4939 2348 5006 gerit,nec
2371 4955 2486 4993 non
2523 4939 2923 4994 narrationem
2952 4941 3186 4994 Eusebii
3219 4940 3528 5009 (lgnatium
3545 4939 3714 4995 beato

2063 5010 2386 5081 Polycarpo
2418 5010 2738 5064 Ecclesiam
2800 5011 3182 5064 Antiochense
3241 5011 3714 5081 commendasse,

2063 5081 2205 5136 Hist.
2249 5080 2401 5144 εδει,
2435 5098 2519 5143 ιιι,
2555 5083 2664 5147 36),
2698 5081 2936 5135 falsario
2970 5081 3044 5134 ad
3103 5080 3469 5135 conficienda
3521 5082 3714 5150 capita

2065 5156 2095 5205 7
2155 5157 2212 5206 et
2269 5154 2300 5205 8
2358 5167 2564 5206 ansam
2618 5151 2872 5205 dedisse.
2933 5152 2995 5204 Id
3053 5152 3219 5205 nullo
3286 5150 3460 5205 modo
3512 5153 3713 5206 verisi-

2065 5224 2206 5278 mile
2230 5229 2337 5278 est.
2357 5225 2686 5278 Curetonus
2717 5222 2974 5291 denique
3007 5227 3064 5276 et
3094 5223 3154 5276 in
3187 5239 3256 5276 eo
3289 5222 3523 5287 erravit,
3556 5223 3711 5293 quod

2064 5294 2358 5360 capitibus
2415 5298 2445 5346 7
2503 5300 2556 5347 et
2615 5295 2645 5346 8
2703 5295 2778 5347 De
2823 5294 3082 5347 electione
3127 5295 3256 5347 novi
3309 5295 3548 5364 episcopi
3576 5298 3707 5348 An-

2064 5367 2476 5420 tiochenorum
2511 5364 2689 5418 verba
2720 5364 2847 5418 fieri
2880 5369 3061 5433 putet.
3098 5364 3358 5435 Ignatius
3404 5365 3560 5420 enim
3591 5382 3724 5420 non-

2065 5438 2136 5492 de
2170 5454 2317 5491 novo
2351 5435 2762 5506 episcopo,sed
2794 5435 2866 5489 de
2899 5435 3104 5504 legatis
3159 5453 3192 5490 a
3214 5435 3474 5506 pluribus
3532 5439 3715 5493 Eccle-

2062 5512 2156 5565 siis
2186 5507 2559 5562 Antiochiam
2586 5506 2893 5561 mittendis
2916 5506 3200 5576 loquitur.

2133 5582 2241 5652 (59)
2276 5579 2672 5650 lnterpolator
2691 5578 2854 5634 addit
2883 5577 2995 5631 οὖν.
