4080 6134
373 284 486 349 733

1193 280 1598 347 EPISTOL/E
1638 279 2252 346 INTERPOLATIE.
2301 317 2376 330 —--
2420 288 2525 347 AD
2571 285 2978 349 EPHESIOS.

3665 291 3779 350 73»!

380 441 466 492 μῳ
516 419 599 489 τῷ
668 416 752 473 ἐπ’
809 417 998 492 ἀγάπῃ
1058 416 1342 495 ἀδιηγήτῳ
1398 422 1533 492 (13),
1591 419 1740 490 ὑμῶν
1797 414 1856 472 δὲ
1910 415 2003 471 ἐπι

2136 417 2416 475 dinemin
2447 422 2690 478 nomine
2717 423 2813 477 Dei
2843 421 3073 494 suscepi
3100 423 3162 476 in
3185 421 3613 488 Onesimo,viro
3637 438 3786 477 nun-

374 507 585 579 σκόπῳ,
615 506 673 561 ὅν
705 504 945 581 εὔχομαι
975 509 1111 562 καλὰ
1139 509 1368 579 Χριστὸν
1424 510 1634 577 Ἰησοῦν
1697 509 1836 578 ὑμᾶς
1889 506 2027 579 ἀγα·

373 600 502 667 πᾷν,
531 596 622 650 καὶ
655 596 860 656 πάντας
893 596 1033 670 ὑμᾶς
1066 595 1118 651 ἐν
1149 598 1468 669 ὁμοιώματι
1497 595 1662 650 αὑτοῦ
1707 597 1841 650 εἶναι
1893 597 2024 668 (14).

378 683 706 762 Εὐλογητὸς
736 685 838 760 γὰρ
872 687 900 739 6
931 686 1083 755 Θεὸς,
1117 687 1144 740 6
1177 686 1545 760 χαρισάμενος
1577 686 1706 759 ὑμῖν
1754 685 2026 745 τοιούτοις

372 774 511 838 οῦσι,
539 778 789 828 τοιοῦτον
817 771 1113 828 ἐπίσκοπον
1145 776 1435 844 κεκτῆσθαι
1475 771 1528 828 ἐν
1559 775 1798 848 Χριστῷ.

437 965 508 1020 Π.
535 963 665 1038 Περὶ
690 961 747 1018 δὲ
766 965 866 1041 τοῦ
888 960 1186 1018 συνδούλου
1205 965 1364 1036 ἡμῶν
1385 961 1860 1037 Βίρῥουδ(15),τοῦ
1891 963 2027 1017 κατὰ

366 1051 495 1107 Θεὸν
531 1049 788 1106 διακόνου
823 1050 999 1123 ὑμῶν,
1051 1053 1140 1105 καὶ
1191 1050 1244 1105 ἐν
1295 1056 1454 1106 πᾶσιν
1492 1050 1886 1126 εὐλογημένου,
1937 1047 2027 1104 εὕ-

363 1163 542 1220 χομαι
575 1145 910 1212 παραμεῖναι
942 1140 1106 1194 αὑτὸν
1149 1137 1407 1213 ἄμωμον,
1443 1141 1519 1202 εἷς
1544 1141 1713 1211 τιμὴν
1770 1146 1870 1206 τῆς
1904 1141 2027 1195 Ἐκ-

363 1229 598 1300 κλησίας
631 1234 766 1296 (16),
798 1231 884 1283 καὶ
914 1233 1011 1284 τοῦ
1052 1229 1350 1284 ἐπισκόπου
1385 1230 1537 1301 ὑμῶν
1583 1233 1678 1284 τοῦ
1736 1249 2025 1302 μακαριω-

632 1319 846 1388 Κρόκος
901 1315 976 1383 δὲ,
1011 1320 1038 1372 6
1069 1323 1204 1373 Θεοῦ
1254 1317 1398 1388 ἄξιος
1452 1319 1544 1373 καὶ
1606 1319 1782 1390 ὑμῶν,
1833 1317 1890 1372 δν
1951 1318 2025 1380 ὡς

1170 1407 1197 1460 ὑ
1206 1412 1320 1480 μῶν
1387 1408 1599 1482 ἀγάπης
1655 1401 1896 1461 ἀπελάϐο
1907 1429 2025 1480 μεν,

358 1320 548 1374 τάτου.

365 1406 736 1481 ἐξεμπλάριον
821 1406 916 1471 τῆς
996 1407 1086 1483 ἀφ’

359 1497 500 1550 κατὰ
527 1498 698 1553 πάντα
747 1517 813 1570 με
862 1494 1148 1561 ἀνέπαυσε,
1197 1497 1286 1550 καὶ
1346 1497 1446 1564 τήν
1503 1494 1694 1550 ἅλυσιν
1759 1516 1863 1568 μου
1925 1496 2027 1550 οὐκ

361 1584 713 1661 ἐπῃσχύνθη,
759 1591 830 1647 {ne
887 1585 978 1639 καὶ
1026 1585 1186 1640 αὐτὸν
1223 1587 1249 1639 6
1285 1587 1472 1659 Πατὴρ
1501 1588 1520 1620 ⁷
1563 1587 1742 1655 Ἰησοῦ
1792 1590 2025 1659 Χριστοῦ

366 1673 627 1747 ἀναψύξει
672 1673 787 1745 ἃμα
843 1673 1148 1744 Ὀνησίμῳ,
1192 1672 1282 1726 καὶ
1336 1671 1518 1747 Βίρέῳ
1547 1675 1589 1740 ⁸,
1638 1673 1726 1726 καὶ
1787 1672 2021 1738 Εὕπλοῖ,

2136 525 2312 578 quam
2344 513 2486 565 satis
2517 512 2590 566 ob
2623 513 2969 567 charitatem
3003 511 3342 583 pra‘dicato,
3367 517 3556 565 vestro
3580 518 3779 567 autem

2135 598 2445 669 episcopo;
2481 617 2656 671 quem
2689 601 2933 656 obsecro
2968 609 3031 654 ut
3060 617 3162 655 vos
3177 599 3351 670 juxta
3389 600 3586 654 Jesum
3610 601 3781 654 Chri-

2135 693 2292 742 stum
2315 690 2546 758 ametis,
2572 697 2757 760 utque
2774 706 2984 745 omnes
3002 689 3162 743 illius
3181 688 3407 744 similes
3429 689 3578 745 sitis.
3606 690 3782 744 Bene-

2135 776 2328 833 dictus
2346 781 2506 834 enim
2529 781 2808 851 lieus,qui
2833 780 3072 835 donavit
3092 780 3277 849 vobis,
3311 779 3410 850 qui
3433 780 3583 835 tales
3615 779 3783 847 estis,

2135 866 2312 922 talem
2345 869 2648 940 possidere
2681 871 2739 924 in
2771 870 3004 925 Christo
3037 871 3406 942 episcopum.

2206 958 2275 1010 ll.
2310 957 2392 1012 De
2429 959 2654 1013 Burrho
2686 967 2884 1014 autem
2918 976 3202 1015 conservo
3233 964 3460 1025 nostro,
3494 962 3552 1012 et
3572 974 3790 1012 secun-

2135 1045 2274 1101 dum
2307 1047 2492 1102 Deum
2536 1049 2784 1105 diacono
2815 1056 3029 1114 vestro,
3064 1065 3131 1104 ac
3162 1050 3224 1104 in
3249 1048 3527 1104 omnibus
3549 1048 3790 1102 benedi-

2133 1140 2246 1199 cto,
2272 1152 2374 1190 oro
2407 1143 2471 1191 ut
2491 1138 2829 1210 inculpatus
2852 1145 3200 1210 permaneat
3221 1138 3295 1192 ad
3309 1138 3583 1192 Ecclesia:
3603 1137 3786 1191 hono-

2133 1242 2282 1294 rem,
2315 1233 2372 1281 et
2404 1227 2730 1284 beatissimi
2773 1231 3032 1301 episcopi
3061 1230 3259 1284 vestri.
3291 1230 3509 1283 Crucus
3557 1235 3780 1292 autem,

2133 1321 2192 1369 et
2215 1315 2329 1370 Deo
2361 1325 2420 1371 et
2443 1319 2601 1372 vobis
2625 1319 3044 1390 dignusquem
3068 1319 3224 1372 velut
3248 1318 3550 1389 exemplar
3572 1324 3779 1372 vestra;

2133 1404 2439 1461 charitatis
2471 1408 2831 1478 accepimus,
2863 1425 2969 1478 per
2995 1408 3196 1463 omnia
3229 1424 3324 1461 me
3373 1407 3674 1464 recreavit.
3730 1415 3782 1460 et

2131 1501 2377 1548 catenam
2410 1513 2583 1550 meam
2615 1513 2720 1550 non
2755 1498 2977 1551 erubuit
3008 1498 3048 1561 °,
3085 1513 3200 1566 quo
3253 1496 3430 1550 modo
3482 1503 3539 1550 et
3587 1497 3782 1566 ipsum

2131 1584 2441 1656 refrigeret
2467 1587 2640 1640 Pater
2668 1587 2803 1640 Jesu
2842 1586 3084 1650 Christi,
3129 1603 3251 1640 una
3299 1601 3431 1640 cum
3483 1586 3782 1653 Onesimo,

2134 1673 2382 1738 Burrho,
2415 1675 2618 1745 Euplo.
2653 1681 2711 1729 et
2741 1676 3057 1736 Frontone,
3085 1691 3194 1745 per
3223 1690 3391 1743 quos,
3443 1689 3651 1728 omnes
3682 1691 3782 1728 vos

358 1762 454 1815 καὶ
481 1761 785 1832 Φρόντωνι,
820 1758 889 1814 δι’
922 1762 996 1815 ὧν
1029 1762 1232 1823 πάντας
1261 1764 1398 1832 ὑμᾶς
1429 1764 1563 1814 κατὰ
1594 1763 1812 1836 ἀγάπην
1848 1757 1993 1816 ςῖδον

2129 1763 2320 1830 quoad
2356 1763 2706 1817 charitatem
2739 1763 2873 1817 vidi.
2927 1764 3112 1818 Fruar
3158 1763 3321 1816 vobis
3371 1770 3676 1832 perpetuo,
3729 1763 3777 1816 si

356 1851 635 1923 Ὀναίμην
666 1849 818 1924 ὑμῶν
851 1846 940 1904 διὰ
971 1851 1190 1918 παντὸς,
1248 1848 1441 1925 ἐάνπερ
1494 1846 1638 1919 ἄξιος
1686 1851 1748 1906 ὧ.
1801 1853 2011 1923 Πρέπον

348 1937 453 1994 οὖν
490 1940 632 2011 ὑμᾶς
674 1937 785 1993 ἐστι
815 1939 952 1993 κατὰ
1009 1939 1182 1993 πάντα
1236 1939 1438 2014 τρόπον
1503 1935 1739 2008 δοξάζειν
1799 1940 2007 2008 Ἰησοῦν

345 2029 592 2104 Χριστὸν
620 2031 712 2084 τὸν
747 2027 1040 2102 δοξάσαντα
1069 2030 1207 2102 ὑμᾶς
1235 2029 1323 2083 ira
1354 2030 1404 2086 ἐν
1444 2033 1542 2104 μιᾷ
1595 2029 1844 2103 ὑποταγῇ
1895 2033 2008 2101 (17)

346 2119 454 2187 ἦτε
484 2119 910 2191 κατηρτισμένοι
939 2122 1016 2189 τῷ
1065 2119 1215 2190 αὐτῷ
1265 2119 1352 2173 νοῒ
1399 2117 1489 2173 καὶ
1541 2121 1611 2191 τῇ
1665 2119 1806 2192 αὐτῇ
1860 2119 2008 2193 γνώ-

354 2230 462 2282 μῃ,
519 2208 608 2262 καὶ
666 2207 730 2262 τὸ
793 2207 922 2262 αὐτὸ
979 2205 1181 2284 λέγητε
1237 2207 1425 2270 πάντες
1480 2207 1604 2284 περὶ
1658 2212 1756 2262 τοῦ
1814 2208 2003 2275 αὐτοῦ,

343 2295 439 2351 ἵνα
475 2295 915 2370 ὑποτασσόμενοι
944 2301 1022 2367 τῷ
1055 2293 1337 2370 ἐπισκόπῳ
1366 2297 1457 2352 καὶ
1486 2301 1566 2369 τῷ
1606 2291 2001 2373 πρεσϐυτερίῳ,

347 2387 488 2440 κατᾶ
515 2384 691 2440 πάντα
721 2387 817 2453 ἥτε
846 2383 1191 2460 ἡγιασμένοι.

418 2478 516 2530 Ill.
553 2474 630 2531 Οὐ
665 2473 1031 2548 διατάσσομαι
1066 2475 1219 2546 ὑμῖν,
1251 2475 1326 2532 ὡς
1361 2473 1436 2528 ὢν
1481 2494 1555 2529 τι·
1589 2475 1634 2529 εἰ
1663 2476 1766 2550 γὰρ
1794 2475 1884 2529 ναὶ
1917 2473 2000 2529 δὲ·

354 2561 638 2638 δεμαιδιςὶ
665 2564 728 2618 τὸ
786 2558 958 2636 ὄνομα
1017 2565 1060 2599 ¹⁰
1117 2564 1280 2618 αὐτοῦ
1334 2560 1488 2617 οὔπω
1545 2563 1891 2638 ἀπήρτισμαι
1945 2567 1999 2618 ὲν

352 2655 537 2723 Ἰησοῦ
565 2657 794 2728 Χριστῷ
831 2657 920 2706 νῦν
970 2653 1074 2729 γὰρ
1134 2654 1312 2726 ἀρχὴν
1371 2647 1486 2726 ἔχω
1550 2658 1648 2708 τοῦ
1709 2655 2002 2726 μαθητεύε-

357 2755 502 2807 σθαι,
558 2746 642 2798 καὶ
698 2742 1002 2818 προσλαλῶ
1043 2745 1170 2817 ὑμῖν
1213 2746 1288 2808 ὡς
1331 2743 1684 2817 ὁμοδούλοις
1743 2745 1842 2819 ἐμὲ
1896 2748 1996 2820 γὰρ

353 2828 461 2888 ἔδει
493 2836 614 2908 παρ’
647 2836 798 2906 ὑμῶν
829 2835 1238 2906 ὑπομνησθῆναι
1292 2835 1491 2901 πίστει,
1542 2825 1804 2907 νουθεσίᾳ,
1858 2837 1996 2890 ὑπο-

349 2928 512 2998 μονῇ,
568 2925 934 2999 μακροθυμίᾳ*
977 2923 1105 2979 ἀλλ’
1151 2922 1338 2994 ἐπειδὴ
1374 2927 1407 2993 ἡ
1440 2925 1623 3001 ἀγάπη
1677 2925 1773 2980 οὑγ
1820 2925 1879 2996 ἐᾷ
1931 2946 1997 2997 με

344 3019 558 3084 σιωπᾷν
588 3014 710 3088 περὶ
745 3015 921 3086 ὑμῶν,
957 3011 1045 3068 διὰ
1091 3018 1255 3068 τοῦτο
1302 3011 1610 3088 προέλαϐον
1660 3013 1993 3088 παρακαλεῖν

344 3104 512 3176 ὑμᾶς,
573 3103 724 3167 ὅπως
776 3105 1110 3178 συντρέχητε
1163 3107 1232 3176 τῇ
1292 3105 1489 3179 γνώμῃ
1521 3108 1622 3158 τοῦ
1679 3108 1832 3159 Θεοῦ.
1897 3103 1994 3158 Καὶ

2128 1851 2342 1922 dignus
2373 1851 2562 1908 fuero.
2598 1853 2776 1908 Decet
2799 1853 2997 1924 itaque
3019 1869 3120 1907 vos
3142 1851 3419 1906 omnibus
3441 1851 3635 1905 modis
3658 1851 3776 1924 glo-

2125 1939 2357 1996 riﬁcare
2389 1943 2587 1996 Jesum
2620 1943 2916 1997 Christum
2949 1943 3050 2013 qui
3076 1941 3429 2012 gloriﬁcavit
3459 1957 3578 2007 vos,
3621 1947 3686 1995 ut
3715 1941 3776 1995 in

2125 2030 2465 2086 obedientia
2527 2048 2648 2086 una
2706 2054 2733 2081 ‹‹
2795 2031 2922 2086 sitis
2967 2031 3233 2102 perfecti,
3294 2030 3500 2084 eadem
3550 2037 3774 2094 mente,

2124 2119 2452 2190 eademque
2485 2121 2820 2186 sententia;
2853 2120 3130 2188 idemque
3179 2118 3389 2172 dicatis
3442 2119 3513 2172 de
3562 2118 3772 2172 eodem

2121 2224 2328 2264 omnes
2360 2211 2413 2274 ⁹;
2448 2230 2478 2260 ››
2519 2215 2584 2264 ιιι
2631 2209 2885 2280 subjecti
2935 2209 3212 2279 episcopo
3264 2212 3322 2261 et
3373 2205 3770 2277 presbyterio,

2119 2315 2226 2370 per
2257 2298 2458 2354 omnia
2489 2298 2840 2354 sanctiﬁcati
2874 2298 3024 2363 sitis,

2188 2482 2285 2535 III.
2306 2483 2431 2536 Non
2457 2482 2737 2553 praecipio
2753 2480 2914 2535 volvis
2936 2481 3102 2552 quasi
3135 2481 3246 2534 sim
3272 2480 3516 2552 aliquid.
3551 2482 3765 2546 Quam-

2113 2570 2198 2624 vis
2219 2570 2374 2624 enim
2399 2571 2628 2624 vinctus
2648 2571 2756 2625 sim
2781 2574 3020 2641 propter
3041 2570 3538 2632 nomen,necdum
3560 2577 3759 2626 tamen

2111 2659 2410 2730 perfectus
2441 2675 2571 2713 sum
2603 2660 2664 2713 in
2698 2660 2926 2714 Christo
2959 2661 3113 2714 Jesu.
3148 2662 3310 2713 Nunc
3341 2659 3500 2713 enim
3542 2659 3761 2727 incipio

2113 2747 2438 2817 discipulus
2469 2764 2598 2804 esse
2629 2765 2642 2816 ;
2677 2755 2734 2803 et
2755 2748 3028 2818 alloquor
3048 2765 3146 2802 vos
3169 2754 3232 2801 ut
3250 2763 3592 2810 conservos;
3620 2762 3759 2800 nam

2111 2835 2422 2908 oportebat
2456 2853 2547 2892 me
2571 2853 2605 2892 a
2626 2836 2789 2892 vobis
2812 2838 3178 2892 commoneri
3205 2836 3337 2892 ﬁde.
3365 2835 3758 2899 institutione,

2109 2927 2416 2999 patientia,
2452 2928 2898 2999 longanimitate
2926 2945 2938 2982 :
2972 2933 3028 2983 at
3060 2927 3296 2998 quando
3351 2927 3608 2981 charitas
3639 2941 3759 2980 non

2110 3017 2254 3071 sinit
2283 3032 2377 3071 me
2411 3023 2604 3072 tacere
2636 3017 2708 3071 de
2742 3017 2923 3083 vobis,
2959 3022 3275 3088 propterea
3323 3015 3610 3070 anteverti
3659 3031 3757 3069 vos

2107 3104 2450 3172 admonere,
2474 3111 2539 3160 ut
2560 3107 2884 3160 cocurratis
2906 3106 2966 3160 in
2990 3107 3090 3160 Dei
3115 3106 3493 3160 sententiam.
3527 3105 3760 3158 Etenim

349 3155 512 3176 '6—v'V“
583 3155 595 3158 ⁷
633 3155 723 3167 '77‘
786 3155 827 3157 ἠέ
887 3155 1103 3178 ῨΓῨΙΜΊῨῨ
1178 3155 1232 3176 ’λ’
1306 3155 1316 3179 Ι
1370 3155 1489 3177 ῨῨΓήΙΙ
1535 3155 1613 3158 ⁷-⁷
1687 3155 1831 3159 ”’⁷”“
1900 3155 1991 3158 “““’“

337 3194 440 3268 γὰρ
495 3193 708 3262 Ἰησοῦς
762 3192 1014 3267 Χριστὸς,
1072 3193 1244 3247 πάντα
1299 3193 1435 3247 κατὰ
1489 3194 1716 3266 γνώμην
1773 3195 1996 3268 πράττει

2122 3195 2274 3249 Iesus
2303 3155 2570 3249 Christus
2595 3195 2796 3250 omnia
2819 3195 2957 3249 facit
2978 3194 3149 3265 juxta
3171 3195 3528 3249 sententiam
3545 3193 3754 3254 Patris,

331 3287 430 3336 τοῦ
471 3283 708 3355 Πατρὸς,
759 3282 834 3342 ὡς
888 3281 1047 3343 αὐτός
1101 3302 1208 3336 που
1255 3279 1432 3358 λέγει·
1491 3283 1636 3356 Ἐγὼ
1695 3283 1762 3337 τὰ
1801 3280 1999 3356 ἀρεστᾶ

337 3373 499 3443 αὐτῷ
529 3375 677 3426 ποιῶ
707 3371 960 3425 πάντοτε.
996 3369 1206 3426 Οὐκοῦν
1238 3371 1328 3425 καὶ
1361 3373 1508 3443 ἡμᾶς
1550 3373 1662 3446 χρὴ
1717 3376 1812 3446 ζῇν
1862 3373 2000 3426 κατὰ

335 3461 579 3536 γνώμην
610 3463 746 3514 Θεοῦ
804 3459 854 3512 ἐν
916 3460 1154 3534 Χριστῷ,
1214 3458 1303 3513 καὶ
1365 3457 1569 3530 ζηλοῦν
1624 3460 1698 3520 ὡς
1757 3458 1995 3523 Παῦλος·

332 3549 599 3624 Μιμηταὶ
668 3548 769 3624 γάρ
833 3569 960 3621 μου,
1029 3548 1184 3626 φησὶ,
1254 3551 1492 3626 φίνεσθε,
1585 3551 1766 3613 καθὼς
1844 3551 1999 3630 κάγὼ

333 3642 618 3715 Χριστοῦ.

328 3737 334 3742 ’
404 3729 506 3784 1V.
542 3727 701 3789 Ὅθεν
732 3727 820 3780 καὶ
853 3726 980 3797 ὑμῖν
1025 3727 1218 3800 πρέπει
1264 3728 1574 3800 συντρέχειν
1623 3731 1691 3800 τῇ
1740 3731 1835 3781 τοῦ
1885 3726 2003 3781 ἑπι-

333 3819 554 3872 σκόπου
610 3815 805 3891 γνώμῃ
867 3816 1002 3887 (18),
1063 3819 1159 3870 τοῦ
1217 3816 1351 3869 κατὰ
1407 3815 1537 3870 Θεὸν
1615 3821 2002 3889 ποιμαίνοντοζ

2105 3289 2172 3339 ιιι
2202 3284 2328 3355 ipse
2362 3283 2618 3354 quodam
2653 3284 2782 3339 loco
2816 3284 2958 3340 dicit
2989 3301 3000 3337 :
3027 3287 3142 3353 Ego
3163 3301 3284 3354 quae
3301 3283 3507 3353 placita
3531 3287 3658 3336 sunt
3687 3283 3758 3346 ei,

2104 3371 2256 3439 facio
2278 3387 2491 3441 semper
2513 3371 2769 3442 “.lgitur
2792 3377 2849 3426 et
2866 3388 2975 3426 nos
2995 3377 3227 3442 oportet
3248 3371 3622 3440 viverejuxta
3634 3383 3761 3422 sen-

2108 3460 2352 3514 tentiam
2380 3460 2480 3514 Dei
2515 3461 2574 3513 in
2606 3461 2925 3523 Christo,et
2954 3461 3220 3514 seniulari
3253 3466 3316 3514 ut
3348 3459 3597 3514 Paulus:
3621 3458 3758 3512 Imi-

2109 3555 2309 3603 tatores
2325 3548 2484 3603 enim
2510 3551 2634 3616 mei,
2659 3549 2874 3619 inquit,
2895 3555 3084 3613 estote,
3107 3551 3247 3604 sicut
3272 3555 3324 3602 et
3346 3563 3444 3616 ego
3467 3547 3673 3600 t.hristi
3691 3544 3755 3597 ¹².

2102 3731 2112 3766 ἰ
2181 3728 2274 3782 IV.
2309 3727 2473 3782 Unde
2505 3735 2556 3781 et
2587 3727 2756 3782 decet
2785 3744 2884 3782 vos
2916 3742 3269 3782 concurrere
3309 3726 3368 3779 in
3397 3723 3756 3780 sententiam

2113 3816 2396 3888 epiSCOpi,
2430 3816 2530 3886 qui
2563 3815 2892 3871 secundum
2925 3822 3106 3871 Deum
3140 3832 3238 3870 vos
3266 3816 3454 3886 pascit
3480 3830 3493 3879 ;
3519 3813 3677 3884 quod
3701 3818 3759 3866 et

406 3948 428 3982 ι
548 3930 780 4037 Bagam.
858 3931 881 3966 ⁸
912 3934 960 3988 ΙΙ
1170 3935 1370 4037 1,1249.“
1406 3931 1430 3967 ’⁷
1459 3935 1519 3988 in
1551 3951 1659 3990 ms.
1694 3952 1958 4007 praepon.
1988 3954 2003 3988 ι

437 4023 474 4037 ιι
711 4021 819 4037 non
876 4021 970 4037 ιηη
1375 4022 1442 4037 run
1495 4023 1548 4037 -ι
1608 4011 1626 4037 Α

2122 3931 2321 4007 Κυρίου
2354 3934 2537 4004 ἡμῶν.
2614 3933 2635 3967 ⁸
2740 3931 2950 4007 Βὺῥρῳ.
3028 3935 3097 3988 ’I
3127 3934 3254 3988 Cor.
3292 3951 3329 3999 ι,
3359 3935 3440 3987 10.
3522 3931 3567 3965 ¹⁰
3587 3931 3756 3986 deest

336 4009 400 4063 in
431 4006 524 4062 al.
604 4005 646 4039 ¹¹
679 4006 994 4070 Joan.~vm,
1027 4008 1116 4059 29.
1198 4005 1289 4060 1*1
1330 4005 1460 4061 Cor.
1495 4023 1572 4071 ιι,
1608 4011 1657 4064 1.

337 4114 630 4197 similiter
649 4113 930 4197 legimus.
966 4109 1132 4197 Quod
1163 4111 1435 4197 sinverum
1463 4129 1476 4197 ξ
1501 4129 1621 4197 non
1644 4113 1796 4168 alius
1817 4115 2002 4197 Ephei-

337 4190 496 4242 sinaa
530 4186 806 4239 Ecclesia:
839 4182 1191 4252 quaerendus
1222 4183 1400 4238 fuerit
1439 4186 1685 4252 Angelus
1740 4187 1833 4240 cui
1867 4182 1930 4241 in
1965 4204 1998 4240 ll

343 4257 739 4330 Apocalpseos
769 4254 1028 4322 capitulo
1053 4254 1402 4330 scribendae
1451 4272 1486 4330 a_
1535 4257 1783 4330 Domino
1829 4275 2000 4312 man-

342 4325 824 4385 dantur‘litteraz.
851 4342 1026 4395 quam
1053 4326 1146 4379 hic
1170 4325 1295 4396 ipse
1318 4327 1647 4382 Onesimus.
1681 4329 1747 4383 In
1771 4331 1998 4384 Graeco-

342 4419 479 4456 rum
515 4417 651 4454 vero
700 4397 968 4460 Menwis,
995 4403 1078 4471 _et
1116 4396 1406 4471 _Simeone
1460 4399 1856 4471 Metaphrasta
1905 4402 1998 4455 die

342 4471 722 4544 praecedente
759 4467 1048 4544 memoria
1078 4467 1206 4544 ejus
1258 4467 1631 4544 celebratur;
1666 4471 1768 4525 sed
1811 4472 1996 4543 Ephe-

345 4539 518 4626 sinus
540 4543 726 4626 ipsius
754 4541 1129 4626 episcopatus
1152 4539 1223 4593 ab
1257 4539 1374 4621 illis
1406 4542 1790 4626 omlninonon
1815 4539 1998 4626 agno-

350 4609 582 4670 sciturf
606 4616 675 4667 Et
727 4609 863 4667 vero
922 4611 982 4664 in
1043 4609 1428 4665 Clementinis
1486 4609 1994 4678 Constitutionibus,

345 4687 440 4741 lic.
479 4703 573 4742 vn.
607 4702 734 4754 cap.
767 4685 858 4738 48.
894 4681 994 4735 ille
1027 4681 1390 4737 Philemonis
1423 4684 1738 4739 Onesimz's
1785 4686 1999 4740 Bermaa

345 4758 407 4811 in
442 4755 782 4812 Macedonia
814 4754 886 4809 ab
920 4754 1204 4822 apostolis
1237 4757 1591 4808 constitutus
1641 4756 1820 4810 fuisse
1852 4756 2000 4810 dici-

346 4835 445 4882 tur
475 4829 823 4900 episcopus;
849 4824 1150 4900 etgaium,
1175 4828 1354 4900 cujus
1371 4826 1684 4900 Apostolus
1703 4828 1996 4900 meminit,

385 4906 481 4954 ost
507 4895 879 4953 Timotheum
914 4895 1300 4966 Ephesiorum
1334 4895 1513 4952 fuisse
1538 4899 1902 4968 episcopum,
1937 4899 1998 4954 in

383 4972 593 5041 ynopsi
645 4987 750 5024 sua
784 4968 1135 5041 Aliorotheus
1195 4968 1469 5022 afﬁrmat.
1509 4969 1605 5041 iUt
1661 4969 1799 5024 Gaio
1859 4971 1997 5025 huic

349 5039 555 5123 {quem
582 5039 795 5123 Eph_esi
828 5039 1010 5123 fuisse
1043 5039 1407 5123 episcopum:
1442 5040 1620 5123 etiam
1662 5041 1732 5123 in‘
1772 5041 1994 5096 inedito

346 5110 645 5184 Hippolyti
678 5115 752 5166 De
780 5110 1209 5184 Lsquiscipulis
1241 5110 1443 5184 libello
1465 5111 1736 5184 legimus)
1768 5129 1998 5166 succes-

351 5180 500 5238 sisse
519 5180 782 5238 videatur
804 5182 875 5235 ab
900 5180 1122 5251 [gnatio
1137 5189 1337 5235 nostro
1362 5180 1992 5249 laudaturOnesimus;

348 5255 581 5309 seniore
616 5255 734 5320 illo,
768 5260 904 5307 ante
935 5256 1086 5306 hanc
1117 5251 1188 5306 ab
1232 5269 1298 5306 eo
1327 5254 1601 5323 scriptam
1658 5255 1993 5323 epistolam,

345 5327 454 5378 sub
495 5327 822 5381 Immitiauo
854 5329 1138 5394 martyrio
1163 5328 1288 5391 jam
1324 5332 1605 5378 coronato
1631 5342 1644 5390 ;
1670 5331 1734 5379 ut
1756 5325 1812 5379 in
1844 5326 1993 5380 libro

338 5411 392 5521 Ill]!
446 5397 692 5453 Historia
767 5411 904 5464 sum,
960 5410 1087 5465 cap.
1147 5398 1197 5462 2,
1261 5396 1622 5467 Nicephorus
1676 5396 1989 5468 signiﬁcat.

389 5483 536 5521 ssan.

389 5483 536 5524 SSER.

409 5537 644 5608 (13)Τῴ
697 5537 779 5590 ἐπ’
822 5535 1002 5608 ἀγάπῃ
1054 5533 1364 5606 ἀδιηγήτῳ.
1430 5536 1716 5591 Similiter
1775 5544 1833 5590 et
1879 5541 1992 5593 An-

380 5607 610 5665 li'canus
639 5607 880 5664 nosteri
932 5610 1037 5672 Qui
1081 5611 1141 5662 in
1173 5609 1445 5662 charitate
1471 5611 1860 5663 inenarrabilis
1891 5616 1988 5665 est.

387 5678 447 5734 bi
465 5681 735 5754 vulgatus
756 5681 1050 5751 interpres
1072 5678 1252 5735 habet
1271 5681 1471 5735 dilecto
1491 5681 1761 5753 scriptore
1778 5686 1990 5752 nostra,

2108 4115 2197 4170 vel
2215 4121 2281 4171 ut
2300 4132 2408 4170 nos
2427 4115 2564 4184 (non
2588 4114 2780 4169 solum
2809 4130 2874 4167 ex
2900 4113 3334 4185 Magdalenensi
3358 4117 3418 4167 et
3437 4111 3752 4185 Petaviano

2108 4203 2242 4242 ms..
2277 4188 2380 4242 sed
2411 4188 2587 4240 etiam
2622 4202 2689 4239 ex
2719 4185 2944 4248 Adone,
2980 4183 3038 4239 in
3074 4187 3336 4257 locojam
3358 4183 3558 4253 citato)
3583 4184 3756 4257 resti:

2112 4258 2352 4324 tuimus,
2385 4259 2584 4312 dilecto
2611 4265 2942 4329 praeceptore
2990 4249 3317 4324 nostrofac
3364 4257 3412 4311 si
3456 4249 3750 4329 παύῃγητῇ

2109 4323 2370 4400 legisset,
2405 4329 2476 4396 is,
2510 4323 2622 4399 prd
2645 4323 2948 4400 ἀδιηγήτῳ.
2985 4330 3059 4383 ID.

2178 4398 2285 4470 (14)
2353 4400 2438 4454 Ἐν
2497 4398 2814 4468 ὅμοιώματι
2882 4399 3046 4453 αὑτοῦ
3103 4399 3262 4456 εἶναι.
3344 4398 3750 4470 Anglicanus:

2107 4474 2216 4541 ipsi
2244 4473 2302 4524 in
2331 4471 2701 4526 similitudine
2731 4487 2861 4527 esse.
2906 4473 3022 4526 Vet.
3060 4471 3300 4544 vulgat.,
3349 4473 3409 4525 in
3445 4469 3756 4526 concordia

2105 4543 2224 4612 ejus
2258 4545 2314 4595 in
2349 4545 2467 4612 ipso
2498 4559 2626 4598 esse.
2659 4543 2737 4612 In.

2175 4616 2286 4683 (15)
2321 4610 2537 4688 Βίρῥου.
2576 4611 2776 4688 ὶᾶίρἕἒ
2813 4613 3018 4688 Melius
3068 4611 3279 4688 Βῦῥρου
3326 4619 3385 4669 et
3426 4610 3616 4687 Βῦῥρῳ
3665 4613 3752 4688 le-

2107 4690 2345 4756 geretur
2373 4686 2394 4740 :'
2420 4686 2494 4740 ob
2526 4701 2725 4740 verum
2760 4686 3070 4756 lgnatium.
3106 4686 3190 4742 ob
3214 4686 3568 4756 interpretes
3600 4686 3751 4738 anti-

2107 4772 2276 4825 quos,
2329 4762 2454 4810 tum
2503 4757 2762 4826 denique
2808 4758 2946 4825 quia
2992 4758 3203 4827 Byrrus
3261 4763 3319 4810 et
3363 4757 3574 4811 Burrus
3621 4770 3751 4827 esse

2105 4843 2289 4898 unum
2327 4844 2545 4882 nomen
2574 4834 2736 4897 patet
2767 4844 2838 4880 ex
2860 4826 3103 4882 Historia
3132 4833 3387 4898 Augusta
3429 4830 3473 4880 Α
3499 4826 3752 4880 transla-

2105 4903 2230 4969 tore
2251 4897 2585 4964 Onesimus,
2613 4899 2711 4969 qui
2732 4899 3097 4968 praeceditjn
3118 4899 3754 4969 Onesiphorumtrans-

2104 4968 2391 5024 formatus
2421 4975 2510 5024 est
2539 4987 2552 5033 ;
2587 4967 3009 5040 quialopinor)
3043 4971 3217 5024 verba
3273 4975 3425 5040 ante
3453 4967 3748 5040 adducta:

2103 5047 2157 5095 et
2187 5048 2436 5103 catenam
2473 5037 2649 5094 meam
2696 5037 2830 5093 non'
2855 5037 3094 5106 erubuit,
3135 5041 3206 5095 de
3256 5039 3624 5108 Onesiphoro
3677 5037 3750 5091 ab

2101 5112 2380 5182 Apostolo
2413 5111 2772 5182 scribuntur.
2808 5110 2939 5164 Cor.

2173 5187 2279 5248 (t6:
2311 5189 2423 5250 Ἰῆς
2457 5180 2803 5248 Ἐκκλησία-ς.
2838 5181 3124 5248 Anglican
3180 5183 3364 5236 vestri.
3400 5181 3593 5235 Usssa.

2177 5256 2288 5326 (17)
2346 5254 2638 5324 ⁹ὶ“ποταγῇ.
2688 5252 2994 5326 A_nglic_an.
3043 5254 3398 5326 subjectione.
3453 5253 3572 5326 Vet.
3605 5251 3746 5326 _vul-

2101 5331 2196 5394 gat
2246 5322 2624 5395 perfectione;
2655 5323 2761 5389 vel,
2790 5331 2860 5395 Aut
2889 5324 2947 5376 in
2987 5340 3074 5378 ms
3141 5323 3576 5395 Magdalanensi
3605 5322 3750 5395 legi-

2103 5393 2214 5451 tur.
2247 5393 2628 5464 praeceptione.
2669 5393 2844 5449 Paulo
2878 5401 3027 5465 post,
3070 5398 3127 5448 in
3157 5393 3345 5449 eadem
3392 5397 3642 5462 scientia,
3672 5393 3748 5450 ex

2103 5468 2287 5521 tribus
2318 5484 2465 5522 mss.
2523 5466 2941 5536 reposuimus:
2977 5465 3075 5520 ubi
3123 5467 3373 5521 Jacobus
3421 5468 3608 5521 Faber
3656 5471 3751 5535 (ex

2098 5538 2356 5664 ﬂagelli-oril
2379 5540 2628 5593 fortasse
2687 5537 3033 5608 exemplari)
3092 5537 3151 5592 in
3207 5541 3397 5593 eadem
3452 5543 3744 5610 sententia,

2099 5626 2128 5664 e
2177 5628 2192 5663 1
2238 5618 2300 5664 ιι.
2359 5627 2412 5664 n.

2099 5610 2300 5664 edidit.
2334 5611 2412 5664 In.

2107 5688 2110 5690 ⁷
2169 5683 2292 5755 (18)
2327 5675 2646 5755 Συντρέχειν
2705 5680 2775 5754 τῇ
2825 5680 2923 5733 τοῦ
2981 5677 3280 5735 ὶπισκόπου
3336 5681 3558 5759 γνώμῃ,
3622 5685 3742 5742 An;
