4080 6134
331 290 451 354 735

1071 298 1175 360 AD
1217 297 1652 362 EPISTOLAS
1695 299 1761 360 S.
1809 298 2101 362 IGNATII
2146 297 2541 361 GENUINAS
2584 296 3009 362 APPENDIX.

3625 295 3746 355 736

331 427 445 500 ipsi
479 429 692 500 facitis,
724 430 969 488 edoctia
999 432 1252 504 Spiritu;
1275 450 1415 490 nam
1437 434 1826 491 memorabile
1848 451 1980 507 pro-

2099 431 2261 505 ὑμᾶς·
2297 430 2430 508 ὅπερ
2461 433 2550 487 xui
2598 437 2806 489 ποιεῖτε
2861 430 3040 501 αὐτοὶ,
3098 423 3438 506 σοφισθέντες
3490 425 3595 482 ὕπὸ
3651 431 3751 482 τοῦ

339 518 684 589 sbyterium,
733 521 975 592 dignum
1017 526 1154 586 Deo,
1205 525 1287 580 ita
1334 530 1425 580 est
1472 531 1810 598 coaptatum
1861 525 1986 596 epi—

339 624 538 678 scopo,
565 615 630 664 ut
659 609 894 664 chorda
929 611 1210 668 cithara:
1259 614 1344 669 ita
1387 615 1646 687 colligati
1693 630 1988 670 consensu

339 701 398 749 et
426 698 705 752 concordi
739 699 1048 769 charitate,
1080 702 1250 773 cujus
1268 709 1355 758 est
1385 704 1503 759 dux
1527 710 1585 759 et
1601 711 1799 760 custos
1821 706 1989 759 Jesus

339 785 625 844 Christus.
661 789 730 842 Et
757 807 893 844 vero
924 792 1140 862 singuli
1198 809 1355 847 unus
1403 795 1618 850 chorus
1670 801 1875 858 estote,
1925 799 1990 848 ut

340 877 583 931 consoni
616 894 721 948 per
736 879 1136 946 concordiam,
1154 889 1399 954 accepta
1418 884 1839 955 conjunctione
1852 899 1987 938 cum

339 964 460 1020 Deo
491 982 597 1036 per
625 967 938 1036 unitatem,
969 986 1155 1025 unum
1189 971 1319 1026 sitis
1340 973 1789 1040 concentu,Deo
1806 972 1985 1043 Patri,

341 1071 407 1110 ac
437 1055 650 1112 dilecto
683 1058 826 1114 Filio
859 1059 990 1130 ejus
1018 1062 1155 1116 Jesu
1185 1061 1416 1117 Christo
1468 1064 1712 1119 Domino
1761 1068 1984 1120 nostro.

337 1145 422 1201 Da
453 1147 608 1201 enim
642 1147 807 1218 ipsis,
840 1148 1054 1220 inquit,
1088 1151 1254 1205 Pater
1280 1159 1490 1220 sancte,
1519 1160 1580 1207 ut
1633 1157 1774 1208 sicut
1810 1169 1910 1222 ego
1940 1159 1990 1207 et

340 1241 397 1290 tu
427 1253 596 1292 unum
625 1253 828 1301 sumus,
861 1245 913 1292 et
941 1241 1049 1309 ipsi
1077 1242 1135 1294 in
1165 1241 1324 1295 nobis
1354 1258 1523 1296 unum
1569 1245 1678 1296 sint
1726 1241 1790 1297 υ.
1837 1242 1988 1297 Utile

337 1326 538 1396 itaque
552 1325 715 1382 vobis
728 1328 891 1382 estin
907 1328 1211 1400 inculpata
1227 1330 1455 1386 unitate
1473 1331 1827 1402 conjunctos
1845 1331 1986 1399 Deo,

335 1414 665 1470 imitatores
697 1433 824 1472 esse
857 1417 1092 1487 Christi,
1126 1419 1297 1488 cujus
1329 1424 1387 1474 et
1419 1418 1687 1474 membra
1717 1420 1878 1474 estis.

408 1679 471 1732 V.
508 1680 564 1733 Si
596 1678 757 1733 enim
788 1694 892 1751 ego
923 1678 1082 1734 brevi
1116 1679 1401 1750 temporis
1433 1681 1622 1751 spatio
1646 1680 1826 1735 talem
1849 1696 1987 1736 con-

2099 525 2436 594 Πνεύματος·
2468 522 2531 577 τὸ
2583 523 2684 597 γὰρ
2745 522 3132 593 ἀξιονόμαστον
3180 511 3564 593 πρεσϐυτέριον
3616 519 3751 589 (19),

2098 608 2244 679 ἂξιον
2274 608 2332 663 ὄν
2365 614 2461 665 τοῦ
2489 614 2646 678 Θεοῦ,
2691 610 2862 672 οὕτως
2908 611 3279 681 συνήρμοσται
3331 610 3409 677 τῷ
3444 604 3750 678 ἐπισκόπῳ,

2097 699 2172 761 ὠς
2205 695 2404 774 χορδαὶ
2448 699 2645 774 κιθάρᾳ
2693 702 2823 771 (20)·
2877 695 3252 770 συνδεδεμένοι
3303 693 3448 750 οὕτω
3495 697 3564 768 τῇ
3622 694 3757 766 ὁμο-

2097 787 2219 859 νοίᾳ
2247 789 2337 843 καὶ
2362 789 2639 862 συμφώνῳ
2670 789 2876 864 ἀγάπῃ,
2908 789 2975 858 ἧς
3006 786 3150 842 ἐστιν
3182 785 3428 862 ἀρχηγὸς
3453 783 3544 838 καὶ
3573 781 3749 863 φύλαξ

2098 880 2311 949 Ἰησοῦς
2343 881 2370 934 ὁ
2405 879 2642 954 Χριστός
2673 883 2805 951 (21).
2841 879 2943 934 Καὶ
2997 878 3049 931 οἱ
3097 877 3212 931 κατ’
3263 872 3432 949 ἄνδρα
3477 872 3532 930 δὲ
3584 875 3755 948 χορὸς

2097 969 2316 1044 γὲνεσθε
2341 969 2444 1036 εἷς,
2475 969 2568 1024 ἳνα
2597 968 2884 1046 σύμφωνοι
2917 961 3062 1029 ὄντες
3097 966 3150 1021 ἐν
3180 963 3433 1039 ὁμονοίῃ,
3465 964 3754 1040 συνάφειαν

2098 1062 2233 1112 Θεοῦ
2264 1052 2528 1120 λαϐόντες
2559 1055 2611 1112 ἐν
2645 1057 2858 1128 ἕνότητι
2893 1055 2946 1111 ἕν
2976 1054 3206 1133 γένησθε
3237 1057 3282 1092 ¹³
3323 1056 3390 1126 τῇ
3443 1051 3753 1131 συμφωνίᾳ,

2097 1147 2178 1218 τῷ
2205 1151 2321 1220 Θεῷ
2355 1147 2525 1220 Πατρὶ
2557 1145 2646 1201 καὶ
2676 1151 2755 1218 τῷ
2811 1145 3158 1222 ἠγαπημένῳ
3208 1143 3320 1214 Υἱῷ
3365 1142 3532 1198 αὐτοῦ
3574 1142 3755 1212 Ἰησοῦ

2094 1238 2323 1308 Χριστῷ
2353 1239 2434 1308 τῷ
2467 1234 2652 1310 Κυρίῳ
2683 1236 2866 1308 ἡμῶν·
2900 1233 2999 1294 Δὸς
3033 1233 3138 1310 γὰρ
3166 1230 3372 1301 αὐτοῖς,
3396 1229 3553 1306 φησὶ,
3576 1229 3750 1304 Πάτερ

2097 1325 2238 1398 ἅγιε,
2268 1324 2362 1378 ἳνα
2417 1325 2492 1386 ὡς
2544 1323 2654 1399 ἐγὼ
2711 1322 2800 1378 καὶ
2859 1321 2922 1377 σὺ
2981 1320 3033 1376 ἔν
3092 1321 3275 1395 ἐσμεν,
3335 1320 3426 1375 καὶ
3484 1317 3636 1374 αὐτοὶ
3695 1317 3747 1374 ἐν

2096 1418 2236 1487 ἡμῖν
2264 1415 2317 1471 ἔν
2345 1417 2468 1470 ὦσι·
2524 1417 2807 1494 χρήσιμον
2843 1413 2934 1470 οῦν
2989 1414 3132 1470 ἐστιν
3196 1414 3360 1486 ὑμᾶς,
3427 1413 3480 1468 ἰν
3530 1411 3752 1486 ἀμώμῳ

2097 1506 2316 1575 ἓνότητι
2377 1504 2758 1578 συνημμένους
2797 1509 2936 1577 Θεῷ,
2998 1502 3243 1578 μιμητὰς
3301 1503 3434 1558 εἶναι
3492 1503 3752 1577 Χριστοῦ,

2096 1595 2159 1648 οὗ
2190 1595 2282 1648 καὶ
2326 1593 2467 1667 μέλη
2505 1593 2799 1670 ὑπάρχετε.

2170 1686 2235 1738 ν.
2273 1682 2334 1739 Ei
2365 1683 2468 1757 γὰρ
2501 1682 2613 1760 ἐγὼ
2644 1682 2696 1738 ἐν
2730 1687 2908 1758 μικρῷ
2937 1682 3124 1758 χρόνῳ
3155 1680 3414 1753 τοιαύτην
3475 1681 3754 1752 συνήθειαν

340 1768 715 1824 suetudinem
743 1769 1008 1823 contraxi
1035 1785 1167 1823 cum
1187 1769 1461 1840 episcopo
1479 1774 1690 1837 vestro,
1710 1786 1842 1840 qua
1865 1785 1980 1824 non

2098 1769 2264 1847 ἔσχον
2319 1773 2457 1845 πρὸς
2511 1773 2604 1827 τὸν
2661 1771 2955 1828 ἐπίσκοπον
3017 1772 3191 1845 ὑμῶν,
3254 1771 3355 1826 οὐκ
3409 1769 3752 1846 ἀνθρωπίνην

338 1859 620 1923 humana,
657 1855 758 1910 sed
791 1857 1119 1926 spiritualis
1150 1863 1277 1921 est;
1311 1863 1529 1926 quanto
1561 1875 1660 1912 vos
1690 1858 1985 1913 beatiores

327 1945 536 2016 judico
569 1945 669 2016 qui
700 1945 1049 2016 dependetis
1081 1946 1154 2000 ab
1186 1945 1306 2014 illo,
1340 1946 1494 2000 sicut
1522 1947 1782 2002 Ecclesia
1812 1963 1847 2002 a
1869 1949 1984 2001 Do-

335 2034 498 2089 mino
529 2035 687 2100 Jesu,
739 2039 798 2089 et
851 2035 1129 2090 Dominus
1161 2051 1194 2090 a
1228 2035 1473 2090 Domino
1525 2040 1582 2090 et
1623 2037 1796 2090 Patre
1855 2051 1982 2100 suo,

336 2128 400 2178 ut
431 2124 632 2178 omnia
662 2140 769 2195 per
798 2124 1087 2180 unitatem
1123 2124 1544 2179 consentiant?
1581 2126 1763 2180 Nemo
1797 2131 1982 2191 erret;

334 2211 450 2267 nisi
482 2212 616 2283 quis
647 2214 806 2269 intra
834 2213 1016 2269 altare
1067 2214 1162 2282 sit,
1225 2215 1488 2286 privatur
1544 2231 1693 2286 pane
1744 2214 1870 2270 Dei.
1928 2214 1984 2268 Si

333 2302 493 2356 enim
523 2303 698 2357 unius
732 2311 910 2374 atque
943 2305 1189 2359 alterius
1223 2304 1484 2375 precatio
1535 2310 1756 2359 tantam
1809 2304 1988 2360 habet

333 2391 632 2455 virtutem,
661 2397 728 2446 ut
756 2392 1057 2448 Christum
1089 2395 1244 2447 inter
1265 2394 1400 2449 illos
1423 2399 1644 2448 statuat
1665 2392 1738 2461 ‘7;
1763 2400 1984 2464 quanto

332 2480 464 2551 plus
495 2480 755 2553 episcopi
786 2487 844 2537 et
897 2483 1076 2538 totius
1128 2483 1405 2538 Ecclesia
1454 2483 1643 2538 oratio
1697 2499 1980 2551 consona,

335 2569 665 2625 ascendens
695 2571 770 2626 ad
800 2573 1007 2637 Deum,
1043 2572 1311 2626 exorabit
1340 2578 1405 2626 ut
1435 2572 1639 2627 omnia
1667 2589 1800 2642 qua
1830 2573 1978 2644 peti-

333 2657 526 2714 verint
556 2660 616 2714 in
647 2660 900 2728 Christo,
932 2661 1148 2716 dentur
1175 2661 1320 2732 ipsis
1341 2662 1369 2714 ‘I
1399 2661 1678 2733 Quisquis
1709 2661 1980 2732 igiturab

331 2748 676 2820 hujusmodi
699 2756 933 2822 separat
953 2766 1154 2818 se,nec
1175 2750 1452 2805 convenit
1497 2749 1558 2804 in
1581 2755 1734 2806 catu
1764 2749 1982 2806 sacrifi-

330 2837 580 2906 ciorum,
615 2841 674 2894 ét
702 2841 927 2896 ecclesia
944 2839 1360 2911 primitivorum
1389 2839 1491 2910 qui
1519 2839 1826 2912 conscripti
1853 2847 1982 2896 sunt

327 2927 390 2980 in
420 2929 548 2984 calo
579 2927 645 2995 ‘3,
679 2928 851 3001 lupus
882 2933 989 2995 est,
1024 2928 1131 2984 sub
1178 2928 1351 2984 ovina
1396 2929 1552 3001 pelle
1605 2935 1978 2986 mansuetam

327 3017 718 3088 prasel‘erens
753 3019 1024 3091 ﬁguram.
1056 3018 1385 3085 Enitimini,
1428 3018 1788 3083 charissimi,
1841 3019 1976 3074 sub-

321 3105 469 3176 jecti
503 3122 632 3162 esse
663 3107 938 3179 episcopo
970 3111 1029 3162 et
1051 3107 1414 3178 presbyteris
1445 3111 1503 3164 et
1546 3106 1835 3162 diaconis.
1867 3107 1975 3172 Qui
2005 3149 2052 3214 Β

335 3195 494 3250 enim
519 3195 612 3250 his
636 3195 937 3267 subjectus
958 3201 1047 3251 est
1066 3194 1271 3251 obedit
1289 3195 1543 3265 Christo,
1568 3193 1669 3266 qui
1693 3195 1802 3250 hos
1832 3212 1974 3251 con.

333 3284 564 3340 stituit:
597 3285 698 3356 qui
728 3301 862 3340 vero
894 3285 987 3339 his
1017 3301 1139 3339 non
1172 3283 1382 3351 credit,
1404 3300 1524 3339 non
1546 3283 1978 3340 creditChristo

327 3372 496 3429 Jesu:
523 3394 551 3423 ‹‹
577 3373 684 3438 Qui
711 3372 1263 3429 autemincredulus
1293 3378 1384 3428 est
1412 3373 1579 3442 Filio,
1611 3389 1731 3428 non
1761 3373 1984 3428 videbit

328 3461 530 3526 vitam,
556 3462 762 3518 sedira
783 3462 885 3518 Dei
910 3467 1112 3518 manet
1135 3478 1312 3533 super
1328 3478 1466 3517 eum
1486 3460 1532 3497 ¹⁹
1548 3483 1600 3516 ››.
1629 3462 1981 3517 Prafractus

335 3551 517 3618 enim,
542 3553 946 3609 contentiosus
977 3557 1036 3607 et
1065 3552 1357 3624 superbus
1379 3557 1468 3608 est
1489 3551 1590 3623 qui
1619 3568 1740 3607 non
1762 3551 1983 3607 obtem-

333 3647 504 3711 perat
533 3641 958 3713 superioribus.
994 3662 1022 3692 ‹‹
1054 3640 1331 3711 Superbis
1365 3648 1546 3695 autem
1589 3641 1792 3710 inquit,
1826 3639 1981 3696 Deus

334 3732 600 3800 resistit;
646 3731 973 3787 humilibus
1025 3735 1226 3786 autem
1273 3729 1376 3786 dat
1420 3729 1671 3802 gratiam
1697 3729 1742 3766 εί
1775 3751 1826 3783 ››.
1875 3731 1979 3788 Et:

337 3844 367 3875 α
403 3821 646 3894 Superbi
681 3821 886 3894 inique
924 3819 1176 3894 agebant
1216 3836 1408 3892 usque
1453 3817 1622 3875 valde
1652 3818 1698 3854 ε’
1729 3839 1780 3877 ››.
1832 3820 1986 3876 Dicit

336 3927 574 3985 quoque
602 3910 888 3968 Dominus
920 3910 996 3967 ad
1035 3909 1410 3966 sacerdotes:
1467 3929 1489 3958 ι
1523 3909 1632 3976 Qui
1677 3925 1778 3966 vos
1821 3909 1987 3966 audit

2097 1861 2281 1928 οὖσαν,
2312 1858 2464 1916 ἀλλὰ
2495 1862 2884 1933 πνευματικὴν,
2916 1861 3072 1933 πόσῳ
3118 1859 3332 1933 μᾶλλον
3388 1861 3528 1932 ὑμᾶς
3579 1879 3754 1932 μακα-

2098 1951 2235 2025 ρίζω
2266 1948 2394 2012 τοὺς
2443 1953 2487 1988 ¹⁸
2519 1950 2990 2023 ἆνακρεμαμένους
3043 1947 3212 2021 αῦτῷ,
3263 1950 3338 2011 ὡς
3381 1950 3416 2017 ἡ
3448 1946 3753 2018 Ἐκκλησία

2095 2044 2176 2112 τῷ
2209 2039 2392 2115 Κυρίῳ
2424 2042 2628 2109 Ἰησοῦ,
2659 2042 2752 2094 καὶ
2783 2039 2810 2091 ὁ
2843 2037 3040 2111 Κόριος
3089 2041 3168 2109 τῷ
3203 2039 3248 2074 ¹⁶
3277 2041 3393 2108 Θεῷ
3435 2035 3526 2090 καὶ
3575 2036 3752 2110 Πατρῖ

2096 2127 2285 2194 αὐτοῦ,
2339 2126 2430 2183 ’ίνα
2485 2128 2654 2182 πάντα
2713 2126 2764 2182 ἐν
2825 2127 3040 2195 ὲνότητι
3099 2124 3470 2198 σύμφωναῇς
3534 2121 3751 2193 Μηδεὶς

2093 2216 2412 2273 πλανάσθω·
2461 2217 2548 2272 ἐὰν
2610 2219 2687 2288 μή
2745 2237 2829 2278 τις
2888 2213 3039 2279 ἐντὸς
3092 2214 3129 2289 ᾖ
3179 2219 3278 2270 τοῦ
3334 2214 3742 2282 θυσιαστηρίου,

2096 2307 2394 2381 ὑστερεῖται
2423 2311 2520 2361 τοῦ
2555 2306 2717 2380 ἄρτου
2747 2309 2843 2360 τοῦ
2875 2309 3028 2361 Θεοῦ·
3090 2305 3136 2360 εί
3175 2305 3277 2380 γάρ
3328 2303 3442 2366 ἑνὸς
3490 2302 3579 2357 καὶ
3629 2298 3744 2356 δευ-

2090 2394 2250 2471 τέρου
2284 2395 2570 2474 προσευχή
2599 2394 2867 2466 τοσαύτην
2897 2393 3053 2469 ἰσχὺν
3082 2392 3222 2468 ἔχει,
3275 2393 3414 2449 ὥστε
3459 2393 3554 2447 τὸν
3604 2393 3740 2464 Χρι-

2093 2485 2215 2539 στὸν
2249 2485 2301 2538 ἐν
2333 2483 2521 2545 αύτοῖς
2570 2480 2804 2551 ἆστάναι,
2843 2484 2998 2556 πόσῳ
3055 2479 3268 2556 μᾶλλον
3298 2481 3334 2550 ἢ
3365 2501 3422 2536 τε
3475 2483 3574 2535 τοῦ
3621 2478 3742 2532 ὲπι-

2092 2574 2297 2628 σκόπου
2327 2573 2417 2628 καὶ
2466 2572 2642 2642 πάσης
2697 2579 2800 2641 τῆς
2856 2569 3186 2641 Ἐκκλησίας
3233 2569 3541 2644 προσευχὴ,
3601 2566 3744 2640 σύμ-

2090 2684 2269 2742 φωνος
2301 2664 2414 2736 (22)
2444 2662 2669 2717 ἀνιοῦσα
2697 2661 2832 2735 πρὸς
2889 2660 3040 2728 Θεὸν,
3099 2659 3271 2715 πείσει
3329 2663 3743 2734 παρασχεθῆναι

2090 2752 2276 2815 αὐτοῖς
2306 2753 2481 2807 πάντα
2507 2751 2575 2807 τὰ
2622 2749 2674 2806 ἒν
2722 2753 2950 2824 Χριστῷ
3005 2748 3330 2822 αἶτήματας
3389 2750 3417 2804 ὁ
3479 2744 3570 2802 οῦν
3631 2749 3740 2801 τῶν

2089 2843 2356 2899 τοιούτων
2443 2840 2845 2918 χωριζόμενος,
2932 2839 3024 2894 καὶ
3083 2839 3159 2913 μή
3219 2837 3619 2914 συνερχόμενος
3687 2835 3741 2891 ὲν

2095 2931 2272 3006 βουλῇ
2306 2933 2505 2986 θυσιῶν
2552 2933 2656 3002 (23)
2709 2929 2800 2984 καὶ
2857 2926 3124 2999 ἐκκλησίᾳ
3179 2929 3545 3003 πρωτοτόκων
3601 2926 3738 2981 ἀπο-

2087 3018 2482 3094 γεγραμμίνων
2515 3017 2568 3073 ἦν
2624 3017 2865 3093 οὐρανῷ,
2923 3014 3089 3078 λύκος
3149 3015 3292 3071 ἐστὶν
3351 3014 3404 3070 ἐν
3458 3009 3739 3089 προϐάτου

2089 3105 2242 3179 δορᾷ,
2275 3107 2482 3180 ἥμερον
2523 3103 2826 3168 ἐπιδεικνὺς
2889 3107 3129 3183 μορφήν·
3193 3103 3550 3172 σπουδάσατε,
3605 3105 3738 3180 ἀγα-

2087 3195 2283 3267 πητοῖ,
2320 3197 2657 3270 ὑποταγῆναι
2686 3199 2764 3267 τῷ
2793 3193 3074 3268 ἐπισκόπῳ
3131 3198 3248 3266 (24)
3291 3195 3382 3250 καὶ
3413 3199 3533 3256 τοῖς
3581 3213 3740 3268 πρεσ-

2089 3280 2335 3359 ϐυτέροις
2364 3284 2453 3338 καὶ
2481 3290 2598 3348 τοῖς
2628 3282 2926 3347 διακόνοιςο
2959 3285 2987 3338 ὁ
3017 3284 3121 3358 γάρ
3163 3283 3385 3347 τούτοις
3439 3280 3738 3338 ὑποτασσό-

2091 3393 2271 3447 μενος,
2305 3371 2562 3428 ὑπακούει
2594 3373 2816 3447 Χριστῷ
2836 3376 2917 3444 τῷ
2944 3370 3426 3447 προχειρισαμένῳ
3465 3370 3678 3434 αὐτούς’
3710 3369 3738 3424 ὁ

2091 3459 2148 3517 δὲ
2203 3463 2442 3518 ἀπειθῶν
2501 3461 2708 3534 αὐτοῖς,
2764 3460 2980 3516 ἀπειθεῖ
3031 3464 3260 3536 Χριστῷ
3318 3463 3520 3530 Ἰησοῦ.
3577 3460 3638 3516 Ὀ
3685 3455 3742 3513 δὶ

2091 3552 2327 3606 ἀπειθῶν
2385 3555 2466 3622 τῷ
2519 3551 2657 3622 ria,
2726 3549 2826 3605 οὐκ
2882 3549 3072 3623 ύψεται
3129 3551 3231 3620 τήν
3287 3551 3456 3619 ζωὴν,
3520 3545 3649 3602 ἀλλ’
3703 3547 3738 3616 ἡ

2091 3640 2230 3715 ὀργή
2262 3643 2358 3694 τοῦ
2389 3643 2523 3694 Θεοῦ
2557 3637 2702 3712 μὲνει
2769 3637 2852 3693 ἐπ’
2911 3636 3094 3694 αῦτόν.
3153 3635 3404 3706 Λύθάδης
3461 3637 3564 3710 γάρ
3624 3634 3738 3689 ἐστι

2087 3729 2179 3785 καὶ
2212 3726 2449 3803 δύσερις,
2473 3729 2840 3806 ὑπερήφανος,
2873 3728 2902 3782 ὁ
2936 3728 3014 3800 μὴ
3045 3730 3355 3801 πειθαρχῶν
3390 3729 3507 3787 τοῖς
3549 3723 3734 3798 κρείτ-

2090 3838 2260 3874 τοσιν.
2293 3818 2687 3894 Ὑπερῃφάνοις
2719 3813 2778 3871 δὶ
2831 3817 2899 3884 ὀ,
2957 3815 3146 3895 φησὶν,
3204 3815 3231 3870 ὁ
3299 3814 3429 3877 Θεὸς
3482 3813 3732 3868 ἀντιτάσ-

2095 3929 2271 3978 σεται,
2318 3911 2592 3970 ταπεινοῖς
2644 3903 2701 3961 δὶ
2751 3902 2938 3960 δίδωσι
3001 3906 3187 3981 χάριν.
3243 3903 3368 3962 Καί.
3425 3903 3738 3980 Ὑπερήφα-

409 4048 454 4084 η
485 4063 596 4102 ms.
627 4040 730 4119 ἔνη
784 4045 830 4083 ¹⁴
857 4044 1308 4119 ποδαγπνιιλμ,
1345 4044 1429 4098 12.
1459 4113 1470 4119 _
1508 4042 1555 4080 ¹⁶
1585 4042 1980 4119 ιζιεζὰνακεκρα

2096 4042 2259 4119 ἐνρυς.
2337 4042 2383 4079 ³⁸
2421 4059 2531 4119 ms.
2564 4039 2772 4119 Κυρίῳ.
2851 4041 2896 4076 ιτ
2927 4039 3128 4119 Matth.
3161 4055 3322 4106 xviii,
3352 4039 3444 4094 20.
3497 4036 3544 4073 ¹⁸
3563 4036 3737 4095 Hebr.

334 4136 439 4189 xu,
469 4120 558 4174 23.
637 4115 686 4154 ¹⁹
707 4118 873 4174 Joan.
905 4134 990 4188 iii,
1021 4118 1110 4174 36.
1175 4111 1235 4150 ”²⁶
1263 4131 1377 4171 ms.
1404 4113 1530 4191 γάρ.
1608 4114 1652 4149 ²¹
1684 4115 1849 4172 Prov.
1880 4111 1963 4182 iii,

2096 4131 2106 4185 ;
2138 4118 2162 4172 Ι
2191 4120 2346 4173 Petr.
2378 4131 2431 4186 v,
2463 4118 2515 4172 5.
2591 4111 2775 4170 πρε.
2806 4128 2996 4181 cxvm,
3024 4111 3114 4166 51.

335 4237 552 4311 glican.
579 4251 594 4290 :
626 4257 654 4284 «
691 4251 1045 4311 concurrere
1065 4233 1325 4311 episcopi
1354 4232 1686 4311 sententia.
1719 4235 1836 4288 Vel.
1865 4235 1988 4289 vul-

335 4305 451 4379 ᾗαε.
488 4310 796 4379 Pastorum
829 4307 1282 4379 dispasitionem
1313 4305 1481 4375 sequi
1513 4325 1564 4356 ››.
1614 4305 1807 4360 υεεειι.

2098 4234 2422 4304 interprete
2452 4231 2722 4308 redditur
2748 4232 2808 4308 in
2839 4230 3316 4308 congregationem
3347 4227 3457 4297 (vel
3504 4244 3736 4298 congre-

2100 4301 2341 4376 gatione,
2375 4309 2440 4360 ut
2469 4304 2606 4358 libri
2629 4302 2769 4358 editi
2793 4301 3035 4371 habent)
3063 4301 3463 4382 sacriﬁciorum
3484 4316 3505 4362 ;
3529 4316 3740 4424 suppo-

2101 4379 2279 4432 situm
2313 4376 2641 4431 exsistimat
2667 4373 2941 4428 Nicolaus
2963 4371 3238 4427 Vedelius
3261 4387 3388 4440 pro,
3409 4369 3460 4424 ἐν
3489 4369 3589 4440 βου
3632 4389 3669 4440 ῃ
3691 4371 3738 4434 θ’

410 4354 1416 4450 ξιὁ)”Ηρἑσξιῖτῼῑοῗ’λὶῖέιῖἕᾶιῖξῗ
1430 4354 1980 4447 ὗὲειὴιῖᾖᾶὶὲςδῃιε-

2100 4354 2653 4450 magicas
2667 4354 3238 4450 ιίεδιέιιιένέάειίυι
3261 4387 3388 4444 pro,
3409 4369 3460 4424 εν

375 4453 502 4503 ium.
536 4451 614 4502 In.

335 4467 668 4602 "2&2:
735 4515 961 4602 χορδ-οιὶ-
999 4517 1211 4602 iugum;
1246 4517 1496 4602 “Eadem
1543 4595 1552 4602 -
1591 4518 1982 4602 similitudine

336 4591 524 4646 utitur
555 4588 827 4647 etiamin
857 4588 1212 4661 Epistolagadr
1241 4588 1719 4658 Philadelphenos,
1753 4590 1823 4644 de
1858 4591 1984 4661 epi-

336 4679 514 4734 scopo
555 4663 818 4734 ipsorum
876 4661 1051 4734 verba
1107 4660 1374 4734 faciens:
1435 4660 1984 4734 Xuijpponqi_1a‘iq

335 4727 595 4794 ἐντολαῖς.
619 4733 829 4806 Κυρίου
861 4733 950 4784 καὶ
979 4735 1097 4790 τοῖς
1129 4727 1510 4806 ᾃικαι-ώμασιν,
1663 4727 1865 4806 χορδαὶ
1911 4735 1981 4804 τῇ

334 4806 552 4890 κιθάρᾳ.
596 4801 788 4890 τβεεθ
838 4803 1172 4890 composuit
1212 4801 1310 4890 ad!
1342 4801 1886 4890 Christinma'ndata
1927 4801 1986 4859 et

329 4874 816 4952 justilicatione_s,
838 4883 905 4952 ut
935 4874 1099 4952 nervi
1131 4874 1478 4952 aptati_sunt
1507 4874 1749 4952 cithara
1769 4897 1830 4952 ,››.
1867 4875 1945 4928 In.

409 4954 519 5023 (21)
572 4945 967 5023 ,Συνδεὸεμένοιι
1037 4943 1187 5023 οὕτω
1267 4945 1349 5023 τῇ.
1414 4943 1788 5023 ὁμονοίᾳ
1845 4965 1984 5023 σρμ-

341 5014 515 5100 ww”:
558 5021 757 5100 ᾀ-Υάπῖλε
816 5014 882 5100 ἧς
941 5017 1080 5100 έῖῖιν
1139 5015 1388 5100 ἀρχηχὸς
1445 5014 1574 5100 luat.
1619 5014 1811 5100 φνιλμε.
1871 5014 1983 5086 ειη.

337 5087 523 5154 σοῦς’ὁ
557 5087 806 5167 Χριστός.
842 5087 1148 5164 Anglican.
1177 5087 1255 5167 ὲςὰ
1292 5091 1532 5167 Propter
1560 5087 1670 5144 hoc
1721 5088 1781 5167 i‘n
1834 5106 1982 5167 con-

335 5184 517 5223 sensu
547 5160 738 5222 vestro
771 5172 828 5220 et
861 5160 1121 5219 consona
1173 5160 1459 5215 charitate
1509 5161 1674 5214 Jesus
1720 5160 1984 5215 Christus

337 5241 570 5294 canitur
606 5264 650 5294 -.
686 5240 920 5293 Gracus
954 5240 1148 5289 textus
1177 5231 1422 5286 uberior
1453 5238 1580 5296 est;
1616 5230 1720 5286 sed
1766 5232 1984 5303 imper-

333 5311 485 5367 fecta
519 5318 718 5367 tamen
750 5310 810 5363 in
842 5324 910 5362 eo
942 5305 1161 5379 pendet
1187 5304 1506 5358 sententia.
1541 5304 1619 5357 ln.

403 5386 512 5451 (2’2)
608 5369 960 5461 llpoosoxﬁ,:
1023 5373 1335 5461 σύμφωνος,
1434 5381 1570 5461 διο..
1682 5369 1982 5461 ἐπιξεικνὺς

341 5445 582 5587 μοόφῇν.
605 5445 728 5535 ,Ριό
760 5445 913 5516 istis,
944 5450 1026 5529 in.
1051 5445 1388 5529 Anglicano
1432 5451 1635 5528 nostro
1688 5445 1936 5526 legimus
1968 5461 1980 5499 :

345 5545 366 5571 ι
453 5540 510 5578 ιιι
542 5530 720 5594 igitur
749 5539 868 5577 non
898 5525 1058 5594 venit
1077 5535 1139 5572 ιιι
1163 5517 1320 5594 idem
1344 5533 1592 5594 Sic,jaii_i
1618 5515 1902 5594 superbit,
1926 5522 1985 5594 et

335 5587 597 5666 seipsunvi
627 5592 1062 5666 condemnavit.
1095 5611 1122 5638 »ι
1153 5587 1322 5666 Quod
1341 5587 1538 5644 autem
1559 5587 1719 5666 inter
1737 5588 1985 5666 miniata

337 5657 445 5727 ιιιᾱ
471 5666 710 5742 legitur,
741 5661 794 5717 iv
823 5658 1007 5737 βουλῇ
1047 5662 1265 5724 θυσιῶν.
1319 5666 1379 5714 et
1426 5677 1462 5716 ιι
1502 5657 1731 5731 vulgato
1779 5659 1983 5716 Latino

3525 4389 3589 4421 Ου

2101 4369 2279 4432 situm
2313 4369 2641 4431 exsistimat
2667 4373 2941 4428 Nicolaus
2963 4369 3238 4427 vedelius
3261 4387 3388 4444 pro,
3409 4369 3460 4424 ἐν
3473 4369 3669 4497 Ιξουλῇ
3691 4371 3738 4434 θ’

2097 4447 2286 4514 ὁσίων,
2317 4451 2376 4502 in
2401 4446 2986 4514 consiliorsanctomm,
3017 4444 3274 4498 Joannes
3303 4459 3439 4514 vero
3521 4443 3738 4498 alesius

2095 4537 2223 4591 pro,
2251 4513 2305 4572 ἐν
2335 4515 2496 4591 πόλει
2527 4513 2664 4591 Θεοῦ
2695 4519 2938 4591 ζῶντως,
2969 4517 3030 4591 in
3069 4513 3441 4591 civitqte__Dei
3482 4514 3737 4570 viventis.

2095 4584 2512 4646 Contractione
2543 4589 2605 4640 θῦ
2637 4591 2794 4655 ζῶντ.
2828 4587 2986 4641 haud
3017 4588 3160 4641 satis
3190 4585 3263 4640 ab
3304 4584 3403 4640 illo
3435 4593 3734 4657 percepta,

2096 4663 2195 4734 qui
2228 4678 2347 4716 non
2395 4658 2859 4734 animadvertit,‘
2889 4674 2961 4734 ex
3019 4657 3228 4734 eodem
3286 4656 3734 4734 Apostoli_loco

2095 4728 2292 4804 (Hebr.
2327 4735 2425 4802 xu)
2447 4730 2623 4804 verba
2674 4728 3018 4804 istaqfuisse
3051 4729 3409 4804 _desu_mpt_a,
3469 4728 3627 4784 unde
3677 4733 3736 4804 et

2094 4796 2362 4876 proxime
2407 4796 2852 4876 subsequentia
2899 4817 2914 4876 ξ
2971 4798 3066 4876 Καὶ
3122 4796 3394 4876 ἐκκλησίᾳ
3452 4799 3737 4875 πρωτοτό-

2091 4868 2201 4929 κων
2244 4868 2742 4949 ἀπογεγραμμένων
2774 4869 2828 4949 tv
2860 4868 3089 4949 ούρανῷ.
3121 4873 3202 4926 In.

2166 4949 2277 5018 (23)
2309 4942 2398 5001 Ἐν
2428 4942 2620 5018 ’βουλῇ
2651 4945 2869 5018 θυσιῶν.
2891 4942 2970 5018 _In
3002 4948 3154 4998 coetu
3200 4943 3631 4998 sacrificiorum
3683 4947 3743 4997 et

2093 5016 2461 5105 precIum._ln
2496 5017 2857 5105 Sypaxibusu
2877 5016 3009 5069 Gor.

2165 5093 2271 5160 (24)
2367 5083 2738 5153 Σπουδάσατε,
2833 5083 3125 5160 ἀγαπητοὶ,

2094 5155 2393 5232 ἔπισκὸπῳ.
2424 5161 2730 5233 Anglican.
2760 5174 2774 5212 :
2831 5155 3187 5233 Festinemus
3213 5155 3392 5233 igitur
3426 5155 3556 5211 ’τιοη
3602 5158 3742 5212 resi-

2091 5240 2234 5289 stere
2261 5228 2554 5304 episcOpo';
2583 5238 2643 5284 ut
2685 5233 2852 5304 simus
2899 5231 3007 5283 Deo
3064 5228 3330 5304 subjecti:
3369 5234 3424 5282 et
3472 5235 3741 5304 quantum

2089 5307 2239 5360 videt
2269 5299 2390 5376 quis
2425 5299 2692 5376 tacentem
2738 5303 3066 5376 episcopum.
3121 5299 3265 5376 plus_
3301 5303 3480 5376 ipsum
3531 5302 3742 5376 timeat.

2093 5371 2385 5431 Antonius
2443 5375 2694 5437 Melissa,
2753 5371 2854 5426 lib.
2918 5388 2977 5434 ii,
3048 5387 3175 5440 cap.
3240 5371 3292 5435 3,
3353 5371 3560 5425 eodem
3621 5371 3745 5425 fere

2093 5447 2270 5502 modo
2304 5449 2500 5502 locum
2533 5447 2688 5500 hunc
2735 5443 2942 5515 lgnatii
2981 5441 3291 5515 producit;
3342 5441 3744 5515 omissisillis

2094 5519 2392 5586 omnibus,
2425 5534 2555 5588 qua
2605 5517 2668 5571 in
2715 5511 3376 5588 vulgatis‘editionibus
3429 5513 3744 5586 interiecta

2092 5591 2411 5646 cernimus.
2447 5591 2642 5644 Ussn.

3237 5083 3576 5159 ὑποταγῆναι
3661 5087 3742 5159 τῷ
