4080 6134
287 367 404 440 137

1044 366 1052 372 ”
1135 364 1546 435 EPISTOLE
1587 359 2192 431 IN'I‘ERPOLATE.
2236 397 2317 412 —
2360 361 2470 425 AD
2515 359 2918 424 EPHESIOI.

3587 358 3734 421 738:

290 503 758 589 νοιπαρηνόμουν
807 507 914 572 ἓως
972 506 1198 590 σφόδρα.
1253 505 1405 584 Δέγει
1458 502 1515 561 δὲ
1566 503 1657 560 καὶ
1689 501 1950 590 ὸΚύριος

2073 515 2157 555 me
2188 499 2372 569 audit,
2405 504 2465 555 et
2491 499 2593 570 qui
2625 514 2721 553 me
2762 496 2928 553 audit
2959 497 3216 564 Patrem,
3249 494 3350 565 qui
3383 491 3548 549 misit
3593 510 3711 549 me.

291 605 432 679 πρὸς
479 601 609 665 τούς
670 602 852 675 ἱερεῖς·
912 599 972 652 '0
1020 589 1188 672 7695”)
1247 595 1482 667 ἀκούων,
1541 593 1678 666 ἐμοῦ
1743 589 1954 646 ἀκούειο

297 692 391 748 καὶ
449 691 477 746 6
536 689 674 764 ἐμοῦ
739 687 974 756 ἀκούων,
1058 685 1244 742 ἀκούει
1317 688 1412 740 δοῦ
1495 679 1811 755 πέμψαντός
1889 699 1957 751 με

233 811 235 813 ί
305 781 538 857 Πατρός·
589 781 617 835 6
672 779 810 852 ὑμᾶς
860 777 1089 843 ἀθετῶν,
1147 773 1244 847 ἔμε
1292 775 1488 828 ἀθετεῖο
1522 772 1551 826 6
1583 768 1641 826 δὲ
1689 769 1787 843 ἐμὲ
1835 768 1956 832 ἆθε·

294 874 430 941 τῶν,
463 870 644 925 ἀθεσεῖ
679 868 772 922 τὸν
802 866 1094 940 πέμψαντά
1127 885 1214 938 με.

369 962 440 1018 VI
496 961 652 1031 Ὀσῳ
701 957 795 1011 οῦν
853 954 1085 1030 βλέπετε
1142 957 1435 1009 σιωπῶντα
1489 951 1582 1006 τὸν
1639 947 1952 1018 ἐπίσκοπον,

299 1046 494 1103 πλεῖον
525 1047 691 1102 αὐτὸν
723 1039 995 1124 φοϐεῖσθε·
1029 1042 1196 1098 πάντα
1218 1043 1322 1118 γὰρ
1348 1041 1404 1096 ὅν
1428 1043 1634 1114 πέμπει
1656 1041 1685 1094 6
1711 1033 1955 1093 οἰκοδεσ-

299 1135 473 1206 πότης
507 1135 583 1197 εἰς
616 1132 757 1189 ἰδίαν
792 1133 1132 1205 οἰκονομίαν,
1167 1132 1342 1192 οὕτως
1384 1131 1547 1185 αὐτὸν
1606 1125 1688 1184 δεῖ
1726 1129 1873 1199 ἡμᾶς
1908 1126 1958 1164 ²⁴

301 1223 577 1300 δέχεσθαι,
611 1224 688 1287 ὥς
715 1223 877 1277 αὐτὸν
904 1221 996 1276 τὸν
1025 1222 1333 1295 πέμψαντα·
1365 1219 1456 1274 τὸν
1491 1219 1583 1272 οὗν
1635 1215 1953 1285 ἐπίσκοπον,

301 1311 474 1383 δῆλον
508 1310 592 1367 ὅτι
625 1312 700 1374 ὡς
730 1311 890 1366 αὐτὸν
924 1311 1014 1366 τὸν
1053 1311 1252 1385 Κύριον
1311 1306 1392 1363 δεῖ
1439 1301 1831 1384 προσϐλέπειν,
1876 1309 1956 1375 τῷ

303 1401 492 1477 Κυρίῳ
548 1405 868 1476 παρεστῶτα
925 1402 1061 1472 (25).
1121 1399 1405 1472 Ὁρατικὸν
1493 1396 1551 1451 δὲ
1635 1392 1800 1470 ἄνδρα
1864 1394 1955 1448 καὶ

303 1492 424 1565 ὀξὺν
491 1497 608 1552 τοῖς
663 1489 870 1565 ἔργοις,
931 1488 1214 1564 βασιλεῦσι
1303 1485 1386 1542 δεῖ
1449 1484 1798 1560 παρεστάναι,
1861 1485 1954 1537 καὶ

308 1583 384 1655 μὴ
447 1580 770 1656 παρεστάναι
828 1579 1136 1653 ἀνθρώποις
1193 1579 1443 1650 νωθροῖς.
1527 1575 1696 1635 Αὐτὸς
1774 1571 1953 1646 μέντοι

296 1672 604 1744 Ὀνήσιμος
662 1669 1010 1742 ὑπερεπαινεῖ
1057 1667 1210 1740 ὑμῶν
1263 1666 1362 1734 τὴν
1413 1663 1464 1718 ἐν
1511 1667 1630 1735 Θεῷ
1688 1661 1952 1732 εὐταξίαν,

301 1761 385 1816 ὅτι
414 1759 608 1820 πάντες
634 1758 768 1813 κατὰ
796 1755 1060 1828 ἀλήθειαν
1095 1759 1242 1825 ζῆτε,
1277 1754 1368 1808 καὶ
1399 1752 1482 1808 ὅτι
1515 1751 1567 1807 ἐν
1617 1751 1746 1824 ὑμῖν
1799 1747 1957 1806 οὐδε-

2063 589 2292 654 Quivos
2317 589 2564 660 spernit,
2588 604 2682 642 me
2705 585 2968 658 spernit:
2995 585 3095 654 qui
3128 590 3326 640 autem
3348 600 3438 639 me
3462 584 3710 655 spernit,

2063 678 2290 749 spernit
2319 694 2456 733 eum
2488 677 2589 749 qui
2620 677 2784 732 misit
2817 692 2910 730 me
2939 675 2985 710 ³³
3019 696 3068 728 ››.

2140 943 2224 998 VI.
2248 942 2480 1007 Quanto
2511 942 2710 1014 itaque
2733 940 3180 996 taciturniorem
3205 939 3468 996 videritis
3493 940 3711 1012 episco-

2059 1048 2224 1102 pum,
2255 1038 2420 1086 tanto
2453 1031 2638 1103 magis
2664 1047 2800 1086 eum
2832 1029 3224 1084 revereamini
3288 1030 3712 1099 Quemcunque

2060 1121 2220 1175 enim
2253 1121 2681 1192 paterfamilias
2712 1120 2895 1174 mittit
2924 1119 2998 1174 ad
3029 1119 3476 1190 gubernandam
3539 1119 3711 1173 fami-

2061 1209 2204 1264 liam
2235 1226 2423 1270 suam,
2458 1211 2617 1264 hunc
2650 1209 2731 1263 ita
2761 1209 3029 1279 accipere
3071 1207 3378 1273 debemus,
3431 1213 3498 1262 ut
3544 1208 3714 1262 illum

2059 1297 2256 1369 ipsum
2287 1299 2386 1369 qui
2423 1299 2601 1354 misit.
2632 1299 2986 1370 Episcopum
3018 1298 3198 1368 igitur
3221 1298 3596 1352 manifestum
3624 1304 3715 1353 est

2061 1389 2220 1457 quod
2249 1389 2514 1460 aspicere
2546 1393 2816 1460 oporteat
2845 1393 2910 1442 ut
2941 1387 3135 1458 ipsum
3185 1387 3522 1451 Dominum,
3576 1404 3713 1443 cum

2060 1479 2308 1534 Domino
2342 1481 2612 1536 assistat:
2646 1480 3025 1534 Pervidentem
3047 1483 3245 1532 autem
3266 1481 3446 1534 virum
3494 1486 3543 1533 et
3577 1496 3710 1549 ope-

2060 1569 2210 1623 ribus
2249 1576 2471 1624 acutum
2513 1575 2731 1638 Oportet
2781 1569 2999 1636 regibus
3047 1570 3316 1630 assistere,
3368 1575 3418 1623 et
3462 1586 3572 1624 non
3621 1587 3710 1625 as-

2059 1665 2248 1717 sistere
2275 1661 2584 1715 hominibus
2599 1658 2915 1712 socordibus
2931 1657 2994 1710 ’⁸.
3029 1659 3098 1710 Et
3126 1657 3253 1727 ipse
3286 1658 3526 1728 quidem
3558 1661 3715 1714 One-

2059 1751 2246 1805 simus
2261 1765 2438 1819 supra
2453 1748 2692 1802 modum
2713 1745 2912 1800 laudat
2924 1750 3182 1800 vestrum
3202 1746 3262 1799 in
3279 1747 3394 1800 Deo
3409 1747 3714 1817 pulchrum

307 1849 407 1922 μία
435 1849 642 1922 αἳρεσις
674 1850 944 1901 κατοικεῖ’
977 1843 1104 1899 ἀλλ’
1134 1841 1261 1898 οὐδὲ
1310 1840 1530 1896 ἀκούετέ
1574 1861 1754 1906 τινος,
1778 1836 1816 1908 ἤ
1850 1837 1950 1911 μό-

2073 1837 2523 1906 ordinem,quod
2550 1851 2756 1890 omnes
2769 1835 3095 1890 secundum
3117 1835 3424 1889 veritatem
3439 1835 3716 1905 vivitis,et

302 1957 397 1992 νου
429 1938 612 2006 Ἰησοῦ
642 1938 910 2009 Χριστοῦ,
939 1937 1038 1987 τοῦ
1066 1929 1334 2001 ἀληθινοῦ
1363 1928 1623 2002 ποιμένος
1663 1927 1753 1983 καὶ
1798 1925 1952 1982 διδα-

300 2021 507 2080 σκάλου
538 2024 652 2098 (26)
707 2022 800 2076 καί
826 2020 966 2090 ἐστε,
1018 2021 1093 2082 ὡς
1145 2023 1363 2080 Παῦλος
1422 2018 1550 2090 ὑμῖν
1597 2013 1849 2093 ἔγραφεν,
1899 2009 1952 2070 ἕν

302 2117 484 2186 σῶμα,
527 2112 615 2166 καὶ
675 2105 728 2166 ἕν
786 2114 1020 2183 πνεῦμα,
1088 2106 1177 2164 διὰ
1234 2109 1294 2163 τὸ
1351 2107 1441 2162 καὶ
1499 2107 1552 2162 ἐν
1613 2111 1712 2179 μιᾷ
1768 2101 1970 2160 ἐλπίδι.

298 2203 600 2272 κεκλῆσθαι
662 2207 764 2270 τῆς
823 2200 1081 2261 πίστεως.
1144 2197 1395 2271 Ἐπείπερ
1434 2196 1525 2252 καὶ
1579 2197 1658 2258 εἷς
1733 2194 1955 2269 Κύριος,

307 2291 406 2366 μία
471 2291 678 2359 πίστις,
748 2287 802 2344 ἔν
867 2288 1170 2364 βάπτισμα,
1240 2288 1322 2350 εἷς
1412 2286 1542 2348 Θεὸς
1617 2285 1708 2340 καὶ
1770 2285 1958 2358 Πατὴρ

306 2383 546 2451 πάντων,
607 2382 635 2436 6
694 2379 784 2436 ἐπὶ
843 2380 1078 2447 πάντων,
1138 2378 1228 2432 καὶ
1287 2375 1376 2432 διὰ
1457 2377 1698 2444 πάντων,
1755 2374 1846 2429 καὶ
1904 2373 1957 2428 ἰν

307 2478 490 2529 πᾶσιν.
521 2471 706 2545 Ὑμεῖς
771 2470 866 2544 μὲν
927 2465 1019 2524 οῦν
1071 2466 1190 2523 ἐστε
1244 2470 1509 2535 τοιοῦτοι,
1571 2466 1674 2521 ὑπὸ
1730 2461 1962 2519 τοιῶνδε

2066 1926 2226 1999 quod
2261 1927 2417 1980 inter
2445 1942 2546 1979 vos
2577 1925 2778 1979 nullus
2812 1930 2902 1978 est
2921 1924 3130 1979 haaresi
3155 1924 3320 1979 locus
3338 1940 3350 1990 ;
3371 1924 3475 1980 sed
3492 1942 3599 1981 nec
3617 1942 3713 1982 au-

2060 2016 2199 2070 ditis
2232 2015 2516 2086 aliquem,
2545 2014 2657 2069 nisi
2692 2013 2884 2068 solum
2925 2014 3124 2069 Jesum
3155 2014 3473 2079 Christum,
3507 2032 3710 2072 verum

2060 2109 2362 2177 pastorem
2393 2108 2452 2158 et
2481 2103 2828 2174 magistrum
2855 2119 2868 2168 ;
2902 2107 3079 2173 atque
3112 2103 3273 2168 estis,
3308 2108 3371 2156 ut
3392 2103 3606 2158 Paulus
3637 2105 3712 2159 ad

2061 2211 2162 2249 vos
2194 2191 2454 2262 scripsit,
2505 2208 2676 2245 unum
2727 2208 2941 2260 corpus,
2994 2197 3046 2244 et
3090 2207 3232 2245 unus
3277 2191 3527 2260 spiritus,
3577 2210 3716 2263 pro-

2064 2289 2270 2355 pterea
2300 2279 2457 2352 quod
2490 2282 2672 2335 vocati
2702 2282 2828 2335 estis
2850 2282 2907 2332 in
2928 2295 3040 2332 una
3056 2295 3151 2348 spe
3168 2281 3318 2346 ﬁdei.
3344 2280 3718 2351 Quandoqui-

2064 2373 2200 2428 dem
2232 2377 2290 2426 et
2319 2386 2461 2425 unus
2507 2369 2788 2435 Dominus,
2839 2385 2955 2423 una
2989 2369 3142 2437 ﬁdes,
3197 2385 3368 2423 unum
3419 2371 3714 2440 baptisma,

2063 2477 2203 2517 unus
2235 2461 2371 2515 Deus
2401 2466 2453 2513 et
2483 2461 2651 2514 Pater
2679 2461 2942 2526 omnium,
2978 2460 3077 2527 qui
3129 2465 3206 2513 est
3253 2475 3418 2529 super
3453 2477 3638 2516 omnes
3666 2469 3717 2517 et

308 2558 617 2616 παιδευτῶν
650 2556 1110 2632 ποιχειωθέντες,
1169 2553 1391 2611 Παύλου
1437 2555 1534 2610 τοῦ
1578 2549 1959 2631 Χριστοφόρου

2073 2566 2161 2619 per
2192 2548 2396 2616 omnia,
2429 2553 2478 2601 et
2503 2547 2564 2601 in
2597 2548 2843 2601 omnibus
2874 2545 2937 2602 ²⁶.
2973 2549 3084 2600 Vos
3115 2547 3315 2618 itaque
3361 2550 3503 2603 estis
3554 2551 3716 2621 ejus-

308 2650 399 2704 καὶ
430 2649 702 2723 Τιμοθὶου
730 2649 827 2701 τοῦ
856 2645 1208 2704 πιστοτάτου.

395 2882 510 2936 VII.
544 2879 695 2942 Τινὶς
727 2876 785 2935 δὶ
811 2877 1146 2954 φαυλότατοι
1179 2879 1398 2935 εἰώθασι
1442 2877 1595 2952 δὸλῳ
1642 2885 1872 2954 πονηρῷ
1900 2881 1964 2935 τὸ

320 2969 490 3040 δ’νομα
519 2970 848 3046 περιφέρειν,
891 2967 1036 3023 ἀλλά
1066 2989 1186 3024 τινα
1215 2971 1545 3044 πράσσοντες
1578 2969 1757 3038 ἀνάξια
1806 2974 1963 3039 Θεοῦ,

316 3060 405 3114 καί
445 3064 770 3138 φρονοῦντες
801 3057 1009 3114 ἐναντία
1038 3063 1251 3124 τῆςτοῦ
1301 3063 1542 3134 Χριστοῦ
1590 3057 1964 3127 διδασκαλίας,

313 3149 398 3204 ἐπ’
430 3146 644 3222 ἀλέθρῳ
674 3149 876 3203 ἑαυτῶν
905 3149 998 3204 καὶ
1030 3153 1136 3203 τῶν
1165 3149 1500 3222 πειθομένων
1531 3149 1737 3212 αὐτοῖς·
1773 3148 1864 3212 οὕς
1886 3146 1968 3203 δεῖ

2067 2638 2250 2704 modi,
2303 2654 2338 2692 a
2389 2636 2608 2692 talibus
2649 2635 3106 2691 instructoribus
3155 2637 3393 2705 eruditi,
3448 2656 3484 2694 a
3532 2641 3714 2695 Paulo

2068 2725 2413 2783 Christifero
2441 2731 2500 2780 et
2531 2725 2881 2780 fidelissimo
2911 2725 3238 2780 Timotheo.

2141 2818 2261 2872 VII.
2294 2815 2578 2873 Nonnulli
2611 2820 2809 2870 autem
2841 2815 3268 2886 improbissimi
3315 2817 3514 2872 solont
3565 2818 3718 2873 malo

2070 2906 2208 2962 dolo
2240 2921 2458 2960 nomen
2501 2905 2920 2970 circumferre;
2954 2905 3056 2959 sed
3086 2910 3322 2975 patrant
3339 2907 3609 2977 quaedam
3631 2907 3720 2962 in-

2072 2997 2251 3069 digna
2282 2996 2420 3059 Deo,
2457 3001 2515 3048 et
2541 2994 2806 3049 sentiunt
2832 3010 2900 3048 ea
2931 3011 3061 3064 qua)
3110 3002 3377 3066 pugnant
3427 3013 3560 3051 cum
3620 2997 3720 3052 Dei

2073 3085 2363 3152 doctrina,
2396 3084 2458 3138 in
2497 3084 2741 3138 exitium
2775 3084 3085 3155 proprium
3115 3100 3437 3155 eorumque
3469 3086 3568 3155 qui
3601 3086 3722 3142 illis

2075 3174 2354 3239 credunt;
2384 3189 2532 3243 quos
2563 3177 2798 3244 oportet
2825 3189 2946 3239 vos,
2969 3179 3035 3227 ut
3062 3173 3238 3240 feras,
3268 3174 3505 3229 evitare.
3533 3177 3720 3232 Justus

312 3238 475 3312 ὑμᾶς,
537 3237 615 3299 ὡς
673 3236 837 3311 θηρία
891 3235 1178 3295 ἐκκλίνειν.
1241 3237 1460 3299 Είκαιος
1528 3239 1634 3314 γὰρ
1689 3235 1959 3301 ἐκκλίνας,

2076 3264 2238 3319 enim
2269 3262 2571 3326 destinam,
2602 3263 2853 3317 satvatur
2877 3265 2941 3316 in
2970 3263 3264 3318 saeculum:
3303 3263 3497 3332 facitis
3539 3272 3723 3321 autem

311 3329 544 3398 σώζεται
601 3326 680 3389 εἰς
742 3326 835 3381 τὸν
893 3327 1066 3381 αἰῶνα
1127 3326 1445 3403 ’πρόχειρος
1498 3324 1556 3383 δὲ
1608 3327 1812 3403 γίνεται
1869 3326 1958 3382 καὶ

310 3413 610 3490 ἐπίχαρτος
657 3409 864 3469 ἀσεϐῶν
924 3414 1194 3471 ἀπώλεια.
1255 3415 1372 3472 Εἰσὶ
1434 3416 1539 3491 γὰρ
1597 3417 1753 3478 κύνες
1802 3413 1960 3484 ἐνεοὶ,

315 3503 376 3560 οὗ
437 3501 723 3577 δυνάμενοι
804 3502 1072 3573 ὑλακτεῖν,
1155 3503 1485 3577 λυσσῶντες,
1573 3501 1960 3580 λαθρόδηκτοι,

314 3591 406 3655 οῦς
460 3592 826 3657 φυλάσσεσθαι
870 3594 1008 3670 χρήο
1061 3591 1248 3648 ἀνίατα
1285 3595 1386 3668 γὰρ
1429 3599 1698 3652 νοσοῦσιν.
1759 3596 1964 3670 Ἰατρὸς

315 3679 370 3736 δὲ
399 3683 560 3755 ἡμῶν
592 3679 734 3736 ἐστιν
769 3683 796 3736 6
828 3682 995 3754 μόνος
1026 3685 1140 3755 (27)
1169 3681 1433 3752 ἀληθινὸν
1467 3683 1619 3752 Θεὸς,
1655 3685 1683 3738 6
1725 3682 1960 3760 ἀγεννηο

310 3791 406 3845 γος
435 3770 527 3825 καὶ
557 3771 878 3846 ἀπρόσιτος,
910 3772 937 3825 6
975 3777 1083 3826 τῶν
1108 3770 1254 3827 ’ὸλων
1288 3771 1506 3846 Κύριος,
1536 3776 1634 3827 τοῦ
1687 3770 1744 3827 δὲ
1782 3779 1960 3828 Μονο-

313 3864 505 3934 γενοῦς
538 3862 722 3932 Πατὴρ
755 3859 843 3914 καὶ
869 3863 1171 3935 γεννήτωρ.
1222 3863 1466 3936 Ἕχομεν
1512 3862 1695 3936 ἱατρὸν
1732 3861 1820 3916 καὶ
1867 3863 1959 3916 τὸν

317 3949 516 4022 Κύριον
571 3950 733 4022 ἡμῶν
794 3948 924 4003 Θεὸν
982 3950 1191 4019 Ἰησοῦν
1246 3949 1338 4003 τὸν
1393 3949 1649 4023 Χριστὸν,
1708 3951 1799 4005 τὸν
1856 3951 1961 4022 πρὸ

314 4037 530 4094 αἰώνων
561 4039 688 4094 Υἱὸν
747 4045 1008 4113 μονογενῆ
1067 4040 1157 4094 καὶ
1221 4038 1417 4115 Λόγον,
1477 4041 1697 4115 ὕστερον
1758 4037 1816 4095 δὶ
1872 4041 1962 4096 καὶ

312 4126 601 4202 ἄνθρωπον
639 4128 700 4184 ἐκ
739 4129 957 4204 Μαρίας
1013 4137 1116 4199 τῆς
1164 4131 1461 4206 Παρθένου.
1516 4132 1578 4188 Ὀ
1625 4132 1804 4208 Λόγος
1859 4133 1962 4208 γὰρ

313 4218 443 4289 σὰρξ
475 4219 713 4293 ἐγένετοο
761 4220 789 4274 6
836 4219 1129 4290 ἀσώματος
1183 4217 1235 4273 ἓν
1283 4221 1521 4292 σώματι,
1571 4221 1599 4276 6
1649 4221 1860 4291 ἀπαθὴς
1910 4221 1963 4276 ἐν

313 4308 546 4379 παθητῷ
577 4307 816 4381 σώματι,
850 4309 877 4362 6
908 4305 1176 4372 ἀθάνατος
1206 4306 1258 4362 ἐν
1293 4313 1476 4381 θνητῷ
1501 4309 1736 4382 σώματι,
1780 4312 1814 4379 ἡ
1851 4312 1963 4380 ζωὴ

311 4394 367 4449 ἐν
398 4397 594 4474 φθορᾷ,
630 4396 778 4458 ὅπως
811 4397 1044 4459 θανάτου
1092 4397 1182 4451 καὶ
1233 4399 1437 4473 φθορᾶς
1488 4396 1828 4473 ἐλευθερώσῃ
1877 4399 1966 4454 καὶ

315 4483 575 4558 ἰατρεύσῃ
607 4485 702 4547 τὰς
734 4486 917 4560 ψυχὰς
947 4487 1132 4558 ἡμῶν,
1182 4486 1274 4541 καὶ
1326 4486 1541 4556 ἰάσηται
1591 4486 1753 4550 αὐτὰς
1799 4508 1970 4559 νοση-

313 4573 594 4638 λευθείσας
623 4575 676 4630 ἰν
717 4573 936 4650 ἀσεϐείᾳ
963 4577 1053 4632 καὶ
1085 4583 1351 4650 πονηραῖς
1379 4577 1712 4653 ἐπιθυμίαις.

386 4685 527 4739 VIII.
561 4683 654 4752 Μὴ
701 4683 792 4738 οὗν
841 4704 924 4746 τις
973 4685 1114 4758 ὑμᾶς
1169 4683 1506 4754 ἐξαπατάτω,
1551 4683 1731 4760 ὥσπερ
1764 4689 1810 4724 ³ο
1839 4684 1964 4741 οὐδὲ

2071 3353 2135 3422 ﬁt
2177 3359 2228 3408 et
2274 3353 2558 3424 jucundus
2612 3351 2915 3422 impiorum
2961 3351 3218 3408 interitus
3266 3353 3332 3408 ⁸⁷.
3373 3354 3514 3410 Sunt
3563 3355 3724 3409 enim

2072 3458 2231 3498 canes
2272 3443 2436 3506 muti,
2483 3457 2596 3495 non
2641 3441 2879 3496 valentes
2934 3441 3141 3496 latrare
3192 3441 3258 3512 ³⁸,
3303 3442 3516 3512 rabidi,
3574 3444 3727 3499 clam

2072 3531 2417 3587 mordentes
2441 3545 2456 3597 ;
2488 3547 2635 3601 quos
2657 3530 2839 3584 vitare
2863 3535 3096 3601 oportet
3120 3549 3132 3585 :
3156 3531 3431 3586 laborant
3451 3534 3608 3588 enim
3635 3535 3724 3589 in-

2071 3619 2319 3676 curabili
2347 3619 2583 3675 morbo.
2613 3619 2870 3674 Medicus
2911 3625 3110 3674 autem
3166 3626 3372 3676 noster
3418 3629 3510 3676 est
3561 3622 3722 3678 solus

2071 3726 2242 3765 verus
2274 3711 2449 3772 Deus,
2482 3708 2780 3780 ingenitus
2812 3715 2871 3764 et
2900 3708 3236 3764 inaccessus
3263 3726 3276 3776 ;
3310 3711 3718 3766 universorum

2071 3798 2380 3861 Dominus,
2414 3797 2707 3868 unigeniti
2739 3803 2937 3852 autem
2971 3799 3143 3853 Pater
3163 3813 3230 3851 ac
3260 3799 3510 3869 genitor.
3537 3801 3727 3857 Habe-

2071 3903 2203 3942 mus
2235 3885 2415 3941 etiam
2448 3884 2744 3940 medicum
2773 3886 3089 3940 Dominum
3121 3892 3389 3940 nostrum
3424 3889 3607 3944 Deum
3630 3891 3723 3945 Je-

2073 3992 2204 4031 sum
2239 3974 2558 4040 Christum,
2591 3979 2726 4028 ante
2759 3975 2975 4029 saecula
3004 3973 3221 4029 Filium
3263 3977 3635 4048 unigenitum
3669 3985 3728 4034 et

2074 4066 2327 4121 Verbum
2351 4082 2364 4132 ;
2390 4070 2596 4135 postea
2615 4081 2749 4119 vero
2764 4071 2824 4120 et
2844 4066 3152 4121 hominem
3169 4083 3237 4121 ex
3261 4069 3440 4123 Maria
3466 4069 3723 4142 Virgine.

2081 4157 2317 4211 Verbum
2349 4153 2508 4208 enim
2549 4171 2676 4209 caro
2727 4157 2938 4222 factum
2986 4161 3062 4209 est
3091 4154 3180 4220 ’9;
3230 4156 3613 4228 incorporeus
3662 4159 3724 4215 in

2075 4259 2341 4315 corpore,
2377 4243 2760 4313 impassibilis
2792 4242 2853 4296 in
2892 4260 3138 4314 corpore
3165 4244 3452 4315 passibili,
3477 4247 3728 4304 immor-

2078 4332 2212 4387 talis
2243 4332 2304 4385 in
2337 4347 2582 4401 corpore
2613 4331 2871 4399 mortali,
2904 4332 3022 4386 vita
3052 4331 3112 4387 in
3142 4335 3546 4405 corruptione,
3597 4342 3662 4391 ut
3691 4353 3726 4394 a

2077 4427 2267 4479 morte
2299 4427 2359 4477 et
2386 4423 2765 4492 corruptione
2797 4421 3078 4478 liberaret
3111 4428 3169 4478 et
3217 4431 3452 4481 curaret
3491 4427 3722 4483 animas

2077 4517 2331 4579 nostras,
2367 4516 2426 4565 et
2456 4516 2698 4565 sanaret
2717 4527 2836 4578 eas,
2862 4511 3166 4582 impietate
3188 4513 3477 4585 malisque
3506 4531 3722 4571 concu-

1998 4603 2042 4667 D
2073 4600 2380 4674 piscentiis
2411 4604 2682 4672 aegrotas.

2151 4688 2295 4757 Vill,
2329 4689 2408 4742 Ne
2441 4687 2574 4757 quis
2603 4688 2782 4759 igitur
2811 4705 2909 4743 vos
2941 4688 3203 4759 seducat,
3235 4691 3389 4746 sicut
3409 4709 3518 4747 nec
3547 4692 3722 4749 sedu-

384 4841 432 4878 ⁸³
462 4842 596 4922 huc.
629 4861 685 4910 ι,
721 4845 806 4902 16.
834 4919 843 4922 _
868 4845 930 4922 _“
960 4845 1037 4922 al.
1075 4845 1239 4922 (Suis,
1312 4846 1360 4881 ⁸⁵
1385 4846 1553 4903 Prov.
1575 4864 1715 4920 nn,
1746 4852 1836 4906 29.
1916 4850 1959 4885 ⁸⁸

2077 4847 2200 4904 hes.
2236 4864 2307 4914 1v,
2339 4849 2393 4914 4,
2427 4849 2481 4918 5,
2513 4850 2566 4902 ϐ.
2642 4845 2688 4882 ³7
2720 4847 2885 4904 Prov.
2915 4864 2975 4917 ι,
3007 4851 3114 4917 25;
3148 4865 3230 4917 xx,
3263 4851 3315 4905 3.
3395 4850 3440 4885 ²⁸
3469 4852 3580 4907 Isa.
3606 4867 3717 4922 va,

313 4917 401 4970 40.
479 4915 527 4950 ²⁹
552 4915 718 4972 Joan.
752 4933 790 4987 ι,
824 4919 910 4974 14.
986 4916 1034 4952 ³⁰
1063 4914 1176 4974 ms.
1208 4914 1362 4992 ὅπερ.

384 5074 497 5138 (25)
563 5070 664 5125 Τὸν
719 5070 810 5142 οὗν
869 5070 1186 5142 ἐπίσκοπον,
1269 5069 1441 5142 δῆλον
1501 5074 1584 5128 ὅτι
1665 5075 1738 5135 ὡς
1803 5075 1965 5130 αὐτὸν

309 5139 411 5218 τὸνΔ
471 5142 674 5215 Κύριον
739 5139 823 5218 δεῖ
903 5139 1334 5218 προσϐλέπεινμ
1391 5149 1472 5216 τῷ
1565 5146 1746 5217 Κυρίῳ
1805 5166 1966 5218 παρε-

313 5215 512 5286 στῶτα.
545 5217 860 5286 Antonius,
896 5215 961 5274 in
990 5217 1118 5273 loco
1170 5219 1368 5286 citato,
1419 5215 1655 5286 brevius
1684 5215 1839 5274 ίΤὸν
1871 5215 1963 5272 οῦν

311 5281 626 5362 intonare}
648 5285 735 5362 6’);
752 5287 922 5362 ⁸αὐτὸν
953 5288 1044 5342 τὸν
1069 5285 1264 5362 Κύριον
1286 5281 1367 5342 δεῖ
1386 5283 1716 5362 προόλέπειν
1765 5293 1960 5362 Ussza.

381 5359 497 5429 (26)
563 5357 674 5412 Τοῦ
741 5357 1008 5428 ἀληθινοῦ
1073 5357 1334 5429 ποίμένος
1427 5357 1513 5414 καὶ
1607 5357 1960 5417 διδασκάλου.

310 5427 615 5501 Anglican.
651 5427 956 5501 loquentem
988 5432 1048 5486 in
1077 5427 1328 5501 veritate.
1367 5434 1444 5488 1ο.

381 5497 494 5570 (27)
525 5497 732 5578 Ἰατρὸς
771 5497 824 5578 ξε
1071 5499 1214 5556 ἐστιν
1263 5503 1291 5557 6
1321 5504 1530 5578 μόνος,
1584 5511 1721 5573 etc.,
1773 5523 1963 5578 usque

310 5568 407 5636 ad,
452 5568 1108 5647 πονηραῖςᾷἰπιθυμίαις.
1157 5580 1268 5631 Pro
1318 5568 1470 5646 istis,
1517 5568 1721 5633 noster
1773 5568 1965 5634 inter-

311 5656 446 5712 pres
476 5647 708 5701 tantum
740 5645 955 5702 habet:
989 5669 1016 5697 «
1053 5645 1213 5703 Unus
1241 5647 1508 5705 medicus
1547 5653 1656 5712 est,
1709 5648 1964 5704 carnalis

2075 5081 2134 5131 et
2163 5075 2512 5147 spiritualis,
2544 5077 2777 5142 genitus
2807 5080 2866 5132 et
2895 5075 3215 5147 ingenitus.
3250 5075 3310 5130 in
3334 5091 3511 5130 carne
3532 5075 3723 5133 factus

2074 5146 2247 5212 Deus,
2283 5147 2343 5202 in
2376 5147 2610 5201 mortali
2643 5147 2744 5212 (ita
2774 5148 2932 5200 enim
2967 5146 3300 5216 legendum)
3332 5147 3448 5202 vita
3478 5164 3629 5208 vera.
3665 5155 3726 5204 et

2074 5237 2146 5275 ex
2180 5218 2356 5274 Maria
2386 5223 2444 5273 et
2476 5234 2545 5272 ex
2578 5219 2716 5286 Deo,
2750 5219 2941 5342 primo
2973 5216 3297 5288 passibilis,
3332 5224 3389 5271 et
3418 5223 3560 5273 tunc
3610 5220 3720 5274 im-

2074 5289 2689 5342 nassibilis.Dominus
2710 5289 2750 5342 C
2801 5289 2978 5342 ristus
3004 5293 3224 5342 noster.
3258 5311 3287 5339 »
3314 5289 3578 5342 Reliouis
3596 5307 3720 5342 om-

2073 5289 2689 5362 passibilis,Dominus
2710 5289 2978 5344 Christus
2995 5293 3224 5362 noster.
3258 5311 3287 5339 »
3314 5289 3578 5362 Reliquis
3596 5307 3722 5346 om-

2073 5360 2250 5417 nibus
2283 5361 2734 5432 prmtermissis;
2767 5377 2898 5430 qum
2929 5360 3106 5432 etiam
3159 5360 3231 5432 ab
3281 5361 3724 5431 exemplaribus

2073 5431 2299 5503 quibus
2321 5433 2463 5488 olim
2495 5432 2586 5486 usi
2619 5431 2862 5488 fuerunt
2890 5431 3268 5500 Athanasius,
3318 5433 3720 5492 Theodoretus

2074 5511 2133 5561 et
2163 5503 2449 5572 Gelasius,
2483 5503 2761 5571 abfuisse,
2794 5503 2856 5557 in
2887 5503 3262 5573 Prolego-men.
3297 5519 3425 5578 cap.
3458 5507 3488 5558 3
3519 5505 3723 5564 decla-

2074 5576 2350 5629 ravimus.
2384 5576 2464 5629 ID.

2072 5591 2350 5633 ravnmus.
2385 5591 2464 5631 ID.
