4080 6134
371 293 486 352 757

521 559 850 654 ΠΡΟΣ
1011 560 1862 664 ΜΑΓΝΗΣΙΟΥΣ.

375 713 662 788 Ἰγνάτιος,
723 715 750 766 ὁ
807 714 896 768 καὶ
954 714 1229 791 Θεοφάρος
1287 719 1397 785 (l2)
1444 719 1513 790 τῇ
1569 711 1916 789 εὐλογημένη
1977 714 2028 769 ἐν

452 803 639 878 χάριτι
672 806 807 857 Θεοῦ
868 805 1100 876 Πατρὸς,
1130 803 1183 859 ἐν
1216 803 1435 878 Χριστῷ
1495 807 1674 872 Ἰησοῦ
1730 808 1808 876 τῷ
1843 810 2030 873 Σωτῆ-

451 912 525 965 ρι,
553 889 606 946 ἐν
639 892 684 963 ᾧ
716 890 1030 966 ἀσπάζομαι
1089 894 1188 961 τήν
1232 891 1565 964 Ἐκκλησίαν
1620 896 1718 964 τήν
1782 893 1939 948 οὖσαν
1973 892 2027 948 ἐν

449 981 732 1055 Μαγνησίᾳ
784 984 852 1054 τῇ
912 981 1049 1056 πρὸς
1107 981 1398 1058 Μαιάνδρῳ
1431 1027 1445 1052 ,
1532 983 1623 1038 καὶ
1690 983 1928 1057 εὔχομαι
1979 983 2030 1038 ἐν

451 1073 566 1140 Θεῷ
598 1069 792 1142 Πατρὶ,
831 1069 922 1124 καὶ
972 1073 1193 1145 Χριστῷ
1251 1073 1432 1141 Ἰησοῦ
1490 1075 1569 1144 τῷ
1624 1072 1813 1146 Κυρίῳ
1844 1075 2027 1146 ἡμῶν·

446 1157 498 1213 ἐν
527 1159 572 1230 ᾧ
603 1164 836 1213 πλεῖστα
868 1160 1082 1234 χαίρειν
1116 1160 1254 1232 ὑμᾶς
1287 1158 1396 1231 εἵη.

447 1301 490 1354 Ι.
524 1296 694 1357 Γνοὺς
725 1295 878 1368 ὑμῶν
901 1297 964 1352 τὸ
996 1296 1400 1353 πολυεύτακτον
1433 1305 1534 1367 τῆς
1564 1299 1699 1353 κατᾶ
1756 1299 1884 1354 Θεὸν
1918 1300 2030 1373 (13)

374 1386 616 1461 ἀγάπης,
646 1382 1072 1462 ἀγαλλιώμενος
1126 1386 1476 1463 προειλόμηῦ
1509 1385 1563 1442 ἐν
1617 1387 1792 1443 πίστει
1853 1390 2032 1458 Ἰησοῦ

375 1480 618 1552 Χριστοῦ
668 1475 1053 1551 προσλαλῆσαι
1109 1479 1258 1552 ὑμῖν.
1294 1477 1574 1552 Ἀξιωθεὶς
1600 1480 1706 1556 γὰρ
1766 1478 2032 1553 ὀνόματος

381 1566 527 1630 θείου
585 1566 674 1621 καὶ
741 1571 996 1629 ποθεινοῦ
1060 1571 1190 1637 (llr),
1251 1567 1302 1624 ἐν
1347 1571 1431 1630 οἷς
1472 1566 1747 1646 περιφέρω
1787 1567 2032 1643 δέσμοῖς,

379 1653 495 1727 ᾅδω
525 1660 635 1719 (15)
664 1655 757 1717 τὰς
816 1655 1165 1727 Ἐκκλησίας,
1198 1657 1248 1712 ἐν
1283 1657 1366 1720 αἶς
1396 1656 1589 1712 ἕνωσιν
1648 1657 1884 1734 εὔχομαι
1924 1661 2032 1732 (16)

386 1747 581 1817 σαρκὸς
613 1747 700 1799 καὶ
758 1745 1065 1820 πνεύματος
1125 1749 1304 1817 Ἰησοῦ
1361 1749 1615 1822 Χριστοῦ·
1666 1747 1726 1810 ὅς
1770 1749 1881 1803 ἐστι
1915 1756 2034 1804 Σω-

388 1837 496 1910 τὴρ
551 1837 764 1890 πάντων
838 1834 1139 1910 ἀνθρώπων
1175 1883 1190 1906 ,
1254 1836 1490 1910 μάλιστα
1545 1836 1602 1892 δὲ
1658 1842 1864 1893 πιστῶν
1897 1858 1910 1872 ⁸
1973 1839 2034 1894 οὗ

1151 292 1561 356 EPISTOLE
1603 291 2033 356 INTERPOLI

2165 293 2209 352 ζ.
2257 326 2332 339 -
2375 293 2479 355 AD
2526 293 2990 357 MAGNESIOS.

2057 536 2111 604 Α

3666 297 3788 356 758

2466 541 2630 632 AD
2701 537 3442 633 MAGNESIOS.

2142 744 2168 770 ‹‹
2200 719 2481 791 Ignatius,
2515 720 2616 790 qui
2640 725 2697 774 et
2725 720 3129 791 Theophorus,
3161 719 3491 774 benedictus
3525 737 3630 790 per
3660 736 3786 792 gra-

2213 811 2354 864 tiam
2386 809 2490 865 Dei
2520 810 2729 875 Patris,
2791 810 2850 863 in
2882 809 3112 863 Christo
3169 809 3304 863 Jesu
3365 809 3688 875 Servatore,
3720 810 3784 864 in

2213 916 2328 970 quo
2363 899 2550 953 saluto
2581 898 2906 953 Ecclesiam
2949 915 3080 968 quae
3113 897 3421 970 Magnesiae
3455 904 3563 966 est,
3607 898 3782 969 juxta

2211 987 2594 1053 Maeandrum,
2629 993 2686 1042 et
2715 1004 2817 1041 oro
2843 987 2902 1040 in
2937 987 3054 1042 Deo
3087 989 3283 1054 Patre,
3315 993 3373 1040 et
3403 987 3631 1041 Christo
3656 989 3794 1042 Jesu

2214 1075 2463 1130 Domino
2495 1080 2697 1130 nostro
2725 1091 2737 1128 :
2772 1075 2835 1129 in
2879 1091 2994 1145 quo
3044 1074 3370 1145 plurimum
3400 1091 3502 1128 vos
3532 1073 3790 1146 gaudere

2215 1165 2536 1236 contingat.
2569 1186 2598 1213 »

2213 1299 2258 1356 Ι.
2292 1299 2398 1354 Ubi
2427 1299 2830 1372 cognovissem
2863 1298 3210 1354 charitatem
3260 1303 3514 1354 vestram
3571 1315 3794 1354 secun-

2143 1387 2285 1444 dum
2322 1389 2500 1444 Deum
2547 1387 2869 1444 admodum
2910 1387 3064 1443 bene
3098 1387 3450 1453 ordinatam,
3491 1388 3795 1444 exsultans

2144 1479 2376 1535 decrevi
2410 1480 2470 1534 in
2503 1479 2616 1534 fide
2651 1479 2786 1533 Jesu
2839 1477 3055 1533 Christi
3111 1477 3333 1549 alloqui
3393 1495 3512 1533 vos.
3575 1479 3795 1550 Dignus

2146 1570 2305 1624 enim
2330 1569 2568 1624 habitus
2627 1568 2824 1622 divino
2870 1572 2928 1622 et
2977 1572 3250 1639 exoptato
3311 1567 3575 1634 nomine,
3608 1568 3670 1621 in
3701 1567 3793 1621 his

2147 1677 2276 1731 quin
2305 1658 2656 1714 circumfero
2688 1657 2959 1727 vinculis,
2995 1656 3169 1712 laudo
3189 1655 3514 1722 Ecclesias;
3579 1655 3793 1726 quibus

2146 1757 2283 1822 opto
2310 1750 2593 1805 unionem
2627 1748 2822 1804 carnis
2853 1754 2911 1802 et
2942 1748 3192 1819 spiaitus
3247 1748 3382 1802 Jesu
3412 1746 3662 1802 Christi:
3695 1747 3794 1816 qui

2150 1846 2228 1895 est
2253 1840 2508 1895 Salvator
2538 1841 2778 1893 omnium
2836 1838 3142 1900 hominum,
3174 1839 3411 1891 maxime
3457 1842 3638 1891 autem
3661 1836 3793 1905 ﬁde-

515 1921 702 1996 α’ίματι
762 1927 871 1987 (l7)
939 1898 1307 1999 ἐλυτρώθητε·
1370 1923 1439 1980 δι’
1508 1927 1570 1981 οὗ
1629 1923 1824 2002 ἔγνωτε
1883 1928 2033 1996 Θεὸν,

2170 1934 2279 1986 ium
2301 1932 2321 1964 ³
2345 1952 2358 1997 ;
2380 1929 2550 2001 cujus
2582 1930 2867 2002 sanguine
2912 1928 3202 2000 redempti
3233 1928 3414 1993 estis;
3448 1943 3556 1998 per
3607 1942 3787 1997 quem

391 2011 698 2090 μᾶλλονδὲ
730 2014 817 2069 ὑπ’
889 2014 1050 2070 αὐτοῦ
1107 2013 1413 2090 ἐγνώσοητε
1474 2018 1602 2089 (18)·
1669 2016 1720 2072 ἐν
1751 2019 1796 2090 ᾦ
1830 2017 2036 2090 ὑπομε-

382 2124 583 2170 νοντες,
617 2104 717 2173 τὴν
749 2108 921 2158 πᾶσαν
975 2102 1230 2176 ἐπήρειαν
1282 2109 1377 2160 τοῦ
1433 2105 1631 2170 αἰῶνος
1688 2107 1885 2163 τούτου
1917 2104 2032 2163 δια-

382 2190 631 2269 φεύξεσθε
677 2195 807 2257 (19).
867 2190 1065 2254 Πίστος
1118 2193 1245 2268 γὰρ,
1279 2193 1337 2256 ὃς
1369 2192 1467 2249 οὐκ
1521 2193 1661 2249 ἐάσει
1715 2195 1854 2268 ὑμᾶς
1910 2215 2034 2250 πειο

387 2287 650 2358 ρασθῆναι
686 2281 816 2353 ὑπὲρ
843 2281 871 2335 ’ὁ
902 2278 1144 2346 δύνασθε.

452 2373 523 2429 ΙΙ.
559 2369 710 2426 Ἐπεὶ
743 2370 834 2425 οῦν
885 2372 1128 2444 ἠξιώθην
1158 2371 1288 2428 ἰδεῖν
1325 2373 1464 2447 ὑμᾶς
1495 2371 1584 2429 διὰ
1615 2380 1769 2448 Δαμᾶ
1799 2381 1906 2446 (20)
1938 2379 2034 2431 τοῦ

383 2460 630 2534 ἄξιοθὲου
693 2462 845 2533 ὑμῶν
904 2458 1254 2534 ἐπισκόπου,
1330 2463 1420 2517 καὶ
1473 2459 1852 2540 πρεσϐυτέρων
1902 2469 2036 2522 Θεοῦ

386 2549 546 2622 ἀξίων
594 2551 806 2606 Βάσσου
856 2551 942 2605 καὶ
988 2551 1371 2607 Ἀπολλωνίου
1423 2553 1512 2608 καὶ
1569 2559 1666 2608 τοῦ
1719 2550 2037 2630 συμϐιωτοῦ

389 2661 492 2712 μου
515 2637 767 2693 διακόνου
800 2641 1052 2701 Ζωτίνως
1081 2642 1105 2675 ⁶
1152 2645 1282 2712 (21),
1344 2643 1407 2696 οὗ
1466 2641 1576 2716 ἐγὼ
1635 2644 1866 2717 ὀναίμην
1900 2649 2034 2715 (22),

390 2728 472 2783 ὅτι
520 2729 872 2784 ὑποτάσσεται
903 2734 982 2800 τῷ
1014 2728 1294 2804 ἐπισκόπῳ
1351 2733 1443 2786 καὶ
1499 2737 1578 2805 τῷ
1639 2729 2036 2808 πρεσϐυτερίῳ,

395 2817 580 2892 χάριτι
620 2822 771 2887 Θεοῦ,
812 2818 864 2872 ἐν
897 2817 1050 2892 νόμῳ
1081 2822 1189 2884 (23)
1232 2822 1414 2889 Ἰησοῦ
1444 2822 1706 2896 Χριστοῦ.

472 2910 568 2964 ΙΙΙ.
602 2908 704 2964 Καὶ
735 2907 864 2980 ὑμῖν
907 2905 963 2962 δὲ
1021 2909 1212 2983 πρέπει
1275 2913 1348 2982 μή
1408 2911 1762 2989 καταφλονεῖν
1796 2916 1905 2981 (24)
1939 2919 2038 2984 τῆς

392 2993 613 3065 ἡλικίας
641 3001 746 3051 τοῦ
778 2991 1103 3051 ἔπισκόπου·
1166 2997 1311 3054 ά)λά
1341 2999 1477 3055 κατὰ
1505 3001 1730 3075 γνώμην
1759 3007 1892 3057 Θεοῦ
1926 3009 2035 3057 Πα-

385 3087 513 3164 τρὸς
544 3091 716 3142 πᾶσαν
766 3086 1031 3162 ἐντροπὴν
1086 3089 1236 3161 αὐτῷ
1271 3091 1582 3165 ἀπονέμειν,
1641 3093 1820 3157 καθὼς
1868 3087 2034 3167 ἔγνων

383 3175 469 3229 καὶ
506 3174 634 3237 τοὺς
674 3174 860 3248 ἁγίους
887 3170 1305 3250 πρεσϐυτέρους,
1341 3175 1402 3233 οῦ
1456 3180 1591 3254 πρὸς
1647 3180 1746 3249 τήν
1779 3179 2036 3260 φαινομέ-

2143 2020 2495 2092 cognovistis
2516 2021 2720 2086 Deum,
2755 2019 2872 2074 imo
2905 2017 3120 2088 cogniti
3153 2017 3294 2072 estis
3323 2015 3395 2072 ab
3412 2017 3548 2083 eo‘;
3580 2016 3642 2070 in
3669 2032 3786 2087 quo

2143 2109 2530 2173 sustinentes,
2563 2107 2854 2179 eﬂ‘ugietis
2902 2122 3141 2160 omnem
3181 2105 3297 2158 vim
3327 2103 3507 2174 hujus
3565 2103 3790 2159 saeculi.

2142 2199 2346 2252 Fidelis
2376 2198 2534 2252 enim
2566 2203 2662 2264 est,
2697 2198 2795 2266 qui
2824 2211 2934 2250 non
2967 2196 3218 2265 patietur
3243 2209 3337 2248 vos
3369 2195 3576 2247 tentari
3623 2206 3794 2261 supra

2141 2288 2203 2342 id
2231 2287 2378 2358 quod
2402 2288 2625 2357 potestis
2643 2285 2683 2339 ⁵.

2214 2377 2288 2432 Il.
2312 2375 2602 2440 Quoniam
2627 2375 2826 2444 itaque
2857 2372 3068 2445 dignus
3097 2370 3182 2426 fui
3203 2370 3441 2426 habitus
3465 2369 3663 2426 videre
3693 2387 3794 2426 vos

2142 2481 2250 2536 per
2278 2466 2523 2519 Damam
2557 2463 2901 2536 episcopum
2949 2466 3208 2516 vestrum
3261 2461 3378 2516 Deo
3415 2460 3679 2532 dignum,
3735 2465 3794 2514 et

2143 2554 2260 2608 Deo
2291 2554 2501 2625 dignos
2533 2553 2908 2624 presbyteros
2966 2551 3210 2605 Bassum
3262 2555 3318 2604 et
3348 2548 3792 2620 Appollonium,

2143 2643 2630 2699 contubernalem
2686 2658 2882 2696 meum
2944 2640 3245 2694 Sotionem
3295 2638 3631 2705 diaconum,
3675 2654 3791 2708 quo

2142 2735 2369 2790 utinam
2404 2733 2587 2798 fruar,
2621 2732 2761 2803 quia
2792 2730 3063 2785 subditus
3096 2735 3185 2784 est
3227 2729 3503 2799 episcopo
3536 2734 3594 2782 et
3623 2744 3792 2798 pres-

2143 2824 2393 2895 byterio,
2426 2822 2614 2893 gratia
2641 2821 2766 2888 Dei,
2788 2820 2851 2874 in
2882 2819 3010 2890 lege
3039 2820 3177 2874 Jesu
3204 2817 3442 2872 Christi.

2214 2914 2314 2969 III.
2348 2911 2460 2968 Sed
2493 2917 2552 2966 et
2578 2927 2678 2965 vos
2711 2908 2879 2963 decet
2934 2925 3054 2962 non
3111 2911 3496 2961 contemnere
3555 2910 3790 2961 aetatem

2145 3001 2406 3074 episcopi
2429 3019 2443 3068 ;
2464 3015 2666 3054 verum
2682 2999 2854 3070 juxta
2873 2997 2974 3050 Dei
2995 2995 3186 3051 Patris
3207 2994 3792 3059 arbitrium,omnem

2145 3090 2435 3164 impertiri
2469 3089 2556 3143 illi
2579 3087 2992 3151 reverentiam,
3016 3082 3519 3156 quemadmodum
3540 3084 3674 3138 novi
3705 3083 3790 3138 fa-

2145 3197 2279 3238 cere
2307 3183 2542 3235 sanctos
2565 3176 2940 3248 presbyteros
2969 3192 2981 3229 :
3018 3190 3139 3229 non
3158 3172 3545 3244 respicientes
3568 3172 3640 3227 ad
3663 3188 3793 3227 eam

380 3285 477 3336 νην
506 3265 827 3341 ἀφορῶντας
885 3266 1134 3336 νεότητα,
1187 3265 1334 3322 ἀλλὰ
1361 3269 1496 3342 πρὸς
1525 3269 1626 3338 τήν
1656 3269 1708 3324 ἐν
1741 3256 1860 3343 Θεῷ
1889 3271 2032 3348 φρό-

2165 3288 2270 3343 [ιιεθ
2293 3267 2526 3323 videtur
2552 3263 3043 3333 adolescentiam,
3077 3262 3182 3319 sed
3205 3261 3280 3318 ad
3319 3260 3699 3333 prudentiam
3734 3261 3798 3317 in

454 3439 476 3474 '
506 3438 528 3492 Ι
561 3438 710 3494 Tim.
742 3454 815 3505 ιν,
850 3442 933 3494 10.
1011 3438 1035 3473 ⁴
1065 3440 1187 3497 Gal.
1222 3458 1319 3510 1v.,
1352 3444 1404 3496 9.
1480 3441 1504 3475 ⁵
1534 3443 1555 3496 Ι
1587 3443 1716 3498 Cor.
1748 3457 1806 3497 x.
1843 3445 1928 3498 13.
2004 3443 2026 3477 ⁸

2167 3437 2473 3502 Σωτίωνος.

381 3645 818 3719 ιοπιᾼιειῐίιιιιῐιι
879 3646 1267 3719 inveniuntur
1297 3647 1416 3707 illa,
1478 3664 1672 3719 neque
1701 3718 1706 3719 γ
1740 3648 1801 3702 in
1835 3649 2032 3703 Graeco

379 3716 838 3786 NydPrucciano
872 3718 1110 3774 codice:
1148 3725 1204 3774 et
1264 3720 1504 3774 omnino
1564 3716 1872 3774 subdititia
1903 3735 2032 3774 esse

381 3794 631 3859 apparet
671 3790 866 3844 Ussna.

453 3859 664 3933 (l2)pln
697 3860 959 3932 epistolas
1006 3861 1402 3933 inscriptione
1458 3877 1660 3916 vocem
1710 3861 2033 3933 [Ecclesiaa]

377 3930 756 4003 inclusimus,
783 3949 903 3986 non
934 3931 1127 3985 solum
1185 3930 1344 4002 quod
1376 3949 1409 3986 a
1440 3930 1792 4002 quibusdam
1846 3930 2034 4003 ipsius

377 4001 628 4082 vulgatae
661 4004 954 4082 versionis
991 4019 1154 4072 mss.,
1190 4001 1291 4059 sed
1324 4021 1357 4059 a
1378 4001 1603 4082 Cnemis
1633 4001 1943 4082 praeterea,
1979 4009 2037 4058 et

381 4074 589 4146 Latino
618 4081 823 4129 nostro
863 4075 1208 4145 interprete,
1243 4092 1311 4130 ea
1340 4076 1594 4130 abesset.
1630 4074 2032 4146 Supplendam

379 4144 623 4214 quidem
650 4162 778 4200 eam
806 4144 1141 4200 necessario
1166 4147 1468 4201 fatendum
1494 4154 1614 4211 est;
1641 4144 2034 4202 sed—hiulcam

379 4222 440 4269 et
470 4215 564 4270 hic
596 4222 654 4270 et
683 4217 844 4278 alibi,
882 4234 1192 4272 occurrere
1225 4219 1543 4272 lectionem
1576 4235 1695 4272 non
1725 4218 2035 4272 mirabitur

375 4287 481 4357 qui
514 4287 585 4341 ab
626 4289 865 4342 homine
892 4289 1139 4358 captivo,
1182 4290 1336 4343 inter
1393 4290 1650 4344 militum
1708 4289 2030 4358 custodias,

377 4359 736 4432 festinanter
755 4376 789 4414 a
817 4360 988 4414 beato
1020 4365 1277 4432 martyre
1299 4362 1513 4416 effusas
1545 4361 1650 4416 has
1673 4360 1854 4415 fuisse
1875 4362 1999 4432 epis
2016 4390 2030 4400 -

382 4429 533 4484 tolas
565 4430 1045 4489 consideraverit.
1079 4434 1157 4487 In.

455 4498 747 4596 (ιβλκὲτίὶ
772 4502 926 4596 gari}
961 4503 1045 4557 lta
1080 4501 1274 4596 Icodex
1333 4503 1815 4596 Nydpruccjiannrs
1847 4509 1904 4557 et
1931 4518 2028 4558 ve-
2063 4531 2109 4596 D

379 4578 480 4627 tus
496 4579 746 4643 uterque
768 4574 1060 4645 interpres
1080 4574 1318 4629 Latinus
1344 4591 1355 4628 :
1379 4598 1406 4623 ‹‹
1432 4573 1757 4629 secundum
1774 4576 1980 4631 Deum.
2003 4595 2032 4623 »

379 4646 762 4715 Augustanus
789 4661 800 4698 :
832 4647 968 4698 κατᾶ
998 4648 1150 4715 Θεοῦ.
1187 4646 1266 4701 ID.

455 4713 565 4786 (Ην)
619 4713 924 4785 Ὀνόματος
981 4714 1127 4769 Θείου
1194 4716 1281 4769 καὶ
1347 4717 1632 4769 ποθεινοῦ.
1692 4715 2034 4788 Conjuctio-

379 4802 520 4860 pem
553 4789 852 4860 exiGrazco
906 4788 1352 4860 Nydprucciano
1404 4795 1463 4842 et
1492 4788 1752 4843 editione
1801 4788 2036 4860 vulgata

377 4857 587 4912 Latina
616 4857 1104 4930 interposuimus.
1153 4861 1378 4914 Nomen
1438 4865 1635 4914 autem
1693 4857 2030 4930 «Chris'tiaf

376 4944 524 4983 num
549 4953 575 5002 )3
614 4929 909 5002 intelligit,
943 4937 1009 4985 ut
1060 4930 1183 4984 vult
1241 4931 1424 4985 Faber
1480 4931 1883 5002 Stapulensis;
1943 4929 2033 5002 vel

376 5021 408 5050 ‹‹
431 5001 788 5056 confessoris
816 5001 840 5048 ἱ)
861 5009 964 5056 aut
986 5023 1013 5049 ‹‹
1041 5003 1338 5073 martyris,
1364 5023 1391 5052 »
1449 5001 1688 5073 et_alii._
1719 5019 1790 5056 ex
1837 5001 2031 5056 verbis

377 5073 1082 5146 proximesequentibus,
1117 5071 1169 5125 ἓν
1199 5069 1284 5132 οἷς
1336 5069 1609 5146 περιφέρω
1668 5069 1912 5142 δεσμοῖς.
1953 5078 2027 5126 In.

448 5145 560 5213 (15)
584 5140 994 5212 ’ᾼὸωίΝοεῐθιτ
1014 5145 1324 5215 interpres.
1351 5143 1424 5198 ad
1443 5140 1692 5207 verbum,
1719 5166 1744 5191 ‹‹
1769 5140 1940 5198 canto
1965 5161 1978 5197 ε
2000 5165 2029 5192 ››

378 5215 747 5287 et_vulgatus,
784 5236 812 5262 «
839 5231 986 5270 cano
1024 5232 1090 5281 ;››
1151 5234 1254 5287 pro
1301 5233 1418 5286 quo
1469 5216 1776 5270 substituit
1823 5215 2026 5284 Faber,

380 5307 409 5335 ι(
443 5285 640 5346 laudo,
678 5309 706 5335 »
740 5303 919 5358 sensu
951 5285 1248 5358 expresso.
1279 5289 1360 5341 In.

453 5359 561 5434 (16)
596 5358 685 5434 ’E_v
718 5357 809 5417 αἷς
838 5353 1310 5434 ἓνῳσινέὕχομαι.
1348 5362 1433 5434 Ita
1463 5362 1666 5434 noster
1695 5358 2025 5434 interpres:

386 5447 414 5501 ει
447 5429 518 5501 In_
555 5429 769 5498 quibus
826 5429 1262 5501 unionem'oro.
1317 5451 1345 5479 »
1381 5429 1686 5501 Yulgat.:«
1719 5430 1782 5483 In
1815 5430 2031 5501 quibus

386 5498 630 5573 laudare
661 5506 800 5573 opto
828 5521 864 5573 _»_
893 5500 1008 5573 (Sic
1033 5501 1191 5557 enim
1226 5518 1365 5573 mss.
1400 5498 1622 5573 legunt,
1647 5517 1788 5559 non.
1815 5498 1844 5549 u
1868 5500 2030 5568 ,ιιιῠί-

387 5569 544 5645 lare;
570 5593 598 5620 »
621 5569 896 5645 utedidit
915 5572 1121 5645 Faber)
1153 5575 1264 5645 Pro
1288 5569 1692 5645 εὸχομᾶιΑνοιιο
1706 5586 2032 5645 re5ponen-

389 5639 850 5698 dum'existimat
879 5639 1174 5714 Vedelius,
1206 5643 1336 5716 εῧρη
1349 5639 1444 5714 μαι
1465 5643 1558 5698 vel
1577 5639 1925 5717 εὑρίσκομαι.
1950 5643 2029 5702 In.

2212 3646 2322 3714 (17)
2353 3641 2430 3700 Οὗ
2460 3638 2786 3714 τῷᾲαῗματι.
2816 3641 2987 3708 Illud,
3021 3641 3104 3709 οὗ,
3135 3640 3206 3696 ab
3227 3643 3567 3712 Augustano
3591 3654 3790 3694 exem-

2143 3712 2292 3788 plari
2317 3715 2471 3788 male
2503 3712 2722 3788 aberat.
2753 3715 2830 3768 In.

2216 3786 2446 3859 (178)7At’
2506 3783 2566 3859 οῦ
2623 3779 2824 3859 ξγγωτε
2880 3782 3032 3859 Θεὸν,
3096 3779 3308 3859 μᾶλᾉον
3372 3778 3429 3834 δὲ
3483 3781 3573 3834 ὑπ’
3613 3779 3792 3859 ,αὐτοῦ

2143 3853 2477 3933 ἐγνώσθη-τε.
2510 3857 2592 3909 Ex
2612 3853 2797 3933 Calat.
2827 3871 2900 3933 ιν,
2923 3858 2986 3933 9.-
3006 3853 3111 3926 pro
3143 3854 3357 3925 quibus
3387 3859 3590 3933 noster
3610 3853 3792 3933 inter-

2144 3923 2278 4001 pres
2310 3929 2521 4001 habet:
2562 3950 2581 4001 g-
2617 3926 2703 4001 Ad
2736 3923 3139 4001 nos_(ve_ljvos)
3162 3923 3405 4001 semper
3433 3925 3623 4001 vivere
3657 3923 3791 4001 (ide,

2143 3994 2302 4068 quod
2328 4006 2386 4054 et
2415 3998 2739 4053 charitatis.
2773 3999 2867 4050 cui
2899 3997 3050 4052 nihil
3101 3997 3432 4068 prarfertur,
3488 3994 3791 4067 principa-

2145 4073 2258 4126 lius
2291 4077 2493 4126 uutem
2524 4070 2660 4123 Jesu
2691 4077 2750 4123 et
2780 4069 2991 4122 Patris.
3023 4091 3044 4116 ι
3088 4069 3164 4123 ID.

2213 4145 2326 4217 (19)
2375 4139 2745 4217 Aiace-355d);
2808 4140 2999 4193 Codex
3055 4133 3788 4217 l‘fydprucci‘anus,‘8mgi-

2144 4213 2383 4286 ῥῆξεσθε.
2420 4209 2526 4286 Sed
2564 4227 2668 4286 pro
2699 4214 3041 4286 Augustapa
3083 4211 3336 4265 lectione
3369 4209 3510 4264 facit
3541 4213 3790 4279 uterque

2141 4283 2305 4340 vetus
2339 4284 2578 4339 Latinus
2607 4283 2923 4354 interpres.
2968 4283 3044 4336 In.

2210 4357 2326 4425 (20)
2364 4348 2692 4426 l'l‘pfiqlSw‘t
2723 4348 2895 4424 Δᾶμᾶ.
2929 4355 3009 4407 Ex
3038 4359 3292 4424 utroque
3338 4352 3436 4407 illo
3469 4353 3792 4426 interprete

2142 4433 2201 4481 et
2225 4424 2557 4498 pronomen
2589 4425 2682 4479 hic
2739 4426 3081 4480 restitutum
3114 4430 3223 4491 est,
3258 4429 3317 4479 et
3345 4424 3789 4498 propriumhai-

2147 4489 2470 4568 pa-nomen
2497 4515 2510 4561 ;
2545 4513 2650 4566 pro
2681 4515 2798 4567 quo
2832 4489 3262 4568 in_Au_gustano
3285 4489 3486 4550 codice
3519 4490 3589 4568 δι’
3619 4489 3791 4568 ἀδ-αγ-

2147 4564 2240 4640 μα,
2274 4571 2336 4624 in
2392 4564 2845 4638 Nydprucc'iano
2900 4564 3169 4640 διάδεγμα
3219 4573 3495 4640 corrupte
3547 4564 3788 4640 legeba-

2145 4637 2257 4696 tur.
2297 4637 2588 4712 lgnatium
2620 4656 2754 4694 vero
2812 4637 3081 4694 nostrum
3117 4639 3204 4712 fin
3260 4637 3510 4712 Epistola
3566 4637 3639 4692 ad
3667 4639 3789 4692 Ma-

2141 4709 2427 4782 gnesiahos
2449 4712 2631 4765 Dama
2655 4711 2912 4782 episcopi
2944 4711 3310 4765 mentionem
3359 4709 3593 4782 fecisse,
3638 4724 3784 4782 con-

2144 4779 2340 4837 firmat
2371 4783 2547 4854 etiam
2598 4779 2904 4838 Eusebius.
2939 4782 3040 4854 lib.
3075 4799 3131 4836 ιιι
3158 4783 3365 4841 Histor,
3396 4780 3511 4854 καθ’
3539 4779 3714 4854 γ’.-Ιι›.

2214 4856 2327 4925 (21)
2360 4853 2662 4914 Ζωτίωνος.
2701 4855 2778 4908 al.
2834 4852 3146 4917 Σωτίωνος,
3179 4869 3283 4923 pro
3341 4851 3481 4921 quo,
3538 4872 3566 4898 «
3599 4851 3789 4904 Zono-

2141 4942 2298 4992 nem,
2333 4947 2359 4974 ››
2393 4929 2593 4994 noster
2625 4925 2799 4994 habet
2829 4925 3147 4994 interpres.
3178 4925 3255 4976 lo.

2211 5000 2320 5065 (22)
2351 4993 2428 5050 Οὔ
2466 4993 2576 5065 ἐγὼ
2614 4993 2878 5065 ὀναίμην.
2919 4993 3041 5049 νεὶ.
3108 4996 3324 5065 vulgat.
3383 5014 3412 5042 «
3444 5007 3622 5062 quem
3683 5007 3788 5059 ego

2211 5016 2320 5065 (zz;
2351 5016 2428 5050 υυ
2466 5016 2488 5047 ε
2531 5016 2576 5047 ω
2614 5016 2878 5065 οναιμην.
2928 5016 3041 5049 νει.
3109 5016 3324 5065 vulgat.
3383 5016 3412 5042 (ι
3444 5016 3622 5062 quem
3683 5016 3788 5059 ego

2142 5068 2378 5122 nutrivi.
2419 5088 2445 5115 ››
2493 5016 2713 5120 Ἑόοειοιη
2771 5067 3076 5138 Anglican.
3141 5065 3406 5119 rectius:
3472 5085 3499 5112 ιι
3535 5079 3650 5133 quo
3684 5077 3790 5133 ego

2137 5140 2320 5194 fruar.
2360 5161 2385 5186 ››
2423 5137 2526 5191 Vid
2584 5139 2756 5192 infra.
2797 5138 2873 5191 lo.

2212 5210 2468 5281 (23)"1‘Q
2505 5206 2784 5279 ἐπισκόπῳ
2839 5207 2925 5260 καὶ
2981 5209 3060 5277 τῷ
3111 5199 3501 5281 πρεσϐυτερίῳ,
3564 5202 3789 5281 χάαριτι

2139 5276 2295 5347 Θεοῦ,
2327 5279 2377 5333 ἐν
2412 5276 2584 5350 νόμῳ.
2645 5276 2947 5352 Anglican.
2979 5295 2991 5332 :
3037 5276 3082 5352 Eu
3115 5276 3400 5352 Episcopo
3425 5348 3434 5352 _
3459 5283 3527 5330 ut
3568 5276 3788 5352 gratia?

2143 5353 2263 5478 ξ)θὲ
2297 5359 2354 5406 et
2375 5346 2876 5476 Ipresbyterolvel
2909 5346 3276 5422 presbyterio
3318 5346 3531 5419 potius)
3564 5354 3626 5402 ut
3676 5346 3788 5418 legi

2176 5468 2185 5477 .
2267 5465 2279 5478 .
2315 5445 2342 5473 »
2402 5441 2450 5477 ι).

2138 5426 2185 5478 J.
2218 5426 2279 5478 C.
2315 5445 2342 5473 υ
2375 5426 2450 5477 ID.

2209 5497 2321 5570 (24)
2354 5499 2714 5570 Καταφρονεῖν
2777 5493 3077 5570 Anglican.
3115 5510 3128 5547 :

2139 5565 2365 5622 editum
2399 5574 2488 5622 est
2511 5565 2548 5618 '«'
2579 5567 2836 5622 concuti.
2863 5565 2889 5615 )5
2924 5569 3000 5621 In.

3181 5515 3210 5543 «
3270 5492 3468 5548 couti:
3528 5509 3634 5564 pro
3666 5506 3782 5561 quo
