4080 6134
404 335 520 395 789

1169 334 1576 398 EPISTOLIE
1618 335 2216 398 INTERPOLATIE.
2265 367 2339 380 —
2384 339 2487 397 AD
2531 336 3067 398 TRALLIANOS.

3699 338 3818 399 790

397 470 534 523 Θεοῦ
563 467 655 521 καὶ
687 466 746 522 ἐκ
784 467 1084 537 Παρθένου,
1141 466 1268 523 ἀλλ’
1317 468 1427 546 οὐχ
1484 468 1762 530 ὡσαύτως·
1794 467 1920 524 οὐδὲ
1951 469 2039 545 γάε

2172 477 2257 525 est
2288 487 2359 526 ex
2390 473 2506 526 Deo
2539 477 2596 526 et
2622 489 2691 527 ex
2722 472 2958 544 Virgine
2989 486 3190 526 verum
3222 487 3342 525 non
3374 469 3555 526 simili
3590 470 3763 526 modo
3797 483 3812 527 :

392 555 582 624 ταύτὸ,
617 557 749 618 Θεὸς
808 556 900 612 καὶ
953 556 1257 629 ἄνθρωπος·
1300 555 1525 628 ἀληθῶς
1579 553 1806 614 ἀνέλαϐε
1864 563 2044 631 σῶμα·

391 645 454 702 Ὀ
485 643 664 718 Λόγος
693 649 794 719 γὰρ
853 647 979 715 σὰρξ
1039 647 1267 720 ἐγένετο,
1335 647 1426 701 καὶ
1479 645 1867 702 ἐπολιτεύσατο
1925 645 2048 702 ἄνευ

396 733 668 808 ἁμαρτίας
703 752 717 802 ;
751 729 915 810 ἔφαγε
943 735 1029 789 καὶ
1087 731 1236 790 ἔπιεν
1292 732 1539 804 ἀληθῶς·
1583 734 1898 810 ἐσταυρώθη
1956 735 2046 790 καὶ

391 822 644 878 ἀπέθανεν
681 824 793 896 (71)
824 824 914 879 ἐπὶ
939 823 1170 880 Ποντίου
1201 823 1461 879 Πιλάτου·
1496 823 1716 895 ἀληθῶς
1751 823 1828 894 δὲ,
1855 826 1946 880 καὶ
1980 825 2046 880 οὗ

392 909 612 982 δοκήσει
643 913 984 987 ἐσταυρώθη,
1017 913 1108 967 καὶ
1132 913 1383 983 ἀπέθανε,
1413 912 1724 988 βλεπόντων
1754 914 2046 987 οὐρανίων,

391 1000 483 1055 καὶ
537 1001 788 1076 ἐπιγείων
829 1004 964 1075 (72),
1022 1002 1112 1057 xii
1180 1003 1580 1080 καταχθονίων·
1643 1003 1892 1077 οὖρανίον
1930 1005 2044 1076 μὲν,

393 1090 468 1153 ὡς
499 1095 604 1145 τῶν
635 1092 941 1164 ἀσωμάτων
982 1093 1211 1170 φύσεων·
1265 1092 1515 1166 ἐπιγείων
1550 1089 1606 1146 δὲ
1637 1094 1706 1162 ²⁹,
1762 1089 2043 1149 Ἰουδαίων

391 1180 482 1234 καὶ
512 1180 829 1253 Ῥωμαίων,
861 1181 950 1235 καὶ
977 1185 1085 1236 τῶν
1119 1181 1400 1256 παρόντων
1445 1183 1562 1236 κατ’
1617 1181 1820 1236 ἐκείνου
1854 1186 2046 1255 καιροῦ

390 1270 693 1346 ἀνθρώπων
757 1269 1170 1344 σταυρουμένου
1227 1275 1326 1326 τοῦ
1385 1271 1601 1345 Κυρίου·
1665 1271 2042 1349 καταχθονίων

389 1357 468 1423 δὲ,
501 1359 574 1421 ὡς
630 1363 727 1413 τοῦ
782 1357 1034 1429 πλήθους
1087 1363 1185 1414 τοῦ
1245 1359 1670 1420 ουναναστάντος
1723 1365 1803 1431 τῷ
1835 1360 2044 1434 Κυρίῳ.

389 1448 586 1504 Πολλά
618 1451 744 1524 γαρ,
779 1449 935 1527 φησὶ,
978 1449 1209 1520 σώματα
1245 1453 1352 1502 τῶν
1408 1448 1820 1523 κεκοιπημένων
1872 1448 2043 1523 ἁγίων

390 1538 767 1616 ἠγέρθη,τῶν
815 1537 1099 1609 μνημείων
1155 1537 1560 1612 ἀνεῳχθέντων·
1631 1537 1721 1592 καὶ
1778 1537 2046 1607 κατῆλθεν

392 1627 467 1689 εἰς
496 1624 632 1698 ᾅδην
667 1627 852 1699 μόνος,
881 1626 1088 1695 ἀνῆλθε
1141 1623 1199 1680 δὲ
1263 1628 1397 1699 μετὰ
1455 1626 1700 1697 πλήθους
1769 1631 1894 1698 (73)·
1955 1627 2044 1681 καὶ

392 1710 578 1791 ἔσχισε
606 1715 700 1770 τὸν
729 1714 820 1769 ἀπ’
850 1715 1048 1776 αἰῶνος
1079 1717 1326 1790 φραγμὸν
1355 1717 1493 1788 (74),
1525 1715 1616 1769 καὶ
1669 1717 1731 1770 τὸ
1794 1713 2047 1788 μεσότοι-

391 1824 494 1880 χον
554 1804 724 1859 αὖτοῦ
804 1799 980 1858 ἔλυσε·
1041 1804 1131 1858 καὶ
1190 1803 1378 1874 ἀνέστη
1435 1801 1524 1858 διὰ
1577 1808 1742 1878 τριῶν
1799 1807 2043 1877 ἡμερῶν,

389 1891 704 1967 ἐγείραντος
737 1892 902 1946 αὐτὸν
926 1895 1022 1946 τοῦ
1069 1892 1301 1965 Πατρός·
1362 1893 1451 1946 καὶ
1509 1892 1902 1965 τεσσαράκοντα
1928 1893 2040 1963 (75)

391 1981 603 2056 ἡμέρας
631 1977 1018 2055 συνδιατρίψας
1046 1985 1162 2041 τοῖς
1201 1977 1551 2046 ἀποστόλοις,
1589 1980 1867 2056 ἀνελήφθη
1904 1979 2040 2052 πρὸς

384 2071 476 2125 τὸν
542 2070 771 2144 Πατέρα·
833 2070 924 2124 καὶ
983 2069 1228 2133 ὶκάθισεν
1285 2064 1346 2124 ἔκ
1398 2066 1586 2138 δεξιῶν
1643 2068 1828 2137 αὐτοῦ,
1885 2089 2044 2143 περι-

385 2159 560 2232 μένων
608 2155 714 2220 ἓως
779 2156 841 2212 ἂν
900 2163 1128 2222 τεθῶσιν
1180 2157 1232 2212 οἱ
1285 2155 1474 2232 ἔχθροὶ
1532 2156 1697 2212 αὐτοῦ
1754 2155 1855 2211 ὑπὸ
1912 2156 2040 2217 τοὺς

384 2246 557 2310 πόδας
591 2249 779 2303 αὐτοῦ.
851 2251 936 2322 Τῇ
996 2246 1088 2303 οὖν
1155 2252 1472 2323 Παρασκευῇ
1533 2249 1669 2321 (76),
1717 2247 1872 2322 τρίτῃ
1924 2245 2041 2322 ὥρᾳ

384 2337 652 2416 ἀπόφασιν
684 2335 896 2406 ἒδέξατο
929 2338 1076 2410 παρά
1130 2342 1228 2392 τοῦ
1293 2335 1536 2392 Πιλάτου
1567 2337 1706 2410 (77),
1741 2337 2042 2414 συγχωρή-

385 2447 574 2489 σαντος
603 2431 703 2481 τοῦ
734 2426 960 2497 Πατρός·
997 2424 1124 2500 ἕκτῃ
1158 2425 1274 2498 ὥρᾳ
1302 2425 1636 2500 ἐσταυρώθη·
1682 2425 1872 2498 ἓννάτῃ
1906 2426 2040 2478 ἀπέ-

383 2536 598 2570 πνευσε·
621 2515 726 2592 πρὸ
757 2514 925 2583 ἡλίου
957 2512 1158 2576 δύσεως
1184 2513 1351 2588 ἐτάφη
1379 2517 1510 2587 (78)·
1536 2514 1598 2569 τὸ
1625 2507 1906 2567 Σάϐϐατον
1934 2513 2038 2567 ὑπὸ

385 2612 488 2682 γῆν
521 2605 671 2678 μένει
711 2604 764 2658 ἒν
803 2608 884 2676 τῷ
938 2603 1216 2677 μνημείῳ,
1256 2605 1301 2675 ᾧ
1333 2602 1558 2657 ἀπέθετο
1615 2601 1776 2656 αὐτὸν
1835 2603 2037 2671 Ἰωσὴφ

386 2695 414 2749 ὃ
443 2695 547 2749 ἀπὸ
575 2694 904 2769 Ἀριμαθίας
932 2695 996 2730 ³⁸·
1059 2690 1476 2771 ἔπιφωσκούσης
1529 2693 1799 2764 Κυριακῆς
1844 2690 2034 2761 ἀνέστη

389 2781 450 2838 ἐκ
499 2789 608 2838 τῶν
676 2788 879 2858 νεκρῶν
919 2828 934 2848 ,
991 2783 1126 2838 κατά
1179 2784 1243 2838 τὸ
1323 2781 1612 2857 εἰρημένον
1701 2781 1790 2834 ὑπ’
1849 2780 2034 2834 αὐτοῦ·

389 2878 584 2945 Ὠσπερ
637 2873 698 2941 ἦν
759 2873 940 2933 Ἰωνᾶς
989 2869 1040 2924 ὲν
1100 2875 1168 2944 τῇ
1246 2869 1431 2940 κοιλίᾳ
1483 2875 1580 2924 τοῦ
1631 2871 1834 2938 κήτους
1887 2874 2034 2942 τρεῖς

388 2960 592 3035 ἡμέρας
648 2962 736 3016 καὶ
813 2966 958 3033 τρεῖς
1040 2959 1256 3030 νύκτας,
1354 2956 1530 3020 οὕτως
1617 2956 1763 3012 ἔσται
1858 2958 1944 3011 καὶ
2007 2958 2035 3011 ὁ

384 3049 506 3110 Υἱὸς
580 3053 676 3106 τοῦ
737 3049 1028 3123 ἀνθρώπου
1080 3048 1132 3104 ἐν
1197 3053 1264 3122 τῇ
1321 3045 1518 3123 καρδίᾳ
1571 3054 1670 3117 τῆς
1729 3053 1834 3124 γῆς
1890 3051 2037 3122 τρεῖς

377 3139 588 3214 ἡμέρας
619 3139 709 3194 καὶ
759 3144 904 3214 τρεῖς
961 3139 1156 3201 νύκτας
1216 3141 1354 3211 (79)·
1412 3137 1657 3212 περιέχει
1721 3135 1832 3203 οὖν,
1866 3138 1899 3205 ἡ
1939 3136 2033 3208 μὲν

2159 578 2269 617 nec
2293 562 2452 616 enim
2476 563 2683 618 eadem
2706 579 2800 617 res
2824 568 2912 617 est
2933 564 3086 618 Deus
3110 567 3166 616 et
3187 562 3364 617 homo
3389 578 3402 628 ;
3425 578 3556 617 vere
3581 578 3816 616 assum-

2159 651 2236 704 sit
2265 667 2480 722 corpus
2510 669 2521 704 :
2551 652 2787 706 Verbum
2822 653 2981 706 enim
3009 667 3134 706 caro
3164 653 3374 718 factum
3398 657 3475 706 est
3495 651 3538 686 ³⁵⁸
3563 669 3577 715 ;
3603 657 3661 706 et
3683 650 3820 704 vivit

2159 738 2316 793 inter
2345 740 2618 794 homines
2648 741 2776 794 sine
2815 745 3090 811 peccato:
3123 741 3253 805 Quis
3286 739 3445 794 enim
3495 739 3711 810 inquit,
3745 755 3815 794 ea:

2157 828 2308 883 vobis
2357 835 2552 897 arguet
2591 845 2674 884 me
2722 829 2788 883 de
2810 835 3039 898 peccato
3058 827 3141 882 ’3‘?
3167 844 3300 884 vere
3349 827 3470 883 edit
3503 845 3570 883 ac
3615 827 3766 882 bibit
3800 843 3816 894 ;

2159 918 2482 973 cruciﬁxus
2503 924 2561 972 et
2591 925 2860 974 mortuus
2890 924 2979 974 est
3021 917 3128 973 sub
3179 919 3388 972 Pontio
3420 917 3644 983 Pilato;
3676 933 3812 972 vere

2160 1013 2359 1063 autem
2381 1013 2440 1062 et
2465 1026 2584 1063 non
2617 1009 2744 1064 sola
2773 1009 3075 1080 Opinione,
3103 1009 3420 1064 cruciﬁxus
3443 1025 3510 1063 ac
3541 1013 3812 1062 mortuus

2160 1101 2270 1165 est,
2302 1097 2638 1152 videntibus
2668 1098 3028 1164 cmlestibus,
3062 1097 3466 1165 terrestribus,
3499 1103 3557 1151 et
3587 1096 3813 1152 subter-

2159 1187 2394 1251 raneis;
2429 1187 2767 1242 cmlestibus
2790 1187 3057 1258 quidem,
3102 1187 3412 1254 nimirum,
3445 1187 3814 1257 incorporeis

2159 1277 2427 1342 naturis;
2484 1277 2865 1332 terrestribus
2922 1294 3080 1341 vero,
3138 1277 3357 1332 Judmis
3408 1280 3467 1331 et
3505 1276 3806 1343 Romanis,

2157 1365 2506 1436 caeterisque
2539 1367 2880 1421 hominibus
2907 1367 3006 1436 qui
3030 1371 3171 1420 tunc
3194 1366 3480 1436 temporis
3511 1383 3646 1420 cum
3671 1383 3806 1420 cru-

2157 1455 2495 1526 cifigeretur
2525 1455 2808 1510 Dominus
2839 1454 3122 1522 aderant;
3154 1454 3558 1509 subterraneis
3584 1461 3808 1524 autem,

2157 1547 2224 1597 ut
2248 1543 2318 1597 iis
2342 1543 2442 1613 qui
2467 1543 2707 1614 plurimi
2733 1560 2868 1598 cum
2884 1543 3130 1598 Domino
3154 1545 3809 1599 resurrexerunt.Multa

2159 1633 2342 1698 enim,
2375 1633 2590 1702 inquit,
2643 1649 2878 1702 corpora
2921 1639 3256 1700 sanctorum,
3291 1635 3389 1703 qui
3443 1634 3808 1700 dormierunt,

2154 1728 2516 1775 surrexerunt
2545 1720 2612 1786 ³ο,
2647 1722 3052 1776 monumentis
3087 1721 3307 1792 apertis
3336 1738 3348 1786 ;
3391 1722 3702 1776 descendit
3734 1722 3809 1777 ad

2156 1809 2456 1864 infernum
2489 1809 2672 1877 solus,
2704 1826 3009 1880 regressus
3039 1816 3238 1865 autem
3261 1815 3350 1864 est
3379 1827 3514 1865 cum
3537 1810 3808 1865 multitu-

2155 1897 2290 1952 dine
2320 1915 2332 1964 ;
2368 1903 2424 1953 et
2454 1904 2690 1968 septum
2723 1899 2871 1952 illud
2904 1897 3064 1968 quod
3095 1916 3130 1954 a
3159 1898 3377 1953 saculo
3437 1903 3585 1966 erat,
3617 1898 3800 1969 rupit,

2151 1986 2537 2056 mediumque
2561 1987 2848 2057 parietem
2875 1987 3035 2041 illius
3067 1987 3361 2041 destruxit
3385 2005 3399 2054 ;
3424 2003 3491 2042 ac
3523 1987 3680 2042 intra
3703 1987 3804 2041 tri-

2152 2075 2335 2130 duum
2357 2075 2702 2141 resurrexit,
2731 2076 3055 2130 suscitanle
3087 2075 3154 2129 ill
3171 2092 3270 2130 um
3292 2077 3463 2130 Patre
3489 2093 3503 2141 ;
3529 2081 3653 2130 tum
3669 2091 3808 2146 qua-

2153 2163 2424 2234 draginta
2456 2163 2582 2218 dies
2615 2173 3000 2219 conversatus
3051 2180 3187 2218 cum
3238 2163 3542 2233 apostolis,
3576 2180 3804 2218 assum-

2150 2258 2284 2324 ptus
2337 2259 2427 2307 est
2455 2251 2529 2306 ad
2574 2254 2847 2317 Patrem;
2883 2257 2939 2306 et
2965 2252 3105 2306 sedit
3135 2268 3170 2306 a
3216 2252 3428 2306 dextris
3475 2253 3667 2321 ipsius,
3701 2268 3805 2306 ea:-

2156 2349 2427 2411 spectans,
2457 2344 2628 2394 donec
2653 2348 2944 2410 ponantur
2971 2342 3188 2394 inimici
3243 2340 3361 2408 ejus
3418 2344 3515 2395 sub
3559 2339 3805 2410 pedibus

2153 2428 2328 2497 ipsius
2344 2427 2412 2481 ³ι.
2437 2427 2484 2462 ³³
2504 2429 2568 2482 In
2598 2430 2917 2483 Parasceve
2976 2427 3193 2497 itrque,
3231 2427 3376 2482 hora
3435 2427 3608 2482 tertia
3667 2444 3804 2482 sen-

2150 2517 2398 2571 tentiam
2421 2517 2649 2587 accepit
2697 2533 2731 2571 a
2784 2516 2994 2585 Pilato,
3049 2517 3432 2588 permittente
3493 2516 3552 2571 id
3584 2518 3798 2582 Patre;

2150 2611 2317 2660 sexta
2346 2605 2493 2659 liora
2526 2606 2842 2660 crucifixus
2874 2612 2994 2670 est;
3050 2622 3209 2660 nona
3266 2606 3589 2677 exspiravit
3621 2621 3634 2670 ;
3669 2611 3806 2660 ante

2149 2695 2291 2750 solis
2326 2710 2601 2748 occasum
2633 2693 2901 2763 sepultus
2924 2699 3050 2760 est;
3087 2693 3364 2760 Sabbato,
3399 2693 3506 2748 sub
3538 2700 3694 2748 terra
3742 2694 3804 2748 in

2146 2790 2539 2838 monumento
2565 2784 2874 2847 remansit,
2899 2788 2958 2836 in
2981 2801 3097 2853 quo
3128 2783 3326 2854 posuit
3343 2783 3703 2854 eumJoseph
3725 2781 3797 2836 ab

2147 2873 2476 2927 Arimathia
2503 2871 2914 2927 :illucescente
2939 2873 3246 2926 Dominico
3267 2872 3362 2926 die
3389 2873 3800 2926 resurrexitex
3901 2862 3910 2871 ’

2149 2963 2424 3026 mortuis,
2450 2962 2624 3032 juxta
2651 2961 2710 3014 id
2741 2961 2901 3030 quod
2928 2961 3158 3016 dixerat
3182 2977 3194 3014 :
3227 2961 3382 3016 Sicut
3409 2963 3521 3028 fuit
3550 2962 3710 3016 Jonas
3740 2964 3800 3015 in

2145 3057 2336 3106 ventre
2366 3053 2474 3105 ceti
2505 3049 2683 3105 tribus
2713 3050 2902 3104 diebus
2949 3056 2998 3105 et
3048 3050 3223 3105 tribus
3259 3051 3526 3116 noctibus,
3559 3052 3635 3104 sic
3693 3052 3799 3106 erit

2144 3140 2320 3194 Filius
2352 3139 2586 3194 hominis
2617 3142 2675 3192 in
2708 3139 2870 3193 corde
2913 3145 3073 3193 terrae
3119 3141 3292 3192 tribus
3322 3139 3510 3193 diebus
3541 3145 3593 3194 et
3627 3140 3798 3194 tribus

376 3207 713 3304 παρασκευὴ,
756 3207 820 3285 τί)
880 3230 1070 3292 πίθος·
1124 3229 1188 3284 τὸ
1227 3207 1707 3298 -Σαίϐϐατονξτὴν
1761 3228 1958 3305 ταφήν·
1993 3228 2027 3296 ἠ

2160 3230 2381 3284 iactibus
2397 3227 2600 3284 3‘zcom
2608 3226 2888 3298 plectitur
2911 3228 3108 3299 itaque
3117 3229 3434 3283 Parasceve
3449 3227 3792 3300 passionem

381 3320 643 3394 Κυριανή,
676 3321 776 3388 τὴν
806 3319 1125 3375 ἀνάστασιν.

450 3411 518 3466 Χ.
551 3407 617 3465 Ei
649 3409 696 3445 3‘
728 3405 785 3462 δὲ
815 3410 950 3483 (80),
1012 3407 1193 3482 ὣσπερ
1250 3407 1394 3470 τινὲς
1452 3405 1598 3470 ἄθεοι
1631 3401 1802 3475 ὄντες,
1849 3404 2036 3461 τουτέ-

2146 3318 2469 3374 Sabbatum
2508 3317 2877 3388 sepulturam
2897 3333 2909 3382 ;
2929 3318 3256 3385 Dominica,
3272 3318 3796 3374 resurrectionem.

2215 3408 2279 3463 X.
2316 3407 2370 3462 Si
2409 3424 2566 3474 vero,
2599 3411 2666 3461 ut
2694 3405 2936 3477 quidam
2968 3407 3146 3474 athei,
3190 3407 3302 3463 hoc
3343 3412 3451 3475 est,
3485 3403 3794 3475 increduli,

454 3557 501 3591 ³⁷
532 3560 699 3614 Joan.
734 3560 897 3625 1,14;
935 3557 973 3611 l.
1008 3556 1188 3611 Const.
1223 3572 1314 3625 ap.
1349 3571 1422 3622 v1,
1459 3559 1543 3611 11.
1577 3553 1628 3588 ³⁸
1652 3556 1818 3610 Joan.
1854 3571 1968 3622 VIII,
2001 3556 2039 3607 4‹

2169 3553 2215 3588 ²⁰
2245 3553 2321 3608 a1.
2353 3571 2430 3606 τε.
2508 3551 2556 3585 ³ο
2587 3552 2792 3625 Matth.
2817 3568 2990 3625 xxvii,
3021 3553 3122 3625 52A;
3146 3549 3424 3625 l_._E_useb.
3457 3553 3596 3606 Hist.
3622 3568 3659 3625 ι,
3694 3553 3794 3625 13Αξ

387 3629 584 3700 Cyrill.
628 3621 854 3684 Hieros.
889 3634 1071 3683 catec.
1111 3630 1213 3691 14;
1247 3621 1436 3682 Gelas.
1471 3627 1667 3700 Cyzjc.
1690 3628 1820 3700 Act.
1856 3621 2255 3700 ConcaNictl.
2296 3641 2368 3700 _u,
2399 3641 2452 3700 _c.
2486 3627 2592 3688 24;
2625 3623 2836 3678 Euseb.
2870 3623 3008 3677 ibid.
3084 3623 3128 3658 ³⁸
3163 3622 3335 3678 Hebr.
3371 3639 3426 3690 x,
3467 3625 3548 3690 l2,
3586 3624 3672 3676 13.
3748 3621 3795 3656 ⁸³

387 3694 564 3760 Οὸηει.
598 3717 698 3772 ap.
740 3717 795 3769 v,
833 3701 917 3768 Μ,
953 3703 1038 3768 15,
1075 3701 1138 3752 19
1170 3703 1229 3752 et
1257 3715 1377 3768 vm,
1411 3694 1529 3752 34(
1575 3695 1624 3731 ³⁴
1655 3699 1854 3754 Matth.
1888 3714 1987 3763 xu,
2019 3699 2039 3749 1

2184 3695 2232 3730 ⁸⁵
2261 3696 2334 3750 al.
2366 3694 2436 3747 οἰ.

457 3848 570 3921 (71)
603 3842 952 3917 Ἐσταυρώθη
1055 3842 1146 3921 καὶ
1235 3841 1554 3921 ’ἀπέθανεντ
1685 3841 2034 3896 Theodoret.

387 3914 657 3993 ἔδίώχςθη,
692 3923 749 3972 et
779 3914 986 3970 noster
1017 3916 1195 3969 etiam
1235 3914 1443 3993 l_gnatii
1476 3914 1790 3983 interpres,
1825 3934 1848 3964 ι
1900 3929 2038 3984 per-

389 3987 758 4048 secutionem
792 4003 1001 4048 passus
1034 3993 1140 4040 est.
1169 4008 1197 4035 »
1241 3987 1436 4040 Usssa.

459 4055 888 4135 (72)Οὐρανζων
975 4058 1066 4135 καὶ
1154 4055 1432 4135 ἐπιγείων.

387 4127 640 4207 ὲπίγείων
670 4127 1143 4207 νίαῖᾳέττεουρεινίωλμζ
1173 4129 1251 4184 ID.

459 4193 570 4276 (73)
616 4199 890 4270 Κατῆλθεν
929 4193 1047 4276 ἐἰς’
1079 4197 1212 4276 ᾅδην
1277 4198 1462 4276 μόνος,
1522 4193 1844 4276 ἀνῆλθξιβὲ
1876 4193 2038 4276 ,μετά

387 4267 654 4344 πλήθους.
690 4267 802 4328 Pro
836 4271 991 4345 μετὰ.
1035 4267 1097 4325 in
1142 4271 1408 4345 Mmstrzei
1443 4275 1501 4324 et
1541 4268 1789 4345 Vedeliii
1823 4267 2036 4345 editio~

387 4337 586 4413 nibus,
628 4345 778 4401 male
814 4337 1024 4416 legitur
1053 4342 1208 4416 κατά,
1241 4345 1323 4395 Ex
1354 4341 1704 4416 apocrypbis
1744 4355 1887 4416 vero
1921 4337 2038 4392 illis

389 4410 666 4474 Thaddzei
695 4410 951 4486 sumpsit
985 4416 1096 4486 ista
1127 4410 1542 4486 interpolator,
1568 4427 1697 4481 qua:
1721 4410 2040 4486 Ahabentur

1513 4054 1862 4110 Theodoret.
1921 4055 2038 4105 Τῶν

2215 3841 2324 3909 (75)
2357 3836 2809 3909 Τεσσάρακοδτα.
2891 3837 3215 3891 Numerum
3293 3835 3452 3890 hunc
3537 3835 3790 3901 dierum.

2145 3912 2270 3964 Act.
2304 3926 2343 3972 1,
2377 3911 2430 3977 3,
2463 3925 2497 3964 a
2526 3909 2744 3980 Spiritu
2781 3914 2985 3981 sancto
3031 3923 3396 3979 expressum,
3429 3912 3594 3963 vetus
3625 3909 3792 3981 igna-

2147 3982 2212 4036 tii
2255 3981 2548 4052 interpres
2579 3979 2675 4034 hic
2705 3979 2931 4052 omisit.
2964 3981 3042 4032 Io.

2216 4053 2331 4122 (‘76)
2360 4049 2436 4120 Τῇ
2478 4050 2568 4102 οὖν
2595 4051 3040 4122 παρασκευῇηῡθ
3072 4054 3196 4103 tota
3225 4049 3333 4104 hac
3366 4050 3628 4122 sectione
3661 4067 3791 4122 sen-

2149 4121 2394 4178 tentiam
2427 4123 2580 4177 hanc
2613 4121 2725 4174 fert
2757 4121 3030 4175 Vedelius
3058 4137 3071 4173 :
3101 4141 3129 4169 «
3164 4122 3295 4174 Haec
3324 4121 3501 4176 verba
3517 4121 3678 4176 omni
3710 4121 3794 4175 ir-

2147 4195 2386 4264 reptitia
2416 4194 2542 4247 sine
2574 4192 2751 4246 dubio
2775 4198 2930 4246 sunt.
2957 4191 3152 4245 Primo
3183 4192 3322 4261 quia
3351 4193 3506 4264 apud
3537 4191 3792 4264 pseudo-

2147 4262 2508 4320 Clementem
2561 4265 2620 4317 in
2656 4264 3149 4317 Constitutionibus
3178 4262 3578 4333 reperiuntur,
3607 4262 3708 4317 lib.
3737 4279 3790 4329 ν,

2148 4355 2276 4408 cap.
2305 4339 2390 4390 13.
2417 4335 2686 4390 Secundo
2711 4341 2872 4408 patet
2895 4333 3463 4408 hmcqverbahiatum
3495 4334 3711 4408 facere,
3737 4340 3794 4390 et

2149 4405 2582 4477 interrumpere
2629 4407 2844 4460 seriem
2893 4405 3179 4460 orationis
3211 4406 3551 4473 Ignatiante,
3585 4407 3644 4459 in
3677 4422 3795 4476 qua

389 4491 548 4552 apud
600 4477 940 4551 Eusebium,
990 4485 1093 4540 lib.
1128 4501 1145 4540 ι
1196 4477 1397 4539 Hister.
1432 4477 1781 4552 ecclesiastic.
1815 4480 2035 4552 Lcapite
2067 4483 2111 4547 ι)
2146 4480 2322 4534 verba
2354 4495 2484 4549 quae
2517 4483 2846 4552 sequuntur
2875 4477 3034 4531 hunc
3065 4477 3290 4531 hiatum
3338 4479 3791 4552 cohaerere_ma-

389 4547 622 4617 ultimo.
659 4552 872 4628 Κατέϐη
907 4547 1008 4628 [εἲς
1056 4554 1150 4608 τὸν
1183 4552 1342 4628 ᾅδην]
1377 4554 1565 4628 μόνος,
1598 4547 1788 4628 ἅνέϐηῗ
1811 4547 1868 4604 δὲ
1901 4547 2036 4628 μετᾶ

389 4627 838 4707 πολλοῖξ-δχλου.
864 4625 925 4679 u—
960 4625 1753 4707 Descendit_[’ad_infer‘num
1773 4627 1791 4692 ]
1813 4625 2033 4707 “solus,

389 4695 886 4760 ascendit'autem
917 4715 1048 4754 cum
1087 4695 1783 4770 grandi'multitudine.»
1809 4697 1895 4770 Ita
1927 4695 2038 4748 Ma-

391 4777 586 4831 carius
618 4767 1186 4846 Hierosolymitanus
1223 4770 1562 4846 _episco_pus,
1594 4768 1656 4821 in
1703 4767 2040 4846 Actismcon-

391 4846 770 4908 ciliiNicwni,
832 4837 987 4910 apud
1045 4837 1341 4897 Gelasium
1394 4837 1770 4910 Cyzicenum.
1834 4837 1962 4910 (lib.
2000 4852 2036 4903 ι,

392 4935 518 4990 cap.
578 4919 668 4979 23,
728 4905 801 4990 al.
1030 4911 1206 4990 Μόνος
1242 4905 1540 4990 ’κατελθῶν
1602 4908 1734 4990 μετὰ
1791 4905 2038 4988 πλήθους

392 4981 618 5056 ἀνῆλθε,
654 4992 711 5041 et
740 4985 1005 5056 Cyrillus
1040 4984 1180 5038 item
1242 4981 1830 5056 Hierosolymitanps,
1853 4981 1912 5032 in
1943 4995 2039 5056 ca-

393 5046 614 5115 tec'hesi
647 5059 729 5112 14.
767 5046 1040 5124 meminit
1067 5057 1162 5124 τοῇ
1215 5053 1378 5124 μόνου
1450 5046 1542 5123 μὲν
1597 5046 1930 5108 καταϐάντος
1960 5047 2038 5124 εἰς

392 5128 546 5199 ᾅδην,
576 5125 894 5183 πυλλοστοῦ
926 5122 982 5178 δὲ
1016 5118 1333 5199 ἀναϐάντος,
1498 5123 1697 5199 Mdtlh:
1748 5139 1914 5199 xxv",
1937 5123 2037 5199 ‘52,

393 5192 541 5259 dicit
564 5199 961 5272 explicatione
993 5197 1213 5272 addita.
1249 5193 1496 5272 Κνατῆλθε
1517 5193 1621 5269 γὰρ
1655 5192 1729 5272 είς
1759 5193 1852 5245 τὸν
1881 5194 2039 5272 θανα-

389 5294 500 5338 τον,
552 5262 658 5325 καὶ⁸
701 5267 888 5324 πολλά
946 5269 1171 5339 σώματα
1229 5271 1337 5320 τῶν
1395 5262 1813 5336 κεκοίμημένων
1871 5262 2040 5335 ἁγίων

392 5339 703 5419 ἠγέρθηῌξῗ
737 5339 921 5419 αὐτοῦ..
963 5343 1040 5419 in.

463 5405 837 5486 (74)’”Εσχισε
864 5412 955 5464 τὸν
989 5409 1077 5463 ἀπ’
1113 5407 1306 5486 αίῶνρς
1357 5407 1632 5486 φραγμόν.
1663 5409 1768 5486 _Ex
1827 5405 2036 5486 iisdem

395 5478 669 5542 Tliaddaai
702 5478 1054 5555 apocryphis
1084 5481 1260 5555 apud
1309 5478 1628 5555 Eusebium
1663 5479 1791 5555 loco
1825 5478 2036 5555 citate:

397 5557 646 5632 Διέσχισε
677 5547 1046 5632 φράγμὸν’τρν
1081 5547 1356 5632 ﬁnitimo;
1392 5551 1468 5624 μὴ
1527 5548 1832 5632 σχισθέντα.
1889 5547 2042 5632 ((Βί-

395 5619 834 5754 rupiEsepIEJuni'
870 5625 1041 5697 illud,
1099 5619 1257 5695 quod
1317 5639 1350 5679 a
1393 5619 1623 5678 saaculo
1672 5636 1850 5676 nemo
1878 5619 2040 5674 diru-

395 5716 536 5754 nera
567 5741 580 5754 .
608 5720 638 5750 η
731 5738 744 5754 .

379 5705 580 5774 perat.
608 5720 638 5750 η
666 5705 744 5754 In.

2146 4552 2426 4606 nifestum
2461 4557 2546 4604 est
2578 4565 2711 4603 cum
2746 4550 2818 4603 iis
2842 4565 2972 4618 quas
3000 4565 3135 4603 eum
3166 4549 3542 4618 antecedunt.
3581 4571 3608 4597 »
3641 4550 3718 4603 In.

2218 4623 2326 4746 (77)
2355 4618 2526 4692 Τρίτῃ
2602 4618 2716 4692 ὥρᾳ
2805 4615 3073 4689 ἀπόφασιν
3161 4615 3374 4688 ἐδέξατο
3460 4618 3606 4692 παρά
3693 4621 3791 4673 τοῦ

2257 4692 2408 4746 inoo.
2467 4690 2732 4746 Videnda
2789 4691 3215 4746 Proleaomena
3272 4697 3497 4746 nostra.
3537 4708 3664 4746 can.
3702 4693 3788 4746 11.

2147 4690 2414 4818 ptumo.
2467 4690 2732 4746 Videnda
2789 4691 3215 4762 Prolegomena
3272 4697 3497 4759 nostra,
3537 4690 3664 4762 Cap.
3702 4693 3788 4748 11.

2177 4783 2225 4818 ι).

2219 4837 2329 4904 (78)
2361 4832 2585 4908 Ἐτάφη.
2619 4834 2744 4908 Vet.
2795 4831 3012 4903 vulgat.
3071 4854 3100 4881 «
3133 4831 3204 4887 de
3257 4832 3790 4908 cruce_depositus

2149 4913 2256 4966 est.
2292 4911 2349 4960 et
2375 4905 2641 4975 sepultus
2672 4905 2733 4958 in
2769 4908 3146 4975 monumento
3179 4921 3350 4958 novo.
3385 4926 3414 4975 ig
3446 4905 3525 4957 In.

2219 4967 2550 5049 (79)_Q°'3i:wc
2603 4967 2750 5027 ἔσται
2834 4973 2924 5026 καὶ
3061 4972 3176 5049 υἱὸς
3233 4977 3332 5049 τοῐξ
3388 4973 3676 5049 ἀνθρώπου
3734 4971 3787 5027 ἐν

2146 5044 2436 5117 τῇκαρδίᾳ
2465 5051 2722 5117 τῆς-γῆς
2772 5049 2920 5114 τρεῖς
2977 5045 3190 5114 ἡμέρας
3248 5045 3337 5117 καὶ
3401 5049 3546 5115 τρεῖς
3574 5044 3790 5105 νύκτας.

2147 5113 2288 5173 Tota
2314 5113 2444 5172 haec
2474 5113 2737 5178 ἀπόδοσις
2773 5113 3032 5171 avetere
3069 5113 3272 5170 Latina
3302 5113 3794 5186 interpretatione

2149 5191 2315 5244 abest
2341 5191 2398 5243 in
2451 5189 2785 5251 Petaviano,
2818 5193 2874 5240 et
2904 5186 3134 5241 duobus
3184 5188 3615 5242 Oxomensibus
3647 5204 3790 5243 mss.

2150 5269 2208 5316 et
2237 5261 2495 5316 editione
2524 5278 2656 5330 quin
2692 5257 3163 5330 Parisiisprodit
3210 5274 3366 5312 anno
3402 5260 3562 5326 1498,
3595 5265 3654 5312 et
3683 5261 3791 5313 Ar-

2149 5334 2403 5404 gentinne
2440 5329 2596 5386 anno
2631 5333 2805 5395 1502;
2868 5329 2970 5404 sed
3031 5345 3099 5382 ex
3129 5329 3475 5404 _Parisiensi
3535 5330 3796 5404 editione

2151 5401 2288 5458 anni
2328 5407 2460 5457 1515
2511 5419 2640 5457 eam
2701 5401 3095 5472 reposuimus.
3129 5401 3192 5453 In
3225 5401 3423 5472 Graeco
3483 5417 3620 5457 vero
3653 5402 3801 5472 Nyd—

2148 5475 2467 5599 pI‘U)CICi&:10
2508 5473 2732 5541 codice,
2771 5466 2892 5542 'pro
2923 5466 3140 5543 καρδίᾳ,
3191 5472 3344 5526 male
3406 5471 3502 5526 hic
3559 5466 3796 5545 legitur,

2148 5565 2234 5598 κοί
2262 5563 2353 5599 κὶα.
2417 5564 2466 5599 D.

2148 5545 2353 5614 κοιλίᾳ.
2392 5547 2466 5600 lo.

2221 5612 2330 5689 (80)
2364 5615 2424 5669 Et
2478 5612 2553 5671 δέ.
2615 5614 2950 5689 Ita_habet_
2982 5618 3233 5685 uterque
3289 5613 3476 5689 codex
3535 5619 3792 5674 Graecus.

2149 5684 2525 5761 Augustanus
2547 5692 2606 5743 et
2626 5684 3110 5759 Nydpruccianus
3134 5684 3154 5740 :’
3181 5687 3592 5746 consentiente
3613 5689 3794 5745 etiam
