4080 6134
337 334 456 396 799

1057 332 1164 393 AD
1210 329 1636 395 EPISTOLAS
1679 329 1744 391 S.
1790 326 2091 391 IGN’ATII
2132 328 2545 393 GENUINAS
2589 330 3018 394 APPENDIX.

3638 329 3758 392 800

334 475 519 527 tatem
560 484 750 532 suam,
809 483 916 540 per
970 468 1311 539 passionem
1371 471 1432 523 et
1486 464 1984 523 resurrectionem

2106 461 2243 536 ὑμᾶς
2274 460 2330 518 δὲ
2362 461 2669 540 παρακαλεῖ
2688 464 2921 540 Χριστὸς
2951 466 3028 538 (8)
3060 460 3136 527 εἷς
3184 464 3284 533 τήν
3333 462 3500 520 αὐτοῦ
3548 461 3758 542 ἀφθαρ-

338 576 529 630 suam,
562 558 663 629 qui
696 558 838 613 estis
867 558 1140 613 membra
1170 558 1361 629 ipsius
1392 556 1462 612 ⁵⁸.

402 723 520 777 XII.
555 721 752 777 Saluto
794 739 893 778 vos
951 739 981 778 e
1041 722 1313 793 Smyrna,
1369 738 1491 779 una
1531 738 1667 778 cum
1714 719 1995 776 Ecclesiis

332 812 436 866 Dei
467 829 598 883 qum
630 829 866 868 mecum
909 817 1068 878 sunt,
1123 829 1376 883 quarum
1426 813 1703 867 ductores
1751 827 1995 882 prorsus

333 900 749 956 refocillarunt
780 918 893 971 me,
924 908 1045 958 tam
1077 918 1276 968 carne,
1313 918 1492 973 quam
1529 900 1760 972 spiritu.
1815 899 1995 955 Obse-

292 1010 303 1017 ‘
338 998 508 1049 crant
535 1011 636 1050 vos
664 994 900 1051 vincula
931 1010 1084 1064 mea,
1120 1012 1251 1066 quae
1291 998 1537 1066 propter
1584 995 1784 1049 Iesum
1829 990 1996 1048 Chri-

339 1088 495 1139 stum
529 1084 902 1152 circumfero,
937 1099 1114 1140 orans
1144 1089 1209 1139 ut
1238 1086 1424 1139 Deum
1464 1099 1749 1154 assequar
1780 1099 1793 1150 ;
1848 1098 1993 1153 per-

336 1178 574 1229 manete
596 1174 658 1228 in
680 1178 889 1230 mutua
917 1173 1322 1239 concordia,et
1339 1173 1817 1229 oratione.Decet
1831 1171 1992 1227 enim

346 1262 611 1335 singulos
627 1269 908 1331 vestrum,
932 1269 992 1318 et
1014 1262 1310 1335 praecipue
1336 1262 1735 1335 presbyteros,
1758 1260 1993 1317 refocil-

341 1352 468 1408 lare
500 1354 867 1425 episcopum.
898 1353 961 1409 in
992 1354 1282 1409 honorem
1303 1353 1513 1422 Patris,
1541 1352 1681 1407 etin
1701 1352 1991 1406 honorem

329 1444 468 1498 Jesu
490 1443 727 1511 Christi,
763 1449 939 1515 atque
971 1442 1399 1514 apostolorum.
1436 1444 1582 1513 Opto
1606 1446 1673 1497 ut
1704 1441 1763 1495 in
1797 1441 1993 1497 chari-

332 1536 452 1589 tate
481 1550 575 1589 me
595 1533 851 1589 audiatis
878 1551 892 1601 ;
921 1550 996 1588 ne
1028 1534 1155 1588 haec
1178 1534 1444 1589 scribens
1466 1532 1632 1588 vobis
1654 1531 1717 1587 in
1735 1530 1993 1587 testimo-

333 1622 502 1678 nium
544 1625 678 1679 sim.
710 1623 823 1679 Sed
855 1628 914 1679 et
944 1628 1108 1680 orate
1138 1641 1244 1695 pro
1279 1640 1394 1692 me,
1420 1623 1598 1694 quiin
1617 1623 1720 1678 Dei
1752 1621 1989 1677 miseri-

334 1713 558 1784 cordia,
601 1714 889 1769 charitate
936 1718 1129 1768 vestra
1184 1713 1440 1785 indigeo,
1485 1718 1552 1768 ut
1594 1712 1807 1785 dignus
1848 1711 1988 1766 ﬁam

2104 552 2247 622 σίαν,
2280 550 2370 608 διὰ
2415 558 2513 609 τοῦ
2571 556 2775 617 πάθους
2837 556 3031 628 αὐτοῦ,
3087 552 3180 610 καὶ
3234 558 3337 623 τῆς
3394 553 3756 624 ἀναστάσεως,

2101 642 2255 703 ’ὄντας
2292 641 2432 716 μὲλη
2466 641 2655 701 αὒτοῦ.

2170 735 2290 789 XII.
2316 735 2661 806 Ἀσπάζομαι
2696 735 2836 807 ὑμᾶς
2876 734 2982 789 ἀπὸ
3016 732 3295 809 Σμύρνης,
3327 733 3442 806 ἅμα
3466 737 3588 795 ταῖς
3617 754 3756 807 συμ-

2099 820 2403 895 παρούσαις
2424 842 2520 893 μοι
2540 822 2584 859 ⁵⁷
2605 821 2957 894 Ἐκκλησίαις
2978 823 3074 878 τοῦ
3094 820 3250 891 Θεοῦ,
3279 823 3352 878 ὧν
3384 823 3435 878 οἳ
3458 820 3763 897 ἡγούμενοί

2103 930 2170 983 με
2199 908 2337 964 κάτά
2364 914 2468 964 πᾶν
2500 911 2798 966 ἀνέπαυσαν
2847 914 2944 985 (9),
3005 909 3163 985 σαρκί
3210 932 3270 966 τε
3315 910 3408 966 καὶ
3455 911 3756 983 πνεύματι.

2097 997 2414 1074 Παρακαλεῖ
2441 999 2581 1073 ὑμᾶς
2609 1001 2675 1055 τὰ
2704 998 2877 1075 δεσμά
2931 1022 3059 1074 μου,
3089 999 3125 1057 ἅ
3148 1000 3322 1057 ’ἐνεκεν
3382 1001 3566 1072 Ἰησοῦ
3618 1003 3757 1074 Χρι-

2099 1091 2228 1144 στοῦ
2257 1089 2559 1167 περιφέρω,
2590 1088 2912 1162 αἰτούμενος
2949 1092 3086 1144 Θεοῦ
3114 1087 3421 1163 ἐπιτυχεῖν,
3472 1085 3760 1162 διαμένετε

2096 1175 2150 1231 ἐν
2179 1180 2248 1252 τῇ
2282 1177 2513 1251 ὁμονοίᾳ
2542 1181 2610 1253 τῇ
2642 1178 2779 1254 πρὸς
2812 1177 3123 1250 ἀλλήλους,
3177 1179 3271 1234 καὶ
3319 1181 3389 1252 τῇ
3437 1181 3752 1255 προσευχῇ.

2096 1265 2295 1341 Πρέπει
2325 1266 2427 1342 γὰρ
2461 1266 2589 1341 ὑμῖν
2646 1288 2766 1331 τοις
2817 1273 2933 1332 καθ¹
2985 1263 3099 1336 ἕνα,
3158 1265 3445 1342 ἐξαιρέτως
3501 1265 3594 1325 καὶ
3631 1271 3751 1330 τοῖς

2095 1350 2508 1431 πρεσϐυτέροις,
2565 1356 2868 1434 ἀναψύχειν
2926 1357 3017 1412 τὸν
3080 1354 3378 1412 ἐπίσκοπον
3440 1356 3520 1419 εἷς
3585 1356 3756 1429 τιμὴν

2093 1450 2190 1503 τοῦ
2224 1444 2453 1521 Πατρὸς,
2485 1447 2573 1502 καὶ
2610 1445 2686 1510 είς
2715 1448 2885 1522 τιμὴν
2918 1447 3100 1518 Ἰησοῦ
3134 1450 3371 1521 Χριστοῦ
3399 1448 3468 1515 ⁸³,
3509 1448 3599 1502 καὶ
3639 1450 3746 1501 τῶν

2092 1535 2439 1592 ἀποστόλων.
2472 1535 2732 1612 Εὕχομαι
2776 1536 2916 1610 ὑμᾶς
2972 1534 3027 1591 ἔν
3088 1537 3273 1613 ἀγάπῃ
3331 1534 3559 1591 ἀκοῦσαί
3622 1557 3751 1611 μου,

2089 1624 2183 1681 ’ἱνα
2240 1625 2317 1696 μὴ
2372 1625 2449 1688 είς
2508 1625 2803 1702 μαρτύριον
2861 1626 2907 1680 ὦ
2978 1627 3108 1699 ὑμῖν
3166 1626 3401 1700 γράψας.
3460 1625 3571 1680 Καὶ
3626 1626 3752 1700 περὶ

2093 1713 2229 1788 ἐμοῦ
2269 1714 2327 1772 δὲ
2364 1716 2758 1792 προσεύχεσθε,
2806 1717 2908 1783 τῆς
2965 1715 3055 1793 ἀφ’
3114 1712 3267 1786 ὑμῶν
3323 1713 3543 1788 ἀγάπης
3600 1714 3750 1789 χρῄ-

332 1808 511 1871 sorte,
547 1801 621 1857 ad
652 1820 830 1874 quam
861 1801 1348 1874 consequendam
1369 1802 1657 1875 assignor,
1689 1817 1764 1857 ne
1786 1818 1986 1873 repro-

2106 1812 2281 1875 ςοντος
2313 1805 2368 1862 ἐν
2399 1811 2478 1879 τῷ
2508 1804 2654 1861 ἐλέεε
2682 1808 2780 1860 τοῦ
2805 1807 2963 1876 Θεοῦ,
3021 1801 3096 1865 είς
3142 1803 3203 1858 τὸ
3250 1803 3652 1873 καταξιωθῆναί
3685 1825 3751 1878 με

329 1890 440 1946 bus
472 1890 760 1948 inveniar.

401 2080 550 2135 XIII.
612 2078 839 2135 Salutat
895 2095 995 2134 vos
1054 2078 1312 2135 charitas
1368 2076 1842 2151 {Smyrnmorum
1927 2081 1988 2134 et

333 2168 748 2239 Ephesiorum.
784 2170 1073 2224 Memores
1101 2173 1286 2223 estote
1320 2168 1593 2223 Ecclesiae
1625 2186 1754 2239 quas
1789 2172 1879 2223 est
1923 2168 1986 2223 in

337 2257 526 2327 Syria,
561 2257 631 2311 de
662 2272 778 2328 qua
807 2273 928 2311 non
961 2273 1092 2311 sum
1124 2257 1338 2329 dignus
1369 2256 1469 2326 qui
1501 2257 1683 2324 dicar,
1713 2273 1847 2312 cum
1874 2258 1987 2313 sim

335 2348 583 2404 ultimus
616 2366 821 2404 eorum
846 2350 946 2421 qui
968 2349 1088 2403 illic
1120 2348 1485 2403 sunt.Valete
1509 2349 1569 2402 in
1590 2350 1831 2404 Domino
1850 2350 1989 2405 Jesu

335 2437 565 2493 Christo
593 2453 607 2504 ;
642 2438 892 2510 subjecti
919 2438 1219 2510 episcopo,
1248 2443 1307 2493 et
1332 2437 1606 2493 similiter
1626 2438 1990 2511 presbyteris

333 2544 400 2583 ac
428 2526 733 2593 diaconis;
775 2532 835 2583 et
865 2527 1209 2600 singillatim
1259 2544 1489 2592 omnes,
1542 2528 1690 2583 alter
1736 2529 1989 2583 alterum

336 2616 560 2689 diligite
593 2616 771 2672 corde
802 2615 1116 2672 indivulso.
1152 2617 1361 2687 Expiet
1390 2633 1490 2671 vos
1512 2633 1679 2672 meus
1707 2619 1949 2689 spiritus
1975 2642 1990 2686 ε

342 2724 464 2763 non
497 2707 671 2762 modo
704 2724 883 2776 nunc,
917 2708 1022 2762 sed
1052 2712 1110 2762 et
1138 2705 1236 2762 ubi
1289 2708 1473 2762 Deum
1527 2714 1735 2763 nactus
1782 2708 1949 2764 fuero
1976 2725 1989 2777 ;

2088 1899 2187 1950 τοῦ
2238 1894 2478 1972 κλήρου,
2512 1895 2574 1950 οὗ
2630 1892 2942 1969 περίκειμαι
2996 1892 3277 1973 ἐπιτυχεῖν
3337 1894 3475 1968 (10),
3530 1891 3620 1948 ἳνα
3670 1893 3746 1969 μὴ

2094 1983 2360 2060 ἀδόκιμος
2388 1987 2613 2063 εὑρεθῶ.

2166 2077 2315 2134 XIII.
2343 2076 2672 2146 Ἀσπάζεται
2706 2075 2842 2148 ὑμᾶς
2867 2075 2902 2145 ἡ
2924 2072 3110 2150 ἀγάπη
3141 2071 3462 2151 Σμυρναίων
3488 2074 3577 2129 καὶ
3598 2074 3751 2152 Ἐφε-

2095 2165 2248 2222 σίων.
2280 2165 2663 2238 Μνημονεύετε
2688 2167 2851 2237 ἡμῶν
2882 2166 2955 2234 5°,
2984 2171 3086 2234 τῆς
3113 2164 3162 2199 ⁶⁰
3190 2162 3240 2218 ἐν
3297 2163 3471 2240 Συρίᾳ
3510 2163 3754 2233 Ἐκκλη-

2097 2256 2218 2318 σίας
2250 2256 2385 2330 (11),
2412 2254 2531 2310 ὅθεν
2561 2254 2660 2310 οὐκ
2686 2252 2836 2324 ἄξιός
2857 2251 2972 2326 εἶμι
2996 2251 3266 2329 λέγεσθαι,
3287 2249 3360 2307 ὢν
3393 2248 3629 2331 ἔσχατος
3648 2257 3754 2309 τῶν

2098 2346 2228 2402 ἐκεῖ.
2254 2343 2537 2421 Ἐῥρωσοε
2568 2342 2619 2398 ἐν
2651 2343 2835 2417 Κυρίῳ
2866 2343 3046 2413 Ἰησοῦ
3071 2343 3756 2419 Χριστῷ,ὗποτασσόμενοι

2095 2444 2176 2512 τῷ
2207 2438 2487 2511 ἑπισκὸπῳ
2519 2440 2653 2507 (12),
2678 2436 2885 2510 ὁμοίως
2918 2435 3006 2491 καὶ
3037 2441 3154 2498 τοῖς
3196 2429 3605 2511 πρεσϐυτέροις,
3657 2436 3749 2491 καὶ

2096 2534 2216 2590 τοῖς
2242 2526 2515 2590 διακόνοις
2567 2529 2700 2601 (13)⁶
2754 2526 2847 2580 καὶ
2904 2525 2957 2579 οἱ
3020 2525 3160 2581 κατᾶ
3214 2519 3400 2599 ἄνδρα,
3461 2522 3753 2596 ἀλλήλους

2101 2619 2341 2694 ἀγαπᾶτε
2371 2616 2423 2672 ἐν
2455 2615 2734 2689 ἀμερίστῳ
2769 2612 2984 2690 καρδίᾳ.
3039 2615 3364 2683 Ἀσπάζεται
3409 2614 3455 2651 δι
3515 2614 3659 2686 ὑμᾶς
3688 2613 3754 2669 τὸ

2101 2709 2231 2783 ἐμὸν
2265 2712 2480 2781 πνεῦμα
2510 2708 2645 2779 (14),
2679 2703 2740 2760 οὗ
2785 2703 2946 2779 μόνον
2976 2707 3091 2774 νῦν,
3127 2703 3274 2760 ἀλλά
3300 2703 3393 2758 καὶ
3441 2701 3568 2759 ὅταν
3619 2706 3754 2759 Θεοῦ

340 2813 481 2852 nam
515 2798 843 2853 etiamnum
879 2797 937 2851 in
972 2794 1233 2868 periculo
1264 2812 1503 2863 versor;
1535 2797 1639 2851 sed
1682 2796 1874 2853 ﬁdelis
1904 2804 1987 2853 est

2106 2795 2375 2872 ἐπιτύχω·
2414 2792 2490 2850 ἔτι
2541 2795 2646 2873 γὰρ
2703 2791 3044 2856 ὲπικίνδυνός
3103 2792 3245 2866 εἰμι’
3301 2789 3448 2849 ἀλλά
3503 2792 3758 2853 πιστοςὸ

346 2888 521 2942 Pater
549 2886 685 2941 Jesu
717 2886 954 2955 Christi,
986 2891 1054 2942 ut
1082 2886 1327 2957 impleat
1348 2886 1695 2958 petitionem
1718 2903 1913 2944 meam
1937 2893 1987 2944 el

2106 2888 2292 2956 Πατὴρ
2320 2888 2506 2956 Ἰησοῦ
2563 2888 2821 2959 Χριστοῦ,
2874 2881 3170 2958 πληρῶσαί
3212 2903 3319 2957 μου
3366 2884 3469 2953 τὴν
3511 2878 3754 2953 αἴτησιν,

344 2981 640 3041 vestram;
674 2975 735 3029 in
769 2992 884 3047 quo
918 2975 1294 3031 inveniamur
1315 2974 1443 3030 sine
1474 2975 1723 3032 macula.
1758 2977 1987 3033 Utinam

2106 2975 2185 3031 mi
2229 2976 2404 3049 ὑμῶν·
2437 2973 2491 3030 ἐν
2523 2974 2569 3047 ᾧ
2601 2971 2944 3049 εὕρεθείημεν
2988 2971 3236 3048 ἄμωμοι.
3285 2970 3546 3047 Ὀναίμην
3599 2970 3745 3047 ὑμῶν

340 3064 505 3120 fruar
534 3064 698 3119 vobis
730 3063 791 3118 in
824 3064 1073 3119 Domino
1099 3064 1112 3118 Ι

409 3207 455 3282 εξ
487 3208 934 3282 Pseudo-Ignat.
967 3208 1042 3264 ad
1068 3208 1318 3281 Philipp.
1354 3209 1440 3265 13.

338 3275 639 3356 ἀγνίζηται.

340 3413 723 3486 iniquitates;
758 3413 997 3468 illorum
1031 3413 1273 3482 scilicet,
1319 3414 1422 3484 qui
1462 3418 1521 3470 et
1565 3416 1682 3470 Deo
1731 3416 1986 3473 rebelles

341 3487 713 3548 exstiterunt,
745 3491 804 3540 et
835 3486 1149 3540 Dominum
1183 3486 1546 3542 occiderunt.
1581 3508 1608 3536 »
1645 3487 1988 3545 Vid.Prole‘

339 3574 555 3631 gomen
609 3562 795 3631 nostr.
829 3574 955 3628 cap.
991 3560 1074 3631 llr.
1109 3558 1304 3631 Ussen.

411 3633 488 3700 (8)
515 3630 682 3701 Ὑμᾶς
730 3625 787 3704 δίῖ.
833 3625 1139 3704 παρακαλεῖ
1165 3629 1473 3704 ΔΧρισίιτὸς,⁸
1505 3634 1616 3686 etc.
1675 3631 1982 3704 Anglican.

339 3724 366 3751 ‹‹
394 3704 507 3756 Per
536 3718 734 3772 quem,
768 3701 829 3756 in
856 3700 1131 3769 passione
1163 3700 1372 3772 ipsius,
1404 3700 1648 3756 advocat
1680 3700 1795 3758 vos'
1829 3705 1983 3759 exsi-

340 3772 1102 3847 slentesmcmbraipsius.
1156 3772 1299 3847 Non
1336 3778 1530 3844 potest
1576 3774 1755 3846 igitur
1811 3781 1989 3847 caput

338 3845 500 3917 nasci
533 3845 661 3917 sine
692 3844 1017 3917 membris;
1053 3846 1169 3900 Deo
1201 3845 1485 3900 unionem
1504 3844 1979 3917 rep'romittente,

337 3916 496 3986 quod
526 3922 616 3970 est
648 3916 795 3986 ipse.
834 3938 860 3965 ››
894 3916 977 3986 lo.

409 3989 509 4061 (9)“
540 3988 633 4040 Ὧν
672 3984 757 4061 ﬁo't
802 3984 1106 4061 ἡγούμενοί
1164 4006 1231 4060 με
1303 3985 1450 4061 κατὰ,
1497 3989 1598 4041 πᾶν
1660 3985 1980 4044 ἀνέπαυσαν.

341 4059 645 4131 Anglican.
676 4081 703 4108 α
731 4060 838 4124 Qui
857 4059 883 4125 ἡ(
892 4062 1039 4128 forte
1056 4059 1209 4131 quas,
1230 4059 1505 4115 Ecclesiaa
1527 4061 1631 4131 sc.)
1654 4062 1985 4117 secundum

340 4129 539 4186 omnia
571 4130 880 4205 quiescere
912 4147 1007 4186 me
1028 4129 1319 4205 fecerunt,
1350 4152 1378 4181 »
1400 4129 1728 4205 ἡγουμένων
1742 4134 1985 4188 nomine

338 4219 459 4257 non
489 4219 786 4273 expresso.
820 4203 944 4259 Vet.
988 4202 1205 4275 vulgat,
1246 4224 1276 4253 «
1308 4202 1539 4274 qure,et
1576 4205 1982 4275 praesidentes,

338 4290 433 4328 me
464 4275 884 4344 requieverunt
922 4275 984 4329 in
1014 4274 1330 4341 omnibus;
1366 4296 1394 4325 ››
1426 4274 1674 4343 ηοῐιίιιι
1722 4276 1782 4330 in
1815 4276 1984 4331 libris

337 4344 510 4418 editis
540 4361 851 4418 perperam
882 4344 1137 4418 legitur:
1170 4368 1197 4395 ‹‹
1235 4362 1365 4417 quae
1413 4353 1472 4402 et
1514 4353 1839 4418 praesentes
1890 4365 1983 4404 me

339 4415 399 4469 id
429 4416 857 4485 requisierunt.
893 4437 921 4465 »
953 4417 1030 4470 In.

404 4482 534 4557 (10)-
573 4485 666 4562 Οῧ-
705 4485 1016 4562 περίκειμαι
1068 4482 1401 4562 ξπιτυχεῖνη
1429 4489 1737 4562 Anglican.
1804 4509 1829 4539 ε
1870 4505 1989 4562 qua

337 4573 520 4632 conor
548 4558 745 4632 potiri.
777 4557 808 4632 3)
841 4560 966 4614 Vet.
1000 4557 1280 4631 vulgata
1311 4557 1404 4616 cui
1428 4557 1729 4632 subjace0°
1760 4581 1782 4609 ε
1809 4557 1987 4618 Vede-

339 4628 455 4702 lius
483 4628 627 4702 legit
654 4629 1011 4701 παράκειμαι,
1042 4628 1438 4702 propinquus,
1470 4628 1695 4687 vicinus
1723 4649 1893 4700 sum;
1927 4639 1985 4688 et

333 4700 783 4775 interpretatur,
818 4724 845 4751 «
867 4700 1059 4775 quam
1089 4700 1434 4775 propediem
1466 4720 1818 4775 consequar.
1853 4706 1982 4775 ngln.

408 4771 519 4846 (11)
587 4771 971 4844 Μνημονεῦἐτε
1027 4771 1341 4844 Mirm—17;:
1400 4773 1455 4828 ἐν
1512 4771 1687 4847 Συρίᾴ
1746 4772 1986 4845 Ἐκκλη-

335 4843 472 4919 σίας.
501 4843 855 4919 ⁷«ΑΜρωοΓΘε
887 4843 1080 4919 estote
1125 4851 1342 4919 nostra:
1395 4864 1525 4917 quae
1570 4843 1631 4902 in
1662 4843 1846 4919 Syria
1894 4843 1985 4903 est

332 4916 606 4974 Ecclesiae
633 4933 649 4987 ;
684 4940 712 4969 n
745 4916 901 4990 quod
934 4935 968 4974 a
996 4921 1201 4973 nostro
1232 4916 1558 4990 interprete
1608 4916 1845 4991 plenius
1893 4925 1985 4975 est

1546 3206 1596 3243 ⁵⁷
1625 3208 1700 3267 al.
1738 3230 1864 3282 μου.

1967 3209 2018 3246 ⁵⁸
2046 3228 2155 3269 ms.
2189 3209 2341 3266 Υἱοῦ.

2089 3064 2144 3121 ἐν
2171 3063 2353 3143 Κυρίῳ
2382 3066 2515 3140 (15).

2463 3207 2514 3244 ⁵ο
2543 3208 2620 3267 al.
2654 3206 2831 3282 ὖμῶν.
2961 3206 3009 3244 ⁸ο
3038 3224 3151 3264 ms.
3184 3210 3324 3271 τοῖς.
3426 3208 3471 3245 ⁸³
3503 3206 3756 3282 interpr.

2097 3433 2443 3491 expressum
2478 3434 2553 3491 ζα(
2590 3416 2942 3491 Mementote
2999 3412 3062 3470 in
3113 3414 3484 3491 orationibus
3541 3413 3755 3491 vestris

2097 3493 2146 3561 ej
2160 3486 2226 3546 us
2250 3507 2379 3561 qum
2402 3489 2657 3562 inASyria
2673 3487 2950 3562 Ecclesia:
2975 3505 3038 3553 ;»
3062 3503 3197 3542 cum
3222 3488 3281 3543 in
3299 3493 3497 3562 vetere
3516 3486 3753 3562 vulgata

2094 3558 2368 3618 versione
2394 3558 2715 3616 habeatur:
2738 3583 2762 3610 α
2791 3560 3011 3613 Memor
3030 3564 3119 3614 est
3138 3560 3311 3615 vestri
3333 3558 3592 3612 Ecclesia
3613 3574 3748 3627 qua)

2098 3639 2185 3688 est
2216 3634 2276 3688 in
2329 3632 2528 3704 Syria:
2562 3653 2590 3682 »
2624 3633 2707 3686 ita
2737 3630 2894 3686 enim
2928 3647 2999 3685 ex
3031 3648 3170 3686 mss.
3204 3628 3606 3704 reposuimus:
3639 3628 3744 3682 ubi

2095 3704 2235 3759 libri
2266 3698 2406 3759 editi
2441 3704 2681 3776 legunt:
2720 3725 2746 3752 «
2781 3704 3064 3776 Memores
3094 3698 3289 3776 vestri,
3337 3698 3738 3776 Ecolesiaeque

2098 3793 2229 3847 qua)
2253 3782 2342 3832 est
2362 3777 2424 3831 in
2439 3766 2624 3847 Svi‘ia.
2642 3796 2671 3825 »
2687 3776 2926 3851 Paczfus
2952 3773 3126 3851 etiam
3147 3770 3401 3851 hichegit
3422 3766 3608 3850 ὑμῶνς
3632 3766 3739 3851 sed

2098 3838 2228 3918 quin
2260 3865 2399 3904 mox
2429 3838 2780 3918 sequuntur,
2830 3843 2948 3918 ὅθεν
2999 3842 3097 3918 οὒκ
3152 3838 3296 3914 ἄξϊὸς
3326 3838 3489 3913 ἐξω,
3539 3838 3740 3910 inquit

2095 3916 2392 3988 Morelius,
2425 3916 2586 3989 ἡμῶν
2616 3916 3135 3989 οοωρτοθξωιηιο.

2167 3992 2276 4061 (l2)
2330 3981 2783 4061 ’Ϋπόὺσσόμενρί
2866 3991 2947 4057 τῷ
3031 3984 3332 4061 ἐπισκᾶπῳ.
3394 3983 3583 4061 _f(__Ut
3640 3981 3745 4037 Dei

2095 4055 2401 4131 mandato,
2431 4083 2460 4113 η
2493 4055 2658 4117 addit
2687 4060 2782 4115 hic
2814 4055 3018 4115 noster
3046 4055 3359 4130 interpres.
3394 4055 3518 4111 Vid.
3542 4070 3743 4126 supra.

2094 4135 2175 4189 Io.

2168 4205 2279 4277 (13)
2341 4205 2471 4265 Τοῖς
2501 4275 2513 4277 _
2544 4196 2955 4277 πρεσϐυτέροις.
3003 4199 3139 4277 ’καὶ
3183 4201 3347 4277 --τοῖς
3445 4194 3740 4277 διακόνοις.

2095 4270 2286 4331 Idem':
2311 4270 2749 4347 «Presbyterio,
2772 4270 3136 4330 o'mentione
3166 4272 3552 4328 diaconorum
3577 4270 3743 4344 peni-

2095 4354 2191 4403 tus
2222 4349 2462 4405 omissa.
2496 4350 2575 4402 ID.
3055 4412 3067 4416 _
3128 4415 3136 4416 ί
3540 4414 3556 4416 _
3582 4413 3614 4416 _,

2200 4420 2282 4490 14)
2343 4417 2669 4487 Ἀσπάζεται
2723 4417 2863 4490 ὑμᾶς
2918 4416 2983 4472 τὸ
3049 4412 3182 4490 ἐμὴ
3240 4417 3489 4490 πνεῦμα.
3538 4408 3745 4490 Idém_;

2096 4512 2125 4541 «
2157 4484 2490 4547 Cas'tiﬁcate
2519 4484 2779 4547 vestrum
2810 4506 3011 4546 meum
3043 4484 3339 4561 spiritum.
3377 4484 3405 4537 ἱ›
3444 4486 3572 4543 Vet.
3619 4484 3750 4541 vul-

2095 4567 2211 4631 gat.
2247 4583 2275 4613 «
2303 4563 2601 4618 Castiﬁcet
2629 4580 2729 4617 vos
2760 4563 3000 4631 spiritus
3033 4576 3223 4631 meus.
3258 4582 3286 4610 ››
3320 4561 3398 4613 In.

2096 4628 2209 4705 (15)
2271 4632 2536 4704 Ὀναίμην
2590 4632 2742 4704 ὑμῶν
2789 4628 2851 4686 ἓν
2911 4628 3118 4705 Κυρίῳ.
3169 4633 3275 4705 1nd
3294 4634 3521 4705 nostro_
3558 4628 3745 4705 inter-

2094 4699 2261 4776 prete
2290 4722 2411 4761 nou
2429 4699 2713 4761 habetur.
2749 4705 2873 4760 Vet.
2906 4699 3123 4776 vulgat.
3150 4724 3201 4776 ,‹‹
3235 4700 3626 4776 Et_acquisiti
3665 4699 3747 4776 _in

2095 4771 2377 4852 Domino.
2400 4778 2587 4832 Arnen
2617 4794 2629 4831 :
2663 4798 2691 4826 »
2722 4776 2907 4852 velut
2935 4771 3081 4852 mis.
3114 4771 3440 4852 Magdalen.
3475 4777 3534 4827 et
3575 4772 3748 4852 Peta-

2094 4848 2248 4902 vian.
2284 4848 2502 4903 habent
2534 4864 2546 4902 :
2580 4871 2607 4898 ι(
2652 4847 2950 4917 Acquisivi
2982 4863 3081 4901 vos
3111 4844 3173 4899 in
3216 4844 3505 4917 Domino,
3540 4863 3569 4892 »
3617 4844 3747 4897 sine

2095 4941 2124 4971 «
2154 4922 2365 4976 Amen.
2401 4939 2425 4971 υ
2460 4919 2591 4974 Vid.
2625 4919 2685 4974 in
2718 4916 2895 4990 Epist.
2928 4919 3002 4974 ad
3031 4916 3372 4987 Magnesian.
3414 4916 3494 4971 In.
