4092 6142
371 369 493 430 853

1212 369 1619 434 ΕΡῙΒΤΟΕΒ
1658 367 2263 433 INTERPOLATB.
2310 369 2418 430 AD
2464 366 2945 431 SMYRNEOS.

3683 364 3804 427 854

371 503 565 560 αὐτοῦ.
605 498 753 575 Τίμα
793 504 933 576 (10),
981 503 1325 579 φησὶν,νυὶὶ,
1385 503 1478 558 τὸν
1540 504 1669 559 Θεὸν
1725 503 1813 559 καὶ
1877 504 2000 578 βασι

2144 502 2295 558 illius
2316 502 2383 568 7*,
2417 504 2663 571 Honora,
2698 503 2910 574 inquit,
2943 502 3046 573 ﬁli,
3082 502 3267 570 Deum,
3300 508 3351 558 et
3378 517 3561 571 regem
3579 501 3645 557 ⁷⁸.
3682 503 3799 574 Ego

366 589 482 647 λέα.
519 591 660 665 Ἐγὼ
692 588 748 646 δὲ
779 611 949 667 φημι·
984 591 1134 665 Τίμα
1167 593 1262 665 μὲν
1292 593 1386 648 τὸν
1419 592 1573 662 Θεὸν,
1615 593 1689 653 ὡς
1718 592 1893 647 αἳτιον
1919 596 2028 647 τῶν

363 679 508 735 ὅλων
537 680 628 734 καὶ
666 679 889 755 Κύριον*
948 678 1246 735 ἐπίσκοπον
1300 680 1381 747 δὲ,
1439 682 1518 743 ὡς
1573 679 1857 756 ἀρχιερέα,
1890 684 2025 736 Θεοῦ

363 768 548 825 εἰκόνα
602 772 897 848 φοροῦνταο
929 768 1064 825 κατὰ
1120 770 1214 843 μὶν
1267 770 1331 824 τὸ
1374 771 1584 848 ἄρχειν,
1617 774 1769 837 Θςοῦ,
1802 769 1936 824 κατὰ
1968 765 2026 824 δὶ

356 858 418 912 τὸ
448 857 759 931 ἱερατεύειν,
809 859 1051 932 Χριστοῦ
1099 859 1238 932 (11).
1287 859 1384 913 Καὶ
1439 861 1574 932 μετᾶ
1617 862 1828 930 τοῦτον,
1856 861 2022 930 τιμᾷν

360 948 471 1022 χρὴ
528 946 619 1000 καὶ
685 944 917 1022 βασιλὲα
969 950 1099 1015 (12).
1156 944 1296 1004 Οὔτε
1345 948 1450 1022 γὰρ
1508 952 1644 1001 Θεοῦ
1696 967 1780 1009 τις
1838 947 2023 1017 κρείτο

360 1054 468 1091 των
501 1038 639 1108 (13),
670 1036 706 1105 ἢ
740 1034 1128 1110 παραπλήσιος
1171 1035 1224 1090 ἐν
1271 1042 1401 1091 πᾶσι
1451 1040 1569 1098 τοῖς
1602 1035 1774 1092 οὖσιν·
1811 1035 1935 1090 οὔτε
1965 1033 2023 1091 δί

364 1123 416 1180 ἐι
474 1123 779 1196 Ἐκκλησία
834 1123 1134 1181 ἐπισκόπου
1191 1146 1243 1180 τι
1307 1130 1513 1198 μεῖζον,
1571 1126 1875 1202 ἱερωμένου
1906 1129 2022 1198 Θεῷ

365 1214 497 1289 ὑπὲρ
524 1220 625 1283 τῆς
683 1214 781 1268 τοῦ
814 1212 1024 1287 κόσμου
1081 1214 1281 1275 παντὸς
1340 1214 1639 1287 σωτηρίας’
1693 1210 1817 1270 οὔτε
1860 1215 2020 1289 βασι-

358 1308 499 1365 Αὲως
529 1324 614 1364 τις
644 1301 1032 1378 παραπλήσιος
1089 1303 1143 1358 ἐν
1196 1301 1485 1382 ἄρχουσιν,
1540 1302 1763 1379 εἰρήνην
1806 1304 1896 1358 καὶ
1928 1303 2018 1358 εὐ-

358 1391 554 1465 νομίαν
605 1397 721 1454 τοῖς
783 1392 1115 1468 ἀρχομένοις
1193 1392 1641 1467 πρυτανεύοντος.
1708 1394 1771 1450 Ὀ
1840 1397 2017 1466 τιμῶν

354 1482 646 1537 ἐπίσκοπον
706 1483 843 1555 (14),
906 1481 1010 1537 ὑπὸ
1067 1486 1202 1538 Θεοῦ
1257 1484 1645 1556 τιμηθήσεται’
1701 1481 1882 1559 ὥσπερ
1929 1483 2020 1539 οὖν

356 1574 384 1626 ὁ
418 1572 701 1645 ἀτιμάζων
740 1572 928 1639 αὐτὸν,
963 1571 1067 1627 ὑπὸ
1119 1576 1254 1628 Θεοῦ
1306 1572 1729 1643 κολασθήσεται.
1764 1573 1827 1630 Εἰ
1859 1576 1963 1651 γὰρ
1990 1575 2018 1630 6

362 1658 682 1735 βασιλεῦσίν
716 1659 1136 1737 ἐπεγειρόμενος
1161 1664 1296 1734 (15),
1320 1660 1602 1724 νολάσεως
1625 1659 1771 1735 ἄξιος
1795 1658 2022 1727 δικαίως

358 1751 665 1827 γενήσεται,
721 1747 796 1811 ὥς
848 1769 908 1825 γε
962 1749 1260 1823 παραλύων
1313 1750 1413 1818 τήν
1469 1751 1662 1821 κοινήν
1731 1750 2012 1823 εὐνομίαν·

355 1840 509 1911 πόσῳ
535 1835 744 1893 δοκεῖτε
772 1840 1028 1913 χείρονος
1078 1838 1440 1910 ἀξιωθήσεται
1498 1839 1792 1916 τιμωρίας,
1829 1841 1857 1895 6
1890 1837 2014 1904 ἄνευ

358 1926 657 1983 ἐπισκόπου
683 1948 735 1982 τι
767 1932 940 1982 ποιεῖν
986 1928 1445 2003 προαιρούμενος,
1492 1931 1581 1984 καὶ
1619 1930 1721 1997 τὴν
1752 1930 2010 2003 ὁμόνοιαν

349 2013 627 2086 διασπῶν,
657 2016 747 2071 καὶ
776 2017 875 2085 τήν
909 2014 1153 2089 εὐταξίαν
1207 2015 1453 2091 συγχέων
1512 2020 1665 2091 (16);
1723 2018 2008 2093 Ἰερωσύνη

345 2106 448 2179 γάρ
482 2107 616 2175 ἐστι,
672 2105 739 2160 τὸ
798 2106 1017 2160 πάντων
1078 2106 1290 2182 ἀγαθῶν
1315 2103 1370 2161 ἓν
1406 2106 1712 2182 ἀνθρώποις
1744 2102 2010 2178 ἀναϐεϐη-

344 2196 461 2256 κόςο
495 2197 565 2265 ἧς
607 2196 635 2250 6
664 2196 1014 2266 καταμανεὲς,
1070 2195 1169 2249 οὐκ
1226 2193 1513 2269 ἄνθρωπον
1559 2197 1832 2269 ἀτιμάζει,
1865 2194 2011 2253 ἄλλα

346 2283 503 2351 Θεὸν,
532 2282 623 2337 καὶ
656 2284 898 2357 Χριστὸν
932 2284 1165 2353 Ἰησοῦν,
1196 2283 1291 2337 τὸν
1317 2283 1690 2359 πρωτότοκον,
1714 2285 1805 2338 καὶ
1842 2286 2007 2358 μόνον

345 2375 414 2445 τῇ
448 2371 602 2449 φύσει
641 2374 739 2425 τοῦ
792 2372 1002 2446 [ἰατρὸς
1060 2371 1320 2447 ἀρχιερέα
1377 2373 1510 2446 (1⁸1).
1550 2371 1725 2427 Πάντα
1756 2372 1847 2427 οὖν
1883 2373 2009 2447 ὑμῖν

349 2461 463 2533 μετ’
524 2460 768 2532 εὐταξίας
826 2458 1181 2524 ἐπιτελείσθω
1240 2458 1292 2514 ἐν
1354 2462 1574 2535 Χριστῷ
1619 2462 1750 2535 (18).
1787 2461 1854 2517 Οἱ
1886 2460 2007 2516 λαϊ-

346 2549 432 2604 κοὶ
467 2552 603 2623 (19),
633 2554 752 2611 τοῖς
785 2547 1060 2611 διακόνοις
1098 2550 1601 2606 ὑποτασσέσθωσαν.
1635 2550 1703 2606 Οἳ
1735 2547 2004 2619 διάκονοι,

344 2644 460 2701 τοῖς
490 2633 898 2715 πρεσϐυτέροις
926 2642 976 2694 οἱ
1005 2635 1387 2715 πρεσϐύτεροι,
1409 2645 1485 2711 τῷ
1510 2639 1811 2712 ὲπισκόπῳ·
1839 2641 1867 2695 6
1894 2639 2009 2695 ἐπί-

350 2748 573 2798 σκοπος,
602 2733 681 2801 τῷ
713 2729 954 2800 Χριστῷ,
988 2729 1063 2790 ὡς
1097 2727 1256 2791 αὐτὸς
1286 2729 1365 2800 τῷ
1401 2730 1591 2805 Πατρί.
1634 2726 1784 2793 Καθό
1814 2731 1858 2765 ⁷⁸
1888 2732 2005 2803 (20)

362 2838 426 2888 με
484 2818 829 2887 ἀνεπαύσατε,
887 2815 1137 2895 ἀδελφοὶ,
1190 2818 1281 2873 καὶ
1344 2817 1484 2891 ὑμᾶς
1545 2819 1752 2888 Ἰησοῦς
1800 2820 1827 2873 6
1860 2820 2002 2894 Χρι-

358 2905 502 2969 στός.
533 2906 761 2963 Ἀπόντα
813 2927 880 2981 με
937 2906 1026 2961 καὶ
1066 2907 1306 2982 παρόντα
1347 2909 1686 2984 ήγαπήσατε’
1719 2907 2003 2982 ἀμείψεται

356 2996 493 3068 ὑμᾶς
522 2996 549 3050 ὁ
580 2997 732 3063 Θεὸς,
768 2993 838 3050 δι’
871 2993 928 3050 ὅν
960 2999 1125 3051 ταῦτα
1177 2995 1254 3058 εἷς
1301 2996 1392 3052 τὸν
1451 2994 1671 3069 δέσμιον
1704 2996 1868 3051 αὐτοῦ
1905 3000 2001 3052 ὲν-

348 3081 609 3154 εδείξεσθε
638 3087 773 3158 (21).
834 3083 903 3140 Εἴ
953 3086 1057 3162 γὰρ
1116 3084 1206 3138 καὶ
1268 3086 1345 3156 μή
1377 3085 1493 3159 εἶμι
1525 3086 1731 3152 ἱκανὸς,
1764 3084 1912 3142 ἀλλὰ
1938 3087 2001 3141 τὸ

346 3180 446 3243 τῆς
477 3172 786 3248 προθυμίας
822 3173 973 3247 ὑμῶν
1039 3175 1195 3249 μέγα.
1256 3175 1316 3231 Ὁ
1372 3179 1553 3248 τιμῶν
1581 3176 1681 3251 γὰρ
1715 3177 2005 3253 προφήτην

2140 608 2277 648 vero
2295 592 2426 648 dico
2448 610 2460 647 :
2486 594 2721 649 Honora
2739 593 2982 663 quidem
3008 593 3286 657 Deum,ut
3306 592 3575 646 omnium
3597 596 3796 648 aucto-

2141 697 2266 738 rem
2289 687 2346 738 et
2362 682 2710 738 Dominum:
2736 684 3080 755 episcopum
3103 688 3332 751 vero,ut
3352 684 3682 754 principem
3705 697 3794 737 sa-

2140 772 2468 840 cerdotum,
2494 772 2596 843 qui
2627 772 2944 845 imaginem
2973 773 3073 827 Dei
3095 772 3339 839 iert;l)ei
3373 771 3636 843 quidem,
3659 787 3798 844 pro-

2138 867 2270 934 pter
2287 861 2933 934 principatum;Christi
2952 867 3358 935 vero,propter
3378 860 3799 917 sacerdotium.

2136 953 2352 1024 Etpost
2371 951 2531 1007 hunc
2543 951 2834 1007 honorare
2853 956 3085 1023 oportet
3101 952 3276 1008 etiam
3288 951 3633 1024 regem.Nec
3650 949 3805 1005 enim

2139 1044 2253 1096 Deo
2276 1041 2592 1113 quisquam
2623 1040 3005 1113 praestantior
3025 1046 3135 1107 est,
3160 1046 3262 1095 aut
3288 1039 3499 1095 similis
3525 1041 3587 1094 in
3618 1038 3797 1093 rebus

2135 1129 2455 1197 omnibus;
2488 1147 2598 1186 nec
2639 1129 2939 1201 episcopo,
2974 1129 3073 1201 qui
3124 1130 3243 1185 Deo
3292 1132 3674 1184 consecratus
3713 1131 3804 1182 est

2132 1234 2241 1291 pro
2257 1218 2439 1276 totius
2456 1218 2665 1275 mundi
2680 1217 3227 1289 salute,quidquam
3246 1218 3439 1288 majus
3456 1217 3517 1271 in
3535 1215 3799 1271 Ecclesia

2134 1324 2245 1365 nec
2269 1309 2425 1363 inter
2448 1307 2748 1381 principes
2770 1308 3067 1379 quispiam
3097 1307 3309 1363 similis
3330 1307 3476 1377 regi,
3492 1321 3699 1377 pacem
3726 1320 3794 1360 ac

2133 1397 2242 1452 sub
2265 1396 2450 1467 aequis
2481 1396 2710 1470 legibus
2742 1395 3236 1467 tranquillitatem
3268 1395 3546 1467 sabjectis
3575 1410 3793 1467 procu—

2130 1486 2309 1542 ranti.
2342 1486 2449 1551 Qui
2484 1486 3113 1556 honoratepiscopum,
3138 1501 3172 1538 a
3201 1486 3319 1539 Deo
3352 1483 3747 1539 honorabitur
3775 1501 3792 1550 ;

2133 1576 2289 1632 sicut
2319 1576 2420 1648 qui
2453 1574 2783 1648 ignominia
2803 1573 2986 1628 afficit
3007 1573 3202 1640 illum,
3226 1589 3260 1628 a
3279 1573 3396 1627 Deo
3421 1574 3702 1644 punietur
3719 1572 3789 1629 ⁷³.

2131 1665 2189 1721 Si
2221 1666 2381 1720 enim
2406 1664 2543 1737 jure
2576 1664 2690 1719 erit
2718 1679 2894 1734 pmna
2922 1662 3157 1733 dignus,
3181 1662 3282 1732 qui
3307 1661 3590 1717 adversus
3619 1678 3787 1733 reges

2130 1753 2475 1825 insurgit,ut
2492 1753 2594 1823 qui
2613 1751 2869 1806 resolvat
2881 1766 3260 1805 communem
3276 1750 3789 1820 quietem;quanto

2130 1839 2353 1911 putatis
2369 1838 2611 1911 gravius
2630 1836 2961 1892 merebitur
2982 1835 3469 1908 supplicium,qui
3501 1835 3629 1891 sine
3661 1836 3755 1906 epi
3772 1865 3788 1877 -

2124 1945 2301 2001 scopo
2333 1928 2478 1999 quid
2509 1926 2669 1982 volet
2714 1942 2910 1999 agere,
2961 1925 3342 1981 concordiam
3389 1940 3696 1996 rumpens,
3730 1930 3790 1980 et

2121 2018 2345 2075 bonum
2364 2017 2635 2073 ordinem
2654 2015 3024 2071 confundens
3038 2013 3065 2070 ‘2
3078 2014 3485 2070 Sacerdotium
3507 2015 3668 2069 enim
3692 2019 3782 2069 est

2122 2108 2391 2163 omnium
2422 2107 2737 2174 bonorum,
2770 2121 2901 2176 qum
2934 2106 2997 2159 in
3043 2104 3386 2159 hominibus
3407 2108 3568 2171 sunt,
3601 2120 3771 2175 apex,

2120 2197 2399 2253 adversus
2429 2194 2588 2267 quod
2613 2195 2714 2265 qui
2753 2194 2915 2257 furit,
2947 2209 3065 2247 non
3096 2193 3402 2247 hominem
3446 2192 3776 2264 ignominia

2120 2287 2324 2353 afﬁcit,
2358 2285 2462 2340 sed
2505 2285 2709 2351 Deum,
2740 2288 2796 2336 et
2826 2283 3123 2337 Christum
3153 2283 3374 2344 Jesum,
3406 2280 3771 2352 primogeni-

2120 2383 2266 2443 tum,
2301 2375 2520 2445 quique
2559 2372 2721 2427 solus
2776 2376 2865 2425 est
2921 2374 3134 2425 natura
3189 2368 3451 2440 pontifex
3487 2370 3672 2423 Patris
3700 2367 3765 2423 ⁷⁵.

2119 2466 2331 2521 Omnia
2360 2464 2536 2536 igitur
2564 2462 2728 2517 vobis
2767 2460 2997 2515 decenti
3049 2458 3257 2514 ordine
3287 2458 3675 2531 perficiantur
3703 2459 3766 2513 in

2116 2555 2365 2610 Christo.
2403 2551 2556 2607 Laici
2590 2549 2856 2605 diaconis
2891 2549 3317 2620 subjiciantur;
3352 2548 3606 2616 diaconi,
3638 2563 3771 2619 pre-

2115 2643 2404 2715 sbyteris;
2438 2639 2788 2712 presbyteri,
2816 2638 3130 2710 episcopo;
3166 2636 3770 2709 episcopus,Christo,

2115 2737 2179 2788 ut
2207 2732 2331 2803 ipse
2363 2730 2542 2785 Patri.
2576 2726 3088 2794 Quemadmodum
3139 2742 3232 2781 me
3280 2726 3613 2795 recreastis,
3647 2726 3769 2780 fra-

2115 2825 2255 2888 tres,
2288 2824 2346 2874 et
2374 2835 2473 2873 vos
2521 2821 2749 2872 recreet
2794 2816 2963 2870 Jesus
3002 2815 3286 2870 Christus.
3319 2814 3640 2869 Absentem
3672 2831 3767 2869 me

2113 2926 2180 2966 ac
2213 2915 2563 2981 praesentem
2590 2906 2880 2962 dilexistis
2904 2922 2918 2971 ;
2947 2905 3232 2960 retribuet
3252 2905 3415 2959 vobis
3439 2906 3615 2973 Deus,
3639 2922 3771 2976 pro-

2112 3004 2243 3072 pter
2272 3015 2450 3070 quem
2479 2997 2607 3053 hmc
2636 2997 2699 3051 in
2730 2996 2990 3050 vinctum
3021 2994 3185 3049 illius
3217 2994 3580 3049 contulistis.
3617 2996 3762 3049 Nam

2115 3090 2222 3143 etsi
2247 3105 2367 3143 non
2388 3104 2520 3143 sum
2542 3087 2775 3158 dignus,
2797 3090 2856 3140 at
2876 3101 3092 3157 magna
3113 3087 3203 3139 est
3224 3084 3408 3139 animi
3432 3085 3608 3138 vertri
3631 3101 3768 3154 pro-

2113 3179 2339 3251 pensio.
2373 3179 2478 3243 Qui
2500 3176 2658 3231 enim
2690 3176 2921 3229 honorat
2949 3174 3278 3245 prophetam
3301 3176 3357 3227 in
3377 3175 3598 3228 nomine
3622 3189 3765 3243 pro-

346 3264 422 3324 εἱς
475 3264 650 3337 ὸνομα
734 3264 1045 3341 προφήτου,
1109 3264 1299 3336 μισθὸν
1376 3265 1665 3342 προφήτου
1741 3252 1999 3339 λήψεται.

2130 3268 2311 3337 ιὴεεω,
2341 3266 2638 3321 mercedem
2692 3264 2977 3335 propheta:
3027 3265 3261 3333 accipiet
3288 3261 3355 3318 ⁷⁸³.
3390 3262 3762 3317 Manifestum

416 3379 619 3453 "715a.
656 3397 797 3453 ixi},
827 3384 886 3453 11
918 3395 956 3453 :_
996 3380 1180 3436 Const.
1236 3398 1328 3453 ap.
1374 3397 1431 3449 ιι,
1468 3384 1553 3437 14.

348 3452 396 3489 το
424 3452 498 3508 al.
532 3451 689 3507 καθά.
722 3450 770 3484 ⁷⁷
802 3451 1001 3506 Matth.
1035 3453 1217 3521 1,41.

418 3567 726 3643 (1Ο)Ῠ’Ῑ“ίμα.
756 3566 1013 3643 Adeum
1044 3568 1243 3643 locum
1270 3570 1438 3643 Prov.
1477 3585 1625 3643 xxiv,
1650 3573 1738 3643 21,
1767 3570 1870 3641 qui
1893 3587 2001 3643 pu-

356 3646 512 3696 tatur
541 3638 735 3695 Beda:
770 3661 797 3689 ‹‹
833 3640 1032 3710 Neque
1062 3638 1290 3710 aliquid
1319 3638 1534 3707 obstat,
1568 3640 1631 3695 in
1663 3638 1914 3697 Domino
1945 3645 2005 3697 et

353 3728 505 3782 rege,
542 3713 775 3765 Patrem
800 3715 859 3765 et
878 3710 1090 3783 Filium
1113 3710 1410 3781 intelligas
1431 3711 1858 3783 designari,qui
1884 3729 2001 3768 uno

352 3785 681 3853 eodemque
710 3787 850 3837 sunt
878 3782 1202 3853 divinitatis
1249 3783 1474 3837 honore
1526 3782 1795 3850 celendii
1833 3806 1859 3833 »
1893 3786 2002 3840 hoc

350 3855 511 3910 enim
535 3852 709 3908 modo
737 3869 952 3925 censeo
978 3852 1314 3925 legendum,
1340 3853 1440 3908 ubi
1467 3859 1627 3909 tomo
1655 3856 1776 3909 VIII
1808 3856 2003 3911 Hiero-

350 3926 513 3996 nymi
544 3940 826 3996 excusum
858 3923 1131 3996 habetur,
1160 3945 1188 3974 «
1210 3931 1286 3996 Aut
1314 3941 1534 3996 regem.
1560 3946 1589 3996 φ)
1621 3926 1751 3980 Cor.

419 3998 646 4051 Ibidem.
705 3995 869 4067 Τίμα,
968 3994 1112 4063 ησὶν,
1172 3994 1274 4064 υἱὲ,
1333 3994 1425 4049 τὸν
1483 3994 1634 4061 Θεὸν,
1691 3996 1779 4049 καὶ
1840 3997 2004 4122 βασι-

419 4084 468 4120 α’
503 4066 612 4122 ἐγὼ
643 4063 700 4120 δὲ
731 4087 899 4122 φημι.
928 4014 1313 4122 ξᾶιοιιιοιιοιῐι
1343 4067 1416 4122 ab
1448 4068 1562 4121 isto
1593 4069 1805 4122 corriai
1882 4068 2002 4122 isce

349 4064 468 4143 λὲας
494 4066 612 4143 Δἐγὼ
643 4063 700 4120 δὲ
731 4063 917 4143 φῂμιζ
933 4063 1313 4143 Salomonem
1343 4067 1429 4143 ab
1448 4068 1574 4143 ist_o_
1593 4069 1805 4143 corrigi
1840 4063 2002 4124 hisce

351 4138 553 4194 verbis
572 4138 756 4209 notat,
788 4139 849 4193 in
881 4140 1225 4194 Problemate
1249 4154 1377 4203 suo,
1401 4138 1997 4195 Perkinsius'noster:

352 4212 520 4282 quasi
552 4209 744 4281 major
770 4210 1082 4282 salomone
1113 4215 1272 4265 esset
1300 4209 1415 4265 hic.
1451 4210 1646 4282 Ussaa.

424 4283 538 4353 (11)
592 4275 725 4355 Θεοῦ
751 4275 996 4355 *εἶχόναῄ
1024 4282 1314 4355 φορούνταο
1346 4279 1506 4355 ’κατὰ
1554 4278 2000 4355 Ῠμὲνντὸᾷρχειν,

352 4348 709 4425 Θεὸῦίκατα
748 4348 805 4405 δὶ
859 4352 921 4405 τὸ
972 4348 1295 4425 ’ἱερατεύειν,
1346 4348 1599 4425 Χριστοῦ.
1634 4348 2003 4425 Manifestum

353 4440 481 4479 esse
510 4424 607 4479 hic
638 4423 1072 4480 atl‘ectationem
1124 4423 1467 4479 subtilitatis
1500 4424 1906 4494 ineptissimaa,
1941 4425 2004 4480 in

354 4496 476 4551 suis
507 4495 581 4551 ad
614 4496 772 4551 hunc
816 4496 1015 4552 locum
1062 4495 1218 4550 notis
1257 4495 1479 4551 criticis
1510 4495 1780 4552 observat
1810 4496 2002 4551 Vede-

352 4567 488 4622 lius.
521 4588 549 4617 «
582 4566 810 4623 Tribuit
839 4568 999 4623 enim
1052 4566 1291 4636 (inquit)
1316 4636 1323 4637 γ
1347 4567 1466 4622 Deo
1489 4568 1647 4637 Patri
1684 4566 1747 4619 τὸ
1779 4563 1994 4637 ἄρχεινς

352 4584 488 4622 nus.
521 4588 549 4617 «
592 4584 810 4623 tribuit
839 4584 999 4623 enim
1052 4584 1291 4636 (inquit)
1347 4584 1466 4622 ueo
1489 4584 1647 4622 Fau‘l
1684 4585 1747 4619 το
1779 4585 1843 4637 αρ
1895 4586 1994 4635 etv;

350 4639 929 4721 imperaretChristo
960 4637 1258 4721 autemn-cb
1312 4636 1602 4721 ἱερατεύειν
1628 4584 2002 4721 ;.secun6um
2035 4657 2080 4721 Ι)

352 4710 536 4781 prius,
570 4710 713 4765 dicit
743 4710 1087 4780 episcopum
1114 4711 1283 4781 illeo,
1321 4709 1477 4781 Patri
1540 4709 1797 4781 similem
1829 4727 2000 4777 esse;

353 4778 677 4836 secundum
712 4778 1027 4853 posterius,
1052 4778 1209 4853 AFilio
1249 4780 1386 4853 _Dei.
1420 4780 1596 4845 Quasi
1629 4797 1764 4853 vero
1803 4782 2005 4853 Chisto

353 4869 474 4908 non
499 4849 862 4924 competeret
883 4859 948 4906 ut
966 4850 1027 4925 τὸ
1050 4849 1367 4925 ἱερατεύειν,
1396 4853 1480 4906 sic
1505 4852 1683 4908 etiam
1707 4851 1770 4906 τὸ
1794 4849 2004 4925 ἄρχειν.

355 4922 654 5004 Scriptura
677 4930 834 5004 certe
859 4924 1089 5004 Christo
1123 4922 1327 5004 tribuit
1348 4929 1667 5004 utrumque
1691 4922 2005 5004 tumelias,

354 4992 737 5067 tum'quando
763 4996 955 5066 ipsum
978 4992 1236 5068 ᾀρχιερὲα
1253 5000 1427 5068 vocat
1449 5011 1462 5049 :
1488 4992 1589 5068 ubi
1611 4997 1854 5051 nomine
1879 4996 2007 5066 ipso

355 5064 674 5137 utrumque
738 5064 1453 5138 eiprimit,”q_uod__rhoc
1511 5066 1640 5138 loco
1698 5064 2010 5138 corruptor

355 5134 863 5209 Ignatiiwdivertit,
891 5161 911 5187 ι
946 5136 1036 5191 vel
1067 5157 1096 5186 ‹‹
1127 5134 1353 5191 divellit
1385 5159 1412 5185 ››
1447 5136 1774 5209 potius._lo.

423 5212 551 5285 (12)
587 5208 684 5285 Καὶ
742 5208 879 5280 μετᾶ
933 5210 1369 5285 τοῦτονητι-μᾷν
1603 5206 1695 5261 καὶ
1758 5205 2006 5281 βασιλέα.

357 5280 497 5335 Vide
524 5279 938 5353 Proiegomen.
970 5295 1097 5351 cap.
1136 5280 1222 5333 10.
1256 5279 1331 5334 lo.

422 5352 538 5423 (13)
598 5348 733 5432 Οὐτέ
789 5350 892 5421 γὰρ
952 5348 1093 5432 ΘεοῦΔ
1140 5368 1224 5432 τις
1280 5349 1564 5432 κρείττων.
1630 5368 1651 5397 ι
1702 5351 1818 5432 Nec
1849 5350 2009 5407 enim

356 5439 494 5549 rege
553 5426 870 5493 quisquam
920 5426 1301 5503 prmstantior
1359 5442 1387 5471 »
1446 5426 1508 5503 in
1573 5426 1848 5504 versione
1906 5438 2013 5477 sua

358 5509 423 5548 re
471 5494 622 5550 didit
682 5495 1268 5565 Vairleniussregis
1316 5508 1580 5560 nomine,
1612 5509 1718 5564 pro
1748 5494 1872 5556 Dei,
1906 5510 2013 5565 per

363 5565 656 5620 incuriam
692 5566 1035 5621 substituto.
1071 5564 1151 5618 In.

429 5637 543 5707 (14)
574 5637 635 5693 Ὁ
662 5639 844 5708 τιμῶν
878 5633 1195 5708 ἐπίσκοπον.
1364 5634 1672 5708 Antiocho,
1704 5634 1767 5690 in
1801 5636 2010 5708 homil.

364 5708 464 5761 124
494 5704 555 5762 et
587 5704 969 5775 Damasceno,
1002 5707 1063 5763 in
1094 5704 1354 5776 Parotlel.
1383 5704 1486 5776 lib.
1513 5722 1571 5773 ιι,
1598 5722 1727 5776 cap.
1759 5710 1848 5776 25,
1876 5706 2014 5763 cita-

353 5782 449 5831 tus
482 5778 735 5835 habetur
756 5779 853 5833 hic
884 5778 1089 5844 locus;
1120 5781 1186 5831 ut
1214 5775 1277 5830 in
1309 5775 1720 5849 Prolegomen.
1741 5819 1754 5846 ,
1787 5779 2009 5849 cap.l8,

1659 3384 1706 3418 ’³³
1736 3384 1904 3439 Prov.
1966 3401 2115 3453 xxw,
2146 3384 2236 3439 2|.

2339 3384 2385 3418 ἠ
2419 3382 2599 3437 Const.
2632 3398 2725 3452 ap.
2759 3397 2831 3452 v1,
2866 3385 2918 3437 2.
3021 3379 3068 3415 ⁷⁸
3097 3380 3138 3437 l.
3187 3382 3368 3440 Const.
3402 3399 3493 3456 ap.
3527 3401 3643 3453 vm,
3669 3385 3765 3440 46.

2111 3570 2437 3626 indicatum
2469 3574 2575 3625 est.
2611 3572 2689 3626 In.

2182 3645 2288 3716 (i5)
2322 3640 2381 3695 Εἰ
2441 3640 2543 3716 γὰρ
2626 3639 2653 3693 6
2741 3637 3052 3716 βασιλεῦσιν
3107 3637 3572 3716 ἐπεγειρόμενοςκ
3624 3643 3764 3716 Vide

2111 3713 2546 3784 Prolegome'n.,
2580 3728 2709 3784 cap;
2743 3713 2820 3765 ⁷10
2852 3718 2909 3766 et
2938 3714 3185 3784 cap._i_8,
3214 3713 3272 3767 et
3292 3713 3432 3768 nota
3458 3713 3765 3784 verbailla

2113 3778 2315 3840 Graeci
2354 3783 2614 3838 codicis:
2652 3778 2747 3843 ”ὥς
2802 3802 2865 3855 γε
2921 3778 3219 3855 παραλύων
3249 3785 3347 3851 τήν
3380 3785 3571 3853 κοινὴν
3605 3783 3761 3838 εὐνο-

2117 3856 2267 3926 μίαν,
2301 3855 2361 3908 in
2393 3861 2587 3908 vetere
2611 3870 2847 3924 quoque
2868 3855 3101 3925 vulgata
3126 3856 3328 3911 Latina
3348 3857 3614 3913 versione
3646 3874 3767 3914 non

2112 3942 2479 4016 comparere.
2511 3928 2588 4014 Io.

2183 3992 2297 4070 (16)
2343 3996 2444 4070 Καὶ
2500 3996 2602 4070 τὴν
2656 3993 2918 4070 ’ὁμόνοιαν
2984 3992 3242 4070 διασπῶν,
3302 3997 3388 4051 καὶ
3449 3999 3549 4065 τὴν
3611 3998 3767 4054 εὐτα-

2112 4065 2225 4139 ξίαν
2256 4065 2525 4140 συγχέων.
2560 4069 2759 4137 Neque
2820 4069 2942 4142 ista
2992 4068 3170 4123 etiam
3219 4086 3253 4124 a
3300 4071 3528 4142 vulgato
3558 4071 3764 4127 Latino

2113 4144 2436 4209 interprete
2466 4144 2888 4209 agnoscuntur.
2908 4140 2999 4209 lo.

2183 4158 2268 4195 ter
2312 4158 2436 4194 rete
2466 4158 2888 4209 agnoscuntur.
2923 4158 2999 4193 ιι).

2183 4158 2316 4337 (ΠΣ
2347 4210 2444 4265 Καὶ
2504 4207 2668 4282 μόνον
2721 4211 2790 4281 τῇ
2850 4207 3003 4285 φύσει
3060 4214 3158 4264 τοῦ
3215 4211 3423 4286 Πατρὸς
3480 4212 3760 4287 ἀρχιερέα.

2185 4283 2241 4337 (1.
2320 4282 2710 4337 ι-οὶθειοιιιθιι..
2744 4299 2871 4337 can.
2907 4281 3103 4337 75.11).

2114 4283 2241 4338 Vid.
2274 4281 2710 4353 ProlegOmen.,
2744 4281 2872 4353 cap.
2907 4283 2997 4346 75,
3024 4281 3103 4353 Io.

2216 4356 2296 4425 l8)
2363 4350 2538 4406 Πάντα
2595 4350 2685 4405 οὖν
2749 4352 2878 4424 ὑμῖν
2938 4352 3053 4425 μετ’
3113 4350 3353 4422 εὐταξίας
3405 4351 3759 4416 ἐπι-τελείσθω

2112 4423 2170 4507 ἒν.
2193 4423 2431 4507 Χριστῷ.
2467 4425 2720 4507 Prohis.
2756 4423 2959 4507 noster
2986 4425 3282 4507 interpres
3312 4426 3528 4507 habet:
3561 4450 3590 4477 «
3614 4428 3759 4507 pm:

2112 4498 2213 4571 nia
2241 4494 2420 4571 igitur
2466 4494 2630 4571 vobis
2677 4497 2739 4550 in
2786 4496 2976 4568 gratia
3023 4494 3545 4567 supérabundent;
3596 4498 3759 4571 digni

2115 4566 2289 4624 enim'
2306 4569 2468 4623 estis.
2503 4588 2531 4615 ››
2567 4566 2646 4622 lo.

2182 4641 2291 4709 (19)
2323 4638 2390 4712 Οἱ
2421 4635 2625 4712 latitet.
2658 4640 2820 4695 Hanc
2850 4656 3051 4694 vocem
3082 4640 3177 4709 (ab
3226 4641 3670 4712 interpolatore,
3702 4647 3761 4696 et

2111 4712 2208 4767 hic
2249 4711 2396 4784 etin
2427 4710 2671 4784 Epistola
2726 4712 2800 4765 ad
2854 4713 3231 4784 Magnesianos
3280 4710 3651 4784 usurpatam)
3684 4728 3757 4767 ne

2113 4782 2320 4864 lgnatii
2340 4780 2555 4864 saeculo
2578 4782 3058 4864 igno'tamfuisse‘
3069 4780 3573 4864 e§istim_e1n,i‘ai:it
3587 4780 3761 4864 iocus

2116 4852 2210 4941 ille
2233 4852 2561 4935 Clementis
2599 4852 2960 4941 in‘Epri‘st‘ola
2987 4854 3064 4940 ad
3093 4856 3428 4941 Corinthios
3460 4854 3760 4941 (“editionis

2112 4925 2400 4997 Iunianaa,
2433 4926 2684 4997 1383.353)
2708 4920 2815 4979 :10
2847 4920 3039 4984 λαϊκὸς
3092 4922 3373 4997 ἄνθρωπος
3403 4920 3531 4997 τοῖς
3551 4923 3765 4997 λα”ικοῖς

2115 4940 2400 4990 .Iumanaa,
2433 4941 2508 4995 pa
2551 4968 2564 4979 .
2597 4940 2721 4995 63):
2760 4940 2815 4979 'U
2848 4940 3039 4984 Λαϊκος
3092 4940 3373 4997 ανθρωπος
3403 4944 3518 4983 τοις
3553 4940 3764 4985 Λαικοις

2115 4940 2752 5069 προστάγμασιῖέδεται.
2779 5019 2816 5069 «μ
2832 4997 3038 5069 Laicus
3061 4996 3235 5051 homo
3259 4996 3569 5066 prameptis
3595 4995 3764 5069 laicis

2117 5064 2564 5138 constringitur.
2591 5090 2617 5117 ιι
2648 5068 2720 5121 Ut
2749 5067 2821 5121 ad
2850 5067 3198 5137 Apostoticos
3228 5064 3546 5122 canones‘et
3575 5064 3768 5138 Διατᾴο

2116 5139 2246 5207 ξεις,
2276 5139 2362 5205 (in
2394 5136 2609 5208 quibus
2630 5136 2956 5209 saepissime
2981 5137 3329 5192 vocabulum
3354 5138 3465 5191 hoc
3488 5136 3769 5207 occurrit)

2119 5211 2215 5265 hic
2237 5210 2550 5279 confugere
2572 5209 2725 5265 nihil
2746 5210 2823 5263 sit
2842 5224 3107 5263 necesse.
3134 5212 3198 5263 In
3222 5209 3584 5264 Tertulliano
3607 5209 3768 5262 enim

2118 5281 2386 5353 proximo
2410 5288 2543 5352 post
2566 5280 2858 5353 Ignatium
2881 5279 3119 5353 saeculo,
3144 5279 3431 5353 laicorum
3458 5295 3768 5335 occurrere

2119 5351 2507 5421 mentionem,
2540 5351 2714 5408 nemo
2745 5357 2836 5405 est
2866 5351 2967 5421 qui
2992 5351 3247 5423 ignoret.
3284 5352 3360 5406 lo.

2192 5424 2305 5493 (20)
2333 5425 2494 5479 Καθό.
2525 5426 2614 5479 Ita
2642 5423 2826 5479 codex
2886 5421 3404 5494 Nydpruccianus:
3453 5421 3572 5479 alii.
3604 5421 3767 5489 καθά,

2124 5494 2400 5566 Vulgatus
2429 5496 2746 5566 interpres,
2803 5516 2831 5543 «
2866 5494 3193 5550 secundum
3235 5494 3415 5566 quod.
3452 5516 3479 5543 υ
3536 5495 3764 5563 Noster,

2124 5588 2151 5616 «
2176 5566 2502 5622 secundum
2535 5567 2756 5622 omnia.
2785 5585 2813 5615 »
2845 5567 2922 5619 Io.

2192 5637 2306 5708 (2|)
2364 5639 2443 5690 Δι’
2499 5634 2558 5691 ὅν
2613 5640 2780 5690 ταῦτα
2838 5636 2914 5697 εἰς
2972 5635 3063 5689 τὸν
3142 5632 3363 5708 δέσμιον
3428 5636 3596 5691 αὐτοῦ
3652 5634 3765 5689 ἑνε-

2122 5704 2379 5776 δείξασθε.
2410 5712 2621 5766 Noster
2648 5709 2978 5779 interpres:
3014 5730 3043 5759 «
3074 5704 3315 5781 propter
3342 5726 3518 5781 quem
3562 5711 3763 5767 omnia

2123 5781 2508 5852 sustinentes,
2541 5782 2736 5853 ipsum
2767 5781 3205 5851 adipiscemini.
3240 5802 3267 5831 ››
3300 5783 3378 5835 In.
