4092 6142
246 292 368 353 855

986 289 1090 349 AD
1133 286 1557 349 EPISTOLAS
1600 288 1667 349 S.
1713 285 2010 349 IGNATII
2054 285 2467 349 GENUlNAS
2507 285 2941 349 APPENDIX.

3541 285 3663 344 856

253 429 344 480 est
373 423 530 496 quod
584 427 643 478 et
702 423 804 494 qui
860 422 1118 478 honorat
1165 421 1430 476 vinctum
1485 422 1625 475 Jesu
1667 419 1904 489 Christi,

2048 416 2207 487 ιῆλον
2239 418 2322 474 ὅτι
2351 418 2440 473 καὶ
2475 420 2502 473 ὁ
2531 423 2708 492 τιμῶν
2755 415 2975 492 δέσμιον
3006 418 3186 488 Ἰησοῦ
3232 418 3492 492 Χριστοῦ,
3528 436 3666 490 μαρ-

253 520 589 584 martyrum
620 512 873 583 accipiet
901 510 1238 566 mercedem
1268 509 1336 564 ⁷⁸.

328 604 393 659 x.
428 601 592 667 Quod
616 600 929 655 Philonem
952 606 1007 653 et
1029 600 1233 654 Caium
1256 604 1314 654 et
1332 599 1913 671 Agathopodem,qui

255 709 351 749 me
382 691 570 746 secuti
604 695 744 744 sunt
794 689 854 743 in
898 688 1074 743 verbo
1106 689 1232 757 Dei,
1259 694 1515 757 suntque
1545 689 1761 743 Christi
1789 688 1917 743 dia-

257 779 391 836 coni
425 785 482 835 et
514 778 796 846 ministri,
828 783 895 831 ut
923 778 1137 832 Christi
1192 777 1501 832 ministros
1545 778 1914 848 cxceperitis,

256 871 407 926 bene
439 868 687 935 fecistis,
717 869 816 939 qui
845 873 903 921 et
926 866 1216 938 plurimas
1237 868 1355 921 Deo
1377 884 1483 938 pro
1510 866 1674 922 vobis
1700 868 1919 939 gratias

258 963 461 1032 agunt,
494 957 652 1028 quod
683 955 961 1012 omnibus
992 955 1186 1010 modis
1217 956 1355 1010 illos
1379 955 1728 1010 refeceritis.
1763 956 1921 1010 Nihil

260 1048 425 1103 vobis
457 1064 579 1102 non
611 1044 1052 1116 computabitur
1082 1061 1285 1099 eorum
1313 1061 1445 1115 quas
1467 1044 1527 1099 in
1550 1044 1686 1100 illos
1718 1050 1919 1100 contu-

259 1139 443 1195 liotis.
497 1138 591 1191 Det
638 1136 804 1191 vobis
861 1136 1121 1192 00minus
1152 1138 1396 1191 mvem’re
1425 1136 1856 1191 misericordia»:
1887 1152 1921 1191 a

264 1226 492 1283 Domino
522 1229 582 1280 in
613 1226 714 1280 illa
743 1225 835 1280 die
853 1224 922 1277 ⁷9.
968 1227 1076 1279 Pro
1108 1224 1419 1279 animabus
1448 1224 1660 1279 vestris
1691 1226 1768 1278 sit
1800 1224 1922 1296 spi-

263 1317 415 1371 ritus
446 1331 635 1384 meus,
661 1319 719 1369 et
739 1313 972 1369 vincula
995 1329 1149 1380 mea,
1174 1330 1306 1383 qua:
1329 1329 1447 1367 non
1468 1313 1923 1373 fastidistis.nec

265 1402 612 1470 erubuistis,
649 1418 832 1472 quare
863 1418 973 1454 nec
999 1399 1072 1455 de
1127 1400 1290 1455 vobis
1322 1400 1633 1456 erubescet
1660 1401 1923 1472 perfecta

269 1508 428 1563 spes,
453 1492 621 1546 Jesus
650 1490 938 1545 Christus.

339 1581 433 1634 ΧΙ.
465 1578 845 1633 Precationes
868 1582 1076 1632 vestras
1103 1577 1474 1648 pertigerunt
1503 1577 1577 1632 ad
1602 1577 1924 1632 Antioche-

267 1683 481 1723 norum
513 1666 859 1731 Ecclesiam,
896 1672 955 1720 et
984 1682 1189 1737 pacem
1220 1664 1438 1734 habet;
1484 1666 1640 1720 unde
1672 1666 1925 1735 vinctus,

270 1772 478 1811 omnes
510 1755 725 1819 saluto,
759 1755 859 1824 qui
894 1771 1016 1810 non
1047 1770 1179 1810 sum
1213 1754 1425 1825 dignus
1457 1754 1595 1808 inde
1622 1770 1769 1820 esse,
1792 1770 1924 1809 cum

274 1850 574 1900 extremus
601 1844 713 1897 sim
747 1860 991 1908 eorum;
1052 1842 1156 1898 sed
1217 1843 1319 1898 Dei
1377 1843 1680 1898 voluntate
1711 1843 1929 1915 dignus

276 1937 525 1990 effectus
557 1950 687 1988 sum
713 1948 726 1999 ;
758 1950 880 1988 non
901 1934 1077 2004 juxta
1104 1933 1534 1988 conscientiam
1575 1949 1793 2002 meam,
1829 1932 1931 1987 sed

275 2041 348 2078 ex
374 2023 563 2095 gratia
594 2024 719 2091 Dei,
754 2038 933 2093 quam
964 2027 1101 2093 opto
1133 2023 1456 2093 perfectam
1505 2022 1651 2076 mihi
1684 2022 1834 2091 dari,
1867 2017 1933 2077 ut

276 2128 380 2181 per
410 2111 711 2166 orationes
740 2116 965 2166 vestras
997 2113 1182 2166 Deum
1236 2127 1541 2181 assequar.
1576 2111 1698 2175 Quo
1731 2112 1931 2181 itaque

275 2214 423 2271 opus
452 2204 714 2254 vestrum
764 2199 1102 2254 absolutum
1167 2200 1245 2254 sit
1296 2216 1476 2271 super
1532 2206 1750 2255 terram
1782 2205 1841 2254 et
1870 2200 1933 2254 in

273 2288 447 2355 caelo,
478 2287 650 2342 decet
678 2287 752 2341 ad
794 2288 898 2343 Dei
929 2288 1216 2343 honorem
1246 2289 1507 2345 Ecclesia
1535 2293 1729 2344 vestra
1757 2288 1934 2360 eligat

269 2392 505 2433 sacrum
538 2377 834 2448 legatum;
864 2382 929 2431 ut
951 2394 1085 2432 cum
1115 2378 1177 2431 in
1201 2378 1369 2450 Syria
1389 2378 1592 2447 fuerit,
1617 2383 1933 2450 congratu-

263 2465 423 2520 letur
451 2463 761 2535 illis,quod
790 2481 999 2537 pacem
1031 2466 1339 2522 consecuti
1365 2467 1509 2535 sint,
1529 2483 1820 2537 suamque
1840 2482 1937 2521 re-

265 2555 533 2627 ceperint
553 2555 1049 2627 magnitudinem,
1066 2574 1133 2611 ac
1160 2558 1503 2612 restitutum
1527 2559 1605 2612 sit
1627 2557 1746 2612 illis
1768 2573 1934 2612 suum

268 2644 681 2715 corpus.Quod
710 2643 957 2716 dignum
988 2646 1136 2700 mihi
1170 2646 1364 2700 visum
1397 2646 1528 2714 fuit,
1564 2645 1711 2700 illud
1733 2650 1843 2715 est,
1870 2650 1935 2699 ut

269 2731 531 2803 aliquem
560 2737 822 2787 vestrum
856 2733 1112 2789 mittatis
1165 2750 1301 2788 cum
1347 2734 1635 2805 epistola;
1665 2750 1781 2805 quo
1815 2749 1936 2788 una

270 2837 406 2878 cum
437 2821 559 2876 illis
587 2821 878 2893 glorificet
898 2822 1187 2887 Deum,de
1212 2822 1639 2893 tranquillitate
1663 2838 1839 2894 quam
1873 2823 1935 2877 in

274 2913 393 2968 Deo
415 2911 721 2966 consecuti
743 2915 882 2966 sunt
907 2927 921 2979 ;
949 2917 1007 2966 et
1027 2912 1187 2983 quod
1217 2912 1769 2967 commodissimum
1798 2928 1932 2983 por-

276 3007 428 3069 tum,
462 2999 785 3055 Christum.
820 3000 1179 3056 obtinuerim
1218 3018 1325 3072 per
1356 3002 1656 3057 orationes
1686 3008 1928 3058 vestras.

2022 506 2199 582 τύρων
2233 507 2467 581 λήψεται
2502 507 2690 580 μισθόν
2724 509 2858 581 (22).

2096 601 2167 654 Χ.
2202 595 2450 663 Φίλωνα,
2483 596 2572 651 καὶ
2606 597 2790 667 Γάϊον,
2848 597 2934 650 καὶ
2988 592 3350 671 ’Ᾱγαθόποδα,
3380 593 3433 648 οἳ
3463 594 3665 663 ἐπηκο-

2025 683 2301 757 λούθησάν
2339 707 2431 759 μοι
2464 685 2539 746 εἰς
2573 684 2738 762 λόγον
2764 690 2916 753 Θεοῦ,
2943 683 3188 740 διάκονοι
3231 687 3465 759 Χριστοῦ
3496 681 3671 753 ὄντες,

2026 775 2208 836 καλῶς
2264 773 2556 846 ἐποιήσατε
2617 772 3007 846 ὑποδεξάμενοι
3065 775 3139 835 ὡς
3193 770 3473 828 διακόνους
3534 778 3670 846 Χρι·

2025 868 2174 919 στοῦ.
2209 861 2278 921 Ο’ί
2333 865 2422 918 καὶ
2487 861 2691 943 σφόδρα
2748 864 3134 938 εὐχαριστοῦσι
3190 867 3270 934 τῷ
3326 860 3512 936 Κυρίῳ
3541 861 3670 933 ὑπὲρ

2027 952 2204 1023 ὓμῶν,
2265 951 2348 1007 ὅτι
2405 952 2604 1014 αὐτοὺς
2661 951 2992 1007 ἀνεπαύσατε
3047 952 3183 1006 κατὰ
3240 951 3412 1006 πάντα
3447 949 3670 1024 τρόπον.

2029 1039 2195 1097 Οὐδὲν
2255 1042 2380 1114 ὑμῖν
2440 1041 2967 1116 παραλογισθτςσεται
3027 1044 3140 1114 (23)
3199 1042 3271 1094 ὧν
3330 1040 3405 1101 εἷς
3478 1038 3674 1097 αὐτοὺς

2029 1131 2344 1201 ἐποιήσατε.
2412 1132 2535 1203 Δῲη
2600 1131 2723 1203 ὑμῖν
2774 1132 2802 1184 ὁ
2862 1130 3057 1206 Κύριος
3113 1131 3284 1204 εὑρεῖν
3340 1127 3494 1192 ἕλεος
3531 1127 3676 1202 παρᾶ

2033 1220 2229 1295 Κυρίου
2286 1218 2337 1274 ἐν
2392 1219 2568 1294 ἐκείνῃ
2629 1223 2698 1293 τῇ
2764 1221 2965 1293 ἡμέρᾳ.
3025 1221 3355 1297 Ἀντίψυχον
3413 1219 3568 1291 ὑμῶν
3613 1218 3676 1273 τὸ

2031 1310 2240 1382 πνεῦμά
2272 1329 2375 1381 μου
2418 1312 2554 1380 (24),
2612 1308 2700 1362 καὶ
2748 1308 2814 1363 τὰ
2873 1306 3045 1381 δεσμά
3083 1328 3210 1380 μου,
3264 1307 3298 1362 ἃ
3336 1306 3443 1382 οὐχ
3470 1307 3677 1381 ὑπερη-

2032 1400 2324 1477 φανήσατε,
2355 1394 2483 1452 οὐδὲ
2512 1395 2915 1475 ἐπῃσχύνθητε.
2941 1398 3034 1451 Διὸ
3066 1394 3190 1451 οὐδὲ
3216 1397 3356 1470 ὑμᾶς
3389 1396 3680 1474 ἐπαισχυν-

2035 1490 2255 1558 θήσεται
2287 1490 2321 1554 ἡ
2353 1485 2533 1541 τελεία
2561 1485 2737 1555 ἐλπὶς,
2766 1488 2977 1556 Ἰησοῦς
3009 1488 3036 1541 ὁ
3068 1488 3320 1560 Χριστός.

2108 1582 2198 1633 XI.
2232 1576 2297 1632 Ai
2329 1575 2632 1650 προσευχαὶ
2693 1576 2843 1646 ὑμῶν
2898 1573 3133 1652 ἤγγισαν
3191 1575 3266 1637 εἱς
3324 1577 3423 1644 τὴν
3471 1576 3680 1632 Ἀντιο-

2038 1665 2181 1743 χεων
2242 1660 2597 1736 Ἐκκλησίαν,
2657 1662 2747 1718 καί
2806 1663 3156 1738 εἷρηνεύεται·
3219 1662 3336 1718 ὅθεν
3366 1660 3679 1736 δεδεμένος,

1962 1757 2237 1838 Βπάντας
2295 1753 2628 1826 ἀσπάζομαι,
2689 1753 2788 1807 οὐκ
2843 1751 2918 1807 ὢν
2973 1750 3123 1825 ἄξιος
3182 1752 3399 1822 ἐκεῖθεν,
3451 1748 3681 1827 ἔσχατος

2038 1843 2214 1898 αὐτῶν
2245 1837 2318 1896 ὥν
2377 1844 2511 1915 (25)’
2570 1844 2705 1896 κατὰ
2763 1840 2822 1896 δὲ
2876 1842 3091 1915 θέλημα
3120 1846 3218 1898 τοῦ
3249 1847 3382 1898 Θεοῦ
3413 1846 3518 1915 (26)
3551 1862 3683 1897 κατ-

2036 1933 2277 2003 ηξιώθην
2308 1933 2375 1999 ⁸ο,
2425 1932 2528 1986 οὐκ
2577 1930 2637 1985 ἐκ
2692 1929 3051 2002 συνειδήσεως
3083 1931 3242 2004 ἐμῆς,
3276 1930 3403 1987 ἀλλ’
3430 1932 3490 1985 ἐκ
3519 1932 3685 2007 χάρι-

2036 2042 2128 2082 τος
2161 2025 2293 2075 Θεοῦ
2342 2019 2407 2089 ἥν
2443 2017 2680 2095 εὔχομαι
2711 2021 2920 2077 τελείαν
2957 2042 3050 2095 μοι
3081 2018 3336 2091 δοθῆναι,
3361 2022 3452 2076 ἳνα
3481 2020 3532 2075 ἐν
3565 2028 3684 2083 ταῖς

2034 2115 2369 2184 προσευχαῖς
2427 2110 2602 2182 ὑμῶν,
2663 2114 2796 2164 Θεοῦ
2852 2108 3120 2185 ἐπιτύχω.
3178 2111 3364 2171 Ὀπως
3407 2110 3497 2165 οὗν
3531 2110 3685 2183 ὑμῶν

2034 2198 2096 2252 τὸ
2148 2196 2303 2273 ἔργον
2340 2197 2547 2252 τὲλειον
2606 2199 2822 2273 γενηται
2880 2196 2966 2252 ἐπὶ
3028 2205 3129 2268 της
3185 2206 3309 2275 γῆς,
3367 2199 3457 2253 καὶ
3514 2197 3565 2254 ἒν
3606 2204 3687 2270 τῷ

2036 2285 2269 2360 οὐρανῷ,
2325 2285 2518 2361 πρὲπει
2575 2286 2650 2355 εἰς
2708 2290 2843 2340 Θεοῦ
2906 2288 3074 2360 τιμὴν
3134 2294 3523 2365 χειροτονῆσαι
3586 2289 3686 2357 τὴν

2036 2372 2363 2444 Ἐκκλησίαν
2423 2376 2574 2447 ὑμῶν
2629 2370 3029 2448 θεοπρεσϐύτην
3080 2379 3216 2449 (27),
3259 2376 3337 2438 εἷς
3388 2376 3474 2446 τὸ,
3533 2375 3688 2451 γενό-

2039 2480 2198 2539 μενον
2228 2462 2279 2519 ἐν
2312 2462 2506 2537 Συρίᾳ,
2566 2471 2910 2538 συγχαρῆναι
2965 2463 3171 2535 αὐτοῖς,
3204 2466 3287 2520 ὅτι
3319 2464 3688 2540 εἰρηνεύουσι,

2035 2553 2124 2608 καὶ
2183 2547 2461 2609 ἀπέλαϐον
2523 2554 2584 2608 τὸ
2646 2551 2779 2608 ἴδιον
2822 2551 3070 2628 μέγεθος,
3127 2555 3213 2609 καὶ
3277 2553 3688 2625 ἀποκατεστάθη

2036 2643 2224 2705 αὐτοῖς
2257 2645 2319 2699 τὸ
2351 2640 2491 2698 ἶΈιον
2526 2642 2827 2717 σωμάτιον.
2868 2645 2936 2701 ’Ὁ
2987 2643 3152 2720 ἐφάνη
3192 2665 3287 2718 μοι
3319 2643 3496 2716 ἄξιον,
3526 2645 3690 2700 τοῦτό

2036 2733 2196 2801 ἐστιν,
2254 2732 2395 2789 ὥστε
2448 2734 2662 2807 πέμψαι
2719 2734 2843 2789 τινὰ
2905 2738 3013 2788 τῶν
3074 2732 3348 2809 ὑμετέρων
3408 2739 3517 2805 (28)
3575 2737 3691 2808 μετ’

2036 2823 2351 2894 ἐπιστολῆς,
2378 2821 2471 2878 ’ίνα
2504 2820 2799 2898 συνδοξάσῃ
2856 2825 2958 2892 τήν
3014 2824 3150 2879 κατὰ
3199 2824 3329 2881 Θεὸν
3380 2826 3566 2888 αὐτοῖς
3599 2847 3694 2900 γε-

2034 2912 2272 2986 νομένην
2306 2910 2509 2982 εὐδίαν,
2544 2913 2632 2968 καὶ
2690 2912 2773 2967 δτι
2834 2910 3056 2986 λιμὲνος
3116 2914 3357 2989 εὐόρμου
3390 2916 3685 2990 τετύχηκα,

2036 3005 2291 3076 Χριστοῦ,
2351 2998 2441 3055 διὰ
2494 3006 2601 3056 τῶν
2657 3006 2981 3078 προσευχῶν
3048 3004 3221 3076 ὑμῶν·
3281 3002 3682 3070 Τέλειοιὸντες,

277 3090 423 3145 Cum
461 3090 707 3160 perfecti
739 3090 889 3153 sitis,
911 3090 1172 3160 perfecta
1194 3095 1254 3145 et
1274 3091 1509 3146 sentite.
1545 3090 1931 3162 Cupientibus

2048 3089 2220 3145 εέλεια
2249 3091 2337 3146 καὶ
2377 3097 2624 3169 φρονεῖτε
2660 3095 2784 3164 (29).
2838 3092 3067 3148 Θέλουσι
3120 3094 3225 3169 γὰρ
3273 3094 3396 3165 ὑμῖν
3427 3093 3482 3147 εὖ
3512 3094 3683 3166 πράτ-

276 3179 440 3234 enim
468 3179 632 3234 vobis
662 3179 817 3234 bene
836 3178 1054 3246 facere,
1074 3180 1252 3233 etiam
1273 3179 1430 3235 Deus
1458 3179 1657 3251 largiri
1690 3185 1931 3251 paratus

276 3273 388 3323 est.

346 3358 465 3412 ΧΠ.
492 3357 717 3412 Salutat
734 3375 833 3413 vos
856 3359 1177 3413 charitatas
1194 3358 1444 3415 fratrum
1474 3365 1803 3415 vestrorum
1830 3360 1929 3431 qui

282 3451 422 3501 sunt
444 3446 505 3501 in
526 3446 750 3502 Troade
778 3464 790 3500 :
822 3446 982 3502 unde
1014 3453 1073 3502 et
1099 3447 1291 3503 scribo
1322 3449 1485 3503 vobis
1515 3465 1623 3521 per
1653 3451 1930 3521 Burgum,

276 3552 456 3606 quem
488 3536 735 3591 misistis
764 3552 1149 3607 mecum,una
1179 3553 1315 3591 cum
1346 3538 1617 3610 Ephesiis
1648 3538 1932 3593 fratribus

275 3626 525 3694 vestris;
560 3627 609 3683 is
638 3644 745 3699 per
774 3628 975 3682 omnia
1031 3644 1125 3682 me
1181 3628 1549 3685 refocillavit.
1584 3631 1666 3685 Ac
1703 3629 1933 3684 utinam

353 3753 396 3786 ⁷³
425 3754 606 3825 ροηδε.
641 3769 734 3823 ap.
768 3770 821 3817 v,
861 3759 908 3806 1.
984 3753 1031 3787 ⁷⁸
1055 3753 1105 3807 II
1133 3753 1279 3809 Tim.
1313 3771 1350 3825 ι,
1387 3757 1470 3811 18.
1548 3753 1594 3789 ⁸ο
1624 3755 1700 3811 al.
1728 3751 1864 3806 κατὰ
1895 3762 1932 3815 θε

2048 3772 2111 3823 αα
2158 3751 2529 3823 κατηξιώθην.

287 3819 666 3898 συναδέλφοις.

357 3938 561 4012 (22)ξο
617 3937 815 4012 τιμῶν,
848 3933 1088 4012 δέσμιον
1135 3937 1316 4008 Ἰησοῦ
1398 3943 1653 4011 Χριστοῦ,
1717 3938 1931 4012 μαρτύέ

289 4007 396 4080 ρων
429 4007 910 4082 λήψεταίμισθόν.
943 4007 1030 4065 Ita
1076 4011 1137 4065 in
1200 4007 1645 4068 Constitutionib.’
1701 4007 1928 4081 apostol.

286 4081 387 4139 lib.
423 4099 475 4143 ν,
509 4081 634 4153 cap.
700 4086 748 4151 l,
805 4082 875 4137 de
933 4082 1306 4153 visitantibus
1363 4084 1580 4139 Christi
1611 4084 1839 4153 vinctos
1872 4083 1933 4137 in

286 4152 662 4226 carceribus:
696 4155 859 4226 τοῦτο
892 4152 1236 4226 ποιησάντων
1268 4152 1445 4224 ὑμῶν,
1483 4152 1776 4226 μαρτύριον
1806 4152 1933 4226 ὑμῖν

287 4224 689 4297 λογισθήσεται.
718 4225 894 4297 (εΗοο
926 4225 974 4280 si
1006 4225 1289 4293 feceritis,
1314 4224 1491 4281 vobis
1509 4224 1632 4281 viCe
1664 4224 1931 4297 martyrii

285 4296 620 4351 habebitur.
656 4316 683 4343 ››
713 4296 908 4350 Usszn.

358 4360 692 4439 (273)_05'§‘sv
745 4364 873 4434 ὖμῖν
932 4363 1487 4439 παραλογισθήσεται.
1542 4371 1665 4423 Vet.
1718 4367 1932 4439 vulgat.

287 4460 315 4489 ‹‹
540 4435 702 4518 vobis
725 4437 1096 4518 reputabitur
1117 4435 1191 4518 ad
1211 4445 1542 4518 peccatum.
1570 4462 1597 4491 »
1628 4435 1934 4510 Anglican.

292 4530 317 4562 α
348 4506 503 4563 Nihil
534 4506 697 4578 vobis
726 4506 932 4577 utique
956 4506 1272 4578 deperibit.
1308 4530 1337 4559 »
1372 4512 1448 4564 ID.

362 4579 478 4653 (24)
545 4575 868 4653 Ἀντίψυχον
947 4575 1098 4653 ὑμῶν
1172 4578 1235 4632 τὸ
1303 4580 1523 4653 πνεῦμά
1603 4601 1729 4651 μου.
1807 4580 1935 4635 νει.

291 4651 505 4724 vulgat.
540 4672 567 4699 ‹‹
599 4650 712 4724 Prp
769 4648 1097 4724 animabus
1138 4650 1348 4705 vestris
1397 4648 1649 4724 spipitus
1687 4668 1875 4708 meus.
1914 4674 1936 4701 ι

291 4720 594 4795 Anglican.
610 4741 635 4795 ις
656 4720 987 4795 Co_nformis_
1003 4720 1219 4795 animas
1237 4720 1441 4778 vestra;
1457 4720 1700 4795 spiritus
1719 4739 1940 4779 meus.»

294 4791 420 4848 Vid’.
458 4796 579 4862 not.
616 4792 676 4846 in
702 4793 881 4862 (Epist.
914 4791 988 4846 ad
1015 4793 1294 4862 Ephesios.
1328 4796 1406 4848 Io.

368 4861 626 4938 (25)(_)'3x
682 4858 985 4938 div—A7350;
1018 4858 1241 4938 ἐκεῖθεν,
1303 4862 1534 4938 ἔσχατος
1610 4863 1787 4918 αὐτῶν
1846 4861 1939 4919 ὢν.

293 4937 419 4992 Vet.
453 4936 669 5007 vulgat.
699 4957 722 4983 .‹
754 4935 915 4990 Unde
949 4935 1124 5006 (hanc
1147 4936 1309 4990 enim
1341 4935 1542 4993 vocem
1574 4953 1645 4990 ex
1675 4954 1816 4992 mss.
1851 4952 1944 4990 re-

292 5009 624 5078 posuimus)
649 5012 843 5062 etnon
867 5023 997 5079 sum
1024 5007 1233 5079 dignus
1255 5024 1385 5063 esse
1408 5008 1655 5063 ultimus
1679 5024 1944 5063 eorum.»

293 5081 600 5152 Anglican.
635 5101 660 5128 (ι
697 5079 824 5133 Non
855 5078 1115 5152 existens
1136 5079 1351 5152 dignus
1374 5079 1513 5134 inde
1545 5096 1674 5134 esse
1706 5097 1719 5144 ;
1753 5086 1944 5152 extre-

294 5148 427 5207 mus
459 5149 1065 5222 ipsorum__exsistens.
1095 5173 1120 5197 »ι
1164 5148 1328 5205 Unde
1360 5151 1444 5222 ita
1474 5148 1950 5222 interpungenda

295 5214 513 5290 Graaca,
564 5220 666 5275 οὐκ
712 5214 787 5273 ὤν
836 5221 983 5292 ἁξιος
1031 5217 1227 5274 ἒκεῖθεν
1262 5222 1390 5346 (pro
1422 5214 1681 5290 ἐκείνων),
1716 5214 1946 5294 ἒιῖχατος

295 5292 472 5346 αὐτῶν
505 5290 598 5346 ὢν.
635 5293 962 5346 Ἀντιογέων
993 5293 1240 5346 scilicet.
1301 5310 1352 5346 D.

292 5292 472 5347 αὐτῶν
505 5290 598 5347 ὢν.
635 5290 962 5350 Ἀντιογέων
993 5293 1240 5348 scilicet.
1271 5290 1352 5350 Ϊι).

368 5315 472 5347 των
505 5312 598 5347 ων.
652 5312 812 5348 Λντιο
861 5312 962 5347 εων
993 5312 1240 5348 scilicet.
1273 5312 1352 5350 ιι).

368 5365 479 5435 (26)
515 5363 662 5418 Κατὰ
721 5358 777 5417 δὲ
818 5312 1053 5431 Ἐὲλημα
1107 5366 1203 5417 τοῦ
1251 5365 1407 5420 Θεοῦ.
1440 5364 1526 5419 Ita
1554 5364 1741 5419 codex
1795 5361 1952 5435 Νγά-

295 5434 653 5503 prucCianus
679 5436 1092 5491 consentiente
1116 5440 1368 5506 utroque
1404 5442 1599 5490 vetere
1623 5435 1828 5506 Latino
1857 5434 1951 5506 in:

302 5500 755 5577 terprete._7Nam
806 5508 878 5560 ab
928 5500 1289 5577 Augustano,
1321 5523 1441 5561 non
1492 5508 1684 5562 solum
1738 5500 1813 5571 δὲ,
1850 5503 1953 5559 sed

300 5575 480 5628 etiam
508 5575 606 5627 τοῦ
634 5575 1044 5641 OeoGLaberatI
1077 5578 1155 5631 In.

376 5646 484 5721 (27)
543 5639 973 5721 Θεοπρεσξύτην.
1034 5647 1150 5721 νει,
1218 5641 1655 5721 Θεοπρισϐευτήν
1697 5647 1951 5721 potius;

306 5715 320 5723 _
376 5664 484 5715 (zu
543 5664 973 5714 νεοπρεσουτην.
1041 5664 1137 5703 vel
1218 5664 1655 5721 υιοπρισυευτην
1680 5664 1951 5772 dpouus;

304 5712 364 5767 id
396 5720 505 5781 est,
540 5729 774 5770 sacrum
798 5714 1055 5785 legatum
1089 5734 1102 5770 :
1134 5718 1219 5773 ita
1274 5720 1520 5786 dictum,
1557 5735 1674 5790 quo
1746 5717 1956 5772 Antio-

2038 3202 2173 3246 τειν,
2205 3181 2290 3234 καὶ
2324 3177 2552 3254 ἕτοιμός
2583 3180 2723 3236 ἐστιν
2757 3183 2785 3236 ὁ
2817 3183 2945 3245 Θεὸς
2980 3182 3056 3247 εἰς
3083 3185 3125 3218 ⁸¹
3148 3183 3211 3237 τὸ
3233 3188 3532 3259 παρασχεῖν
3557 3185 3685 3255 (30).

2114 3363 2235 3416 ΧΠ.
2270 3358 2595 3428 Ἀσπάζεται
2653 3361 2793 3433 ὑμᾶς
2825 3363 2859 3429 ἡ
2894 3359 3077 3436 ἄγάπη
3119 3367 3226 3415 τῶν
3262 3359 3513 3438 ἀδελφῶν
3547 3365 3695 3433 ὑμῶν

2042 3454 2150 3503 τῶν
2185 3448 2235 3502 ἐν
2266 3445 2509 3519 Τρωάδι,
2538 3448 2657 3503 ὅθεν
2677 3450 2765 3504 καὶ
2792 3450 2984 3528 γράφω
3009 3451 3137 3521 ὑμῖν
3166 3445 3252 3502 διὰ
3282 3451 3532 3525 Βούργου
3565 3455 3693 3517 (3i),

2043 3539 2100 3592 ’ὀν
2135 3538 2485 3594 ἀπεστείλατε
2531 3545 2647 3610 μετ’
2699 3538 2854 3612 ἐμοῦ,
2914 3540 3026 3611 ἃμα
3084 3537 3348 3614 Ἐφεσίοις
3380 3542 3498 3600 τοῖς
3529 3535 3691 3592 ἀδελ-

2044 3631 2164 3702 φοῖς
2195 3626 2242 3661 ⁸³
2275 3625 2447 3699 ὑμῶν·
2508 3625 2566 3688 ὅς
2612 3627 2747 3682 κατὰ
2793 3626 2959 3680 πάντα
3012 3646 3078 3697 με
3108 3622 3387 3679 ἀνέπαυσε.
3424 3625 3527 3679 Καὶ
3560 3618 3689 3701 ὄφε-

2633 3753 2677 3788 ιί
2726 3753 2801 3807 al.
2831 3749 2921 3804 καὶ
2953 3750 2981 3804 ὁ
3013 3748 3143 3810 Θεὸς
3170 3743 3392 3821 ἕτοιμος
3428 3748 3501 3810 εἷς
3530 3750 3579 3786 ⁸²
3609 3751 3666 3806 a1

2041 3939 2236 4009 chiam
2269 3940 2594 3996 mittendus
2626 3944 2802 4008 esset,
2831 3937 2906 3999 εἷς
2963 3937 3025 3992 τὸ
3063 3930 3391 4009 πρεσϐεῦσαι
3418 3934 3528 3991 ἐκεῖ
3559 3945 3691 3994 Θεοῦ

2040 4004 2350 4083 πρεσϐείαν,
2382 4017 2447 4068 ut
2486 4012 2547 4066 in
2604 4004 2855 4082 Epistola
2907 4010 2981 4066 ad
3035 4004 3498 4080 Philadelphenos
3526 4013 3697 4083 lgna-

2046 4083 2160 4137 tius
2190 4082 2438 4138 dixerat.
2475 4085 2553 4139 In.

2114 4154 2227 4224 (28)
2261 4152 2478 4225 Πέμψαι
2537 4152 2659 4206 τινὰ
2715 4157 2825 4207 τῶν
2883 4151 3179 4225 ὑμετέρων.
3212 4151 3697 4225 Nydpruccianus

2045 4222 2249 4308 codeir,
2290 4222 2595 4308 ἡμετέρων,
2631 4241 2749 4279 non
2809 4226 2892 4308 ita
2922 4222 3108 4280 'rec'te
3140 4222 3359 4308 habet;
3389 4226 3697 4308 hnglican,

2047 4296 2343 4351 «mittere
2401 4296 2662 4367 aliquem
2720 4303 3073 4359 vestrorum.
3105 4318 3132 4345 ››
3196 4301 3275 4367 et,
3311 4297 3435 4351 Vet.
3483 4298 3697 4367 vulgat.

2046 4389 2074 4417 ‹‹
2108 4368 2344 4422 mittere
2375 4366 2636 4439 aliquem
2667 4374 2928 4423 vestrum
2964 4368 3126 4434 illuc,
3161 4388 3188 4415 ››
3221 4366 3343 4439 ubi.
3375 4390 3403 4416 «
3440 4369 3700 4438 aliquem

2045 4446 2328 4500 vestrum.
2358 4460 2387 4488 »
2415 4438 2941 4510 ex'Magdalenensi
2966 4445 3025 4493 et
3050 4438 3362 4493 Petaviano
3385 4456 3494 4493 ms.
3529 4439 3705 4493 resti-

2048 4511 2292 4565 tuimus.
2326 4510 2472 4565 Vide
2504 4509 2626 4565 not.
2663 4512 2723 4565 in
2783 4509 3094 4581 Polycarpi
3126 4510 3433 4579 Epistolam
3464 4510 3533 4565 ad
3564 4510 3704 4564 Phi-

2050 4581 2338 4634 limoenses.
2374 4584 2451 4634 ln.

2071 4584 2338 4637 innenses.
2374 4584 2451 4637 lu.

2088 4599 2338 4651 ppenses.
2374 4599 2451 4637 ω.

2124 4652 2235 4723 (29)
2267 4648 2482 4724 Ὶξέλειοι
2540 4646 2710 4721 ὅντες,
2765 4649 2968 4724 τέλειαί
3007 4650 3095 4703 καὶ
3159 4656 3427 4724 φρονεῖτε.
3481 4652 3707 4724 Citatur

2054 4724 2115 4778 in
2171 4722 2406 4777 Maximi
2436 4736 2437 4739 ‘
2464 4726 2616 4778 Locis
2671 4723 3025 4786 communib.,
3081 4722 3257 4777 serm.
3318 4726 3370 4787 2,
3405 4728 3464 4777 et
3494 4723 3553 4776 in
3584 4723 3704 4777 alio

2056 4796 2254 4850 Graeco
2276 4794 2540 4849 locorum
2562 4796 2970 4849 communium
2993 4794 3144 4849 libro
3174 4811 3279 4847 ms.
3304 4794 3391 4861 (in
3414 4794 3709 4849 Oxonien-

2053 4867 2134 4920 sis
2168 4866 2491 4920 Academiae
2512 4865 2887 4936 Bibliotheca
2932 4865 3212 4936 publica),
3247 4881 3373 4935 cap.
3399 4869 3452 4929 9,
3485 4865 3707 4919 omissa

2053 4937 2114 4991 in
2145 4942 2397 5008 utroque
2426 4935 2518 4989 καί
2548 4935 2992 5008 conjunctione.
3026 4938 3106 4991 In.

2125 5001 2501 5081 (30)(ξέλουσι
2543 5001 2697 5081 -γᾶρί
2720 5008 2847 5078 ὑμῖν
2907 5006 2964 5060 εὗ
3023 5007 3296 5081 πράττειν,
3354 5006 3445 5060 καὶ
3484 5001 3710 5076 ἕτοιμός

2053 5075 2196 5131 ἐστιν
2224 5075 2267 5131 ’ὁ
2326 5078 2455 5139 Θεὸς
2514 5075 2589 5138 εἷς
2631 5075 2711 5132 ’τὸ
2756 5075 3090 5151 παρασχεῖν.
3124 5078 3348 5132 Ibidem
3383 5075 3618 5148 quoque
3651 5083 3710 5151 et

2055 5152 2169 5206 ista
2197 5151 2410 5222 lcgitur
2430 5152 2729 5206 sententia
2752 5167 2764 5205 :
2792 5148 2857 5206 et
2869 5148 3206 5222 utrobique.
3226 5148 3708 5222 nonconjunctio

2058 5220 2278 5277 solum_
2306 5222 2619 5291 omittitur,
2674 5222 2777 5277 sed
2832 5220 3095 5295 παρέχειν
3125 5221 3305 5276 etiam
3354 5220 3573 5295 legitur
3601 5236 3708 5295 pro

2056 5298 2382 5371 παρασχεῖν.
2428 5294 2674 5371 Citat_ur_
2712 5299 2861 5371 et__a
2915 5292 3311 5371 Damasceno,
3349 5292 3410 5345 in
3443 5292 3703 5371 Pargllel.

2057 5363 2159 5422 lib’.
2195 5363 2391 5436 μῖξαι).
2422 5366 2477 5436 9.
2513 5388 2541 5414 «
2575 5364 2924 5421 Volentibus
2954 5365 3125 5419 nobis
3155 5363 3305 5418 bene
3330 5379 3525 5435 agere,
3560 5364 3711 5436 Deus

2060 5437 2134 5491 ad
2173 5433 2562 5562 largiendum
2623 5444 2933 5509 promptus
2992 5444 3099 5502 est,
3135 5458 3162 5483 »ι
3222 5433 3388 5503 ἡμῖνξ
3423 5452 3527 5505 pro
3561 5433 3710 5503 ὑμῖν,

2060 5524 2186 5562 nos:
2218 5525 2271 5562 ο.
2333 5526 2381 5562 o.

2101 5514 2271 5563 osilo.
2304 5514 2381 5562 lo.

2059 5524 2534 5661 Ροῗὲίίῖῦὲῦργου.
2570 5579 2895 5661 Anglican.
2917 5651 2930 5661 _
2953 5600 2981 5629 ‹‹
3012 5578 3263 5661 Burrum
3327 5601 3348 5627 υ
3382 5576 3543 5649 legit.
3582 5576 3708 5631 Vid.

2060 5655 2184 5705 not.
2216 5651 2279 5706 in
2298 5652 2480 5720 Epist.
2510 5651 2585 5706 ad
2611 5651 3033 5720 Philadelphen.
3069 5652 3152 5705 In.
