4092 6142
348 364 465 424 857

351 493 447 548 λον
478 493 669 552 πάντες
699 489 859 545 αὐτὸν
910 489 1210 562 ἐμιμοῦντο
1265 491 1400 560 (32),

354 584 486 637 Θεοῦ
542 577 836 638 διακονίας.
900 575 1219 650 Ἀμείψεται
1278 576 1500 644 αὐτὸνή
1537 576 1699 650 χάρις
1758 579 1871 648 (33)
1917 581 2014 630 τοῦ

355 670 558 746 Κυρίου
617 669 754 722 κατὰ
813 668 1007 722 πάντα.
1067 666 1411 738 Ἀσπάζομαι
1466 666 1558 719 τὸν
1615 665 1854 734 ἀξιόθεον
1894 665 2012 719 ἐπίο

357 781 559 816 σκοπον
595 759 750 831 ὑμῶν
786 755 1172 830 ΙΙολύκαρπον,
1204 756 1294 809 καὶ
1346 756 1409 809 τὸ
1453 754 1746 828 θεοπρεπὲς
1776 748 2011 829 πρεσϐυο

353 851 554 923 τέριον,
603 846 696 901 καὶ
752 844 880 906 τοὺς
935 843 1346 922 Χριστοφόρους
1394 841 1677 904 διακόνους
1731 844 1857 904 τοὺς
1891 863 2012 896 συν-

357 937 594 998 δούλους
653 955 758 1009 μου
815 936 952 1007 (34),
1016 933 1105 987 καὶ
1163 932 1293 996 τοὺς
1340 932 1476 987 κατά
1531 929 1698 1008 ἄνδρα
1735 932 2012 1004 καὶκοινῇ

356 1024 644 1092 πάντας,ἒν
681 1023 912 1095 ὀνόματι
966 1013 1204 1096 Χριστὸῦ
1255 1025 1458 1092 Ἰησοῦ,
1491 1021 1580 1076 καὶ
1609 1029 1709 1090 τῆς
1741 1021 1938 1095 σσρκὸς
1969 1021 2017 1056 ⁸³

359 1119 545 1183 αὐτοῦ,
578 1115 664 1168 καὶ
697 1118 776 1185 τῷ
810 1110 1021 1185 αἵματι,
1085 1113 1246 1175 πάθει
1303 1132 1361 1165 τε
1417 1112 1503 1165 καὶ
1547 1111 1851 1180 ἀναστάσει,
1885 1130 2016 1185 σαρ-

356 1210 484 1278 κικῇ
545 1224 606 1258 τε
664 1202 754 1257 καὶ
813 1205 1180 1274 πνευματικῇ,
1240 1200 1526 1270 8δένὸτητι
1581 1203 1691 1272 (35)
1749 1204 1882 1254 Θεοῦ
1923 1201 2011 1254 καὶ

361 1299 532 1370 ὑμῶν.
569 1294 738 1362 Χάρις
796 1293 947 1366 ὑμῖν,
981 1289 1158 1359 ἕλεος,
1201 1289 1417 1366 εἷ’ρήνη,
1449 1291 1726 1362 ὑπομονὴ,
1761 1287 1851 1344 διὰ
1882 1311 2014 1344 παν-

356 1387 450 1447 τὸς
483 1383 536 1438 ἐν
565 1386 810 1458 Χριστῷ.

429 1475 570 1532 Xlll.
604 1470 951 1542 Ἀσπάζομαι
1010 1469 1140 1531 τοὺς
1200 1467 1384 1531 οἷ’κους
1438 1473 1545 1523 τῶν
1603 1467 1852 1548 ἀδελφῶν
1888 1490 2013 1542 μου,

361 1561 455 1614 σὺν
485 1557 696 1633 γυναιξὶ
752 1556 844 1611 καὶ
900 1555 1134 1624 τέκνοις,
1193 1557 1284 1609 καὶ
1344 1554 1723 1631 ἀειπαρθένους
1779 1557 1868 1611 καὶ
1918 1557 2013 1617 τὰς

360 1650 541 1723 χήρας
572 1649 709 1718 (36).
744 1641 1025 1719 Ἔρρωσθὲ
1085 1665 1178 1717 μοι
1237 1643 1289 1699 ἐν
1351 1642 1572 1717 δυνάμει
1603 1648 1648 1682 ⁸⁸
1676 1645 2012 1718 Πνεύματος.

362 1739 688 1805 Ἀσπαζεται
723 1735 862 1806 ὑμᾶς
912 1732 1100 1788 Φίλων
1159 1735 1187 1786 ὁ
1245 1732 1610 1806 συνδιάκονος,
1643 1732 1716 1788 ὥν
1746 1733 1836 1788 σὺν
1867 1733 2011 1806 ἐμοί.

361 1827 704 1898 Ἀσπάζομαι
763 1826 854 1877 τὸν
915 1825 1068 1877 οἷκον
1128 1825 1325 1886 Γαυὶας
1383 1826 1428 1861 ⁸⁷
1489 1829 1622 1897 (37),
1670 1825 1731 1893 ἣν
1773 1820 2011 1902 εὔχομαι

367 1913 634 1989 ἠδρᾶοθαι
691 1912 868 1968 πίστει
925 1912 1015 1967 καὶ
1070 1913 1250 1989 ἀγάπῃ
1314 1916 1423 1986 (38)
1481 1917 1712 1989 σαρκικῇ
1791 1898 1875 1968 τέ’
1925 1898 2028 1967 καί

363 2007 724 2076 πνευματικῇ.
787 2001 1127 2075 Ἀσπάζομαι
1187 2001 1429 2073 ”Αλκην,
1494 2003 1557 2057 τὸ
1621 1997 1860 2072 ποθητὸν
1919 2024 2011 2074 μοι

361 2093 556 2166 ὄνομα,
615 2091 704 2146 καὶ
763 2089 965 2170 Δάφνον
1021 2089 1113 2144 τὸν
1174 2090 1492 2166 ἀσύγκριτον
1526 2093 1657 2165 (39),
1689 2093 1778 2145 καὶ
1811 2089 2012 2150 Eii-cex-

358 2204 448 2237 νον
479 2182 616 2255 (40),
647 2181 737 2234 καὶ
779 2181 981 2241 πάντας
1031 2181 1146 2234 κατ’
1210 2175 1404 2252 ὄνομα.
1436 2178 1712 2256 Ἔρρωσθε
1743 2180 1793 2235 ἐν
1828 2183 2011 2256 χάριτι

360 2275 493 2328 Θεοῦ
523 2271 614 2325 καὶ
653 2268 860 2344 Κυρίου
892 2270 1050 2340 ἡμῶν
1085 2271 1266 2340 Ἰησοῦ
1296 2270 1554 2344 Χριστοῦ,
1586 2269 2014 2344 πεπληρωμένοι

359 2361 671 2432 Πνεύματος
711 2357 888 2434 ἁγίου,
945 2357 1034 2411 καὶ
1092 2359 1282 2434 σοφίας
1340 2357 1482 2420 θείας
1540 2359 1633 2414 καὶ
1681 2361 1828 2434 ἱερᾶς
1880 2364 2011 2434 (41).

500 2626 613 2698 (42)
692 2648 947 2745 IIPO
1029 2647 1892 2746 ΠΟΛΥΚΑΡΠΟΝ

802 2802 1138 2857 Ἐπίσκοπον
1166 2799 1422 2876 Σμύρνης
1463 2803 1592 2873 (43).

1072 357 1482 420 EPISTOLE
1523 356 2132 418 INTERPOLATE.
2178 387 2257 404 -
2297 357 2406 415 AD
2450 353 3018 417 POLYGARPUM.

3656 355 3775 416 858

1460 483 1586 541 ὄντα
1640 486 2008 560 ἓξεμπλάριον

2135 504 2331 543 omnes
2363 487 2528 541 illum
2560 486 2890 555 imitentur,
2950 486 3052 557 qui
3110 490 3199 541 est
3258 485 3563 558 exemplar
3593 485 3776 542 divini

2119 577 2457 632 ministerii.
2485 577 2788 631 lletribuet
2820 576 2904 630 illi
2941 592 3050 646 per
3078 575 3280 631 omnia
3309 575 3495 647 gratia
3519 576 3774 632 Domini.

2121 667 2316 722 Saluto
2352 669 2470 721 Deo
2502 667 2747 738 dignum
2801 666 3144 738 episcopum
3203 671 3465 721 vestrum
3496 665 3774 736 Polycar-

2119 773 2282 828 pum,
2340 757 2458 811 Deo
2527 755 2808 810 decorum
2867 756 3329 827 presbyterium,
3411 755 3778 810 christiferos

2122 845 2404 900 diaconos
2435 861 2750 900 conservos
2777 862 2962 912 meos,
2996 850 3053 899 et
3086 844 3428 915 singillatim
3460 861 3526 899 ac
3553 844 3614 898 in
3645 845 3780 898 uni-

2119 953 2352 992 versum
2387 953 2616 1002 omnes,
2652 938 2713 991 in
2764 937 3009 992 nomine
3071 936 3285 990 Christi
3325 937 3482 1003 Jesu,
3517 941 3574 988 et
3605 952 3779 990 carne

2120 1026 2327 1098 ipsius,
2388 1028 2694 1098 sanguine,
2754 1027 3053 1098 passione,
3088 1031 3146 1080 et
3175 1025 3611 1080 resurrectione
3656 1030 3777 1080 tam

2119 1115 2416 1186 corporali
2447 1131 2624 1186 quam
2656 1114 2970 1187 spirituali,
2996 1115 3057 1168 in
3077 1114 3308 1170 unitate
3339 1115 3440 1169 Dei
3473 1119 3531 1167 et
3561 1120 3774 1172 vestra.

2120 1206 2317 1262 Gratia
2345 1206 2530 1272 vobis,
2560 1205 2989 1273 misericordia,
3039 1221 3171 1276 pax,
3213 1204 3500 1275 patientia
3532 1219 3768 1274 semper

2122 1297 2215 1362 sit,
2253 1295 2314 1349 in
2344 1294 2596 1351 Christo.

2189 1473 2338 1528 XIII.
2374 1474 2574 1528 Saluto
2603 1473 2858 1528 familias
2878 1472 3130 1528 fratrum
3157 1489 3449 1540 meorum,
3473 1489 3606 1528 cum
3628 1491 3776 1530 uxo-

2119 1563 2284 1617 ribus
2316 1569 2374 1616 et
2402 1563 2644 1628 liberis;
2705 1568 2763 1618 et
2818 1567 3105 1634 perpetuo
3137 1563 3414 1634 virgines,
3447 1579 3513 1617 ac
3545 1563 3774 1618 viduas.

2126 1651 2321 1706 Valete
2353 1651 2498 1705 mihi
2520 1652 2580 1705 in
2611 1651 2824 1706 virtute
2846 1652 2891 1686 ³⁸
2913 1652 3187 1722 Spiritus.
3214 1652 3443 1707 Salutat
3471 1669 3569 1707 vos
3598 1653 3769 1706 Philo

2120 1741 2541 1808 condiaconus,
2576 1742 2675 1811 qui
2727 1757 2962 1796 mecum
2995 1745 3100 1794 est.
3135 1740 3337 1794 Saluto
3367 1741 3600 1795 'l‘aviam
3631 1758 3768 1795 cum

2121 1829 2503 1895 domesticis;
2547 1845 2722 1900 quam
2783 1833 2920 1899 Opto
2978 1828 3220 1883 solidari
3254 1828 3370 1883 ﬁde
3401 1834 3458 1883 et
3482 1829 3767 1884 charitate

2132 1918 2425 1989 corporali
2448 1924 2624 1988 atque
2648 1917 3165 1988 spirituali.Saluto
3179 1918 3362 1973 Alcen
3379 1918 3774 1974 desiderabile

2124 2007 2270 2063 mihi
2302 2024 2544 2076 nomen,
2579 2013 2637 2062 et
2669 2009 2981 2078 Daphnum
3004 2007 3557 2078 incomparabilem,
3581 2024 3649 2062 ac
3670 2011 3778 2064 Eu-

2129 2103 2389 2166 tecnum,
2451 2113 2779 2168 omnesque
2838 2097 3212 2150 nominatim.
3267 2097 3468 2151 Valete
3500 2098 3561 2150 in
3593 2097 3780 2168 gratia

2124 2186 2226 2240 Dei
2255 2202 2322 2240 ac
2351 2187 2585 2240 Domini
2633 2185 2817 2240 nostri
2874 2186 3008 2239 Jesu
3039 2184 3272 2249 Christi,
3304 2184 3516 2255 repleti
3553 2186 3775 2256 Spiritu

2124 2279 2349 2339 sancto,
2385 2280 2442 2328 et
2473 2274 2669 2329 divina
2699 2277 3018 2343 sanctaque
3049 2273 3360 2344 sapientia.

2409 2651 2572 2742 AD
2668 2652 3492 2748 POLYCARPUM

2612 2812 2964 2885 Episcopum
3005 2815 3292 2888 Smyrnae.

367 2965 619 3042 Ἰγνάτιος
677 2964 972 3026 ἐπίσκοπος
1028 2963 1374 3040 ’Λντιοχείας
1431 2966 1566 3036 (44),
1625 2965 1653 3018 ὁ
1710 2965 1800 3019 καὶ
1860 2967 2009 3044 μάρ..

2135 2973 2370 3041 lgnatius
2418 2977 2699 3046 episcopus
2745 2977 3078 3046 Antiochiae,
3127 2981 3224 3049 qui
3278 2986 3331 3034 et
3383 2986 3600 3051 martyr
3646 2982 3772 3035 Jesu

433 3096 481 3131 sa
510 3097 552 3152 ί,
585 3098 654 3168 τῇ
687 3091 864 3167 σαργί,
942 3091 989 3128 ⁸4
1019 3092 1059 3148 f.
1093 3108 1360 3164 prmpon.
1391 3089 1466 3146 ἐν.
1542 3091 1590 3127 ⁸⁸
1613 3093 1824 3149 Patris.
1901 3093 1947 3130 ⁸⁸
1976 3099 2012 3150 Ι]

2135 3098 2208 3159 ός.
2242 3099 2288 3136 ⁸⁷
2316 3101 2356 3156 f.
2391 3100 2614 3162 Ταυῒας.

583 3214 818 3289 Ὄφελον
876 3206 1066 3289 πάντες
1106 3204 1265 3289 αὐτον
1312 3205 1684 3289 ’ἐμιμοῦντοζ-
1708 3210 2014 3289 Anglican.

367 3310 394 3339 «
428 3280 673 3341 utinam'
706 3297 932 3355 omnes;
966 3280 1161 3351 ipsum
1223 3280 1550 3355 imitentur.
1584 3283 1765 3355 »_Vet_.
1795 3280 2012 3355 vulgat.

366 3379 390 3410 α
428 3357 761 3412 Debuerant
796 3351 1036 3422 quidem
1069 3367 1275 3422 omnes
1305 3353 1493 3422 (eum)
1523 3353 1768 3418 imitari,
1806 3376 1830 3403 υ
1863 3351 1932 3410 ac
1965 3356 2014 3410 si

360 3431 637 3501 legisset:
672 3421 904 3501 Ὄφελον
936 3422 1139 3501 πάντας
1179 3421 1354 3501 ἀύτᾷν
1406 3427 1712 3501 μιμεῖσθαι.
1750 3447 1778 3474 ››
1813 3426 2010 3501 Uss“,

433 3493 546 3571 (33)
590 3493 914 3579 ’ᾼμείψεται
963 3493 1120 3579 αυτὸν
1247 3493 1428 3579 χάρις.
1480 3497 1819 3579 .fugli'can.”
1846 3519 1871 3548 ιι
1903 3500 2014 3579 ἢθη

365 3567 638 3628 muneret
661 3567 855 3638 ipsum
882 3567 1086 3639 gratia.
1115 3589 1136 3615 ι
1155 3568 1289 3639 _Vet.
1319 3567 1537 3639 vulgat.
1583 3588 1609 3618 α
1642 3567 2016 3639 Retribuetur

365 3644 419 3700 ei
448 3642 638 3715 gratia
684 3637 720 3690 ὦ
763 3640 852 3694 Sic
881 3637 1042 3715 enim
1073 3637 1253 3715 habet
1282 3637 1463 3715 codex
1508 3638 1974 3715 Magdalenensis
2000 3657 2013 3695 :

364 3709 478 3772 ubi
498 3713 666 3778 editi,
706 3734 724 3758 ι
770 3710 1058 3764 retribuet
1087 3709 1139 3779 ei
1172 3709 1453 3764 Dominus
1484 3709 1752 3779 gratiam.
1789 3733 1818 3779 θ)
1850 3713 1928 3766 ID.

438 3788 550 3856 (34)
628 3776 1035 3856 Χριστοφὸρους
1114 3776 1398 3840 διακόνους
1483 3776 1609 3856 τοὺ-ς
1687 3777 2014 3843 συνδούλους

373 3853 497 3928 μου.
534 3853 863 3928 'Anglican'.
912 3877 939 3902 ‹ι
975 3854 1298 3928 Conservos
1346 3867 1509 3928 meos
1555 3853 1857 3928 diaconos.
1896 3876 1916 3901 ι
1951 3856 2015 3928 I_n

367 3923 621 3999 vulgatis
645 3923 886 3999 alterius
907 3923 1486 3999 veterisinterpretis
1508 3923 1831 3999 codicibus,
1865 3924 2016 3980 male

368 3995 586 4072 legitur
609 3997 1014 4072 singulariter:
1040 4017 1066 4044 «
1093 3995 1550 4064 ChristOphorus
1574 3995 1856 4051 diaconus
1882 4013 2018 4050 con-

369 4070 566 4127 servus
598 4085 786 4125 meus.
823 4090 850 4116 υ
885 4070 965 4122 In.

437 4145 545 4212 (35)
577 4139 848 4207 Ἑνότητι.
907 4140 1004 4212 Ἐν
1057 4133 1295 4205 ἐνότητι,
1346 4136 1488 4208 legit
1538 4143 1788 4209 uterque
1849 4142 2016 4194 vetus

369 4210 606 4270 Latinus
639 4213 951 4282 interpres.
987 4210 1067 4266 ID.

602 4278 1024 4361 ’Aemzpﬁivouq
1051 4350 1066 4361 ‘
1099 4279 1185 4331 καὶ
1271 4278 1366 4338 τὰς
1425 4281 1628 4361 χήρας.
1704 4280 2010 4361 Anglican.

369 4379 395 4406 ‹‹
427 4350 682 4426 virgines
713 4350 946 4408 vo-iatas
979 4350 1216 4426 viduas:
1256 4372 1283 4399 »
1318 4367 1386 4405 ac
1418 4350 1486 4414 si,
1512 4350 1624 4422 pro
1640 4351 1743 4426 ,καὶ
1775 4351 2010 4426 τάςηιο-

367 4420 548 4500 8155θῖ
567 4422 859 4500 κληθείσας
910 4426 979 4479 Ει
1004 4422 1179 4500 paulo
1202 4427 1356 4500 post,
1387 4420 2018 4500 ΡιτοξΠνεύματοςᾸάριῃ

369 4493 396 4547 ἦ
429 4498 619 4553 Patris
657 4521 675 4545 ι·
714 4497 874 4568 legit,
905 4501 962 4549 et
991 4499 1154 4548 vetus
1192 4493 1461 4565 vulgatus
1502 4493 1818 4565 interpres,
1853 4518 1879 4544 ‹‹
1914 4496 2016 4550 Dei

365 4571 573 4625 Patris.
614 4590 634 4617 ι
672 4570 749 4622 lo.

434 4641 545 4712 (37)
581 4639 682 4694 Τὸν
717 4637 878 4712 οἶκον
931 4635 1158 4712 Γαυῖας..
1207 4637 1418 4690 Noster
1443 4637 1766 4712 __interpres
1797 4637 2009 4712 habet:

369 4735 390 4763 (ι
431 4706 672 4767 Domum
708 4711 956 4765 Thaviaa.
998 4730 1023 4756 »
1059 4706 1337 4778 Vulgatus
1387 4707 1600 4766 editus.
1639 4730 1665 4757 ‹‹
1697 4709 1948 4774 Graania,
1985 4733 2006 4760 ι

364 4800 474 4837 ms.
512 4782 880 4845 Baliolensis,
914 4803 939 4829 «
976 4779 1251 4834 Graeviae:
1286 4778 1436 4850 used
1472 4779 2017 4850 Magdalenensiset

366 4855 736 4920 Petavianus,
771 4874 799 4904 ι(
829 4851 1083 4915 Graviae;
1120 4871 1146 4897 »
1179 4849 1337 4920 quod
1369 4867 1497 4915 nos,
1531 4849 1595 4904 ut
1637 4868 1769 4905 cum
1815 4852 2013 4906 Grieco

367 4926 768 4981 consentiens.
795 4922 1172 4978 retinuimus.
1199 4923 1300 4974 Est
1329 4928 1525 4975 autem
1553 4943 1580 4971 «
1607 4923 1810 4978 Gavias
1844 4944 1871 4970 ››
1897 4923 2013 4988 hic,

366 4999 518 5052 alius
549 5013 583 5052 a
610 5020 633 5044 ‹‹
669 4995 807 5050 Gaio
844 5017 869 5043 ›)
924 4993 1067 5058 illo;
1129 4992 1300 5061 cujus
1358 4993 1582 5046 mentio
1643 4994 1702 5047 in
1749 4994 1858 5049 hac
1889 4995 2016 5063 epi-

368 5070 520 5124 stola
542 5070 669 5139 jam
702 5073 838 5121 ante
857 5065 1026 5139 ifacta
1048 5070 1169 5119 est:
1190 5063 1336 5139 licet
1357 5081 1460 5134 pro
1493 5064 1632 5118 Gaio
1657 5065 1762 5139 illo
1793 5065 1854 5119 in
1888 5067 2017 5139 Epi-

364 5142 505 5195 stoia
544 5135 621 5194 ἀα
666 5137 1143 5206 Philadelphenos,
1178 5135 1366 5190 Gavisa
1398 5151 1616 5189 nomen
1653 5137 1712 5190 in
1743 5137 2015 5206 quaedam

366 5211 732 5282 exemplaria
763 5207 1108 5282 irrepserit,
1138 5211 1203 5261 ut
1233 5206 1776 5282 ibi_a_dno_tavimus_.
1811 5209 1888 5262 In.

436 5277 560 5353 (38)
583 5281 799 5353 Ἀγάπη
827 5351 833 5353 _
862 5277 984 5333 Vet.
1017 5277 1232 5353 vulgat.
1259 5300 1288 5328 «
1311 5277 1650 5353 dilectione.
1677 5300 1718 5353 »_
1742 5279 1825 5333 Ita
1855 5279 2014 5353 enim

366 5349 449 5410 ex'
470 5349 578 5408 ms.
614 5349 1051 5416 Magdalenensi
1076 5356 1133 5402 et
1155 5349 1469 5403 Petaviano
1496 5349 1891 5416 restituimus;
1917 5351 2014 5404 ubi

367 5431 544 5481 antea
569 5424 897 5508 legebatur,
931 5443 959 5471 <<
995 5419 1322 5508 devotione.
1358 5428 1496 5508 niln.

441 5498 550 5564 l39)
582 5491 687 5549 Τδν
740 5493 1113 5564 ἀσόγκριτον.ᾃ
1147 5493 1267 5564 Vet.
1329 5491 1542 5560 vulgat.
1573 5563 1577 5564 γ
1604 5493 1688 5554 (ut
1729 5499 1786 5547 et
1818 5498 2019 5546 noster

369 5562 684 5637 interpres)
713 5591 732 5612 ι
761 5562 1306 5637 incomparabilem.
1332 5585 1358 5612 »
1384 5563 1645 5637 [taenim
1679 5564 1738 5617 in
1767 5572 2016 5637 utroque

370 5640 476 5694 illo
505 5634 616 5693 ms.
650 5637 938 5709 legimus;
970 5651 1112 5701 non,
1171 5639 1236 5690 ut
1291 5634 1354 5689 in
1412 5634 1607 5703 editis,
1663 5656 1692 5685 ι(
1738 5635 2019 5706 spiritua-

2127 3217 2266 3273 lem.
2301 3241 2328 3268 »
2360 3221 2435 3274 ID.

2198 3307 2312 3380 (40)
2358 3303 2638 3382 Εὕτεκνον.
2699 3310 3006 3382 Anglican.
3072 3333 3100 3361 «
3126 3312 3476 3376 Eutecnum,
3512 3333 3540 3362 »
3572 3317 3638 3365 ut
3668 3327 3777 3366 no-

2124 3394 2263 3503 inen
2318 3381 2648 3452 proprium.
2706 3381 2832 3437 νει.
2897 3383 3120 3455 Vulgat.
3183 3405 3210 3434 ‹‹
3244 3383 3468 3439 bonum
3499 3383 3710 3439 illium.
3743 3406 3771 3433 ››

2152 3466 2219 3503 ο.-

2152 3466 2219 3510 0.,

2196 3525 2304 3596 (41)
2332 3522 2490 3596 θείας
2545 3525 2634 3575 καί
2690 3523 2857 3596 ἱερᾶς.
2914 3527 2979 3579 In
3034 3525 3256 3579 Latinis
3288 3526 3535 3596 vulgatis
3566 3532 3624 3580 et
3655 3542 3764 3581 ms.

2124 3593 2559 3666 Magdalenensi
2591 3597 2718 3666 (sed
2743 3593 2869 3650 non
2903 3597 2965 3652 in
2995 3597 3314 3652 Baliolensi
3345 3593 3416 3652 et
3437 3597 3770 3666 Petaviano)

2125 3666 2382 3726 additur,
2423 3687 2443 3714 ι
2478 3670 2685 3721 Amen.
2723 3689 2749 3714 ››
2783 3669 2858 3722 In.

2196 3737 2308 3809 (42)
2343 3739 2420 3791 De
2452 3738 2561 3792 hac
2592 3738 2664 3792 ad
2696 3738 3086 3810 Polycarpum
3113 3739 3389 3810 Epistola,
3418 3740 3480 3795 in
3510 3742 3544 3793 2
3569 3739 3772 3794 Prole-

2125 3824 2421 3882 gomenon
2444 3810 2994 3882 nostrorumcapite
3019 3809 3437 3882 disseruimus;
3458 3811 3558 3866 ubi
3578 3817 3635 3865 et
3657 3811 3768 3882 ipsi

2126 3881 2188 3953 PA.
2222 3879 2512 3953 Halloixio
2544 3881 2835 3953 nonnulla
2857 3879 2916 3953 in
2941 3880 3216 3953 eafuisse
3239 3889 3512 3953 suspecta
3543 3879 3772 3937 indica-

2125 3951 2607 4025 vimus.llla_ver_o
2632 3952 2838 4021 partim
2859 3951 3552 4025 inscriptionem,partim
3576 3955 3770 4025 ipsum

2126 4039 2340 4095 corpus
2363 4023 2633 4095 Epistolas
2657 4024 3048 4092 spectant.Ait
3068 4023 3228 4078 enim
3251 4023 3509 4095 primum
3528 4048 3554 4074 ‹‹
3583 4023 3773 4095 ipsam

2126 4093 2421 4164 Epistolas,
2448 4093 2899 4164 inscriptionem
2957 4096 3212 4149 alienam
3252 4093 3394 4150 esse
3440 4113 3474 4151 a
3519 4093 3682 4150 more
3713 4098 3768 4150 S.

2123 4165 2354 4237 Ignatii,
2388 4165 2507 4240 imo
2529 4235 2539 4240 _
2566 4170 2623 4219 et
2651 4183 2704 4240 Δει
2756 4167 3065 4240 modestia.
3101 4188 3128 4215 »
3188 4166 3449 4240 Ἰγνάτιος
3481 4165 3773 4227 ἐπίσκοπος

2127 4235 2483 4310 ’Ᾰντιοχείας,
2521 4235 2548 4286 ὁ
2579 4235 2666 4310 καὶ
2702 4237 2906 4310 μάρτυς
2930 4237 3116 4310 Ἴησοῦ
3145 4235 3415 4310 Χριστοῦ.
3454 4261 3481 4290 ‹‹
3513 4240 3774 4310 Ignatius

2127 4309 2437 4380 episcopus
2467 4309 2815 4379 Antiochiae,
2841 4309 2938 4380 qui
2965 4317 3023 4364 et
3061 4309 3285 4380 martyr
3308 4312 3440 4365 lesu
3471 4309 3709 4365 Christi.
3747 4333 3767 4358 ιι

2128 4383 2254 4452 Non
2286 4380 2444 4452 enim
2469 4396 2598 4434 esse
2619 4380 2856 4452 solitum
2882 4397 3015 4435 suas
3035 4380 3315 4452 epistolas
3342 4383 3425 4436 sic
3449 4383 3775 4437 inscribere

2130 4451 2560 4524 «humillimum
2584 4456 2642 4505 et
2657 4451 3163 4507 modestissimum
3182 4455 3527 4524 Ignatium,»
3538 4455 3640 4508 sed
3654 4455 3782 4507 sim-

2127 4523 2399 4595 pliciter:
2436 4548 2460 4571 ‹‹
2501 4524 2776 4594 lgnatius,
2809 4524 2908 4593 qui
2943 4530 2999 4578 et
3029 4523 3438 4595 Theophorus.
3476 4549 3501 4574 ››
3534 4526 3779 4593 Deinde,

2126 4611 2261 4649 cum
2293 4594 2423 4648 alia)
2447 4595 2864 4663 inscriptiones
2887 4595 3078 4665 plenae
3104 4594 3221 4649 sint
3243 4613 3447 4652 eorum
3481 4597 3778 4656 laudibus.

2123 4666 2196 4720 ad
2227 4683 2376 4736 quos
2407 4665 2648 4740 scribit__;
2676 4666 2827 4720 hanc
2853 4666 3047 4720 nullas
3063 4667 3380 4740 Polycarpi
3417 4669 3624 4723 laudes
3649 4667 3775 4740 (qui

2124 4742 2323 4810 tamen
2354 4753 2425 4790 ex
2457 4737 2734 4791 omnibus
2766 4753 2865 4792 eas
2895 4737 3235 4792 merebatur
3264 4737 3441 4810 quam
3476 4737 3774 4810 maxime).

2125 4809 2226 4863 sed
2259 4814 2545 4862 terrorem
2580 4809 2774 4878 potius
2805 4810 3134 4870 continere,
3159 4808 3300 4864 dum
3331 4812 3524 4880 ipsum
3560 4808 3771 4880 inspici

2124 4896 2158 4934 a
2190 4881 2306 4934 Deo
2340 4880 2524 4950 magis
2556 4896 2731 4949 quam
2760 4880 2903 4934 alios
2933 4881 3224 4950 inspicere
3253 4887 3596 4935 commonet.
3633 4903 3660 4928 ››

2195 4953 2258 5005 In
2293 4952 2488 5022 priore
2520 4951 2794 5021 Epistolae
2814 4957 2999 5022 parte,
3026 4969 3143 5006 non
3176 4953 3444 5006 arrident
3474 4950 3558 5004 illi
3592 4972 3618 4999 ‹‹
3643 4966 3771 5004 mo-

2124 5022 2249 5078 nita
2278 5023 2562 5093 ipsa,qua
2582 5023 2768 5093 magis
2791 5023 3000 5077 decere
3021 5023 3331 5077 videantur
3350 5024 3631 5094 juvenem
3655 5022 3772 5091 epi-

3499 5109 3766 5163 scopum,

2195 5203 2302 5272 (43)
2339 5198 2613 5270 Σμύρνης.
2648 5224 2674 5249 ‹‹
2710 5200 2790 5256 De
2848 5200 3218 5267 illuminatis,
3253 5220 3280 5249 »
3327 5200 3565 5254 additur
3605 5201 3666 5254 in
3696 5201 3769 5256 ti-

2125 5275 2247 5329 tulo
2281 5272 2559 5327 editionis
2591 5272 2836 5343 vulgata:
2870 5273 3105 5327 Latinis.
3141 5273 3217 5327 In.

2195 5343 2615 5416 (44)ξ’ῐγνάτιοςγ
2659 5341 2952 5416 ἐπίσκοπος
2990 5341 3366 5416 -Ἀντιογείας,
3426 5344 3510 5398 Ita
3563 5349 3620 5398 et
3646 5343 3772 5399 edi-

2125 5417 2207 5470 tio
2238 5414 2465 5487 vulgata
2500 5415 2734 5481 Latina;
2767 5415 2870 5469 sed
2901 5414 3085 5470 codex
3118 5414 3431 5482 Mediceus,
3458 5420 3515 5470 et
3545 5432 3677 5470 cum
3703 5432 3770 5470 eo

2127 5493 2328 5542 noster
2359 5489 2672 5555 interpres,
2707 5487 2914 5543 eodem
2957 5503 3072 5556 quo
3117 5488 3177 5541 in
3227 5488 3456 5542 caeteris
3487 5487 3772 5558 epistodis

2126 5559 2338 5634 modo:
2401 5560 2661 5634 Ἰγνάτιος
2720 5559 2748 5611 ὁ
2803 5558 2890 5611 καὶ
2951 5558 3244 5634 Θεοφορος.
3278 5559 3420 5614 Vide
3482 5561 3668 5614 Vossii
3710 5561 3770 5613 in

2125 5631 2278 5686 hanc
2302 5631 2754 5703 inscriptionem
2785 5636 2976 5686 notas.
3016 5631 3092 5686 In.
