4092 6142
327 305 445 364 895

1068 305 1174 364 ΑΒ
1219 303 1650 365 EPISTOLAS
1694 306 1756 363 S.
1808 304 2099 364 lGNATlI
2145 302 2549 365 GENUINAS
2597 299 3014 361 API'ENDIX.

3622 301 3740 359 896

330 438 435 493 har
463 440 579 493 vita
610 443 825 492 tantum
865 442 1144 509 sperantes
1194 454 1378 493 sumus
1434 440 1492 492 in
1538 438 1772 507 Christo,
1822 437 1990 493 mise-

2124 438 2336 509 ἱμῶν¹²
2380 438 2511 509 (29).
2567 435 2687 491 ’Έτι
2747 431 2864 488 ἐστὶ
2929 430 2983 488 ἓν
3040 435 3160 497 ταῖς
3214 430 3508 506 ἁμαρτίαις
3567 430 3742 505 ὑμῶν·

331 528 619 583 rabitiores
642 542 826 582 sumus
857 527 1104 581 omnibus
1134 526 1462 582 hominibus.
1515 527 1577 582 Si
1623 528 1828 581 mortui
1874 542 1984 581 non

329 623 651 685 resurgunt,
685 618 1074 671 manducemus
1109 623 1159 671 et
1191 616 1457 685 bibamus,
1509 632 1630 671 eras
1685 618 1829 670 enim
1876 631 1985 670 mo-

332 706 542 761 riemur
575 706 637 760 '3.
671 706 790 759 Hoc
820 722 956 760 vero
988 704 1163 760 modo
1195 706 1410 775 affecti,
1446 704 1590 776 quid
1639 705 1985 761 diﬂ'eremus

333 795 406 851 ab
433 796 616 851 asinis
649 802 706 852 et
737 796 1006 861 canibus,
1031 797 1130 866 qui
1156 796 1488 852 futurorum
1514 795 1681 852 nulla
1710 812 1852 852 cura
1880 795 1988 851 ha-

334 885 456 941 bita
488 886 559 941 de
591 884 821 941 edendo
848 886 1039 940 solum
1061 892 1200 942 sunt
1224 886 1485 953 solliciti,
1502 887 1562 941 in
1586 887 1986 959 appetentiam

337 991 573 1047 quoque
596 992 805 1030 eorum
830 992 960 1045 quae
983 976 1992 1048 sequunturingluviem,devenien-

337 1070 426 1120 tes
446 1065 475 1119 ‘I
515 1065 703 1120 Nescii
737 1064 898 1119 enim
931 1071 1072 1119 sunt
1101 1064 1463 1121 intrinsecus
1491 1067 1781 1134 moventis
1806 1064 1988 1121 intel-

335 1154 547 1210 lectus.

412 1344 549 1398 Vlll.
576 1343 762 1398 Fruar
792 1342 955 1398 vobis
991 1343 1051 1397 in
1080 1343 1348 1398 Domino.
1384 1343 1586 1399 Sobrie
1620 1345 1793 1399 vivite
1822 1361 1834 1398 :
1871 1343 1991 1399 sin-

338 1432 459 1505 guli
491 1433 729 1504 abjicite
764 1450 1004 1488 omnem
1038 1433 1349 1501 malitiam,
1398 1434 1651 1490 ferinam
1701 1433 1994 1491 excande—

340 1523 650 1591 scentiam,
671 1522 1122 1588 detractionem,
1149 1522 1990 1596 calumniam,turpiloquium,

342 1615 787 1678 scurrilitatem,
822 1629 1116 1677 susurros,
1147 1613 1384 1683 fastum,
1439 1614 1808 1683 ebrietatem,
1858 1614 1996 1669 libi-

341 1701 566 1769 dinem,
599 1703 927 1771 avaritiam,
971 1703 1212 1758 inanem
1260 1703 1531 1776 gloriam,
1584 1704 1886 1773 invidiam,
1937 1709 1995 1758 et

2092 527 2230 601 Ἀρα
2252 527 2345 581 καὶ
2367 527 2424 580 οἱ
2445 525 2798 597 κοιμηθέντες
2818 522 2873 578 ἐν
2926 524 3169 598 Χριστῷ,
3212 520 3528 578 ἀπώλοντο.
3584 521 3646 579 Εἰ
3692 520 3745 577 ἐν

2090 621 2159 691 τῇ
2193 619 2309 690 ζωῇ
2354 616 2523 690 ταύτῃ
2582 612 2883 684 ἠλπικότες
2944 612 3102 686 ἐσμὲν
3163 611 3215 667 ἑν
3273 615 3503 686 Χριστῷ
3553 612 3746 685 μόνον,

2092 706 2444 781 ἐλεεινότεροι
2497 704 2714 760 πέντων
2758 704 3079 777 ἀνθρώπων
3143 700 3325 775 ἐσμέν.
3413 702 3478 757 Εἰ
3561 700 3745 775 νεκροὶ

2095 796 2193 851 οὐκ
2246 794 2561 869 ἐγείρονται,
2621 793 2884 873 φάγωμεν
2942 791 3032 847 καὶ
3090 791 3328 864 πίωμεν,
3393 789 3583 867 αὔριον
3640 790 3745 865 γὰρ

2094 885 2532 956 ἀποθνήσκομεν.
2558 882 2719 938 Οὕτω
2742 879 2798 936 δὲ
2833 879 3187 954 διακείμενοι,
3213 880 3265 935 τί
3298 877 3576 954 διοὲσομεν
3607 875 3747 934 ὄνων

2093 976 2183 1029 καὶ
2212 979 2407 1040 κυνῶν,
2440 971 2491 1027 οἵ
2525 969 2695 1046 μηδὲν
2723 976 2819 1025 τοῦ
2850 969 3153 1044 μέλλοντος
3187 968 3587 1049 φροντίζοντες,
3647 969 3751 1043 μό-

2094 1085 2182 1119 νον
2216 1067 2312 1117 τοῦ
2343 1067 2532 1140 φαγεῖν
2560 1059 2960 1137 φροντίζουσιν,
2996 1059 3072 1121 εἷς
3130 1054 3302 1135 ὄρεξιν
3347 1061 3457 1132 (30)
3507 1057 3747 1137 ἐρχόμε-

2098 1174 2180 1208 νοι
2224 1151 2313 1207 καὶ
2369 1156 2479 1207 τῶν
2535 1150 2582 1185 ¹⁴
2624 1150 2758 1223 μετὰ
2811 1148 2872 1203 τὸ
2930 1153 3154 1225 φαγεῖν;
3214 1146 3592 1219 Ἀνεπίστητοι
3650 1146 3752 1224 γάρ

2100 1241 2204 1296 εἶσι
2235 1244 2332 1296 τοῦ
2361 1243 2454 1294 νοῦ
2486 1240 2550 1309 ¹⁵,
2579 1243 2677 1292 τοῦ
2707 1241 2983 1300 κινοῦντος
3015 1234 3226 1292 ἔνδοθεν
3256 1239 3387 1311 (31).

2172 1330 2313 1387 VIII.
2375 1327 2635 1400 Ὀναίμην
2684 1327 2837 1399 ὑμῶν
2893 1324 2945 1380 ἐν
3005 1326 3216 1401 Κυρίῳ.
3276 1330 3515 1401 Νήφετε·
3579 1330 3754 1381 πᾶσαν

2096 1414 2321 1479 ἕκαστος
2378 1416 2566 1473 κακίαν
2623 1415 2910 1485 ἀπόθεσθε,
2968 1413 3058 1469 καὶ
3098 1415 3191 1471 τὸν
3251 1412 3499 1489 θηριώδη
3561 1414 3755 1487 θυμὸν,

2098 1506 2458 1576 καταλαλιὰν,
2491 1505 2871 1584 συκοφαντίαν,
2912 1502 3332 1579 αἰσχρολογίαν,
3374 1503 3755 1578 εὐτραπελίαν,

2101 1598 2449 1673 ψιθυρισμὸν,
2492 1595 2750 1670 φυσίωσιν
2782 1597 2846 1663 ¹⁶,
2908 1594 3097 1667 μέθην,
3154 1592 3433 1669 λαγνείαν,
3483 1592 3755 1671 φιλαργυ-

2104 1687 2244 1762 ρίαν,
2278 1683 2621 1761 φιλοδοξίαν,
2654 1685 2874 1764 φθόνον,
2913 1683 3003 1739 καὶ
3044 1687 3147 1738 πᾶν
3201 1684 3264 1738 τὸ
3309 1684 3524 1746 τούτοις
3580 1704 3757 1756 συνῳ-

342 1791 635 1862 quidquid
657 1792 751 1847 his
774 1808 1122 1849 consonum.
1157 1771 1378 1847 Induite
1416 1771 1552 1849 vero
1584 1771 1881 1849 Dominum
1901 1810 1994 1848 no-

2124 1778 2218 1833 ῖόν.
2252 1773 2573 1832 Ἐνδύσασθε
2616 1771 2673 1828 δὲ
2728 1775 2820 1829 τὸν
2872 1772 3074 1848 Κύριον
3123 1775 3284 1845 ἡμῶν
3315 1772 3495 1846 ³⁷(32)
3543 1775 3759 1843 Ἰησοῦν

336 1887 511 1935 strum
542 1882 721 1935 Jesum
756 1880 1071 1944 Christum;
1103 1888 1154 1936 et
1185 1885 1369 1938 carnis
1400 1898 1587 1937 curam
1627 1899 1696 1937 ne
1748 1885 1996 1951 feceritis

344 1971 400 2024 in
418 1968 703 2024 desideriis
730 1967 792 2024 ιδ.
819 1968 1442 2042 Presbyteri,subjecti
1466 1976 1651 2027 estote
1677 1972 1953 2044 episcopo
1980 1988 1994 2038 ;

343 2058 600 2125 diaconi,
634 2057 1033 2129 presbyteris;
1067 2059 1346 2131 populus,
1380 2060 1744 2132 presbyteris
1782 2066 1839 2116 et
1870 2060 1997 2115 dia-

344 2148 529 2203 conis.
564 2149 677 2202 Pro
696 2146 1013 2203 animabus
1036 2160 1244 2204 eorum
1268 2149 1366 2220 qui
1390 2149 1549 2204 hunc
1564 2150 1880 2221 pulchrum
1908 2167 1997 2205 or-

344 2237 547 2292 dinem
580 2241 837 2305 servant,
873 2252 979 2308 ego
1014 2237 1125 2292 sim
1154 2254 1166 2291 :
1200 2242 1258 2293 et
1282 2238 1566 2293 Dominus
1590 2240 1822 2295 sitcum
1853 2239 1998 2311 ipsis

348 2336 656 2399 perpetuo.

418 2417 517 2471 1X.
545 2415 920 2487 Viri.diligite
937 2434 1151 2472 uxores
1170 2424 1417 2484 vestras;
1440 2419 1746 2483 mulieres,
1776 2425 2001 2475 vestros

350 2505 654 2577 conjuges.
691 2505 902 2564 Liberi.
937 2511 1214 2576 parantes
1246 2508 1646 2563 veneremini:
1699 2516 2000 2580 parentes,

349 2593 576 2649 educate
599 2593 795 2648 liberos
822 2596 878 2647 in
910 2595 1213 2665 disciplina
1238 2603 1288 2650 et
1316 2599 1668 2667 correptione
1700 2600 1913 2653 Domini
1934 2597 1999 2652 “.

349 2684 460 2737 Eas
515 2699 646 2751 quas
705 2683 766 2737 in
825 2683 1157 2755 virginitate
1210 2685 1451 2758 degunt,
1511 2686 1798 2742 honorate
1847 2688 2006 2742 velut

350 2771 579 2825 Christo
614 2777 912 2826 sacratas:
946 2771 1152 2827 viduas
1205 2773 1267 2829 in
1313 2775 1601 2845 pudicitia
1649 2792 2002 2847 permanen~

349 2865 460 2928 tes,
495 2865 558 2913 ut
590 2859 772 2915 altare
807 2862 928 2915 Dei.
962 2862 1143 2929 Servi,
1178 2880 1313 2918 cum
1346 2865 1559 2920 timore
1601 2865 1861 2921 dominis
1892 2866 2005 2920 mi-

351 2950 599 3004 nistrate
633 2966 646 3002 :
680 2950 930 3017 domini,
965 2967 1100 3006 cum
1134 2952 1544 3010 moderatione
1584 2956 1767 3010 servis
1816 2956 2005 3027 impe-

350 3042 476 3093 rata
509 3037 574 3094 ³³.
610 3039 792 3093 Nemo
826 3040 983 3094 inter
1013 3058 1112 3095 vos
1156 3042 1379 3097 otiosus
1437 3043 1513 3097 sit
1543 3060 1555 3097 :
1605 3050 1799 3098 mater
1846 3045 2005 3099 enim

353 3126 628 3198 egestatis
669 3127 905 3182 inertia.
943 3129 1076 3183 Haec
1110 3146 1234 3185 non
1266 3131 1517 3201 impero,
1551 3132 1720 3202 quasi
1754 3132 1866 3187 sim
1897 3131 2005 3187 ali-

353 3218 518 3287 quid,
552 3217 789 3272 tametsi
825 3218 1057 3272 vinctus
1089 3235 1259 3287 sum;
1293 3237 1494 3276 verum
1524 3229 1587 3277 ut
1629 3222 1812 3277 frater
1841 3238 2006 3277 com-

353 3305 686 3361 monefacio
720 3306 783 3359 ³⁸.
823 3305 907 3360 Sit
934 3306 1222 3362 Dominus
1249 3308 1574 3366 vobiscum.

424 3397 492 3451 X.
531 3396 765 3452 Utinam
799 3412 1134 3467 consequar
1166 3400 1506 3456 orationum
1528 3407 1855 3457 vestrarum
1877 3403 2004 3457 fru-

427 3524 558 3597 "al
613 3523 794 3597 ἡμῶν.
874 3523 1991 3597 r“gICor.__xv,i3,14,1118.19,32,

357 3613 469 3652 ms.
504 3594 791 3667 inseritur
822 3596 1048 3667 μέμψιν.
1155 3595 1201 3629 ¹⁷
1231 3597 1309 3652 al.
1345 3594 1520 3665 ὑμῶν.

428 3792 549 3869 (29)¹
598 3790 661 3869 ᾙ
696 3789 895 3869 πίστις-
947 3791 1137 3869 ὑμῶν.-
1175 3795 1299 3869 Ἔτι
1365 3792 1593 3869 ἔστὶᾼέν
1647 3799 1765 3869 ταῖς
1832 3795 2012 3869 ἁμαρ-

357 3858 498 3948 τξαις
526 3858 707 3948 {ita},
742 3858 1173 3948 «‘adhudestis
1203 3866 1266 3921 in
1296 3867 1555 3948 peccatis
1588 3867 1817 3948 vestris,
1855 3858 1884 3919 ὁ
1917 3858 2006 3922 re-

360 3937 449 4005 cte
480 3932 746 3988 additum
780 3935 874 3989 hic
906 3935 1121 4005 legitur
1140 3942 1267 3991 tum
1294 3932 1353 3992 in
1377 3938 1575 3994 Graeco
1598 3938 2009 4005 Mediceo,tum

360 4004 421 4057 in
452 4011 705 4131 uitroqﬁie
738 4012 933 4062 vetere
965 4004 1170 4062 Latino
1201 4009 1545 4080 interprete,
1595 4028 1663 4066 ex
1696 4013 1718 4065 Ι
1746 4004 2011 4065 Corinth.

360 4092 453 4131 xv.
536 4106 573 4129 ι.
660 4092 805 4131 ssaa.

360 4092 453 4138 κν,
491 4092 510 4128 1
536 4106 573 4129 ι.
615 4092 805 4132 USSER.

432 4146 543 4230 (3‘9)
576 4146 746 4230 _E7.'o;iv
804 4146 1096 4230 όρεκτικοί.
1160 4151 1299 4207 Cod.
1343 4151 1568 4230 _Mredic.
1630 4150 2009 4230 φροντίζουσιν

360 4212 652 4299 εἱςίξρεξιν
684 4212 1000 4299 ἐρχόμενοι,
1032 4227 1090 4275 et
1120 4230 1321 4279 noster
1340 4212 1680 4296 interpres?
1705 4246 1729 4277 ι
1792 4212 1855 4279 in
1905 4241 2009 4295 ap-

360 4293 611 4359 petitum
644 4298 872 4344 euntes.
910 4315 937 4341 »
968 4293 1044 4346 In.

432 4362 546 4436 (31)
599 4362 975 4436 ’ῥνεπίστητοι
1033 4361 1138 4436 γάρ
1194 4363 1297 4418 εἱσι
1379 4363 1469 4418 τὸν
1529 4370 1678 4433 νοῦν,

362 4426 585 4503 item;
617 4426 1011 4493 ἔνδοθενζΡιεο
1046 4426 1149 4487 ’τόν
1211 4438 1359 4503 νοῦν,
1409 4439 1629 4493 rectius
1663 4426 1857 4492 'habet
1904 4438 2014 4491 Me-

368 4501 570 4583 dieeus
601 4503 817 4583 codex,
840 4506 1097 4583 τοῦ-νοῦς
1134 4524 1249 4577 quo
1285 4501 1459 4563 modo
1501 4514 1707 4583 noster
1755 4506 2015 4583 reddidit

366 4576 662 4642 interpres
690 4590 702 4626 :
739 4597 767 4623 (ι
798 4576 974 4629 lnscii
1007 4576 1165 4631 enim
1187 4584 1326 4632 sunt
1346 4581 1637 4635 moventis
1665 4580 1827 4635 intus
1849 4578 2016 4633 intel-

369 4642 588 4723 lectus,
610 4666 638 4693 »
673 4644 770 4699 ubi
787 4651 913 4723 _vet.
949 4648 1160 4719 vulgat.
1191 4651 1412 4706 «Inscii
1436 4652 1567 4708 sunl
1594 4651 1737 4723 quid
1762 4650 2014 4706 interius

366 4722 689 4771 moveatur.
727 4740 754 4767 ››
787 4718 863 4773 In.

437 4788 550 4858 (32)
582 4786 684 4842 Τὸν
738 4786 937 4866 Κύριον
998 4789 1176 4859 ἡμῶν.
1238 4793 1324 4866 lita
1379 4794 1515 4866 Cod.
1574 4794 1905 4866 Nydprucc.
1957 4800 2017 4849 et

367 4864 619 4942 uterque
649 4868 817 4942 vetus
846 4862 1177 4942 interpres:
1213 4865 1327 4918 nisi
1360 4865 1519 4942 quod
1561 4862 1672 4942 ms.
1706 4862 2013 4936 "Magdale-

370 4883 617 4942 Uterque
650 4883 817 4916 verus
847 4883 1177 4933 Interpres:
1213 4883 1327 4918 11151
1401 4883 1519 4920 11οα
1561 4883 1672 4921 ms.
1724 4883 2013 4936 maguate-

367 4932 759 5009 nenslslegat
791 4956 830 5009 αΔ
854 4941 1111 5009 vestrum
1139 4951 1153 5002 ;
1184 4956 1214 4986 »
1248 4946 1313 4991 ut
1360 4883 1596 4993 graecus
1636 4940 2014 5009 Augustanus

366 5010 421 5058 et
456 5005 767 5072 Mediceus,
812 5004 984 5071 ὑμῶν.
1017 5006 1097 5061 In.

437 5073 1143 5153 (32i)'l‘oi;1:psq€utépo:<.
1199 5080 1500 5153 Anglican.
1568 5103 1586 5128 ι
1624 5081 1910 5152 Episcopo
1957 5082 2015 5133 et

366 5150 746 5219 presbyteris.
783 5170 811 5199 »
848 5151 927 5204 In.

436 5214 562 5295 (34)
599 5221 728 5295 Τοῖς
792 5214 1174 5295 πρεσϐυτέροις
1232 5222 1322 5275 καῖ
1373 5227 1491 5283 τοῖς
1578 5218 1851 5282 διακόνοις
1928 5220 2013 5277 Id.

365 5312 390 5337 «
427 5290 713 5415 dirronis.
753 5316 778 5338 ιτ
813 5290 1111 5349 mentione
1145 5295 1627 5367 presbyterorum
1658 5294 2018 5367 praetermis-

367 5377 431 5415 sa
515 5379 561 5415 ο.

367 5377 431 5415 Sil
491 5377 561 5415 ID.

580 5433 1291 5513 'avti'bq‘mcLFlorentin.
1324 5437 1673 5513 Ἀντίψυχον.
1711 5438 1786 5492 lo.

440 5504 547 5569 (³6·
585 5507 874 5581 Α’ζνξκῶς.
918 5509 1037 5581 V_et.
1091 5513 1304 5581 vulgat.
1334 5530 1382 5581 ί·
1416 5504 1847 5581 indesinenter,
1886 5530 1906 5556 -
1961 5511 2020 5561 et

368 5587 504 5626 mox
535 5588 547 5626 :
583 5596 609 5620 «ι
645 5575 1028 5633 Commendo.
1062 5599 1093 5629 ιι
1126 5575 1221 5636 Sic
1250 5580 1411 5636 enim
1440 5580 1665 5637 habent
1687 5579 1826 5637 libri
1871 5594 2016 5634 mss.

367 5641 469 5699 ubi
495 5643 676 5700 editi:
715 5668 742 5695 α
778 5645 1214 5717 indeﬂcienter,
1248 5672 1277 5700 ιι
1308 5657 1367 5706 et
1397 5672 1427 5700 «ι
1460 5653 1699 5707 mando.
1736 5673 1766 5701 »ι
1792 5652 1872 5705 In.

2086 3527 2133 3561 “
2162 3527 2238 3583 al.
2272 3524 2404 3579 εῗσὶν
2433 3523 2703 3598 όρεκτικοὶ
2734 3524 2823 3578 καὶ
2853 3528 2981 3598 τῷν.

1626 3598 1669 3633 1⁸
1700 3602 1868 3655 Rom.
1904 3617 2024 3665 xm,
2059 3602 2146 3653 14η.

357 3667 400 3702 ²¹
434 3666 647 3739 Ephes.
682 3682 752 3735 vn,
787 3669 840 3723 4.
898 3666 963 3701 ⁷³⁸
990 3667 1029 3722 l.
1058 3668 1235 3738 Epist.
1271 3669 1450 3739 I’otyc.
1487 3686 1537 3725 ο.
1572 3672 1641 3736 4;
1674 3672 1852 3727 Const.
1887 3688 1979 3741 ap.

2124 3672 2173 3724 ιϐ
2208 3676 2267 3725 et
2300 3687 2380 3735 ιιι,
2415 3672 2467 3737 6,
2503 3670 2589 3724 14.
2634 3666 2714 3704 ’⁷³³
2745 3667 2928 3724 Const.
2960 3685 3053 3739 ap.
3086 3685 3144 3736 ιι,
3175 3669 3230 3723 4.

2107 1866 2368 1941 Χριστὸν,
2429 1865 2518 1920 καὶ
2574 1870 2675 1933 τῆς
2738 1863 2935 1935 σαρκὸς
3021 1863 3279 1936 πρόνοιαν
3370 1864 3446 1935 μή
3524 1867 3768 1927 ποιεῖσθε

2106 1955 2180 2016 εἰς
2215 1953 2526 2027 ἐπιθυμίας.
2560 1954 2627 2010 Οἱ
2673 1947 3051 2027 πρεσϐύτεροι,
3107 1951 3466 2006 ὑποτάσσεσθε
3520 1955 3599 2023 τῷ
3647 1950 3766 2006 ἐπι·

2107 2044 2313 2116 σκόπῳ’
2350 2045 2401 2097 οἱ
2451 2039 2723 2112 διάκονοι,
2788 2046 2904 2102 τοῖς
2942 2034 3331 2114 πρεσϐυτέροις
3381 2041 3515 2112 (33)·
3549 2039 3577 2093 ὁ
3608 2036 3765 2111 λαὸς,

2106 2138 2222 2194 τοῖς
2254 2125 2641 2206 πρεσϐυτεροις
2694 2129 2785 2184 καὶ
2839 2134 2955 2191 τοῖς
3012 2126 3281 2191 διακόνοις
3331 2131 3462 2198 (34).
3512 2128 3766 2201 Ἀντίψυ-

2111 2243 2216 2298 χος
2260 2224 2306 2260 19
2335 2222 2449 2295 (35)
2481 2221 2587 2294 ἐγὼ
2623 2224 2728 2275 τῶν
2762 2217 3143 2299 φυλαττόντων
3198 2218 3400 2288 ταύτην
3449 2219 3550 2287 τήν
3606 2217 3765 2274 εὐτα-

2110 2310 2240 2382 ξίανο
2275 2309 2363 2364 καὶ
2396 2310 2424 2364 ὁ
2457 2308 2661 2382 Κύριος
2692 2306 2774 2377 εἴη
2813 2309 2927 2381 μετ’
2959 2308 3137 2363 αὐτῶν
3174 2304 3437 2378 διηνεκῶς
3470 2309 3602 2380 (36).

2182 2402 2275 2457 ΙΧ.
2307 2400 2375 2457 υἱ
2407 2395 2617 2472 ἄνδρες,
2649 2398 2898 2472 στέργετε
2927 2397 3022 2459 τὰς
3063 2396 3304 2472 γαμετὰς
3356 2397 3531 2469 ὑμῶν·
3584 2396 3637 2450 αἱ
3669 2418 3761 2472 γυ-

2110 2497 2313 2559 ναῖκες,
2373 2489 2500 2551 τοὺς
2558 2489 2865 2564 όμοζῦγους
2926 2493 3056 2562 (3‘7).
3117 2491 3178 2543 Οἱ
3226 2485 3436 2555 παῖδες,
3486 2487 3613 2549 τοὺς
3668 2510 3761 2562 γο-

2112 2587 2221 2643 νεῖς
2251 2578 2484 2645 αἰδεῖσθε
2524 2582 2571 2617 ³⁸⁵
2601 2582 2731 2652 (38)·
2792 2580 2845 2632 οἱ
2896 2584 3098 2655 γονεῖς,
3150 2580 3217 2634 τὰ
3264 2580 3424 2634 τέκνα
3480 2576 3764 2653 ἐκτρέφετε

2116 2669 2168 2725 ἐν
2223 2668 2443 2741 παιδείᾳ
2499 2668 2590 2725 καὶ
2644 2668 2893 2740 νουθεσῖᾳ
2951 2668 3171 2742 Κυρίου.
3257 2667 3367 2731 Τὰς
3450 2665 3502 2721 ἐν
3561 2679 3761 2742 πορθε-

2114 2760 2204 2831 νίᾳ
2232 2760 2555 2833 τιμᾶτε,ὡς
2600 2758 2798 2833 ἱερείας
2858 2759 3095 2832 Χριστοῦ
3144 2760 3276 2831 (39)’
3325 2756 3420 2818 τὰς
3473 2754 3525 2811 ἐν
3574 2757 3743 2830 σεμνό

2116 2869 2243 2917 τητι
2276 2849 2478 2926 χήρας,
2511 2846 2585 2907 ὠς
2618 2848 3005 2916 θυσιαστήριον
3063 2849 3196 2900 Θεοῦ
3236 2848 3371 2915 (40).
3429 2845 3496 2901 Οἱ
3544 2841 3764 2914 δοῦλοι,

2124 2937 2258 3010 μετᾶ
2287 2932 2460 3012 φόϐου
2489 2940 2604 2995 τοῖς
2638 2934 2846 3007 κυρίοις
2879 2933 3270 3007 ἐξυπηρετεῖτε
3308 2933 3359 2987 οἱ
3405 2931 3609 3004 κύριοι,
3668 2955 3764 3005 με·

2119 3030 2183 3081 τὰ
2202 3024 2419 3106 φειδοῦς
2445 3030 2559 3086 τοῖς
2585 3022 2804 3085 δούλοις
2828 3023 3155 3078 έπιτοὶσσετε.
3188 3019 3394 3091 Μηδεὶς
3420 3019 3471 3074 ἐν
3505 3020 3634 3090 ὑμῖν
3668 3018 3765 3092 ἀρ-

2119 3117 2213 3193 γὸς
2246 3111 2401 3169 ἔστω·
2439 3116 2629 3188 μήτηρ
2657 3114 2759 3187 γὰρ
2791 3119 2891 3182 τῆς
2922 3108 3124 3171 ἐνδείας
3155 3112 3189 3178 ἡ
3223 3108 3381 3185 ἀργία
3412 3109 3548 3181 (41).
3580 3108 3768 3164 Ταῦτα

2118 3207 2221 3260 οὐκ
2242 3203 2532 3273 ἐπιτάττω,
2565 3203 2641 3263 ὡς
2667 3197 2740 3256 ὤν
2773 3200 2848 3273 τῖ,
2882 3200 2928 3255 εἷ
2957 3201 3046 3256 καὶ
3081 3197 3324 3271 δέδεμαι,
3359 3196 3486 3253 ἀλλ’
3509 3197 3584 3258 ὡς
3608 3193 3773 3250 ἀδελ-

2117 3294 2214 3370 φὸς
2265 3292 2672 3364 ὑπομιμνῄσκω
2720 3293 2854 3362 (42).
2907 3286 3007 3359 Εἵη
3070 3288 3273 3363 Κύριος
3343 3295 3453 3361 μεθ’
3515 3286 3670 3359 ὑμῶν
3703 3283 3773 3341 υ.

2187 3401 2249 3456 Χ.
2281 3398 2550 3471 ὐναίμην
2612 3398 2764 3470 ὑμῶν
2799 3401 2908 3452 τῶν
2970 3401 3317 3475 προσευχῶν.
3375 3394 3774 3473 Προσεύχεσθε,

3079 3525 3126 3559 1⁸
3153 3523 3231 3579 al.
3263 3522 3355 3577 τὸν
3382 3524 3532 3580 νοῦν,
3637 3522 3683 3558 ί*
3713 3523 3773 3576 in

2860 3596 2908 3630 ²⁰
2936 3596 3014 3652 al.
3047 3593 3280 3658 αἰνεῖσθε
3313 3601 3372 3649 et
3413 3596 3764 3665 προηγεῖσθε.

2246 3598 2293 3632 ⁸9
2323 3599 2399 3653 al.
2430 3595 2756 3671 ἀντίψυχον.
2860 3596 2908 3630 ²⁰
2936 3596 3014 3652 al.
3047 3595 3280 3658 αἰνεῖσθε
3313 3601 3372 3649 et
3413 3596 3741 3665 προηγεῖσθε

2246 3676 2267 3725 t
2300 3687 2380 3735 ιιι,
2415 3672 2467 3735 6,
2503 3670 2589 3724 14.
2667 3668 2714 3704 ²²
2745 3667 2928 3724 Const.
2960 3685 3053 3735 ap.
3086 3685 3144 3735 ιι,
3175 3669 3230 3723 4.
3339 3665 3387 3701 ³⁴
3415 3682 3526 3720 ms.
3581 3664 3741 3735 ἡμῶν

2193 3797 2304 3864 (37)
2336 3793 2401 3849 Αἱ
2450 3796 2741 3865 γυναῖκες,
2782 3790 2912 3865 τούς
2972 3790 3304 3865 ὁμοζύγους.
3366 3794 3490 3847 νει.
3550 3789 3766 3863 vulgat.

2125 3891 2147 3918 ι
2177 3873 2235 3922 et
2257 3882 2355 3920 vos
2380 3864 2685 3932 mulieres,
2711 3864 2938 3935 diligite
2962 3864 3270 3935 compares
3294 3871 3542 3926 vestros,
3576 3885 3604 3912 »
3638 3878 3772 3933 quas

2123 3938 2184 3993 in
2215 3937 2385 3992 libris
2415 3936 2591 3991 editis
2621 3936 2910 3991 hactenus
2941 3935 3274 3990 desiderata
3304 3940 3463 3991 sunt.
3493 3936 3573 3989 In.

2196 4006 2471 4076 {38)1‘0'5:
2526 4010 2703 4079 γον-εἷς
2762 4002 3017 4079 αἰδεῖσθε.
3076 4008 3163 4061 lta
3218 4006 3357 4062 Cod.
3414 4005 3768 4076 Nydprucc.,

2120 4080 2221 4135 ubi
2254 4077 2548 4134 Mediceus
2579 4077 2834 4141 αἰνεῖσθε,
2864 4078 3244 4133 Florentinus
3290 4083 3348 4131 et
3394 4080 3769 4147 Augustanus

2122 4167 2456 4222 perperam,
2490 4150 2833 4223 προηγεῖσθε.
2864 4151 3043 4223 Yetus
3073 4148 3359 4220 vulgatus,
3394 4154 3551 4203 recte
3578 4163 3592 4223 ς
3618 4170 3644 4197 ‹‹
3672 4147 3771 4201 ho-

2120 4219 2326 4277 norate
2358 4219 2662 4346 parentes;
2690 4243 2717 4271 »
2750 4219 3053 4292 Anglican.
3088 4241 3115 4270 «
3148 4219 3424 4291 parentes
3452 4220 3768 4291 praehono-

2120 4302 2265 4346 rate.
2303 4314 2330 4343 ››
2390 4310 2441 4346 ι).

2120 4302 2265 4348 rate.
2303 4314 2330 4343 ))
2365 4302 2441 4348 ΙΙ).

1764 4368 1865 4419 τοῦ
1920 4384 2002 4418 κι-

2124 4331 2579 4434 Tagastae
2639 4363 2894 4434 Χριστοῦ.
2982 4361 3271 4416 Eusebius
3357 4362 3437 4416 De
3494 4359 3770 4434 laudibus

2124 4428 2512 4495 Constantini.
2548 4428 2796 4504 capfi‘7,
2849 4449 2905 4504 p.
2961 4435 3086 4500 66l,
3136 4435 3400 4507 γυναικῶν
3450 4451 3508 4485 τε
3551 4428 3764 4555 ἱερείας.

2124 4508 2577 4555 Chrvsostomus
2637 4505 2709 4555 de
2767 4505 3059 4555 Domnina
3107 4521 3119 4555 :
3178 4502 3266 4555 καὶ
3334 4501 3504 4555 ἱεοεία
3559 4520 3764 4555 νγονε.

2124 4508 2577 4576 Chrysostomus
2620 4501 2709 4559 _de
2767 4501 3059 4576 Domnina
3107 4501 3266 4557 ε’καὶ
3311 4501 3504 4576 -ἱερεία
3559 4501 3767 4574 γέγονε.

2127 4600 2154 4627 ιι
2187 4574 2415 4647 Quanto
2448 4582 2646 4647 autem
2677 4575 2869 4647 magis
2893 4574 3362 4647 blasphemabile
3390 4574 3503 4639 est,
3554 4576 3603 4629 si
3635 4589 3766 4647 qua;

2124 4646 2461 4704 sacerdotes
2487 4645 3108 4719 purdicitiaa'dieimini,
3158 4646 3591 4719 impudicarum
3649 4645 3767 4719 ritu

2123 4719 2457 4791 procedatis
2483 4716 2656 4773 culta»
2688 4724 2747 4773 et
2772 4718 3016 4788 expictus
3039 4717 3067 4772 Τ
3099 4741 3125 4767 ››
3156 4716 3415 4791 Tertull.
3436 4734 3475 4772 ιι
3513 4718 3581 4772 De
3606 4716 3765 4791 cuitu

2122 4788 2476 4860 feminarum,
2511 4792 2595 4844 12.
2630 4791 2875 4861 Proprie
2900 4797 3099 4844 tamen
3130 4790 3527 4861 sacerdotium
3549 4788 3624 4843 ad
3647 4802 3775 4861 m_u—

2125 4858 2300 4918 lieres
2330 4879 2449 4916 non
2478 4858 2766 4934 pertinet,
2789 4867 2853 4916 ut
2878 4861 3133 4916 diximus
3165 4860 3326 4915 alibi.
3361 4861 3500 4915 Vide
3558 4858 3768 4914 Euseb.

2128 4940 2419 4990 Demonstr
2471 4950 2664 5002 evang.
2701 4949 2779 4999 ιιι,
2813 4936 2844 4988 6
2898 4934 3027 4987 Cor.

2196 5007 2308 5070 (40)
2336 5004 2425 5063 Ὡς
2458 5000 2841 5072 θυσιαστήοιον
2898 5007 3057 5057 Θεοῦ.
3113 5003 3240 5057 Vid.
3302 5009 3424 5059 not.
3484 5003 3546 5057 in
3602 5000 3771 5070 Poly-

2124 5077 2285 5149 carpi
2318 5075 2492 5149 Epist.
2523 5075 2596 5130 ad
2621 5075 2976 5149 Philippeus.
3004 5076 3199 5149 Usslm.

2200 5140 2307 5229 (Ψ
2339 5140 2541 5229 Μήτηρ
2572 5140 3107 5229 γάρ.τξὲ,ῖένδείάε..ἢ
3142 5144 3319 5229 te?“
3359 5148 3441 5200 ηδ
3484 5144 3561 5229 in.
3605 5157 3774 5229 P339-

2126 5213 2626 5275 do-Clementinis
2650 5213 3105 5286 'Constitutionib.
3143 5213 3246 5271 lib'.
3282 5233 3338 5271 ιι.
3373 5232 3501 5286 cap.
3539 5213 3777 5286 ΙΗΜή-

2123 5308 2230 5364 τηρ
2260 5289 2402 5343 ἐστὶν
2432 5291 2467 5358 ἠ
2499 5286 2663 5364 ἀργία
2691 5291 2788 5343 τοῦ
2821 5285 3012 5360 λιμοῦ⁶
3045 5310 3073 5338 ‹‹
3108 5290 3289 5343 Mater
3317 5285 3492 5344 famis
3513 5291 3603 5341 est
3623 5285 3779 5338 iner-

2128 5364 2230 5417 tia.
2267 5384 2295 5410 η
2327 5364 2405 5416 ID.

2200 5436 2308 5504 (42)
2339 5432 2797 5504 Ὑπομιμνῆσκω.
2867 5432 2989 5504 Yet.
3037 5431 3224 5504 Latin.
3259 5501 3270 5504 _
3307 5453 3335 5479 ι(
3369 5442 3777 5504 commemoro

2128 5505 2217 5575 (ut
2245 5500 2426 5560 habet
2454 5500 2921 5573 Magdalenensis
2951 5502 3156 5571 codex)
3184 5501 3273 5557 vel
3308 5506 3393 5561 (ut
3422 5500 3543 5568 alii)
3582 5523 3601 5547 -
3624 5513 3779 5555 com-

2131 5591 2368 5631 moneo.
2402 5597 2429 5625 »
2465 5577 2542 5631 ID.
